3772 6120
114 275 165 331 521
367 278 657 357 nnaaRa'rIONtJM
676 279 713 333 IN
734 279 810 333 EPP.
831 280 938 335 PAULI
958 280 1026 335 Llil.
1048 281 1108 334 XX.
1129 309 1161 319 -
1175 279 1214 334 ΙΝ
1234 277 1346 333 EPlS'l'.
1359 279 1408 335 AD
1427 280 1505 335 OOL.
1704 279 1754 334 bii

116 401 215 471 gratie
229 401 365 475 largitate
383 406 575 476 conjunctum.
600 404 721 459 Scientia
740 421 807 476 ergo
822 409 919 461 nostra
926 409 1070 468 Avantuv.
1087 409 1171 462 llorrm
1194 406 1381 479 quippenam
1397 409 1429 460 in
1441 407 1541 460 lionorc
1555 411 1629 474 essct,
1642 422 1698 461 raon
1710 408 1756 459 in·

118 488 247 547 cbristus
256 498 312 560 est,
322 494 463 566 sapientia
470 511 581 566 quoque
592 499 689 548 uostm
702 493 775 549 idem
791 495 919 549 Christus
960 498 1071 561 tellrrr't,
1087 501 1262 565 comparatas
1276 501 1314 550 cst
1322 498 1460 565 Jarncalis
1467 497 1671 565 insipientibus,
1688 501 1712 549 ct
1722 497 1757 549 sr‘·

120 584 171 645 est,
186 581 248 655 ipse
262 582 346 638 nobis
357 584 441 639 fidem
457 584 492 639 de
503 583 587 638 rebus
596 583 799 655 temporalibus
808 584 917 651 inserit,
960 587 1036 639 anilis
1049 586 1139 653 saclas
1152 591 1189 639 erl
1203 588 1261 639 iltis
1275 583 1356 659 (Psat.
1372 590 1472 653 xnvuh.

120 668 178 742 ipse
191 670 228 726 de
250 672 432 744 sempiternis
450 672 563 727 exhibet
576 672 722 727 veritatem
739 691 744 725 :
763 689 814 744 per
827 673 920 745 ipsum
982 671 1759 734 Secundamtraditionernhominanr,amandamclemeri·

122 759 265 831 pergimm
280 761 433 834 adipsum,
449 761 591 816 tendimus
602 778 652 833 per·
666 761 812 816 scientiam
827 761 862 816 ad
874 778 920 816 sa·
963 765 1098 817 tamarrdr'
1102 769 1125 817 rt
1134 764 1346 817 raorisccantlam
1352 763 1464 818 Christi.
1470 761 1759 834 (Ambr.)Secundum

123 846 268 919 pientiam,
283 850 319 905 ab
334 867 391 906 unc
405 855 501 906 tamen
511 851 665 922 eodemque
680 850 790 905 Christo
806 867 862 905 non
877 868 922 905 re·
963 851 1280 906 elementamundidicit
1289 851 1399 906 dierum
1406 856 1435 904 et
1442 857 1600 922 temporum
1609 845 1759 907 observan-

124 938 258 1004 cadimus»,
276 939 306 995 in
319 957 375 1012 quo
388 946 456 995 sunt
468 957 565 994 omncs
571 939 696 994 thesauri
704 939 848 1012 sapientiae
858 939 922 994 abs·
963 940 1200 1011 tiam,eoquodab
1208 939 1720 1012 elementismundiperssciunturista.
1729 942 1762 996 E·

125 1027 234 1084 mnditi.
246 1029 403 1085 [locantem
414 1030 474 1084 dico
488 1033 518 1082 at
534 1045 613 1083 recisio
626 1045 671 1082 cos
681 1030 798 1098 decipiat
813 1032 845 1084 in
858 1031 923 1084 sab·
964 1029 1199 1084 lomentumcnim
1205 1029 1763 1102 mundisolemdicitetlunam,exquibus

128 1119 223 1173 lilitate
236 1117 534 1187 sermonumhlmbr.)
540 1117 613 1183 Quid
620 1124 665 1172 est
673 1124 780 1182 autem,
791 1118 839 1173 hoc
852 1119 921 1182 dico,
964 1117 1076 1173 dierum
1086 1135 1197 1190 quoque
1210 1124 1238 1173 et
1251 1124 1410 1190 temporum
1426 1134 1524 1174 cursus
1537 1119 1610 1174 effici
1622 1119 1763 1174 videntur.

129 1212 222 1280 etqua
235 1206 349 1262 ratiorm
363 1208 439 1262 hunc
452 1206 541 1262 habeo
550 1208 584 1262 de
595 1206 673 1261 vobis
687 1207 827 1278 agonem?
840 1207 926 1262 timeo
968 1206 1094 1266 Sicenim
1105 1207 1173 1262 illud
1184 1213 1213 1262 et
1223 1207 1331 1262 Galatis
1342 1207 1475 1274 scribens,
1486 1207 1567 1275 dixit,
1583 1207 1764 1264 traditionem

128 1295 197 1353 anim
211 1296 375 1369 nequando
389 1295 608 1351 mutabilitatem
623 1296 748 1370 aliquam
764 1296 926 1351 sustineatis
967 1296 1219 1352 autemhominum
1228 1313 1285 1352 non
1295 1296 1386 1368 ipsam
1398 1297 1490 1368 legem
1498 1297 1667 1364 vocavit,sed
1674 1297 1765 1370 ipsam

130 1384 291 1441 suasoribus
305 1385 493 1441 intendentes.
509 1385 925 1457 Tuncenimpoteritismtdixi,
967 1386 1124 1442 doctrinam
1139 1386 1252 1441 illorum
1267 1386 1315 1458 qui
1324 1391 1392 1442 tunc
1401 1391 1491 1453 erant,
1503 1386 1657 1442 humanam
1670 1387 1765 1442 dicens

131 1475 238 1547 usequi
251 1473 332 1529 robis
341 1475 491 1547 promissa,
508 1475 621 1547 quando
632 1475 846 1546 permanseritis
861 1491 929 1546 erga
969 1493 1039 1537 esse.
1056 1493 1088 1530 co
1105 1476 1179 1548 quod
1193 1492 1244 1530 nec
1259 1476 1411 1531 secundum
1425 1475 1477 1532 Dei
1491 1476 1661 1531 sententiam
1671 1476 1766 1532 debat.

131 1564 262 1636 petatem
277 1565 362 1619 firmi.
375 1565 410 1620 Et
424 1563 573 1620 ostendens
581 1565 715 1636 quoniam
725 1570 753 1619 et
759 1564 861 1619 laetitiae
869 1565 929 1619 illo-
969 1565 1049 1620 Unde
1069 1571 1098 1618 et
1111 1564 1262 1620 ostendens
1273 1565 1441 1637 pravitatem
1456 1565 1527 1636 ejus,
1540 1565 1651 1636 adjecit,
1668 1572 1698 1621 et
1712 1582 1769 1620 non

132 1669 185 1709 rum
200 1653 392 1727 participatur
401 1653 425 1708 si
441 1652 512 1709 bene
526 1671 556 1708 se
575 1653 625 1708 illa
635 1671 696 1726 quse
710 1670 777 1725 erga
791 1654 853 1708 illos
863 1658 930 1708 sunt
970 1653 1123 1708 secundum
1131 1653 1284 1720 Christum,
1294 1653 1399 1709 Christi
1410 1670 1560 1726 personam
1576 1654 1766 1720 contrasistit,

133 1740 289 1808 habuerint,
302 1742 437 1796 similam
447 1746 498 1797 etsi
505 1759 615 1812 corpore
623 1745 719 1797 absens
728 1760 801 1810 sara,
810 1743 856 1797 scd
870 1731 960 1811 spi-B
971 1748 999 1798 et
1012 1743 1135 1797 ostendit
1145 1742 1312 1813 pravitatem
1328 1742 1470 1798 doctrinae.
1484 1744 1577 1812 (laq.)
1594 1743 1767 1812 Uacetecrpc.

135 1833 182 1886 rita
196 1833 340 1886 vobiscum
353 1848 426 1897 sam,
448 1833 571 1899 caumas
594 1837 619 1886 et
632 1832 727 1886 uideas
741 1833 867 1886 ordinem
881 1848 927 1885 cc·
967 1831 1173 1902 inquit,ncqais
1180 1848 1225 1886 vos
1232 1833 1349 1901 decipiat
1353 1848 1405 1900 per
1411 1833 1614 1903 philosophiam
1623 1838 1647 1887 cl
1655 1834 1771 1887 inanem

135 1925 225 1986 thaat,
241 1925 269 1975 ct
283 1923 494 1988 firniarncntnm
508 1925 574 1991 ejas,
587 1937 647 1990 qne
659 1923 689 1974 in
702 1921 809 1977 Christo
821 1921 928 1987 estlidci
967 1921 1770 1992 fallaciarnsccundumeternentchhjasrnandi.lpsosenim

136 2015 226 2064 nstra
238 2008 431 2064 licetabsens
445 2025 517 2075 sum,
527 2009 577 2064 sed
591 2008 734 2064 vobiscum
748 2025 812 2063 sum
826 2009 927 2063 aflectu
971 2008 1106 2079 tangebat
1116 2009 1164 2080 qui
1179 2008 1260 2079 quasi
1275 2008 1441 2080 prudentius
1452 2008 1528 2063 idola
1541 2016 1693 2082 exponunt.
1705 2010 1772 2066 ideo

136 2098 223 2164 animi,
238 2097 370 2169 gaudens
380 2097 409 2153 in
423 2098 510 2163 vobis,
526 2098 550 2153 si
565 2104 661 2153 tamen
677 2098 759 2152 firmo
770 2098 894 2168 cogitatu
902 2097 931 2152 in
972 2097 1150 2153 cumdiceret
1156 2113 1207 2167 per
1217 2098 1430 2167 philosophiam,
1443 2097 1473 2152 in
1488 2098 1714 2166 eodemlocoait,
1728 2096 1771 2154 'sc-

139 2186 231 2242 lbristi
246 2187 305 2241 lide
319 2203 486 2258 permanere
504 2187 664 2254 volucritis;
694 2192 723 2241 et
737 2187 813 2241 ultra
833 2185 932 2257 incipit
972 2189 1096 2242 candum
1111 2191 1243 2242 clcrncnta
1257 2187 1341 2255 liujus
1352 2189 1462 2241 mnndi.
1482 2187 1545 2242 Non
1569 2187 1649 2259 quasi
1660 2187 1773 2258 quales·

139 2275 454 2332 exhortationeml'acere
469 2275 622 2331 evidenter.
634 2274 713 2330 Sicut
721 2278 931 2345 rrpcaccepistis
972 2292 1083 2347 cunque
1111 2275 1274 2330 adoratores
1301 2274 1526 2342 simulacrorum,
1557 2276 1606 2330 sed
1630 2276 1710 2347 quasi
1726 2277 1774 2331 do·

142 2364 272 2420 ilristum
285 2368 391 2431 imarii,
406 2368 438 2419 in
448 2367 506 2435 ipso
519 2366 658 2418 ambulate
667 2365 787 2419 radicati
795 2369 819 2418 ct
833 2379 931 2433 supcr-
973 2365 1075 2420 ctiorcs
1090 2364 1321 2435 interpretatores
1335 2363 1481 2435 signorum
1495 2364 1632 2420 cavendos
1647 2382 1709 2420 esec
1722 2365 1773 2419 ad-

143 2454 255 2522 rliltarts‘
263 2455 297 2507 in
311 2457 379 2523 ipso,
391 2455 583 2522 elccnllrmah'
596 2454 658 2520 ride,
673 2455 774 2507 sicelet
783 2453 930 2520 didicistis,
973 2470 1100 2509 monens.
1117 2453 1188 2519 Quia
1203 2455 1236 2508 in
1248 2454 1305 2522 ipso
1316 2452 1423 2506 habitat
1436 2456 1527 2506 omnis
1539 2455 1683 2522 plenitudo
1699 2456 1773 2509 dici-

145 2543 304 2597 slundontcs
318 2545 351 2596 in
375 2544 425 2596 illo
443 2544 607 2609 prationem
631 2544 747 2595 actione.
764 2541 819 2595 Per
837 2540 933 2596 omnia
973 2545 1071 2597 nitatis
1085 2545 1277 2611 corporaliter.
1288 2541 1352 2596 Non
1365 2541 1428 2595 ideo
1439 2541 1632 2613 corporaliter,
1644 2542 1774 2614 quiacor·

146 2628 198 2689 bec.
213 2630 264 2686 illa
273 2629 368 2685 dicere
381 2630 471 2685 voluit
486 2648 492 2682 :
518 2629 548 2684 in
567 2628 621 2684 illis
636 2636 759 2696 manete,
777 2646 838 2701 quae
853 2646 931 2685 acce·
972 2648 1074 2704 pareus
1089 2637 1132 2685 est
1151 2630 1235 2697 Deus,
1251 2630 1300 2684 sed
1315 2636 1364 2685 aut
1377 2629 1460 2684 verbo
1474 2631 1613 2686 translato
1632 2647 1700 2686 usus
1713 2637 1774 2687 tan·

148 2717 220 2790 pistis
236 2719 394 2776 secundum
414 2718 463 2773 illa
486 2724 691 2785 conversantes,
716 2719 756 2773 ita
770 2724 803 2772 ut
813 2718 932 2774 manife·
973 2736 1058 2792 quam
1071 2720 1102 2775 in
1116 2719 1221 2791 templo
1236 2718 1395 2773 manufacto
1409 2735 1466 2774 non
1476 2719 1775 2791 corporaliterbabita-

149 2813 206 2864 mm
214 2808 262 2875 sit,
269 2809 405 2880 quoniam
420 2814 500 2863 extra
515 2807 723 2863 observantiam
743 2807 933 2879 legitimorum
973 2808 1053 2876 verit,
1066 2808 1157 2876 idest,
1180 2807 1425 2879 praefigurantibus
1436 2807 1533 2879 signis.
1550 2809 1622 2863 Nam
1636 2809 1700 2864 illas
1714 2826 1775 2864 om·

150 2894 223 2952 ihab
238 2898 372 2971 Epaphra
382 2904 576 2970 susceperunt.
589 2898 744 2969 Propterea
762 2903 791 2950 et
810 2896 934 2951 laudavit
974 2914 1024 2953 nes
1039 2897 1247 2953 observationes
1271 2895 1386 2952 umbras
1404 2896 1565 2952 futurorum
1582 2902 1672 2963 vocat,
1688 2898 1775 2953 etiarn

153 2986 316 3042 baditionem
330 2987 393 3058 ejus
406 2985 437 3041 in
450 2986 596 3059 principio.
614 2987 689 3041 Bene
703 2991 810 3050 autem,
824 2985 891 3057 quia
904 2990 933 3039 et
974 2987 1035 3058 ipso
1049 2987 1187 3042 translato
1206 2986 1349 3042 vocabulo.
1367 2986 1499 3041 Summus
1515 2987 1591 3041 enim
1600 2987 1686 3055 Deus,
1702 2988 1776 3042 sicut

153 3071 332 3147 ingatiarum
345 3076 485 3130 achomm
499 3075 611 3147 adjecit,
634 3075 785 3130 ostendens
799 3073 932 3146 quoniam
943 3050 964 3108 C
974 3074 1110 3147 scriptum
1126 3075 1248 3145 estllct.
1268 3073 1345 3145 xvn),
1361 3090 1417 3129 non
1432 3074 1461 3129 in
1480 3075 1648 3131 manufactis
1662 3076 1775 3147 templis

155 3161 254 3220 debona
268 3170 313 3220 est
322 3165 460 3232 doctrina,
471 3165 512 3219 ita
520 3169 554 3220 ut
566 3162 674 3234 gratias
689 3180 773 3235 agere
788 3163 935 3218 conveniat
974 3163 1132 3231 inhabitat3
1149 3168 1199 3218 aut
1214 3168 1289 3218 certe
1305 3163 1490 3236 corporaliter
1499 3164 1606 3219 dictum
1614 3165 1737 3237 estquis
1747 3171 1775 3219 et

156 3266 195 3318 ets,
207 3270 255 3327 pro
271 3253 374 3326 quibus
384 3270 449 3308 eum
463 3257 665 3325 cognoverunt.
682 3253 789 3309 Deinde
798 3258 827 3308 et
835 3253 935 3307 adver·
974 3253 1005 3307 in
1021 3252 1125 3307 Christi
1134 3268 1259 3324 corpore,
1276 3252 1351 3324 quod
1366 3253 1519 3324 assumpsit
1534 3270 1566 3307 ex
1584 3253 1697 3325 virgine,
1714 3259 1776 3309 tan·

156 3341 223 3398 arta
240 3342 406 3415 improbans
419 3342 488 3398 dicit
504 3361 509 3396 :
531 3344 618 3398 Videte
637 3360 670 3398 nc
683 3346 746 3413 qais
761 3359 806 3397 cos
817 3344 934 3412 decipiat
976 3358 1060 3413 quam
1076 3341 1221 3414 intemplo
1231 3340 1341 3396 habitat
1354 3342 1439 3397 Deus.
1465 3341 1536 3397 Hinc
1550 3348 1594 3397 est
1612 3343 1686 3414 quod
1711 3359 1775 3399 cum

155 3444 189 3497 let
198 3432 396 3503 philosophiam
412 3435 558 3487 etiaaacm
566 3430 935 3503 fallaciamphilosophiam
975 3429 1078 3486 Judaeis
1092 3430 1205 3502 signum
1214 3429 1374 3502 petentibus
1384 3430 1512 3486 dixisset:
1527 3432 1629 3487 Solvite
1642 3435 1775 3501 temptam

156 3516 386 3576 docuitverborum
400 3537 564 3592 pomposam
574 3520 740 3586 doctrinam,
759 3536 820 3591 quae
835 3519 870 3573 ab
885 3519 935 3573 ad·
976 3520 1024 3574 hcc
1038 3524 1062 3573 ct
1073 3522 1104 3573 in
1118 3520 1212 3573 triduo
1226 3520 1392 3573 resuscitabo
1403 3520 1475 3573 illud
1486 3519 1592 3585 (narrt.
1609 3521 1679 3588 xrvl,
1689 3536 1775 3575 evan-

157 3609 265 3665 ttrsariis
280 3625 346 3665 cum
361 3609 483 3680 quadam
502 3609 682 3664 simulatione
701 3608 762 3664 fieri
778 3607 886 3664 solebat
899 3606 936 3662 ad
975 3608 1077 3680 gelista
1089 3606 1156 3678 quid
1172 3607 1225 3661 hoc
1236 3612 1312 3662 esset
1334 3611 1538 3679 consequenter
1557 3623 1706 3679 exponens,
1723 3609 1773 3676 ait,

158 3696 331 3755 wodanem
353 3698 539 3754 audientium.
567 3699 635 3753 Inde
650 3704 679 3753 et
691 3688 841 3752 <intendens
864 3713 935 3768 quo·
975 3698 1024 3752 hoc
1037 3701 1131 3751 antem
1148 3697 1253 3750 dicebat
1273 3697 1305 3750 dc
1329 3699 1428 3764 templo
1446 3698 1567 3764 corporis
1585 3696 1640 3750 sui.
1651 3696 1773 3768 (Ambr.)

157 3782 216 3841 nm
232 3804 289 3843 non
316 3803 382 3842 vera
410 3792 472 3842 erat
489 3787 675 3860 philosophia,
695 3787 744 3842 sed
765 3785 935 3841 seductionis
976 3785 1095 3841 Omnem
1107 3783 1310 3857 plenitudinem
1337 3783 1457 3839 Deitatis
1471 3783 1524 3837 hoc
1546 3783 1576 3838 in
1594 3783 1655 3839 loco
1669 3784 1774 3840 iterum

157 3873 639 3949 rabaaddeceptionemauditorum
653 3874 935 3945 etexcogitataerant
974 3873 1044 3929 dicit
1069 3873 1229 3928 universam
1244 3879 1404 3928 creaturam
1432 3872 1568 3944 repletam
1596 3872 1689 3939 abeo,
1706 3873 1775 3929 dicit

156 3963 337 4020 asdinrenta.
357 3965 458 4034 (drea.)
481 3965 570 4020 Docet
591 3980 643 4019 nos
660 3962 749 4034 igitur
766 3963 842 4018 Deus
853 3963 934 4034 juxta
975 3961 1050 4017 enim
1063 3962 1145 4017 illum
1157 3977 1273 4015 sensum
1294 3976 1378 4031 quem
1398 3959 1429 4015 in
1442 3960 1634 4032 superioribus
1648 3961 1774 4034 posuisse

155 4044 271 4109 batilob
285 4053 457 4109 sententiam
471 4069 558 4126 super
575 4054 706 4123 jumenta
724 4052 934 4107 terraeetvolu·
974 4051 1049 4106 visus
1062 4055 1114 4119 est,
1128 4049 1705 4122 quomamomniscreaturaincohabitat,
1721 4051 1775 4107 hoc
1834 4072 1840 4079 ·

156 4141 277 4209 manli,
292 4141 360 4214 quia
373 4141 442 4196 dum
460 4141 513 4196 hoc
539 4141 613 4214 quod
634 4157 732 4197 sumus
745 4140 934 4212 agnoscimus,
976 4146 1028 4207 est,
1040 4140 1093 4211 ipsi
1103 4141 1254 4211 conjuncta
1268 4144 1320 4207 est,
1337 4143 1367 4193 et
1381 4139 1462 4211 quasi
1472 4139 1613 4212 quoddam
1627 4157 1729 4214 corpus
1743 4141 1773 4196 in

155 4240 194 4284 tce
203 4231 291 4287 carnis
301 4247 354 4286 nos
367 4230 518 4286 inllrmitas
527 4230 633 4301 dejicit,
641 4246 692 4285 nec
706 4228 843 4302 superbire
854 4228 936 4301 spiri·
975 4245 1005 4284 se
1015 4230 1119 4284 retinet
1124 4234 1261 4302 aptatum,
1276 4233 1392 4301 propter
1404 4228 1483 4284 illam
1492 4229 1774 4303 copulationemque

156 4317 299 4389 baderat3
328 4336 381 4375 nec
392 4319 541 4375 defluendo
555 4319 620 4374 imis
629 4318 804 4389 subiicimun
819 4334 871 4395 nec
885 4334 934 4373 su·
976 4317 1011 4373 ed
1027 4335 1091 4373 eum
1105 4324 1157 4373 est.
1179 4317 1347 4373 Omnimodo
1370 4334 1437 4389 ergo
1465 4318 1661 4373 inconveniens
1671 4323 1715 4373 est
1728 4318 1773 4374 in-

157 4404 288 4474 perbieudo
302 4408 339 4463 de
352 4407 519 4464 sublimibus
533 4408 676 4463 inllamur.
684 4408 737 4473 Qui
747 4407 821 4463 enim
831 4406 967 4466 labiturl)
977 4407 1092 4462 tendere
1107 4407 1158 4475 illi,
1174 4407 1242 4479 quia
1255 4407 1312 4462 alia
1324 4406 1414 4473 docet,
1429 4410 1617 4478 preterquam
1632 4406 1707 4476 quod
1725 4406 1773 4461 illc

157 4498 431 4570 aruajrrmenarum
448 4497 574 4570 appetitu
590 4496 797 4570 prosternitur:
815 4495 935 4568 quivero
976 4496 1081 4564 docuit,
1091 4496 1121 4550 in
1143 4513 1227 4568 quem
1241 4495 1336 4551 omnia
1350 4499 1481 4566 coaptata
1499 4501 1565 4549 sunt
1577 4499 1604 4548 et
1618 4495 1770 4566 copulata:

158 4584 833 4658 aalitmmencemorevolucrumquasilevtsatis
843 4600 936 4658 penna
975 4585 1028 4640 hoc
1041 4586 1116 4640 enim
1135 4589 1179 4639 est
1191 4601 1209 4638 a
1222 4583 1366 4639 communi
1385 4597 1522 4637 consensu
1545 4582 1669 4654 seipsum
1682 4589 1773 4640 extra·

158 4670 819 4746 atheum,sedsivigi1ancermandieur,utet
833 4673 935 4729 mentis
975 4690 1061 4729 neum
1075 4673 1175 4740 facere,
1197 4678 1227 4727 et
1248 4670 1448 4727 evidentiorem
1468 4670 1559 4742 ipsam
1578 4671 1773 4729 inconvenien-

159 4754 281 4819 balias
295 4763 424 4819 etcarnis
437 4763 749 4830 castimoniateneatur,
761 4763 816 4817 cito
831 4778 936 4832 cogno·
976 4763 1046 4817 tiam
1056 4762 1160 4817 faciens
1170 4760 1290 4831 adjecit:
1306 4760 1339 4814 Et
1358 4761 1421 4813 estis
1439 4762 1471 4813 in
1490 4762 1540 4814 illc
1559 4765 1665 4831 repleti,
1677 4766 1727 4833 qai
1736 4770 1773 4819 est

158 4846 314 4926 tn'uusquia
326 4853 449 4908 alterum
460 4852 617 4908 custoditur
628 4869 662 4907 ex
671 4851 769 4907 altero.
779 4852 853 4906 Nam
861 4850 935 4905 mul·
976 4856 1058 4921 capot
1067 4854 1158 4906 omnis
1165 4851 1343 4919 principatus
1352 4852 1377 4902 ct
1383 4850 1534 4916 potestatis.
1551 4849 1701 4906 Evidenter
1713 4852 1769 4918 illa,

91 4938 93 4953 '
158 4935 269 5013 hanape
283 4940 418 5014 superbia
444 4942 561 4997 luxuriae
583 4940 766 4997 seminarium
789 4939 852 5005 suit,
870 4939 937 5011 quia
977 4956 1038 5012 qua
1052 4940 1082 4994 in
1095 4935 1706 5011 superioribusdictafuerant,compendiose
1720 4940 1773 4996 ite-

157 5022 208 5083 lvn
220 5046 268 5086 eos
281 5029 400 5104 spiritus
410 5030 490 5101 quasi
504 5030 534 5084 in
544 5029 601 5085 alto
612 5029 704 5102 erigit,
713 5046 778 5084 caro
792 5029 822 5084 in
830 5027 936 5084 infimis
976 5044 1040 5084 rum
1051 5028 1091 5083 ait
1103 5045 1108 5080 :
1121 5026 1225 5084 etenim
1240 5032 1269 5082 et
1281 5042 1330 5081 vos
1348 5042 1413 5082 eum
1424 5024 1559 5082 habentes
1571 5027 1600 5082 in
1609 5027 1687 5083 vobis
1695 5028 1773 5100 digni

157 5118 258 5175 aaut:
285 5118 315 5174 hi
325 5117 403 5174 enim
416 5123 523 5173 secreto
538 5118 616 5191 prius
629 5119 783 5186 elevantur,
798 5118 847 5173 sed
857 5122 936 5190 post·
977 5117 1044 5174 estis
1059 5115 1147 5173 habiti
1158 5117 1219 5189 ejus
1238 5115 1419 5188 copulationi,
1436 5116 1522 5187 quiet
1533 5115 1662 5173 omnibus
1677 5116 1774 5174 invisi-

154 5205 253 5263 auum
265 5206 378 5281 publice
392 5213 536 5274 corruunt,
558 5207 624 5280 quia
641 5207 709 5264 dum
733 5206 848 5264 occultis
862 5207 937 5263 intu·
977 5206 1080 5263 bilibus
1093 5205 1242 5263 virtutibus
1256 5204 1392 5261 inordina
1401 5203 1501 5281 capitis
1507 5205 1644 5262 consistit.
1653 5206 1774 5280 quuod

153 5302 268 5353 mmm
274 5295 506 5361 moubusmrdia
517 5296 733 5368 apertiacadunt
739 5295 862 5371 lapsibus
874 5311 936 5350 cor·
978 5295 1073 5351 omnia
1087 5294 1123 5350 ad
1133 5293 1321 5366 cognitionem
1335 5293 1372 5348 ad
1382 5293 1462 5349 illum
1470 5293 1543 5348 sicut
1549 5310 1651 5367 corpus
1661 5298 1776 5369 co'njun·

149 5384 330 5453 prosaicae
342 5383 936 5455 elatijustafuerantretributioueieriendi,
979 5389 1024 5440 cta
1038 5383 1264 5439 suntheindeet
1277 5382 1442 5455 magnitudo
1458 5382 1641 5440 donationum
1650 5386 1687 5442 ad
1696 5404 1776 5443 vere-

150 5476 178 5527 at
188 5473 254 5545 quia
266 5472 456 5547 superbiendo
470 5491 501 5530 se
514 5473 675 5531 hominibus
689 5474 850 5546 preferunt,
860 5473 940 5528 luxu·
980 5473 1113 5530 cundiam
1128 5488 1175 5528 eos
1184 5472 1326 5528 adducens
1344 5471 1433 5526 dicit:
1450 5473 1482 5526 In
1502 5489 1555 5542 qao
1575 5479 1600 5528 ct
1617 5478 1777 5532 circumcisi

91 5564 93 5571 '
148 5559 241 5620 mano
254 5562 598 5637 usqueadjumeatorum
620 5563 834 5621 similitudinem
850 5562 940 5621 devol·
981 5563 1260 5621 cstiscircamcisionc
1270 5576 1325 5638 nan
1334 5561 1505 5637 rncnalocta·
1513 5564 1544 5616 r'n
1554 5566 1776 5635 exspoliationem

284 5660 288 5667 “
345 5664 481 5728 Parnoi..
495 5663 574 5728 lel
870 5690 873 5695 ·
1583 5663 1619 5722 l't
