3772 6120
120 226 154 281 bb
416 224 448 278 B.
469 224 604 278 anunm
625 224 739 278 blrtUlil
760 222 1110 278 truculentioribus.
1131 218 1278 276 OPERUM
1298 218 1389 273 PARS
1409 219 1458 275 ΙΙΙ.
1723 214 1756 272 56

116 348 204 401 trium
221 347 338 418 piscium
350 347 438 401 millia
448 347 567 401 millium
579 354 749 410 sanctorum,
761 347 800 399 sic
811 346 839 399 in
849 346 991 406 clquut
1006 364 1054 417 pes
1067 346 1154 400 oculis
1172 350 1277 409 currat,
1294 350 1323 399 et
1342 346 1440 398 oculus
1456 343 1520 415 pedi
1535 341 1695 412 prospiciat.
1712 341 1758 394 Sic

70 504 73 509 .
118 436 208 490 decim
224 435 336 490 sedibus
350 452 407 489 non
422 436 567 489 duodecim
584 435 721 500 homines,
734 435 782 487 sed
798 451 916 504 inagnus
957 435 1061 506 itaque,
1078 435 1117 488 sic
1141 438 1243 488 sanctae
1259 433 1381 487 ecclesiae
1405 432 1533 486 membra
1555 430 1659 484 debent
1673 435 1702 482 et
1716 429 1757 482 oi-

118 541 253 579 numerus
266 525 453 595 perfectorum
461 523 636 593 intelligitur.
646 526 797 579 Secutarr'a
806 525 916 592 judam
958 524 1020 578 ticio
1030 540 1090 577 esso
1102 523 1252 593 disjuncta,
1261 529 1290 576 et
1299 522 1435 576 charitate
1444 523 1602 591 conjuncta,
1612 523 1645 572 ut
1654 517 1758 571 summi

118 617 144 667 si
151 614 313 679 habueritis,
330 614 542 681 contemptibiles
551 614 673 680 quisunt
683 614 713 665 in
722 613 847 676 Ecclesia,
858 615 917 667 illos
957 613 1010 666 uiri
1026 629 1123 667 eorum
1137 613 1212 665 uiam
1226 612 1399 683 provideant,
1409 611 1457 682 qui
1467 610 1496 665 in
1504 608 1624 664 terrenis
1638 605 1759 676 negotiis

118 703 345 770 adjudicandam
354 704 520 755 corastituite.
529 699 805 766 [ilmlnalSeecularia
812 701 919 771 judicia
958 708 1071 767 vacant3
1089 708 1227 772 quatenus
1240 701 1360 755 velutad
1372 701 1467 754 lumen
1483 696 1627 752 oculorum
1639 713 1687 766 pes
1699 711 1759 748 am·

119 790 229 844 suntad
244 807 343 860 corpus
357 789 537 860 pertinentia,
546 790 589 843 rol
601 789 918 860 corp01·ea.etquianou
959 789 1046 855 bulet,
1056 797 1084 844 et
1095 806 1207 844 rursum
1219 790 1354 860 quidquid
1365 788 1484 843 terrenis
1496 785 1615 856 negotiis
1624 783 1760 854 implicati

119 879 158 932 sie
169 879 230 932 lieri
239 878 321 932 debet
332 879 436 948 adjecit
448 897 453 931 :
467 878 510 934 :id
525 880 834 932 reuerentiamecetram
848 880 916 931 ilico.
960 886 1057 949 agunt,
1073 880 1125 933 hoc
1138 880 1172 932 ad
1188 880 1324 948 rnajorem
1342 878 1494 933 utilitatem
1513 875 1644 929 referant.
1660 873 1699 927 Ut
1712 887 1761 942 pes

120 969 162 1021 No
181 968 247 1037 quia
262 984 347 1038 supra
362 967 507 1037 negotium
521 967 685 1032 nominarit,
703 969 750 1021 sed
767 968 848 1038 quale
863 983 920 1020 non
961 969 1040 1037 cujus
1060 968 1105 1021 ria
1126 967 1304 1037 prospicitur,
1327 983 1384 1021 non
1407 966 1459 1020 sibi
1484 961 1692 1026 tantumnodo,
1713 960 1760 1013 sed

120 1056 297 1126 significavit,
313 1062 378 1110 sunt
403 1057 479 1109 ellim
501 1063 529 1109 et
554 1056 648 1109 diuina
670 1057 793 1127 negotia,
811 1056 920 1109 dicente
961 1056 1047 1109 etiarn
1071 1055 1158 1109 oculis
1178 1055 1335 1124 gradiatur.
1357 1056 1431 1109 Dum
1456 1056 1551 1126 itaque
1571 1051 1625 1107 sibi
1644 1050 1763 1108 invicem

121 1145 220 1199 eodem
238 1163 243 1197 :
264 1144 384 1213 Adjator
399 1148 502 1212 nepulit
515 1147 570 1198 tirel
583 1145 651 1216 (Col.
668 1144 714 1214 iv),
734 1153 762 1198 et
778 1145 921 1199 saecularia
962 1144 1072 1198 alterna
1084 1144 1329 1198 administratione
1343 1145 1600 1211 conueniunt,miro
1611 1144 1764 1215 modoagi-

121 1232 193 1287 sorte
206 1234 323 1304 judicia,
335 1232 590 1305 quiaprohibuerat
600 1233 674 1303 apud
682 1232 803 1303 perfidos
813 1235 922 1303 agenda
963 1239 1019 1298 mr,
1034 1241 1066 1286 ut
1081 1233 1147 1302 quia
1161 1233 1243 1286 electi
1258 1233 1362 1304 quique
1384 1233 1505 1287 vicissim
1526 1232 1640 1288 sibimet
1654 1233 1764 1303 impen-

123 1322 249 1392 quumris
264 1322 293 1376 in
305 1322 426 1376 Ecclesia
441 1322 511 1375 sicut
522 1322 679 1389 audierant,
689 1339 707 1375 a
716 1322 923 1393 qualibuscum-
963 1320 1064 1387 dendo,
1078 1322 1152 1391 quod
1161 1322 1256 1375 valent
1270 1321 1489 1383 faciunt,eorum
1501 1323 1571 1376 fiant
1584 1338 1670 1391 opera
1679 1322 1765 1374 etiam

123 1426 178 1480 quc
191 1416 288 1464 tamen
305 1417 438 1481 putarent
452 1411 601 1476 audienda,
619 1417 668 1465 aut
685 1412 872 1475 terminenda,
886 1411 921 1465 ad
964 1409 1123 1480 quaesacere
1132 1410 1185 1480 ipsi
1200 1417 1256 1464 tion
1270 1416 1396 1481 possunt.
1410 1411 1464 1465 Sed
1474 1411 1547 1464 inter
1554 1410 1612 1464 hec
1620 1409 1765 1463 sciendum

123 1498 254 1552 ruborem
263 1500 651 1567 eorumait,ceoinempmn'tcs
663 1503 824 1568 qcrisuntin
832 1502 921 1554 Erclc-
964 1506 1016 1564 est,
1034 1498 1100 1569 quia
1114 1516 1178 1552 cum
1193 1499 1384 1569 proximorum
1399 1499 1490 1553 causis
1507 1499 1702 1561 exterioribus
1719 1498 1766 1568 qui

83 1650 86 1662 .
123 1590 176 1647 sia,
192 1587 245 1640 hoc
262 1594 305 1641 est
319 1589 411 1658 lignea
425 1604 504 1654 rasa3
521 1595 580 1641 tarn
598 1588 673 1641 enim
689 1588 880 1642 intractabiles
896 1597 922 1642 ct
965 1593 1029 1658 apte
1045 1588 1204 1641 deseruiant
1218 1587 1327 1656 desunt,
1339 1587 1480 1642 debenthi
1491 1604 1611 1659 quoque,
1628 1587 1675 1657 qui
1687 1586 1767 1656 spiri-

124 1674 345 1729 inconsideratos
359 1693 406 1730 eos
420 1676 596 1745 significarit,
608 1682 641 1730 ut
654 1676 799 1747 imperitos
809 1678 880 1731 forte
891 1695 922 1730 ex
933 1668 956 1727 Β
967 1675 1070 1729 talibus
1078 1675 1237 1746 donisplcui
1249 1682 1425 1743 sunt,e01um
1435 1676 1593 1730 infirmitati
1601 1676 1767 1729 condescen-

124 1764 216 1817 tribus
224 1765 332 1835 judices
340 1765 485 1835 eligerent.
497 1767 556 1820 Hoc
570 1766 604 1819 de
615 1772 728 1836 experto
743 1766 880 1820 scribebat
890 1769 925 1820 ll·
965 1765 1041 1830 dere,
1057 1764 1233 1835 terrenisque
1241 1781 1339 1819 eorum
1349 1765 1572 1831 necessitatibus,
1586 1767 1615 1818 in
1629 1770 1768 1835 quantum

126 1854 260 1924 postoluS,
268 1855 454 1908 sciebatenim
463 1871 548 1925 quam
556 1855 642 1925 tepidi
651 1855 835 1925 etimproridi
845 1855 874 1909 in
884 1872 926 1908 re·
966 1853 1098 1907 decenter
1119 1855 1212 1907 valent
1227 1853 1372 1907 charitatis
1393 1853 1626 1908 crirrdescensionc
1647 1852 1766 1920 servire3

125 1941 210 2012 liquis
220 1943 311 1997 causis
320 1943 431 1998 fuerant
441 1943 617 2015 deprehensi.
627 1945 727 2012 (drap.)
740 1945 844 1998 Paulus
851 1945 926 1998 enim
966 1958 1018 1996 nce
1033 1942 1134 1995 taedere
1151 1942 1277 1995 animum
1286 1941 1369 1996 debet
1376 1943 1399 1996 si
1409 1959 1508 1996 sensus
1523 1944 1584 2013 ejus
1597 1942 1770 2012 contempla·

128 2031 270 2086 auditores
282 2050 347 2086 suos
366 2034 401 2086 ad
412 2033 545 2087 uirtutem
560 2033 704 2103 sapientiae
724 2043 752 2088 et
765 2033 927 2104 linguarum
968 2031 1039 2084 tioni
1050 2030 1239 2102 spiritualium
1247 2048 1359 2103 semper
1367 2031 1651 2102 intentusaliquando
1661 2031 1772 2101 dispen-

127 2122 929 2193 generantiprophetiaquoqueindagandamystenasuc-
970 2119 1065 2173 sanclis
1086 2119 1169 2173 rebus
1183 2120 1307 2173 minimis
1332 2120 1412 2191 rpuasi
1433 2120 1590 2174 minoratus
1608 2119 1771 2186 inflectitur,

128 2209 265 2263 condebat
278 2210 373 2264 dicens
388 2228 394 2263 :
411 2212 596 2264 AEmutann'ni
610 2211 682 2263 dona
698 2213 823 2274 tristiora,
840 2214 929 2278 irrepis
972 2208 1084 2279 quando
1095 2207 1161 2261 illud
1168 2208 1292 2262 Verbum
1300 2225 1350 2279 per
1358 2209 1432 2279 quod
1441 2210 1671 2263 constantomnia
1679 2216 1773 2262 creata

128 2303 221 2351 autem
231 2305 262 2351 ut
266 2300 431 2367 prophetetis
445 2300 472 2366 (I
486 2300 545 2352 dor.
564 2302 630 2367 sul.
644 2298 696 2351 Sed
713 2299 778 2368 quia
794 2299 931 2368 spirimlia
973 2302 1005 2351 ut
1024 2297 1178 2367 prodesset,
1196 2297 1318 2351 hominis
1335 2302 1481 2369 assumpta
1494 2297 1671 2351 humanitate
1690 2297 1777 2351 voluit

131 2385 205 2438 dona
219 2402 276 2439 non
291 2394 432 2457 caperent,
444 2386 469 2438 si
478 2391 592 2439 terrena
602 2402 649 2439 eos
659 2387 772 2456 negotia
782 2387 932 2458 depressis·
974 2385 1056 2456 paulo
1073 2385 1167 2438 nriuus
1181 2386 1288 2455 angelis
1304 2385 1449 2439 minorari.
1465 2385 1538 2450 Quid
1552 2402 1618 2456 ergo
1633 2385 1737 2439 mirum
1753 2387 1776 2438 si

129 2480 201 2539 sent,
214 2476 295 2546 longe
324 2481 389 2529 ante
418 2475 562 2545 praemisit,
577 2474 694 2528 dicem:
715 2476 932 2544 Corrtemptr'biles
972 2473 1057 2527 homo
1076 2490 1105 2526 se
1131 2480 1246 2545 propter
1267 2475 1412 2528 hominem
1434 2475 1568 2540 attrahat,
1585 2475 1654 2528 dum
1669 2480 1779 2529 creator

132 2566 255 2631 quisunt
266 2567 298 2616 in
309 2565 438 2628 Ecclesia,
448 2567 510 2618 illos
518 2567 675 2617 constituite
688 2565 725 2617 ud
732 2567 929 2632 iudicandum.
973 2562 1120 2616 hominum
1131 2569 1159 2616 et
1170 2565 1336 2633 angelorum
1346 2563 1466 2617 sormam
1473 2563 1597 2617 hominis
1607 2571 1722 2634 propter
1730 2564 1778 2617 ho·

133 2652 174 2704 Ac
188 2651 212 2704 si
226 2658 322 2721 aperte
331 2653 416 2717 diust,
426 2652 474 2722 (lui
486 2651 602 2704 minoris
614 2652 706 2705 meriti
719 2660 786 2706 sunt
799 2653 827 2705 in
842 2653 933 2706 Eccle-
973 2650 1079 2704 minem
1092 2651 1232 2722 suscepit?
1251 2668 1301 2705 uec
1315 2658 1412 2706 tamen
1427 2652 1585 2706 minoratur
1600 2669 1699 2706 sensus
1715 2669 1779 2706 curn
1802 2698 1807 2707 .

132 2739 175 2793 sia
185 2744 213 2792 et
227 2740 311 2794 nullis
328 2756 496 2810 rnagnornm
506 2740 643 2793 donorum
657 2740 806 2794 virtutibus
817 2741 932 2811 pollent,
976 2737 1182 2805 si'cettrahitur,
1191 2739 1775 2812 quietantosubtiliussuperiorapenetrat,

134 2827 188 2898 ipsi
199 2827 233 2881 de
243 2829 363 2882 terrenis
378 2828 498 2898 negotiis
507 2829 643 2898 judicent,
656 2834 794 2899 quatenus
806 2846 855 2900 per
865 2847 935 2901 quos
976 2833 1081 2897 quanto
1096 2827 1232 2881 humilius
1244 2846 1294 2898 pro
1309 2846 1405 2882 amore
1418 2829 1570 2883 conditoris
1581 2846 1631 2883 nee
1644 2829 1779 2883 inferiora

134 2925 390 2988 magnanequeunt
405 2917 485 2985 hona,
496 2917 809 2989 minorasuppleantur;
822 2936 892 2990 quos
906 2927 935 2973 ot
975 2916 1139 2969 emiternnib
1151 2917 1223 2980 Quid
1238 2917 1386 2987 indignum
1400 2918 1481 2972 nobis
1497 2918 1539 2972 tel
1561 2918 1673 2972 difficile
1693 2924 1736 2972 est
1753 2918 1777 2971 Si

135 3005 359 3075 contemptibiles
380 3006 517 3061 norninat.
535 3012 673 3060 ettamen
688 3007 828 3078 sapientes
844 3014 931 3074 vocat,
944 2983 1061 3074 Csupra
1072 3004 1200 3076 infraque
1215 3005 1342 3059 animum
1357 3007 1495 3070 ducimus,
1511 3008 1558 3078 qui
1578 3007 1676 3060 eadent
1691 3023 1776 3061 nrauu

135 3109 199 3147 cunr
213 3094 282 3147 dicit
298 3113 304 3146 :
322 3096 368 3150 Sic
385 3112 440 3148 uria
454 3101 491 3147 cst
512 3097 621 3164 sapiens
635 3098 782 3164 pertenuem
801 3100 876 3151 inter
891 3112 934 3151 cos
976 3093 1100 3164 corporis
1118 3093 1244 3148 lavamus
1259 3093 1368 3160 taciem,
1386 3112 1441 3166 qua
1454 3096 1540 3149 etiam
1555 3096 1713 3150 calceamus
1728 3113 1776 3165 pe-

135 3185 185 3250 qui
196 3186 281 3250 possit
291 3185 421 3251 judicare
441 3187 516 3237 inter
534 3185 651 3250 fratrem
667 3191 768 3238 strunt?
782 3185 842 3248 Qtra
858 3202 891 3238 cx
905 3202 935 3238 re
976 3182 1059 3235 dein?
1069 3183 1115 3238 Sic
1130 3186 1777 3252 rtoncstintereosquisqunmsapiensquipassit

137 3270 204 3340 quid
223 3271 364 3341 colligitur
381 3271 435 3324 nisi
457 3278 489 3324 ut
508 3278 634 3326 terrenas
650 3289 749 3326 causas
763 3274 934 3339 examinent,
972 3272 1102 3340 ,irtdicarc
1109 3274 1184 3325 inter
1190 3271 1529 3344 fratrernsuumthimb.)
1538 3272 1609 3336 Quia
1622 3289 1688 3341 ergo
1701 3280 1777 3337 sunt,

137 3359 184 3429 qui
200 3360 370 3414 exteriorum
385 3376 480 3413 rerum
495 3360 663 3430 sapientiam
679 3362 936 3433 perceperunthui
979 3357 1079 3429 inquit,
1093 3360 1234 3430 sapientes
1247 3361 1358 3426 iratreS,
1371 3360 1458 3430 aliqui
1472 3361 1573 3414 horum
1588 3361 1729 3429 eligantur
1743 3360 1779 3415 ad

102 3508 105 3515 Δ
137 3453 232 3501 autem
245 3448 419 3518 spiritalibus
428 3448 509 3501 donis
518 3449 599 3503 ditati
608 3450 808 3520 sunt,prol'ecto
818 3451 937 3504 terrenis
976 3447 1287 3519 judicandumquorum
1293 3448 1432 3517 judicium
1445 3453 1570 3502 meretur
1579 3448 1712 3511 mundus,
1724 3466 1781 3503 ma-

138 3552 193 3590 non
208 3536 312 3590 debent
322 3537 443 3606 negotiis
454 3537 603 3607 implicari,
615 3543 647 3591 ut
657 3537 724 3591 dum
735 3555 791 3592 non
801 3544 940 3608 coguntur
978 3551 1051 3603 girus
1063 3537 1138 3590 enirn
1152 3538 1243 3608 pudor
1257 3527 1306 3590 est¹
1312 3537 1337 3590 si
1352 3537 1427 3591 inter
1448 3554 1496 3591 eos
1512 3537 1560 3608 qui
1575 3537 1707 3592 dicuntur
1728 3538 1782 3591 Do·

139 3625 272 3679 inferiora
281 3624 355 3679 bona
365 3626 523 3697 disponere.
534 3625 678 3679 exercitati
686 3626 797 3680 valeant
806 3627 885 3680 bonis
895 3641 939 3681 su:
980 3624 1089 3678 minum
1113 3626 1283 3695 cognovisse,
1300 3642 1357 3679 non
1378 3625 1537 3680 inveniatur
1555 3626 1604 3697 qui
1621 3626 1782 3681 examinare

140 3713 297 3785 perioribus
306 3715 455 3768 deservire.
469 3715 524 3768 Sed
538 3714 694 3768 curandum
705 3731 875 3786 magnopere
885 3721 937 3782 est,
980 3713 1068 3783 possit
1078 3714 1222 3783 negotium
1230 3716 1311 3784 juxta
1323 3715 1371 3785 jus
1386 3716 1594 3785 Evangelicum,
1610 3716 1673 3770 ideo
1686 3722 1782 3770 autem

140 3802 510 3874 utquidonisspiritnalibus
520 3803 651 3869 emicant,
660 3805 939 3875 nequequamproxi·
981 3801 1097 3855 fratrem
1107 3802 1232 3872 judicem
1242 3803 1402 3873 eligendum
1417 3804 1493 3870 dicit,
1506 3803 1571 3874 qnia
1585 3803 1676 3857 adhuc
1690 3810 1783 3857 rector

141 3907 251 3945 morum
266 3892 471 3946 infirmantium
486 3893 600 3962 negotia
617 3891 743 3947 funditus
758 3893 877 3958 deserat,
890 3894 939 3948 sed
982 3890 1109 3945 Ecclesia
1123 3890 1300 3945 illorumnon
1312 3899 1373 3946 orat
1384 3892 1539 3946 ordinatus
1549 3892 1600 3947 Sed
1613 3893 1703 3959 frater
1718 3907 1781 3945 curn

141 3981 199 4033 buc
214 3980 285 4035 aliis.
296 3980 396 4050 quibus
405 3981 523 4050 (lignum
533 3986 584 4041 est,
596 3982 742 4035 tractanda.
751 3983 937 4036 committant.
981 3980 1071 4047 fratre
1081 3983 1189 4047 judicio
1203 3983 1348 4045 contendit,
1366 3986 1390 4034 et
1404 3983 1453 4034 lroc
1465 3983 1540 4049 aptari
1554 3981 1684 4047 infideles.
1694 3981 1781 4034 lilani·

141 4066 220 4120 Unde
243 4073 271 4120 et
293 4069 401 4137 Moyses
416 4084 526 4138 quoque
548 4069 583 4121 ad
607 4070 741 4140 populum
756 4070 828 4122 vii-os
847 4087 897 4140 pro
911 4087 941 4124 se
981 4067 1083 4120 festum
1108 4076 1159 4130 est,
1183 4068 1248 4138 quia
1270 4068 1397 4121 infideles
1423 4075 1474 4122 aut
1498 4068 1628 4129 arbitros,
1645 4075 1677 4122 ut
1703 4085 1780 4121 asso-

141 4154 320 4224 septuaginta
335 4156 481 4209 constituit
496 4157 590 4223 (Eroti.
607 4161 694 4225 xxiv),
711 4164 744 4211 ut
754 4163 859 4227 quanto
869 4175 898 4211 se
906 4158 941 4212 ab
982 4156 1022 4208 let
1034 4157 1268 4226 lieri,postulatos
1281 4156 1431 4225 significat.
1443 4163 1493 4210 cent
1502 4158 1627 4229 judicem
1638 4156 1780 4228 publicum

142 4243 326 4297 exterioribus
351 4244 441 4297 auersis
464 4244 661 4311 absconderet,
691 4250 770 4299 tanto
798 4244 1027 4317 ardentiusncui
1043 4244 1097 4297 dici
1107 4245 1191 4299 solet:
1203 4244 1291 4298 Hodie
1306 4245 1367 4298 dies
1375 4262 1519 4301 sacrorum
1536 4252 1587 4313 cst,
1595 4247 1642 4316 jus
1656 4245 1712 4299 dici
1725 4262 1781 4298 non

142 4332 254 4385 interna
261 4338 431 4400 penetraret,
439 4332 534 4403 sicque
546 4333 587 4396 lit,
596 4339 627 4386 ut
637 4338 666 4386 et
676 4333 779 4387 summi
791 4334 841 4386 viri
854 4335 942 4405 aramis
984 4339 1084 4403 potest.

142 4421 176 4473 od
187 4420 327 4492 spiritalia
340 4421 413 4475 dona
424 4421 571 4492 proficiant
585 4421 652 4475 dum
668 4438 766 4475 eorum
780 4429 888 4477 ruentes
898 4441 943 4478 res
1018 4423 1081 4474 June
1091 4423 1462 4490 peridemeritninodclictum
1472 4425 1585 4477 intubis
1600 4423 1784 4490 ettamena-

143 4509 246 4563 inssmae
262 4526 318 4563 non
334 4510 509 4575 conculcant;
531 4516 559 4563 ct
575 4527 686 4563 rursum
701 4510 753 4564 riri
773 4511 802 4564 in
823 4512 944 4566 Ecclesia
984 4511 1058 4563 dicia
1081 4511 1203 4565 babeatis
1224 4515 1298 4565 inter
1315 4528 1369 4565 eros.
1385 4512 1534 4565 Peccatum
1554 4527 1614 4565 esse
1632 4510 1782 4580 siguificat,

143 4597 236 4651 ultimi
252 4597 312 4651 sine
328 4597 401 4652 bono
410 4616 494 4669 opere
504 4616 561 4652 uon
571 4599 673 4666 sinant,
682 4598 750 4652 dum
763 4599 793 4652 in
806 4599 890 4653 rebus
900 4617 944 4654 es·
985 4600 1051 4669 quia
1063 4599 1151 4652 frater
1164 4616 1229 4654 curn
1242 4600 1328 4654 tratre
1339 4601 1442 4670 litigat,
1455 4616 1520 4653 cum
1534 4599 1628 4653 danda
1641 4615 1727 4669 opera
1736 4598 1782 4664 sit,

142 4683 292 4738 terioribus
307 4683 453 4740 im'eniunt
466 4693 544 4765 recta
554 4704 615 4758 quae
626 4693 721 4758 agant.
730 4690 832 4741 Sancta
841 4689 943 4760 quippe
985 4695 1017 4741 ut
1030 4689 1179 4742 concordes
1191 4689 1248 4742 sint
1263 4688 1343 4759 quasi
1352 4689 1490 4758 germani,
1499 4689 1620 4742 masline
1636 4704 1700 4740 cnm
1714 4687 1784 4740 tides

143 4772 266 4825 Ecclesia
280 4773 319 4826 sic
334 4775 462 4828 consistit
477 4776 586 4830 unitate
601 4776 736 4835 fidelium,
753 4777 825 4831 sicut
844 4794 944 4849 corpus
985 4775 1786 4849 nostrapacistudeat.QuamquamenimChristianusliti-

143 4865 272 4913 nostrum
293 4861 404 4914 unitum
428 4870 471 4916 est
495 4879 629 4933 compage
660 4865 859 4920 membrorum.
881 4867 945 4922 Alia
984 4882 1051 4936 gare
1064 4882 1119 4919 non
1134 4865 1349 4930 debeat,tamen
1360 4867 1384 4921 si
1394 4883 1479 4938 grave
1489 4866 1554 4937 quid
1567 4864 1661 4929 tuerit,
1674 4870 1702 4917 et
1711 4864 1785 4934 qrrod

143 4964 266 5019 nemque
275 4947 402 5002 membra
412 4955 478 5004 suut
492 4950 519 5003 in
532 4968 656 5021 corpore,
669 4971 730 5024 quae
739 4955 881 5009 intuenda
890 4955 944 5009 luci
985 4955 1125 5008 contemni
1140 4971 1195 5009 non
1212 4956 1309 5026 possit,
1322 4972 1435 5010 causam
1450 4955 1485 5008 ad
1500 4955 1652 5008 Ecclesiam
1668 4953 1785 5017 deserat,

143 5036 318 5105 deserviunt3
335 5037 390 5091 aliu
403 5054 465 5109 quse
478 5056 495 5092 a
508 5045 591 5094 terrie
611 5046 688 5094 tactu
709 5042 825 5097 minime
839 5043 945 5114 disjun-
986 5059 1021 5096 ne
1034 5048 1063 5096 et
1075 5044 1210 5098 damnum
1225 5045 1396 5115 adpraesens
1411 5051 1440 5097 et
1457 5043 1640 5097 offensionem
1655 5042 1727 5094 sorte
1743 5041 1787 5094 in-

143 5132 259 5194 guntur.
276 5126 380 5181 Oculus
395 5127 497 5198 quippe
512 5127 567 5181 luci
582 5128 748 5194 intenditur,
761 5140 789 5185 ot
803 5134 945 5187 neccecari
986 5141 1088 5186 currat.

143 5213 235 5267 valeat
249 5230 267 5268 a
281 5216 395 5286 pulvere
406 5216 572 5271 custoditur.
590 5217 642 5271 Pes
652 5218 727 5271 euim
743 5225 809 5274 tunc
823 5222 944 5275 officium
1023 5222 1112 5287 errare
1131 5239 1184 5275 rien
1202 5225 1289 5289 strapis
1304 5224 1445 5288 injuria-m
1456 5223 1609 5288 patiemur?
1625 5219 1714 5285 Quare
1729 5236 1786 5273 eron

145 5316 228 5355 suum
248 5310 323 5358 recte
341 5304 459 5376 peragit,
476 5322 539 5359 cum
559 5307 767 5377 suscipiendum
785 5316 867 5364 terrae
881 5311 944 5381 pul·
985 5310 1540 5378 irrepissraudaminitSedcosinjuriam
1550 5310 1653 5376 facitis,
1666 5310 1785 5375 etfruu·

143 5406 238 5445 serem
256 5408 312 5446 non
332 5392 445 5463 refugit,
469 5412 530 5466 quae
553 5400 649 5449 tamen
673 5398 796 5468 corporis
818 5399 945 5453 mernbra
985 5401 1067 5464 (lutri,
1089 5405 1112 5453 et
1133 5401 1181 5454 laec
1199 5398 1348 5468 fratribus.
1364 5398 1445 5451 Nunc
1464 5397 1514 5451 hos
1533 5396 1649 5467 corripit
1665 5413 1785 5466 quorum

143 5478 265 5534 vicissim
293 5480 345 5535 sibi
373 5498 425 5536 sua
444 5482 537 5538 officia
556 5484 743 5555 impartiendo
765 5488 942 5557 copulantur,
986 5487 1125 5557 injustitia
1138 5487 1265 5559 J‘urgium
1284 5491 1450 5556 generatur,
1467 5486 1534 5557 quia
1551 5501 1607 5539 nou
1624 5485 1717 5539 solum
1735 5501 1786 5555 per
