3772 6120
116 292 169 352 497
332 300 623 358 annumeremur
641 303 680 359 IN
700 304 777 363 EPP.
796 306 905 363 nsunt
923 304 992 361 LIB.
1009 304 1119 359 xut-
1135 302 1174 357 ΙΝ
1193 301 1304 357 EPlS‘l'.
1325 301 1375 356 tu
1392 300 1547 359 PillLlPP.
1709 304 1762 363 498

115 420 230 477 tuden.
259 423 380 480 Novella
404 425 481 479 enirn
499 430 562 482 erat
584 426 643 484 bec
665 433 847 503 nuncupatio,
871 430 1074 496 sedAbantur,
1091 430 1141 483 hos
1154 434 1240 499 atque
1257 427 1419 497 hujusmodi
1434 441 1544 482 errores
1562 428 1675 485 eidus
1689 428 1760 487 dict

118 508 255 566 llebmus
269 527 305 566 ex
320 512 456 581 Hebraeis,
464 515 499 568 de
509 516 628 587 antiqua
636 521 844 592 nuncupatione
852 523 923 576 anti-
963 536 993 573 se
1005 519 1148 584 damnare,
1163 523 1193 571 et
1206 522 1330 571 stercora
1344 514 1486 583 arbitrari,
1502 522 1535 571 ut
1553 516 1698 573 Christum
1716 517 1762 574 lu·
1825 530 1844 573 ’.

120 598 257 671 quitatem
271 617 333 656 ante
353 602 470 674 originis
485 605 670 662 confirmavit.
697 609 804 665 Deinde
822 617 851 665 et
873 611 923 666 illa
962 608 1117 673 euinceret,
1134 612 1227 660 etnon
1238 603 1444 660 observationes
1458 605 1528 676 legis
1542 606 1566 660 si
1576 622 1655 661 mora
1669 607 1762 681 patrio

120 691 923 770 qnesunteJ'nspropositi.Sccuudumleporuinquitfflbo·
963 696 1181 761 celebrarentur,
1199 694 1272 749 sicut
1294 691 1329 748 ab
1356 692 1418 764 ipso
1443 692 1589 750 celebrate
1612 694 1760 762 sunt,sine

120 779 222 831 rusus
239 778 288 833 Illi
302 780 379 835 euim
393 781 484 852 quiin
499 781 573 836 hanc
584 784 775 842 consistebant
792 789 921 843 haeresim
963 784 1021 839 ulla
1035 784 1133 839 salutis
1148 783 1315 837 necessitate
1326 782 1496 837 sicutludaei
1509 782 1692 839 celebrandas
1707 800 1760 857 pu·

121 865 375 940 cantiinterpretes
387 869 458 940 laqis
472 886 534 925 esse
548 872 754 942 enmhmautur,
771 881 801 930 et
812 877 861 931 illa
874 877 923 932 do-
962 874 1069 939 tabaut,
1089 877 1140 927 aut
1164 872 1256 926 fallaci
1278 871 1457 926 simulatione
1475 871 1549 943 quod
1572 873 1602 927 in
1615 871 1701 931 Petro
1718 887 1760 929 re·

122 971 180 1010 cere
197 956 392 1028 properabant
410 974 472 1030 que
488 959 518 1013 in
539 960 602 1030 lege
625 961 729 1017 habere
743 964 919 1033 videbantur,
963 963 1159 1035 prehendcrat.
1176 961 1229 1026 Qui
1253 960 1328 1015 enim
1349 967 1488 1033 precepta
1504 960 1575 1033 legis
1595 961 1714 1035 implere
1727 978 1758 1019 se

123 1043 183 1099 hinc
201 1046 338 1101 ostendit.
355 1048 514 1103 Secundum
537 1054 742 1107 arrrutctioncrn
756 1070 920 1124 persequens
961 1058 1043 1124 putat
1055 1068 1107 1124 per
1120 1049 1268 1105 arbitrium
1282 1050 1403 1122 propria
1413 1050 1565 1105 voluntatis
1582 1050 1644 1106 sine
1657 1051 1759 1123 spiritu

126 1137 268 1202 eclesiam,
280 1135 317 1190 Et
326 1137 460 1208 quoniam
472 1137 502 1191 in
517 1140 712 1208 persecutione
724 1141 846 1197 habebat
859 1160 921 1215 per·
960 1141 1150 1212 gratiaepuam
1158 1138 1300 1210 justitiam
1309 1138 1759 1211 sultconnnueranonjustitiam

127 1222 435 1295 ectamprobationem,
451 1226 513 1280 sieri
527 1227 604 1282 enim
624 1236 743 1300 poterat,
760 1237 792 1285 ut
811 1232 865 1286 hoc
884 1233 922 1287 te·
962 1229 1014 1284 Dei
1024 1245 1144 1283 sumere.
1161 1228 1233 1283 Nam
1248 1227 1322 1283 unde
1331 1226 1400 1282 dicit
1409 1227 1485 1282 idern
1497 1228 1706 1299 Apostolus2ut
1715 1231 1760 1284 in-

130 1312 236 1367 mutate
245 1313 309 1368 sola
323 1314 428 1369 taceret
440 1315 621 1371 simulatione
636 1318 685 1373 illa
701 1336 757 1390 qua
772 1337 823 1391 pro
833 1338 920 1377 amu·
961 1320 1060 1373 orator
1069 1322 1102 1372 in
1112 1317 1483 1385 ittononbabcnsjustitiom
1492 1332 1695 1387 mecrnpuaer
1705 1320 1760 1387 ispe

132 1400 224 1455 latione
233 1401 350 1473 pietatis
362 1403 391 1458 id
404 1403 495 1458 iacere
509 1404 665 1473 ridebatur,
681 1407 798 1480 adjicit:
819 1411 921 1466 Secun-
961 1411 1007 1472 est,
1020 1408 1066 1461 scd
1074 1409 1285 1475 justitimnqua
1299 1421 1331 1459 er
1344 1403 1588 1476 flde,justitiamex
1597 1405 1759 1477 Deo,qnare

134 1490 400 1561 &injustitiamque
410 1495 502 1562 intrpe
511 1496 645 1561 caisnetus
653 1499 919 1566 sinequercto.Bene
960 1512 1041 1551 suern
1047 1495 1188 1567 justitiam
1198 1494 1267 1549 dicit
1277 1510 1339 1565 quae
1359 1509 1392 1548 ex
1413 1492 1475 1565 lege
1492 1493 1760 1566 eamquejuatitiam

134 1586 212 1633 utem
220 1577 293 1633 dixit
307 1596 367 1648 qua
375 1583 407 1634 in
418 1584 473 1649 teuc
486 1589 533 1646 est,
548 1599 581 1637 ec
591 1584 666 1654 quod
684 1602 741 1639 non
757 1593 819 1640 crat
832 1588 919 1660 possi·
960 1584 1069 1656 probat,
1084 1602 1140 1639 non
1155 1588 1250 1638 autem
1264 1598 1355 1648 suam,
1364 1582 1413 1637 sed
1428 1598 1461 1637 ex
1475 1583 1534 1639 Deo
1541 1583 1759 1656 justitiamque

135 1665 177 1721 bile
189 1667 246 1722 sine
261 1669 421 1739 qnerelaad
433 1670 548 1740 plenum
558 1689 639 1744 posse
649 1673 771 1744 aliquem
782 1676 916 1732 invenire.
960 1678 1003 1727 est
1016 1674 1123 1728 enfide.
1139 1671 1274 1743 Nunquid
1294 1672 1338 1726 lex
1357 1687 1414 1727 non
1430 1677 1521 1728 estex
1539 1673 1617 1728 Deci
1633 1673 1696 1744 quis
1704 1671 1759 1728 nisi

137 1755 219 1811 Omnia
231 1773 299 1811 uero
314 1757 466 1813 decurrens
479 1765 509 1814 et
523 1761 675 1816 ostendeus
697 1766 830 1835 quoniam
849 1749 951 1821 nihilB
962 1761 1083 1816 inlidelis
1114 1762 1166 1816 boc
1193 1761 1311 1815 dixerit?
1326 1761 1374 1815 sed
1392 1777 1426 1817 ex
1451 1761 1513 1831 lege
1530 1761 1600 1817 dicit
1616 1761 1758 1833 iristitiam

139 1843 214 1899 lucrm
238 1846 264 1900 ei
289 1846 406 1914 bonum,
427 1864 461 1901 es
483 1849 539 1903 illis
563 1867 625 1922 que
652 1855 807 1909 secundum
828 1855 919 1925 legem
960 1867 1050 1918 suam,
1064 1852 1093 1905 in
1118 1867 1174 1921 qua
1193 1851 1277 1904 homo
1299 1854 1381 1922 putat
1403 1849 1531 1905 sufficere
1545 1849 1599 1906 sibi
1620 1849 1758 1921 legemad

140 1938 208 1989 esur.
217 1934 270 1991 Sed
279 1939 528 2005 quecunquemibi
538 1945 619 1993 erant
630 1943 781 2008 inormiter
794 1947 919 1999 cristinio
959 1939 1087 1995 facienda
1100 1939 1193 1994 divina
1204 1938 1348 2005 mandata,
1365 1938 1508 1994 conlidens
1525 1938 1556 1994 in
1574 1939 1677 1995 virtute
1695 1955 1756 1996 sna.

140 2029 225 2091 propter
238 2024 383 2079 Christum
397 2026 579 2082 detrirnsntc:
592 2028 669 2083 lucra
680 2031 795 2101 quidem
809 2033 915 2102 dicens,
959 2029 999 2085 Ex
1018 2029 1072 2083 ilde
1086 2034 1181 2082 autem
1192 2027 1333 2099 justitiam
1343 2025 1406 2082 ideo
1419 2026 1488 2082 dicit
1497 2043 1558 2085 esse
1567 2044 1601 2083 ex
1614 2027 1683 2096 Deo,
1692 2028 1759 2100 quia

141 2111 296 2166 attendat
314 2113 448 2183 qnoniam
471 2117 630 2171 necessario
645 2123 712 2172 tunc
737 2119 915 2190 agebantur:
958 2115 1757 2188 Densunicuiquepartiturmensuramtidei,etadfidem

142 2198 249 2269 sijiciens
268 2217 336 2254 vero
356 2201 405 2255 illa
425 2219 487 2272 qnae
505 2211 587 2259 erant
608 2205 644 2259 ad
659 2208 916 2276 confirmationem,
958 2207 1114 2278 pertineret
1127 2205 1241 2259 credere
1256 2204 1330 2275 quod
1344 2205 1374 2259 in
1392 2203 1472 2259 nobis
1488 2205 1563 2259 Dens
1577 2208 1711 2276 operetur
1729 2211 1759 2260 et

142 2287 189 2343 dicit
205 2289 338 2361 quoniam
359 2290 438 2346 lucra
453 2291 574 2347 habebat
601 2294 649 2349 illa
675 2296 917 2370 sollicitudoque
957 2293 1037 2353 velle.
1062 2293 1133 2348 sicul
1158 2291 1328 2364 operabatur
1344 2291 1375 2346 in
1398 2291 1447 2346 illa
1473 2292 1651 2364 purpuraria,
1676 2291 1757 2362 cujus

143 2377 362 2447 ngailloserant.
377 2381 460 2435 Nunc
473 2398 539 2436 uero
553 2383 644 2453 magis
662 2391 731 2439 sunt
747 2385 918 2443 detrimenta
957 2389 1108 2453 aperuerat
1124 2383 1199 2436 Deus
1218 2386 1353 2447 mentem,
1374 2384 1408 2435 ut
1428 2380 1588 2436 intenderet
1606 2397 1641 2436 ea
1662 2396 1724 2453 quae
1741 2398 1759 2435 a

143 2462 478 2549 bmmpamtionechristi
490 2478 629 2543 reputata.
638 2473 717 2528 Unde
727 2475 760 2528 ad
774 2491 918 2546 compara·
958 2472 1045 2525 Paulo
1054 2470 1276 2525 dicebantur.llc
1289 2486 1339 2542 per
1351 2470 1465 2525 hocnec
1474 2470 1528 2542 ipsi
1544 2469 1690 2542 Judaeiqui
1699 2485 1758 2525 cre-

143 2544 581 2613 meermannianam
588 2563 683 2614 omnr'o
692 2563 918 2618 detrirncntoesss
958 2560 1091 2615 diderunt
1101 2561 1130 2615 in
1144 2559 1299 2625 Christum,
1318 2559 1348 2614 in
1364 2558 1467 2630 quihus
1487 2564 1516 2614 et
1529 2559 1634 2616 Paulus
1645 2560 1709 2626 ihit,
1724 2576 1758 2614 ex

140 2646 228 2712 rarior
239 2648 489 2713 supereminentem
503 2651 649 2702 scientiam
662 2651 725 2704 lesu
741 2650 846 2705 Chr-isti
864 2653 918 2707 lto-
958 2648 1018 2720 lege
1034 2650 1158 2703 haeredes
1177 2649 1292 2703 omnino
1316 2647 1427 2702 dicendi
1447 2654 1522 2714 sunt,
1546 2647 1596 2703 sed
1612 2647 1706 2720 potina
1724 2662 1758 2703 es

142 2733 263 2786 sinimei.
276 2732 353 2787 Bene
368 2734 464 2805 posuit
476 2737 591 2790 Domini
600 2741 664 2804 mci,
673 2741 752 2809 quasi
762 2755 916 2812 excompa-
957 2738 1153 2810 promissione.
1168 2738 1233 2794 Ideo
1246 2738 1322 2791 euim
1337 2737 1443 2791 dictum
1459 2742 1519 2791 est:
1537 2738 1571 2791 In
1586 2739 1664 2792 Isaac
1677 2753 1757 2793 uocu-

141 2818 407 2892 nlicueoognoscens
416 2823 506 2894 ipsam
521 2824 807 2882 differentiamUnde
817 2834 846 2882 et
860 2844 917 2884 rno-
958 2828 1035 2881 bitur
1051 2829 1103 2882 tibi
1112 2844 1204 2882 semen
1218 2826 1308 2899 (Hebr.
1323 2825 1446 2896 m),quia
1459 2842 1516 2880 non
1530 2825 1578 2898 qui
1590 2824 1641 2880 lilii
1653 2825 1756 2894 carnis,

141 2908 172 2961 bs
181 2923 271 2963 amore
283 2911 436 2966 Dominum
446 2929 529 2966 suum
543 2913 633 2968 Deum
644 2915 712 2970 dixit
722 2933 727 2968 :
736 2921 768 2970 ut
781 2923 845 2988 post
858 2935 918 2973 ma·
957 2915 987 2970 hi
996 2916 1060 2971 Filii
1069 2917 1131 2985 Dei,
1142 2916 1192 2970 sed
1204 2915 1256 2969 tilii
1269 2914 1462 2985 promissionis
1482 2915 1655 2986 deputantur
1670 2915 1701 2970 in
1715 2931 1757 2970 se-

138 2994 209 3063 itmnr
218 2997 359 3053 bonorum
374 3001 416 3055 illi
426 3019 511 3056 cansa
520 3003 666 3058 existente.
682 3005 790 3059 Deinde
803 3007 913 3077 adjicit:
956 3005 1042 3059 ruine.
1058 3006 1089 3060 tit
1103 3019 1261 3073 copnoscum
1275 3019 1347 3069 curri,
1360 3008 1384 3057 ct
1398 3006 1530 3057 uirtutem
1544 3003 1756 3058 resurrectionis

140 3082 318 3156 hepterem
334 3093 430 3143 omnic
445 3092 657 3147 dctrirncntotus
671 3111 744 3157 sum,
753 3101 777 3149 rt
791 3100 916 3152 existimo
926 3078 1025 3162 Ceius.
1041 3094 1103 3148 Non
1119 3092 1189 3147 dixit
1198 3093 1442 3147 resurrectionem.
1457 3093 1504 3146 sed
1513 3095 1645 3147 uirtutem
1659 3107 1754 3147 resur·

140 3180 287 3231 urnrcorc.
305 3176 341 3231 Et
364 3179 497 3248 quoniam
517 3179 683 3236 ridebantur
702 3184 913 3254 contumeliosa,
956 3185 1095 3236 rectionis.
1111 3182 1180 3247 Quae
1195 3185 1238 3236 est
1251 3185 1345 3235 autem
1360 3179 1641 3253 resurrectionisejns
1648 3179 1756 3236 virtust

138 3270 160 3315 ut
173 3270 292 3319 stercora
317 3282 416 3320 vocare
438 3268 487 3322 illa
514 3284 576 3339 quie
602 3271 673 3341 legis
694 3281 770 3338 sunt,
784 3274 916 3330 velociter
956 3271 1091 3342 quoniam
1106 3287 1157 3343 pro
1172 3269 1386 3324 omnibusfacta
1399 3274 1451 3336 est,
1468 3274 1497 3324 et
1511 3275 1544 3324 ut
1561 3285 1660 3324 omnes
1672 3269 1753 3325 aimi-

99 3374 107 3393 ·
136 3350 914 3434 djidtzlttChristumlucrifacium.0stendcusquoniam
955 3359 1011 3414 lem
1026 3364 1193 3431 assequatur
1201 3357 1578 3413 resurrectionem:credens
1586 3357 1663 3414 enim
1672 3358 1755 3414 Chri·

85 3506 87 3513 ,
133 3443 285 3513 temperatio
299 3442 414 3498 illorum
434 3446 483 3517 qui
505 3448 660 3501 secundum
682 3450 825 3505 Christum
848 3460 915 3508 snut
955 3454 1009 3515 sto,
1025 3448 1205 3503 credoetiam
1218 3447 1388 3501 etvirtutem
1403 3446 1617 3501 resurrectionis
1630 3447 1692 3518 ejus
1706 3463 1753 3503 co·

134 3526 176 3583 un
191 3532 259 3585 talia
283 3531 393 3588 iaciunt
413 3533 510 3602 videri,
537 3537 659 3605 qualiter
683 3545 733 3592 aut
757 3540 915 3610 quomodo?
954 3553 1098 3607 gnoscere,
1117 3536 1172 3591 boc
1185 3543 1229 3590 est
1241 3535 1353 3607 assequi
1383 3535 1629 3602 resurrectionem,
1648 3535 1754 3606 inqua

132 3616 291 3675 itinerator
307 3623 340 3676 in
353 3625 403 3677 itto
417 3638 473 3677 non
484 3625 586 3679 bahem
601 3642 691 3680 rrrcmn
697 3630 913 3698 iristitiumpua
955 3626 1069 3680 effectus
1082 3626 1112 3679 iu
1126 3624 1279 3678 immortali
1294 3631 1322 3677 et
1336 3622 1502 3695 impassibili
1516 3627 1617 3678 natura
1626 3622 1662 3678 ab
1676 3624 1753 3679 omni

130 3710 276 3777 eliceret:
291 3712 338 3764 scd
351 3713 433 3764 ittam
452 3728 512 3780 pue
522 3729 555 3767 eo
569 3715 620 3781 fido
637 3720 675 3768 cst
685 3715 799 3784 Christi,
819 3720 870 3786 qni
882 3734 915 3773 ec
953 3722 1067 3786 peccato
1081 3712 1153 3767 liber
1166 3729 1225 3777 ero,
1237 3712 1312 3766 ultra
1320 3728 1377 3765 non
1388 3698 1517 3782 indiuens
1525 3711 1662 3782 legeNec
1675 3711 1752 3767 enim

129 3794 212 3851 inest
220 3800 337 3867 justitia
346 3816 379 3853 er
388 3800 450 3867 ride.
458 3801 557 3872 Cupio,
569 3802 673 3873 inquit,
681 3804 760 3858 illam
771 3806 912 3877 justitiam
954 3808 1035 3857 erant
1048 3800 1327 3857 consentaneasimul
1337 3800 1459 3853 etiamst
1469 3800 1585 3854 allectus
1595 3801 1656 3871 ejus
1666 3815 1752 3872 quarn

127 3886 298 3959 munique
318 3905 353 3942 ex
372 3888 430 3942 Deo
449 3896 502 3954 est,
523 3906 608 3961 quam
633 3893 744 3964 assequi
764 3911 913 3964 possumus
953 3892 1193 3961 ergalegemcnm
1205 3888 1301 3944 labore
1316 3894 1345 3943 et
1357 3888 1460 3943 sudore
1472 3888 1611 3943 virtutum
1625 3904 1689 3943 snm
1704 3888 1749 3944 di·

128 3986 172 4043 per
182 3975 256 4031 illam
271 3976 358 4031 tidem
368 3993 430 4048 qnae
442 3978 471 4033 iu
486 3979 598 4034 Christo
612 3986 663 4045 est,
672 3988 702 4035 et
712 3982 774 4036 ideo
789 3984 912 4055 despicio
952 3985 1090 4047 recturus,
1106 3979 1156 4034 sed
1171 3979 1266 4034 diviua
1276 3978 1371 4049 gratia
1389 3977 1551 4032 custodibor
1572 3978 1601 4031 in
1619 3976 1747 4033 boniaco

125 4076 205 4118 mm
214 4065 358 4136 justitiam
373 4084 435 4137 quie
451 4068 559 4138 exlege
574 4075 625 4131 ost,
642 4070 733 4124 sciens
751 4087 814 4126 cam
832 4073 911 4127 etia·
953 4069 1027 4139 quod
1037 4076 1106 4123 tunc
1115 4085 1167 4123 nec
1180 4084 1295 4142 peccare
1308 4067 1383 4121 ultra
1397 4072 1504 4139 potero.
1516 4068 1550 4121 nt
1564 4070 1752 4122 communire·

124 4146 250 4209 lisinam
262 4171 335 4221 esse,
353 4161 382 4208 et
391 4155 593 4226 impossibilem
607 4158 641 4211 ud
657 4159 840 4214 directionem
852 4180 859 4229 3
869 4161 911 4215 la·
953 4163 1055 4212 tionem
1059 4161 1223 4228 passionum
1234 4161 1292 4226 ejus
1304 4157 1456 4224 consoranis
1464 4158 1555 4225 suctus
1561 4159 1647 4211 morti
1655 4161 1752 4226 sinapi

124 4238 193 4295 snm
203 4242 279 4299 enim
291 4244 363 4298 mihi
379 4261 411 4298 ex
426 4244 488 4315 lege
502 4263 618 4316 peccare
640 4254 692 4313 est,
716 4265 800 4319 quam
815 4250 910 4321 dirigi,
951 4249 1084 4315 quomodo
1099 4249 1287 4302 occurrentia
1297 4262 1356 4300 min
1366 4248 1664 4316 resurrectionemque
1674 4251 1752 4300 estes

124 4330 329 4386 elmanilestins
354 4332 458 4386 iaciens
472 4350 534 4404 quae
553 4334 590 4387 sit
603 4334 652 4389 illa
665 4353 698 4390 ex
718 4337 777 4391 Deo
788 4338 909 4407 justitia,
951 4339 1081 4389 mortuis.
1097 4336 1217 4406 Propter
1225 4334 1287 4401 hoc,
1302 4333 1403 4405 inquit,
1418 4338 1447 4386 et
1464 4332 1672 4387 communicare
1684 4349 1750 4404 pas-

124 4432 232 4491 queper
241 4421 321 4475 illum
341 4420 427 4475 tidem
442 4438 503 4491 quae
518 4423 547 4477 in
567 4423 678 4478 Christo
698 4431 741 4479 est
754 4397 1076 4496 acquiriturDsiouibus
1090 4425 1151 4495 ejus
1165 4424 1258 4495 cupio,
1273 4421 1428 4477 consimilis
1441 4419 1531 4475 iactus
1544 4420 1627 4474 morti
1643 4421 1751 4490 ejusce

125 4503 255 4563 ididem.
272 4509 369 4577 (Aup.)
387 4510 446 4563 Hoc
468 4527 536 4581 crgo
559 4514 721 4568 ludaeorum
741 4515 847 4569 Paulus
866 4516 909 4570 di·
951 4514 1026 4584 quod
1040 4513 1076 4568 ad
1091 4513 1306 4568 similitudinem
1315 4512 1376 4582 ejus
1391 4508 1627 4578 contemplatione
1636 4508 1750 4579 pietatis

125 4600 192 4652 mi
209 4599 283 4670 quod
306 4598 414 4652 malum
439 4599 581 4655 habebant
613 4607 642 4656 et
673 4603 813 4675 imprimis
840 4605 910 4660 illud
950 4602 986 4657 ab
999 4602 1098 4657 alienis
1116 4602 1285 4656 admortem
1300 4597 1458 4670 pertrahor,
1473 4613 1522 4668 spe
1542 4596 1591 4650 illa
1612 4613 1668 4669 qua
1681 4612 1749 4652 con·

125 4684 186 4753 quod
197 4690 358 4755 ipuorcntes
368 4690 568 4757 deijustitiam
583 4697 608 4745 rt
621 4706 702 4746 saturn
716 4697 833 4747 eoterries
849 4711 910 4749 con·
950 4691 1006 4746 hdo
1021 4691 1161 4762 particeps
1181 4689 1241 4744 lieri
1265 4689 1327 4758 ejus
1346 4684 1635 4757 resurrectionisque
1661 4685 1748 4742 etiarn

123 4776 228 4844 diluere,
240 4779 364 4847 justitie
382 4778 431 4831 Dei
451 4794 508 4831 uon
531 4784 597 4833 sunt
617 4782 732 4849 subjecti
757 4782 842 4846 (doni.
860 4789 906 4851 x);
950 4780 1079 4835 multaet
1092 4778 1231 4833 immensa
1245 4777 1354 4847 repleta
1366 4778 1409 4828 est
1421 4773 1521 4845 gloria
1538 4775 1601 4829 Non
1615 4778 1747 4845 quiajam

123 4856 208 4920 flata
229 4865 307 4937 quod
335 4870 401 4937 post
427 4867 587 4936 passionem
614 4885 647 4923 ac
674 4870 908 4926 resurrectionem
948 4871 1108 4938 acceperim,
1125 4871 1248 4935 urttjum
1258 4866 1395 4935 porrectus
1409 4866 1464 4916 sim
1480 4871 1748 4934 :perrenoruutcm

123 4948 291 5010 ffiistidato
305 4962 393 5026 atque
406 4955 586 5010 manifestate
609 4964 785 5013 sacramento
808 4960 907 5030 gratiae
948 4962 974 5013 si
985 4963 1011 5013 et
1025 4957 1263 5027 comprobandum,
1281 4957 1313 5008 in
1327 4969 1380 5022 quo
1394 4958 1419 5007 ct
1433 4954 1641 5023 corriprebensus
1654 4969 1748 5008 sumu

121 5043 258 5099 mudum
275 5043 406 5099 ordinem
424 5045 636 5111 Melchisedech,
657 5047 750 5101 adhuc
771 5049 908 5120 putabant
949 5048 1055 5104 Christo
1068 5048 1141 5100 iesu.
1154 5045 1193 5098 Eo
1208 5041 1282 5114 quod
1292 5043 1327 5097 de
1342 5057 1455 5096 sursum
1470 5041 1512 5096 illi
1525 5041 1702 5113 apparuitet
1712 5040 1747 5095 da

121 5138 280 5187 nements
306 5137 405 5186 sectere
435 5149 492 5188 non
520 5150 553 5188 ex
580 5136 782 5191 cousuetudine
803 5139 906 5192 solem·
948 5136 1017 5190 coelo
1031 5134 1159 5190 Christus
1174 5148 1255 5187 suam
1271 5130 1311 5185 illi
1329 5130 1452 5185 ostendit
1468 5130 1599 5201 gloriam,
1613 5129 1667 5184 hoc
1679 5129 1748 5186 dicit

119 5214 209 5287 fiatis,
220 5221 271 5275 sed
285 5237 321 5275 en
333 5221 501 5277 necessitate
516 5223 616 5278 salutis
635 5240 696 5279 esse
714 5226 883 5282 celebranda
898 5248 903 5282 :
948 5225 978 5279 in
992 5224 1061 5279 illud
1078 5223 1152 5295 quod
1162 5221 1317 5294 perlectum
1337 5226 1382 5274 est
1396 5219 1516 5274 necdum
1530 5217 1693 5291 constituto,
1702 5235 1748 5274 ex-

118 5314 276 5377 piarum
293 5310 318 5364 ai
339 5325 486 5382 nunquam
505 5311 625 5367 luissent
641 5315 800 5369 necessaria
821 5315 907 5370 intru-
948 5321 1043 5386 specto
1057 5312 1134 5373 enim
1147 5311 1216 5367 illud
1231 5310 1331 5364 adhuc.
1350 5308 1452 5365 Omnia
1466 5312 1563 5362 autem
1578 5306 1649 5363 iacio
1660 5309 1748 5365 enite-

116 5400 299 5471 meatqne
312 5399 438 5454 inaniter
461 5417 513 5471 pro
537 5402 579 5456 eis
601 5402 752 5457 Machabaei
768 5411 906 5475 martyres
948 5420 1029 5459 scens
1053 5401 1164 5471 assequi
1187 5398 1432 5472 participationem
1458 5412 1570 5465 corum,
1591 5399 1622 5452 iu
1644 5397 1747 5469 quibus

116 5480 212 5543 haut
223 5487 374 5544 Postremo
397 5488 466 5543 illud
493 5492 567 5561 quod
589 5492 786 5561 predicatores
808 5493 906 5564 gratiae
947 5493 1007 5564 ipse
1018 5490 1104 5545 oculis
1118 5489 1188 5544 meis
1201 5488 1329 5562 perspexi
1339 5504 1399 5542 esse
1409 5487 1563 5554 Christum,
1573 5487 1687 5558 quando
1700 5503 1746 5541 rue

115 5570 279 5635 moa
293 5577 384 5633 Judei
395 5583 531 5650 tanquam
553 5580 648 5635 hostes
669 5581 739 5651 legis
758 5598 907 5653 perseque-
948 5585 1162 5651 persequentem
1176 5595 1228 5652 per
1235 5594 1316 5637 suum
1326 5576 1525 5633 revelationem
1534 5576 1706 5653 preveniens
1714 5575 1744 5628 in
