3772 6120
1542 258 1571 275 Μ

114 278 185 335 'litt
413 276 444 331 Β.
466 232 601 329 ΗΑΒᾸΝΙ
620 274 737 330 MAURI
756 273 924 330 ARCHIEP.
945 273 1108 329 MOGUNJ'.
1130 273 1279 331 OPERUM
1295 273 1389 330 PARS
1407 274 1458 331 111.
1677 272 1730 330 llil

118 419 188 473 quos
212 404 396 472 percusserat,
422 397 469 467 qui
491 402 636 461 venerunt,
655 397 756 466 inquit,
775 402 807 450 ut
819 395 1124 466 turbo,Aabjectisque
1141 396 1191 461 eis,
1208 413 1277 467 quos
1291 397 1404 452 coluere
1412 397 1477 463 diis,
1486 411 1586 451 nomm
1599 395 1694 450 Christi
1705 397 1729 451 fl·

117 497 149 544 ut
163 491 357 560 dispergerent
374 486 473 543 maid
491 491 543 552 est,
566 491 708 539 verterent
734 485 830 549 lsrael,
847 492 876 538 et
887 484 916 538 in
956 485 1020 538 dem
1034 485 1237 539 devotamenta
1253 486 1436 557 susciperent.

117 571 258 633 diversum
271 578 411 649 captivum
425 576 569 639 ducerent,
584 575 625 628 ita
639 581 670 628 ut
684 575 857 628 exsultarent
866 573 916 628 de·
995 594 1007 625 r
1022 574 1195 644 adaperient
1211 592 1261 629 ora
1279 592 1331 629 sua
1344 576 1418 629 sieut
1432 592 1542 647 pauper
1558 575 1644 628 edens
1659 573 1728 629 inoc-

117 672 247 722 rorantes
259 682 420 737 pauperem,
438 669 466 717 ct
485 663 642 734 subjectum
657 663 710 716 sibi
724 662 819 727 lsrael,
836 662 916 734 quasi
959 664 1072 717 «culto.
1096 682 1108 713 s
1129 664 1208 718 Sicut
1226 663 1301 717 enim
1322 681 1430 736 pauper
1454 663 1617 735 aliquandiu
1638 664 1729 734 jejunus

118 757 170 811 boc
187 756 215 810 iu
226 755 388 809 abscendito
403 754 535 818 facerent,
556 758 584 807 et
595 769 646 806 uos
660 752 822 821 ignorantes
835 752 917 805 devo-
957 768 1135 823 permanens,
1150 752 1173 807 si
1187 752 1258 807 forte
1278 752 1379 807 alicubi
1398 752 1475 808 cibos
1498 752 1643 815 invenerit,
1664 753 1730 809 bisse

118 853 223 899 nuent.
250 844 359 913 l'enisti
375 843 469 913 itaque
484 843 518 895 ad
532 841 659 911 pralium
673 857 724 911 pro
739 840 841 912 populo
854 845 913 907 tuo,
958 841 1105 895 confestim
1119 841 1265 896 inocculto
1279 843 1393 896 reficere
1414 843 1529 912 satagit,
1546 856 1638 913 neque
1661 843 1729 897 eosiu

118 944 148 989 et
162 933 312 1005 quadrigas
327 938 391 986 tuas
414 931 570 985 immittens
591 930 621 984 in
638 946 736 1000 aquas,
752 931 803 983 boc
818 934 869 991 est,
887 929 916 982 in
958 929 1099 1000 pubiicum
1114 931 1173 984 vult
1187 931 1320 1002 proferre,
1328 947 1364 984 ne
1374 931 1446 986 fortc
1455 931 1490 985 ab
1503 931 1560 985 alro
1575 930 1728 1001 diripiantur,

118 1029 217 1095 gentes
234 1022 346 1081 multas,
362 1021 451 1075 fecisti
479 1020 520 1074 eis
546 1019 619 1072 siam
643 1018 671 1072 in
695 1018 754 1072 luto
777 1033 916 1088 aquarum
959 1019 1055 1089 etipse
1068 1019 1142 1073 farne
1157 1026 1254 1090 pereat
1273 1037 1279 1072 :
1297 1020 1337 1073 sic
1349 1020 1494 1085 nimirum,
1511 1020 1552 1074 sic
1571 1019 1662 1091 populi
1679 1037 1729 1090 geu·

118 1113 280 1175 multarum,
306 1111 334 1164 id
358 1115 410 1171 est,
425 1114 458 1163 ut
483 1108 629 1163 conculces
651 1124 709 1168 eos,
734 1112 762 1161 et
786 1106 866 1178 quasi
876 1106 918 1161 lu·
958 1107 1039 1173 uum,
1055 1105 1149 1161 oblato
1163 1106 1216 1161 sibi
1238 1125 1289 1178 per
1307 1109 1449 1180 apostolos
1463 1124 1536 1180 pane
1551 1107 1637 1171 verbi,
1656 1124 1672 1161 a
1692 1124 1731 1178 quo

118 1207 179 1256 tum
205 1217 340 1270 equorum
366 1205 490 1262 tuorum,
505 1203 534 1251 et
557 1213 669 1250 currum
685 1197 791 1266 irrigula
807 1201 837 1249 et
855 1201 918 1250 rota
958 1195 1063 1250 diutius
1074 1196 1165 1266 jejuni
1177 1196 1356 1260 duraverant,
1373 1213 1436 1251 mox
1458 1202 1685 1268 aperueruntora
1701 1197 1730 1252 ui

120 1289 450 1353 conterastluodautem
465 1286 607 1356 sequitur:
626 1306 637 1336 ι
654 1285 754 1339 Audivi
769 1289 918 1339 etcontur-
958 1285 1058 1345 cordis,
1075 1285 1187 1338 etbunc
1209 1286 1286 1340 omni
1305 1285 1438 1341 aviditate
1456 1292 1574 1356 gustare
1599 1292 1728 1357 caeperunt

122 1380 202 1433 batus
217 1384 260 1431 est
276 1384 371 1431 venter
381 1392 459 1430 meus
469 1376 504 1428 ad
514 1390 621 1433 rocem.
636 1378 692 1427 sixt
707 1372 894 1428 subaudiatur
910 1392 915 1427 :
958 1374 1019 1438 Quo
1030 1379 1125 1428 autem
1140 1373 1236 1428 ordine
1248 1380 1399 1445 paupertas
1412 1375 1542 1445 gentium
1554 1374 1591 1428 ad
1604 1374 1730 1446 percipies

120 1473 348 1523 contremuerunt
369 1463 443 1519 labia
469 1480 541 1525 inea,
556 1463 732 1532 ingrediatur
755 1462 873 1534 putredo
888 1463 918 1518 in
958 1463 1009 1518 das
1022 1461 1206 1533 verbiepulas
1219 1464 1378 1534 peruenerit
1391 1463 1562 1526 insinuatur,
1586 1480 1647 1518 curn
1665 1464 1730 1534 proti·

120 1557 229 1612 ossibus
244 1555 313 1609 ineis
326 1561 353 1608 et
368 1553 465 1607 subter
480 1569 525 1606 inc
548 1557 683 1618 scateant,
700 1558 731 1605 ul
746 1552 918 1622 requiescam
959 1569 1012 1607 nus
1024 1552 1206 1606 subinfertur.

121 1644 148 1698 in
164 1645 209 1697 die
227 1642 426 1708 trilmlulionis,
442 1647 475 1695 ut
496 1640 647 1694 ascendam
667 1640 702 1694 ad
722 1641 855 1711 populum
871 1656 917 1695 ac-
996 1641 1121 1695 «Misisti
1133 1641 1161 1695 iu
1170 1657 1247 1694 mare
1260 1657 1347 1711 equos
1355 1641 1503 1695 turbantes
1515 1657 1605 1712 aquas
1618 1641 1729 1696 multas.»

120 1733 242 1787 cinctum
266 1736 403 1785 nostrum.
430 1730 481 1784 Hic
508 1745 607 1783 sensus
628 1735 692 1782 est:
711 1745 785 1782 nunc
799 1713 1035 1784 libenterBMare
1050 1729 1152 1801 quippe
1166 1729 1313 1794 mundum,
1329 1745 1416 1800 equos
1426 1730 1476 1783 Dei
1489 1730 1731 1800 praedicatos-essan-

121 1838 218 1875 omnes
247 1820 371 1891 patimur
398 1817 543 1889 angustias
562 1823 591 1871 et
614 1817 649 1871 ad
671 1817 918 1872 comminationem
959 1824 1027 1883 ctos
1044 1835 1131 1888 aquas
1156 1819 1270 1881 multas,
1294 1819 1411 1889 populos
1435 1819 1586 1872 nationum
1605 1818 1730 1883 dicit3iu·

122 1918 200 1965 tuam
211 1910 278 1963 totis
293 1907 443 1963 visceribus
454 1906 705 1972 contremiscimus,
713 1911 919 1961 nunctremunt
960 1907 1107 1977 missisque
1127 1908 1207 1977 equis
1227 1907 1277 1961 Dei
1296 1907 1326 1960 ia
1350 1923 1438 1968 rixare,
1455 1906 1580 1962 turbate
1600 1913 1663 1962 sunt
1676 1923 1730 1978 aque

121 1999 194 2052 labia
211 2015 282 2062 mea,
295 2014 323 2052 ot
336 2014 423 2068 paror
437 1997 540 2051 inentis
551 1995 667 2067 trepidae
681 1995 711 2049 in
723 1996 916 2067 oresignatur,
960 1996 1064 2058 multae,
1081 1997 1148 2067 quia
1161 1995 1294 2067 dispersis
1306 1995 1334 2049 in
1347 1997 1484 2050 mundum
1500 1996 1671 2066 praeconibus
1678 1993 1729 2049 rabi

121 2095 150 2142 et
164 2105 220 2141 uon
236 2088 327 2141 solum
345 2086 430 2150 istud,
449 2085 498 2139 sed
521 2085 606 2139 etiam
622 2084 698 2138 aliud
712 2084 787 2138 ultro
805 2091 916 2156 appeto,
961 2084 1074 2138 turbata
1084 2091 1152 2139 sunt
1162 2085 1290 2154 gentium
1305 2084 1399 2145 corda,
1419 2085 1475 2139 alia
1495 2085 1531 2138 ad
1547 2084 1730 2139 credendumne

122 2178 196 2231 ultro
215 2175 359 2241 ‹lesider03
376 2174 551 2244 ingrediatur
565 2173 683 2244 putredo
695 2173 722 2226 in
733 2173 919 2228 ossibusmexs
960 2173 1167 2244 suscipiendum
1184 2174 1398 2227 Sacramentum
1411 2174 1487 2241 fidei,
1502 2174 1632 2228 aliarero
1644 2173 1676 2227 ad
1686 2189 1730 2229 eoa

123 2272 241 2336 etsuper
254 2282 299 2318 nris
314 2269 427 2325 scateat,
450 2263 502 2316 boc
517 2267 567 2328 est,
595 2261 714 2316 libenter
728 2262 828 2333 patior:
844 2262 918 2334 quod
959 2262 1217 2317 tradicendumsive
1227 2263 1311 2316 etiam
1322 2263 1531 2333 persequendos
1539 2263 1733 2334 proeconesejus·

122 2368 222 2425 passus
236 2359 279 2408 est
304 2352 365 2415 lob,
383 2369 438 2406 non
457 2352 549 2405 solum
570 2367 668 2405 carnes
683 2367 770 2417 meas,
795 2351 844 2405 sad
859 2368 918 2406 me·
960 2352 1024 2406 dem
1038 2351 1113 2405 fidei.
1130 2352 1206 2405 Bene
1221 2357 1317 2405 autem
1330 2351 1365 2405 de
1379 2351 1423 2404 his
1433 2351 1524 2421 equis,
1541 2351 1643 2406 sanetis
1655 2349 1732 2404 rideli-

122 2443 213 2496 dullas
240 2458 351 2512 quoque
371 2432 476 2495 ossium
493 2439 575 2510 cupio
593 2439 730 2504 tabefieri,
748 2445 777 2493 et
798 2445 919 2494 stratum
959 2445 1004 2494 cet
1016 2438 1243 2512 predicatoribus
1257 2440 1490 2510 etsupradicilur
1501 2459 1506 2493 :
1517 2440 1648 2510 quoniam
1655 2454 1738 2493 mesa-

122 2548 215 2585 menm
229 2530 377 2601 putredine
390 2528 514 2599 corporis
533 2533 562 2582 et
573 2528 728 2582 innumeris
741 2533 849 2583 scatere
860 2545 919 2583 ver·
960 2529 1029 2583 dens
1043 2529 1176 2583 ascendes
1191 2545 1276 2599 super
1290 2545 1376 2599 equos
1385 2534 1459 2593 tuoe,
1475 2534 1504 2583 et
1516 2545 1592 2583 nuuc
1606 2529 1639 2582 de
1648 2527 1742 2583 eisdem

124 2620 270 2673 tribuant
284 2624 433 2689 postquam
457 2618 501 2671 lric
516 2634 565 2688 pro
583 2618 703 2688 peccatis
716 2617 787 2672 meis
804 2617 862 2671 baec
875 2634 921 2672 su·
961 2617 1142 2679 subinfertur,
1155 2617 1256 2671 misisti
1271 2617 1300 2671 iu
1311 2634 1389 2672 marc
1402 2634 1489 2687 equos
1504 2623 1579 2681 tuoe,
1595 2623 1626 2672 ut
1634 2634 1664 2672 ex
1671 2621 1746 2671 utm-

124 2709 259 2769 stinuero,
276 2707 448 2777 requiescam
464 2706 494 2759 in
514 2706 560 2759 die
574 2723 681 2766 amara,
695 2707 724 2760 in
746 2706 792 2760 die
805 2706 921 2761 tribula·
962 2723 1016 2778 que
1028 2707 1169 2761 sententia
1181 2707 1340 2777 colligatur,
1351 2707 1424 2777 quod
1437 2707 1477 2760 ita
1487 2707 1624 2761 Dominus
1631 2707 1657 2760 in
1666 2720 1748 2759 mun·

123 2796 218 2860 tionis,
236 2795 264 2848 in
280 2795 324 2848 die
340 2795 513 2849 necessitatis
528 2800 557 2848 et
571 2796 708 2864 angustiae
718 2802 760 2849 :et
770 2795 918 2849 ascendam
960 2795 1027 2849 dum
1043 2795 1238 2866 predicatores
1249 2795 1405 2859 miserit,ut
1420 2795 1527 2849 eisdem
1542 2792 1750 2866 predicantibus

125 2885 161 2938 ad
176 2885 308 2956 populum
333 2883 488 2938 accinctum
515 2889 653 2949 nostrum,
671 2884 772 2938 fortem
792 2884 921 2937 videlicet
961 2883 1022 2955 ipse
1035 2900 1180 2954 nunquam
1191 2883 1274 2950 absit,
1291 2883 1341 2938 sed
1354 2883 1426 2938 sicut
1437 2884 1519 2954 cquis
1529 2885 1636 2954 auriga,
1651 2883 1685 2936 ita
1695 2895 1749 2933 re-

124 2973 289 3026 bellatorem
303 2976 388 3041 atque
400 2988 565 3042 pugnacem.
578 2978 609 3039 et
630 2972 745 3042 pulchre
760 2972 919 3035 ascendam,
960 2972 1059 3042 gaudis
1069 2989 1180 3043 semper
1193 2988 1290 3027 eorum
1302 2971 1443 3027 mentibus
1456 2973 1562 3044 praesit.

125 3062 158 3115 ad
181 3060 336 3114 accinctum
355 3059 430 3114 enim
453 3061 588 3131 populum
615 3076 727 3130 semper
748 3060 917 3124 ascenditur,
999 3061 1181 3115 «custodivit
1195 3068 1224 3115 ct
1244 3062 1355 3132 expavit
1372 3068 1470 3115 venter
1488 3078 1569 3116 meus
1588 3071 1749 3115 arooeoret¹

124 3152 322 3220 eleganterque
341 3154 478 3214 nostrum,
497 3149 544 3220 qui
565 3147 641 3202 enim
659 3147 811 3202 tribulatus
835 3153 878 3202 est
892 3154 921 3203 et
963 3149 1077 3204 «bonis
1104 3148 1244 3204 labiorum
1265 3167 1372 3204 eorum.
1392 3151 1559 3205 »Ventrem
1579 3165 1657 3204 suum
1672 3156 1746 3202 noro

123 3255 269 3308 pressuras
294 3236 414 3290 libenter
433 3237 567 3291 sustinuit
589 3244 618 3291 et
640 3236 825 3308 presentibus
840 3237 920 3291 malis
960 3239 1104 3310 prophetis
1115 3245 1248 3294 consueto
1259 3240 1385 3293 animum
1400 3256 1483 3294 suum
1498 3239 1579 3303 dicit3
1601 3240 1662 3310 quia
1677 3236 1743 3291 scot

123 3328 218 3381 futura
233 3326 349 3398 premnt
371 3326 569 3396 compensarit,¹
587 3332 716 3381 nostrum
732 3327 866 3380 audacter
878 3326 921 3380 lo·
960 3334 1057 3382 ventre
1073 3328 1246 3399 recipiuntur
1260 3327 1323 3393 cibi,
1340 3328 1441 3400 quibus
1459 3329 1549 3383 virtus
1569 3346 1602 3383 ac
1616 3328 1668 3382 vita
1685 3337 1742 3380 car·

124 3416 230 3487 quitur,
243 3422 275 3469 nt
285 3416 366 3485 juxta
374 3415 525 3480 Abrabam,
540 3422 568 3468 ot
578 3416 665 3481 Isaac,
682 3414 813 3478 etlacob,
822 3421 852 3469 et
861 3415 920 3486 ipse
962 3417 1037 3488 poris
1055 3417 1199 3472 reficiatur
1215 3435 1220 3469 :
1234 3417 1276 3471 its
1296 3417 1480 3488 cogitationes
1495 3418 1548 3489 piae
1572 3423 1664 3471 sancto
1683 3407 1742 3468 reri·

123 3505 246 3559 dormiat
261 3505 290 3557 in
304 3509 448 3558 senectute
463 3503 536 3558 bona
554 3504 653 3575 plenus
667 3504 776 3559 dierum
796 3510 825 3558 et
838 3521 922 3576 appo-
962 3506 1078 3577 piuntur
1095 3506 1124 3559 in
1144 3505 1248 3569 animo,
1262 3505 1363 3577 quibus
1383 3506 1527 3560 interioris
1545 3506 1663 3561 hominis
1681 3503 1738 3561 rite.

125 3600 211 3648 natur
221 3594 257 3648 ad
267 3599 361 3664 patres
375 3592 636 3647 ειιοε.Α1ἰειεάἰῑὶοε
963 3611 998 3649 ne
1011 3595 1130 3649 desscere
1144 3594 1254 3659 debeat,
1270 3600 1444 3649 sustentetur
1459 3602 1487 3649 et
1496 3596 1677 3650 contineatur.
1691 3593 1738 3647 Gn·

161 3703 172 3733 ι
189 3682 342 3738 Praecidisti
358 3682 386 3735 in
401 3682 570 3736 alienatione
581 3687 673 3753 capita
682 3682 848 3753 potentium,
860 3699 922 3737 mo·
963 3683 1072 3749 stedivi,
1088 3683 1189 3754 inquit,
1202 3684 1342 3754 meipsum
1356 3689 1495 3738 tremente
1511 3680 1740 3739 animosolertiua

126 3792 137 3823 r
155 3771 295 3826 rebuntur
305 3772 335 3826 in
348 3789 383 3825 ea
393 3776 502 3841 gentes.
520 3790 533 3823 o
544 3771 598 3825 Pro
609 3771 778 3825 alienatione
785 3771 814 3825 in
825 3772 921 3826 Gracco
963 3789 998 3826 ne
1012 3771 1175 3826 fertecordc
1190 3788 1344 3843 peccarem,
1357 3789 1424 3826 neve
1442 3772 1505 3827 aliis
1518 3772 1679 3843 praedicans,
1692 3769 1742 3841 ipso

125 3860 315 3931 scriptumest
336 3878 348 3911 s
365 3861 395 3914 in
406 3859 519 3925 exstasi,
542 3878 555 3907 e
570 3860 643 3930 quod
659 3859 773 3931 quidam
791 3878 804 3911 s
820 3860 849 3913 in
864 3865 923 3915 stu·
963 3860 1098 3932 reprobus
1112 3861 1245 3915 efficerer.
1263 3861 1298 3915 Et
1312 3861 1467 3915 notandum
1482 3862 1556 3932 quod
1574 3861 1745 3932 expavisses

123 3966 199 4021 pore,
221 3949 296 4003 salii
313 3967 326 4001 ‹
342 3949 372 4002 in
387 3965 500 4003 excessu
516 3948 641 4002 mentis»
658 3948 920 4020 interpretatisunt:
963 3950 1031 4005 dicit
1050 3966 1067 4004 a
1091 3967 1156 4003 soce
1178 3949 1313 4004 orationis
1334 3949 1473 4004 labiorum
1496 3965 1693 4016 suomm,eu1u
1710 3937 1750 4001 nil

125 4037 182 4090 sive
204 4042 300 4091 autem
327 4042 433 4108 stupor,
464 4037 521 4090 sire
548 4036 689 4100 alienatio,
724 4053 774 4092 seu
793 4054 920 4092 excessus
962 4055 1077 4111 prorsus
1091 4055 1185 4094 orasse
1200 4038 1228 4093 in
1249 4043 1309 4092 toto
1333 4038 1386 4092 hoc
1407 4038 1532 4093 carmine
1552 4039 1690 4104 rideatur,
1704 4025 1753 4091 sed

124 4125 227 4179 mentis
237 4125 357 4191 dicatur,
374 4142 462 4179 unum
474 4125 605 4195 idemque
613 4125 762 4196 significat,
780 4143 844 4181 cum
857 4127 920 4198 quis
961 4128 1156 4182 tantummodo
1169 4128 1273 4182 timens
1288 4144 1320 4181 ac
1344 4144 1455 4199 pavens,
1472 4133 1592 4182 ventura
1607 4127 1705 4182 Christi
1722 4120 1763 4177 οἱ

122 4214 270 4286 repentino
280 4213 415 4268 miraculo
429 4212 559 4268 turbatus
570 4230 603 4267 ac
618 4214 791 4285 stupefactus
805 4233 822 4270 a
836 4231 920 4270 sensu
962 4217 1088 4272 Ecclesia
1102 4222 1277 4271 sacramenta
1291 4215 1458 4270 describere.
1466 4217 1524 4271 Nec
1532 4221 1628 4271 tamen
1642 4216 1763 4270 fallitur«

124 4319 183 4358 suec
196 4303 299 4357 mentis
310 4301 437 4357 redditur
450 4303 567 4365 alienus,
585 4303 658 4374 quod
670 4304 803 4359 accidisse
817 4305 952 4402 ludaeisD
962 4307 1009 4377 qui
1023 4323 1136 4361 carmen
1150 4322 1233 4360 suum
1245 4305 1400 4359 orationem
1408 4311 1561 4376 nuncupat,
1571 4305 1619 4377 qui
1627 4312 1655 4360 et
1666 4305 1763 4359 eldea

124 4390 222 4446 crebra
236 4391 376 4462 Evangelii
389 4391 482 4462 prodit
492 4392 609 4446 historia
624 4392 718 4447 dicens
741 4411 747 4445 :
769 4393 849 4457 Quod
864 4399 921 4448 stu·
961 4395 1048 4449 talem
1066 4395 1180 4449 titulum
1195 4394 1350 4466 proposuit.
1360 4393 1457 4449 Oratio
1471 4393 1605 4449 Habacuc
1619 4395 1763 4466 propheti¹

123 4487 223 4551 perant
232 4487 261 4535 et
275 4481 447 4535 mirarentur
460 4480 489 4534 in
503 4481 632 4534 doctrina
642 4497 675 4534 ac
690 4481 840 4536 virtutibus
855 4484 921 4537 Jesu
962 4500 1013 4556 pro
1026 4483 1259 4554 ignorationibus
1280 4484 1347 4554 quia
1365 4483 1502 4555 quidquid
1529 4484 1574 4538 tir
1590 4491 1701 4539 sanctus
1717 4483 1763 4537 lo

124 4569 268 4623 diceutes:
286 4587 299 4622 c
316 4569 395 4624 Unde
410 4568 475 4623 huic
498 4569 556 4624 haec
573 4569 677 4633 omnia,
693 4572 774 4641 cujus
794 4571 921 4626 novimus
962 4573 1068 4644 quitur,
1089 4577 1180 4627 totum
1201 4573 1323 4643 profecto
1344 4572 1396 4626 boc
1417 4571 1509 4626 oratio
1523 4572 1560 4626 ad
1587 4573 1677 4628 Deum
1691 4578 1731 4627 est

125 4663 234 4728 patrem
249 4664 278 4712 ct
292 4664 411 4712 matrem
426 4659 516 4725 (loun.
529 4662 565 4727 vr)
580 4659 612 4711 l»
638 4661 673 4713 Et
682 4659 711 4714 in
726 4657 842 4714 Actibus
856 4676 921 4732 apo·
962 4662 1125 4733 omnequod
1136 4661 1228 4732 agitis,
1239 4662 1320 4731 cujus
1332 4661 1442 4716 sincera
1455 4661 1575 4715 intentio
1588 4669 1632 4717 cst
1641 4661 1763 4716 Domiti*

126 4745 262 4800 stolorum
282 4752 379 4800 curato
394 4763 445 4817 per
454 4747 569 4801 Petrum
580 4754 610 4802 et
621 4749 758 4802 loannem
772 4748 871 4802 claudo
885 4749 922 4803 ad
962 4750 1099 4822 placendi,
1115 4751 1168 4804 boc
1181 4766 1231 4820 pre
1245 4750 1306 4820 ipso
1318 4750 1392 4821 apud
1413 4750 1566 4804 Dominum
1587 4751 1763 4822 interpellat:

125 4834 228 4888 ostium
241 4835 359 4905 templi:
382 4835 522 4906 ‹Impleti
546 4841 621 4901 sunt,
638 4836 739 4908 inquit,
756 4843 870 4908 stupore
894 4843 923 4892 et
963 4845 992 4893 et
1005 4839 1096 4910 ipsum
1112 4839 1229 4893 Domino
1240 4839 1428 4893 commendat.

125 4924 226 4978 exstasi
243 4926 309 4993 (Act.
335 4929 411 4991 ηιμ
431 4924 461 4978 in
476 4941 532 4995 qua
553 4924 682 4979 videlicet
696 4927 811 4991 exstasi,
828 4927 856 4980 id
867 4933 919 4993 est,
999 4947 1014 4979 a
1028 4928 1062 4982 Et
1071 4927 1196 4982 introivit
1210 4933 1316 4982 tremor
1328 4928 1357 4981 in
1372 4943 1435 4982 ossa
1446 4944 1520 4982 mea.
1539 4944 1554 4980 r
1573 4928 1654 4984 Sicut
1668 4927 1763 4984 earnis

123 5012 309 5067 admiratione
318 5012 376 5066 sire
390 5013 559 5067 alienatione
571 5014 673 5067 mentis
683 5015 765 5070 multi
778 5016 920 5087 depopulo
963 5017 1075 5073 nomine
1094 5015 1242 5087 aliquoties
1251 5016 1396 5087 Scriptura
1409 5016 1536 5071 camales
1550 5024 1665 5073 nostras
1674 5017 1763 5073 actio*

124 5103 264 5174 provocati
280 5108 347 5156 sunt
364 5102 400 5156 ad
417 5103 586 5157 credendum
613 5104 743 5168 Domino,
760 5105 810 5159 sed
829 5104 923 5177 capita
962 5123 1022 5173 nes,
1036 5107 1076 5161 ita
1087 5106 1192 5161 ossium
1210 5105 1344 5160 vocabulo
1360 5105 1445 5161 fortia
1462 5105 1534 5160 solet
1554 5124 1589 5161 ac
1603 5105 1763 5179 spirituali·

125 5192 291 5262 potentium,
310 5191 339 5245 id
357 5196 409 5252 est,
426 5191 566 5263 principes
585 5192 764 5247 sacerdotum
784 5198 813 5247 et
827 5192 921 5248 senio·
961 5195 1035 5249 facta
1055 5195 1211 5265 designare.
1234 5194 1350 5265 Expavit
1367 5211 1443 5265 ergo,
1468 5195 1572 5267 inquit,
1596 5214 1647 5250 cor
1667 5207 1763 5251 meum

37 5284 39 5289 '
125 5295 170 5333 res
183 5281 290 5350 precisi
305 5286 372 5335 sunt
397 5297 453 5336 non
479 5281 619 5336 credendo
641 5299 659 5336 a
672 5287 747 5337 sorte
770 5283 918 5349 fidelium3
962 5283 997 5338 ab
1008 5284 1050 5338 bis
1061 5300 1122 5355 quae
1135 5289 1253 5338 ventura
1267 5283 1297 5338 iu
1317 5284 1454 5339 mundum
1471 5284 1623 5356 prandeo,
1639 5292 1670 5340 et
1684 5283 1763 5358 quid-

125 5374 207 5422 motee
221 5377 288 5424 sunt
302 5386 413 5441 quoque
424 5370 454 5424 in
469 5386 503 5424 ca
514 5377 623 5441 gentes.
644 5372 713 5426 dum
733 5372 846 5438 auditis
864 5371 921 5426 sire
962 5373 1029 5445 quid
1041 5372 1109 5426 mihi
1122 5372 1235 5427 virtutis
1249 5372 1403 5444 spiritualis
1415 5389 1476 5427 esse
1485 5373 1594 5443 putavi,
1606 5380 1699 5429 textum
1709 5374 1759 5429 boe

125 5455 191 5509 visis
200 5457 310 5511 Domini
330 5464 359 5512 et
382 5459 571 5529 apostolorum
595 5461 657 5530 cjus
672 5459 835 5525 virtutibus,
852 5460 921 5516 adeo
963 5461 1043 5532 quasi
1056 5460 1155 5533 fragile
1164 5461 1343 5526 contremuit,
1354 5461 1421 5515 dum
1435 5461 1560 5532 maiores
1575 5462 1760 5525 cbristibaa·

125 5543 287 5613 stupefacta
313 5552 342 5600 et
363 5547 507 5601 admirata
536 5553 611 5615 sunt,
624 5554 656 5602 ut
680 5549 922 5605 anathematizatis
962 5557 1056 5605 torum
1070 5551 1260 5621 apostolorum
1273 5555 1301 5603 et
1313 5550 1431 5604 virtutes
1443 5555 1473 5604 et
1486 5550 1634 5620 passiones
1648 5551 1758 5623 aspide,
