3772 6120
121 279 189 337 llut
415 277 447 332 Β.
468 276 604 333 RABANI
623 278 740 334 naum
758 275 926 332 moritur.
947 274 1109 330 MOGUNT.
1130 273 1279 329 OPERUM
1296 272 1390 328 PARS
1409 272 1461 329 111.
1691 270 1749 330 lttt

117 402 308 457 abstinendos.
326 401 365 454 De
380 400 545 472 parentibus
558 406 654 455 autem
679 408 729 456 aul
750 400 946 471 propinquisA
956 415 985 452 se.
1000 400 1087 453 sacris
1102 397 1256 468 virginibus
1270 400 1388 465 sociant,
1396 405 1425 452 et
1442 399 1550 452 findere
1563 398 1671 451 incesta
1684 415 1749 453 com·

118 508 215 546 eorum
231 490 301 545 nihil
311 490 368 544 tale
383 490 468 544 statui
474 495 574 561 potest,
593 490 646 544 nisi
662 490 819 544 incentores
829 488 918 542 illiciti
959 488 1084 554 mittunt,
1101 488 1176 559 quod
1191 489 1398 542 communicare
1414 486 1606 558 nonpossint,
1623 487 1678 541 nisi
1691 486 1752 542 ferte

118 579 252 635 consortii
269 578 355 632 fuisse
370 578 548 649 detegantur.
772 630 776 637 ,
959 576 1099 650 publicam
1111 577 1305 647 poeniteutiam
1314 578 1464 649 gesserint,
1477 577 1589 630 dictum
1600 581 1659 630 est:
1674 576 1753 647 b'irgi·

154 669 187 722 ln
203 666 319 721 concilio
332 683 443 738 quoque
457 667 674 734 llehberritano,
686 684 746 739 cap.
759 664 786 732 b,
798 666 832 721 de
842 664 920 719 semi·
960 665 1042 721 nibus
1052 666 1139 721 sacris
1148 672 1253 721 temere
1263 684 1293 721 se
1304 667 1442 737 quosdam
1451 665 1561 722 sociare
1572 665 1752 736 eognovimus,

118 756 162 811 nis
177 773 237 828 quae
252 756 394 810 adulteros
406 757 522 811 inaritos
541 756 727 827 reliquerunt,
751 761 780 809 et
793 754 856 808 aliis
869 771 920 808 nu·
960 763 989 811 et
997 755 1189 828 postdicatum
1197 756 1256 811 Deo
1267 756 1455 828 propositum,
1471 755 1581 810 incesta
1597 754 1700 809 foedera
1714 771 1753 809 sa·

119 845 198 911 bunt,
216 845 350 916 scriptum
369 851 428 899 est:
446 845 562 899 Femina
579 844 670 898 tidelis
684 862 745 915 quie
760 843 918 897 adulterum
960 845 1119 916 crilcgaque
1126 845 1244 899 miscere
1254 864 1259 898 ε
1271 862 1341 916 quas
1350 845 1481 916 protinus
1497 861 1612 915 aequum
1627 849 1671 898 est
1687 862 1704 897 a
1715 860 1755 899 sa·

119 934 253 989 maritum
271 934 416 1005 reliquerit
435 933 556 1000 lidelem,
573 940 603 987 et
617 933 738 987 alterum
752 932 837 998 ducit,
855 947 920 1002 pro·
960 952 1009 990 cra
1021 935 1219 990 communione
1228 935 1359 989 detrudi:
1377 941 1407 989 et
1417 934 1472 988 nisi
1488 950 1541 1004 per
1553 931 1756 1004 publicampro

119 1023 250 1078 hibentur
263 1040 298 1078 ne
312 1024 406 1078 ducat.
422 1024 451 1078 Si
476 1021 596 1088 duxerit,
620 1038 676 1076 non
700 1021 778 1093 prius
803 1019 921 1090 accipiat
961 1023 1111 1095 batamque
1125 1023 1320 1095 poenitentinm
1334 1023 1450 1077 omnino
1461 1039 1520 1076 non
1534 1021 1643 1093 recipi:
1660 1028 1706 1076 aut
1718 1021 1756 1077 his

120 1113 354 1177 communionem,
364 1112 418 1166 nisi
427 1128 511 1182 quem
521 1110 639 1181 reliquit
647 1111 681 1165 de
692 1111 793 1164 saeculo
809 1108 917 1163 exierit:
961 1118 1035 1167 certe
1052 1113 1184 1167 viaticum
1200 1112 1235 1166 de
1248 1112 1349 1166 saeculo
1374 1111 1602 1178 transeuntibus,
1625 1111 1650 1164 si
1672 1118 1757 1165 tamea

120 1202 173 1256 nisi
188 1202 259 1256 forte
273 1201 425 1255 necessitas
438 1200 612 1257 infirmitatis
627 1200 694 1253 dare
708 1198 884 1271 compulerit.
962 1201 1154 1274 paenituerint,
1169 1218 1225 1255 uon
1240 1206 1368 1272 negetur.

998 1291 1070 1344 ltem
1083 1291 1111 1345 in
1126 1291 1245 1345 decretis
1256 1291 1413 1345 Innocentii
1424 1307 1516 1362 papea,
1532 1305 1598 1360 cap.
1615 1285 1661 1354 ἳθ,
1674 1287 1757 1342 desir-

962 1379 1075 1451 ginibus
1089 1396 1145 1434 non
1163 1379 1262 1435 velatis
1281 1380 1304 1434 si
1331 1378 1516 1442 deviaverint,
1542 1377 1681 1448 scriptum
1701 1382 1755 1432 eet:

156 1437 227 1490 ltem
241 1434 269 1488 in
285 1432 690 1505 conciliolleliberritano,cap.
709 1431 752 1497 30,
763 1431 922 1486 dcmoechis
963 1469 1011 1523 Hae
1026 1485 1091 1523 vem
1106 1486 1167 1540 quae
1182 1469 1298 1523 necdum
1316 1485 1396 1522 sacro
1412 1468 1555 1521 velamine
1571 1472 1758 1533 mmmm

120 1525 325 1595 scriptumest:
337 1521 527 1577 Subdiaconos
537 1538 584 1575 cos
596 1520 720 1574 ordinari
733 1537 788 1574 non
809 1519 920 1585 debere,
962 1556 992 1610 in
1001 1556 1396 1629 propositovirginafisemper
1406 1573 1436 1609 se
1446 1556 1758 1625 &mmmmm-

122 1613 213 1684 quiin
230 1612 418 1665 adolescentia
430 1628 481 1665 sua
496 1611 601 1665 luerint
619 1609 769 1663 moechati:
787 1625 819 1662 eo
848 1609 922 1680 quod

302 1700 307 1710 ,
495 1699 500 1709 ,
962 1662 1039 1712 nere,
1057 1645 1123 1700 licet
1137 1645 1235 1700 velatae
1261 1661 1316 1699 non
1332 1644 1446 1708 suerint,
1462 1645 1486 1697 si
1511 1644 1587 1698 sorte
1611 1642 1757 1713 nupserint,

122 1719 173 1774 per
184 1700 392 1772 subreptionem
406 1699 440 1752 ad
451 1701 581 1753 altiorem
595 1695 922 1768 gradumpromoveban-
931 1718 955 1778 B
964 1735 1008 1789 his
1023 1735 1132 1805 agenda
1147 1735 1289 1806 aliquam„
1303 1740 1430 1805 tempore
1441 1733 1615 1804 poenitentia
1628 1738 1686 1786 est:
1701 1731 1758 1802 quia

121 1796 183 1845 tur:
201 1791 224 1843 si
240 1789 364 1861 quisunt
375 1789 404 1841 in
416 1794 543 1858 tempore
558 1786 699 1858 praeterito
710 1785 925 1852 ordinatiorem
965 1824 1077 1896 sponsio
1092 1841 1189 1878 earum
1201 1841 1219 1877 a
1229 1823 1348 1878 Domino
1361 1822 1523 1876 tenebatur.
1550 1822 1582 1876 Si
1602 1821 1678 1875 enim
1695 1821 1759 1874 im

121 1886 249 1933 leantur·
965 1913 1093 1967 homines
1107 1913 1178 1967 solet
1191 1912 1270 1967 bonae
1284 1912 1349 1966 lidei
1375 1918 1540 1965 contractus
1562 1911 1642 1965 nulla
1662 1910 1759 1963 ratione

158 1968 229 2021 item
241 1966 271 2019 in
283 1965 382 2020 eodem
398 1964 525 2032 concilio,
537 1963 924 2036 cap.3l,dcadolescentibus
965 2001 1087 2067 dissolvi,
1105 2007 1210 2072 quanto
1224 2001 1313 2070 magis
1328 2002 1384 2054 ism
1405 2000 1587 2071 pollicitatio,
1603 2015 1686 2070 qum
1704 2015 1758 2052 cum

123 2055 171 2126 qui
185 2062 249 2127 post
262 2056 402 2125 lavacrum
418 2055 603 2119 mechantur,
621 2054 756 2125 scriptum
778 2060 833 2107 est:
852 2055 925 2109 Ado-
966 2091 1024 2144 Deo
1038 2090 1153 2162 pepigit,
1170 2090 1308 2160 quomodo
1323 2089 1390 2143 solvi
1414 2089 1477 2143 sine
1498 2088 1625 2142 vindicta
1647 2086 1759 2158 poterit,

122 2143 259 2197 lescentcs
272 2143 391 2215 quipost
405 2142 597 2196 fidemlaracri
608 2142 849 2197 salutaris-luerint
858 2159 925 2196 mm·
966 2180 1038 2234 Nam
1052 2180 1076 2233 Si
1091 2179 1234 2250 apostolus
1248 2179 1360 2242 Paulus,
1376 2179 1440 2231 inas
1454 2194 1516 2248 qum
1532 2195 1552 2231 a
1566 2177 1707 2248 proposito
1723 2175 1759 2230 fi·

123 2232 208 2333 Μ’
224 2248 288 2333 (ΜΨ
298 2232 431 2286 duxerint
443 2248 553 2332 umfes'
570 2238 633 2285 acm
648 2231 774 2331 legiam,
788 2232 926 2303 poeniten'
966 2268 1082 2323 duitatis
1097 2268 1294 2333 discesserunt,
1307 2268 1416 2321 dixerat
1424 2267 1531 2320 habere
1546 2267 1758 2331 damnationem,

55 2393 58 2397 Ι
123 2328 172 2387 tra,
191 2322 296 2393 placuit
309 2322 345 2375 nd
359 2337 585 2375 connnumoncm
602 2336 649 2374 cos
664 2320 786 2374 admitti.
966 2357 1033 2428 quia
1047 2357 1168 2429 primam
1195 2357 1280 2411 fidem
1302 2357 1413 2411 irritam
1438 2356 1571 2411 fecerum
1594 2357 1620 2422 (Ι
1639 2357 1706 2409 Tm
1726 2353 1758 2423 v),

159 2411 230 2464 Item
246 2410 275 2464 in
290 2410 520 2510 eodemconcilio,
533 2427 593 2511 cap:
607 2408 651 2477 la,
669 2411 703 2463 de
713 2411 801 2511 ecqui
809 2425 924 2509 uxorem
966 2452 1071 2517 quanm
1086 2447 1178 2518 potius
1191 2446 1321 2516 virgines,
1336 2462 1399 2516 ΨΜ,
1409 2444 1512 2516 prioris
1526 2443 1718 2516 promissionis
1731 2442 1758 2496 fl·

124 2498 231 2552 habens
244 2515 346 2570 saepius
365 2499 530 2565 mechatur,
541 2504 676 2570 scriptum
687 2506 746 2553 cst:
765 2500 795 2552 Sr
815 2514 877 2569 qurs
891 2499 924 2550 ll·
966 2534 1030 2588 dem
1045 2534 1175 2605 mulgere
1185 2540 1252 2588 sunt
1265 2534 1389 2587 conam!

124 2588 195 2641 delis
210 2587 316 2641 habens
333 2604 458 2653 uxorem,
475 2606 530 2642 non
548 2589 645 2655 semel,
669 2589 717 2642 sed
744 2606 817 2659 supe
841 2587 927 2641 fuerit

127 2677 404 2738 mffl0q32u3,jnfine
426 2677 524 2730 mostis
541 2683 585 2730 est
603 2677 819 2731 conveniendus,
846 2675 925 2740 QU0d
967 2660 1032 2714 Car.
1048 2660 1096 2714 VI.
1115 2659 1192 2713 -Dc
1204 2659 1247 2712 his
1260 2661 1311 2726 qui
1322 2660 1566 2712 irrationabiliter
1580 2660 1758 2725 fornicantur.

127 2765 150 2818 si
164 2765 326 2835 promiserit
339 2782 368 2818 sc
379 2772 563 2833 cessaturum,
580 2766 664 2821 detur
676 2765 701 2819 ci
716 2765 886 2819 communio.
897 2763 927 2819 Si
1004 2768 1035 2821 ln
1049 2765 1166 2821 concilio
1180 2767 1337 2836 Ancprano,
1353 2781 1414 2836 cap.
1434 2763 1477 2831 15,
1494 2764 1532 2818 de
1552 2765 1596 2818 his
1617 2765 1664 2836 qui
1685 2762 1759 2817 iomi-

126 2854 309 2907 resuscitatus
320 2870 418 2908 rursus
427 2854 512 2909 luerit
522 2855 685 2921 maechatus,
697 2853 927 2926 placuitulterius
967 2860 1068 2910 cautur
1081 2853 1321 2916 irrationabiliter,
1337 2853 1366 2908 id
1379 2859 1431 2920 est,
1444 2854 1494 2925 qui
1503 2855 1664 2908 miscentur
1672 2851 1759 2925 pecori·

127 2959 183 2996 non
198 2943 295 2997 ludere
310 2960 375 2996 cum
390 2943 424 2997 de
439 2945 636 2998 communione
649 2944 735 3016 pacis.
968 2942 1029 3008 buS,
1049 2949 1169 2997 autrum
1179 2943 1311 2997 masculis
1326 2943 1502 3013 polluuntur,
1513 2943 1715 3014 scriptumest:
1728 2941 1758 2994 lle

163 3032 233 3085 ltem
248 3031 277 3085 in
291 3031 389 3085 eodem
404 3032 695 3103 concilio,cap.13,de
709 3031 957 3105 virginibusDeofl
967 3031 1022 3086 illis
1036 3031 1084 3103 qui
1092 3030 1322 3086 irrationabiliter
1335 3033 1440 3085 versati
1450 3037 1528 3096 sunt,
1541 3032 1601 3085 sive
1616 3035 1754 3089 versantur.

128 3120 247 3174 sacratis
259 3120 283 3173 si
294 3120 530 3175 adulteraverint:
552 3121 683 3192 Virgines
698 3137 759 3191 qua·
775 3137 805 3174 se
821 3119 927 3175 Deodi-
967 3127 1106 3192 quotquot
1120 3127 1185 3175 ante
1200 3121 1363 3175 vicesimum
1379 3137 1485 3174 annum
1500 3122 1561 3174 tale
1575 3122 1682 3175 crimen
1695 3136 1754 3174 com·

128 3216 270 3274 caverunt,
286 3209 309 3263 si
325 3216 438 3280 pactum
453 3208 627 3279 perdiderint
640 3209 819 3279 virginitatis,
842 3213 927 3279 atque
967 3211 1106 3276 miserint,
1135 3209 1293 3280 quindecim
1315 3210 1396 3264 annis
1416 3211 1523 3263 exactis
1543 3212 1573 3264 in
1595 3209 1749 3282 penitentis

129 3297 219 3351 eidem
235 3297 342 3352 libidini
353 3297 508 3362 servierint,
521 3315 576 3351 non
592 3299 781 3369 intelligentes
797 3297 864 3369 quid
880 3297 927 3351 ad·
968 3299 1195 3353 communionem
1212 3303 1376 3353 mereantur
1390 3299 1677 3353 orationumDeinde
1689 3297 1750 3369 quin

127 3387 266 3454 miserint,
278 3387 381 3459 placuit
392 3404 444 3442 nec
458 3387 487 3441 in
503 3389 587 3441 linem
602 3388 643 3441 eis
657 3388 778 3442 dandam
788 3402 928 3440 essecom-
969 3389 1090 3460 quennio
1104 3389 1134 3441 in
1148 3388 1200 3442 hac
1214 3388 1409 3442 communione
1424 3388 1572 3453 durantes,
1585 3389 1747 3443 tuncdemuu

129 3477 302 3531 munionem.
317 3476 396 3541 Quod
412 3477 435 3529 si
449 3478 535 3530 senml
549 3493 684 3547 persuasu
700 3493 750 3531 suo
770 3475 805 3529 ab
822 3472 927 3528 infirmi
969 3478 1116 3533 oblationis
1124 3477 1481 3547 sacramentacontingant.
1491 3478 1667 3531 Discutiatm·
1674 3482 1745 3530 auhn

128 3567 251 3636 corporis
266 3566 345 3638 lapsu
355 3573 418 3636 post
426 3566 574 3620 commissa
589 3565 857 3636 vitiatemporevitau
869 3580 927 3616 suae
969 3576 998 3623 et
1010 3568 1068 3622 vita
1079 3584 1185 3632 eorum,
1202 3567 1298 3638 quales
1312 3573 1440 3637 tempore
1456 3567 1643 3637 poenitndinis
1656 3565 1745 3620 exstite

130 3656 290 3726 hujusmodi
305 3656 415 3710 feminae
436 3657 546 3726 egerint
559 3655 762 3727 penitentiam,
788 3659 821 3708 ut
840 3651 927 3706 absti·
967 3656 1040 3711 rint:
1057 3663 1086 3711 ct
1099 3657 1140 3711 ita
1152 3655 1372 3710 miscricordiam
1396 3665 1620 3726 consequantur.
1643 3654 1744 3721 Quodsi

43 3799 50 3811 ,
129 3752 215 3801 ueant
229 3764 258 3800 se
273 3747 384 3812 acoitu,
394 3747 500 3818 placuit
510 3747 594 3801 easin
608 3746 694 3800 linem
702 3745 928 3800 communionem
970 3744 1175 3816 inexplebiliter
1189 3743 1233 3798 his
1247 3744 1352 3798 haesere
1372 3743 1548 3809 criminibus,
1573 3745 1608 3799 ad
1632 3742 1743 3815 aeremia

129 3836 254 3907 accipere
270 3835 381 3889 debere.
970 3834 1165 3905 poenitentiam
1175 3833 1308 3905 prolixius
1318 3839 1430 3904 tempus
1451 3834 1608 3889 insumant.
1629 3835 1743 3904 Quotquot

166 3926 236 3979 ltem
251 3926 281 3979 in
294 3924 392 3979 eodem
402 3924 529 3987 concilio,
541 3940 601 3994 cap.
616 3924 658 3988 ll,
672 3923 707 3977 de
721 3921 929 3992 virginibussae·
970 3929 1065 3976 autem
1076 3927 1190 3993 peracta
1198 3921 1297 3992 viginti
1308 3937 1448 3975 annorum
1459 3929 1553 3988 atate,
1569 3928 1599 3977 et
1612 3938 1701 3977 uxores
1710 3919 1742 3972 ln

129 4008 930 4081 cularibus,simoechataefuerint,scriptumest:Virgines
970 4009 1128 4065 benteshoc
1138 4010 1381 4082 peccatoprolapsi
1391 4017 1467 4077 sunt,
1479 4012 1579 4080 viginti
1589 4013 1742 4082 quinqueve

131 4115 192 4169 quar
207 4098 396 4168 virginitatem
409 4115 489 4151 suam
504 4114 560 4151 non
574 4098 768 4159 custodierint,
781 4096 804 4149 si
818 4114 866 4151 eos
880 4097 928 4166 qui
969 4101 1013 4153 nis
1027 4099 1230 4170 plenitudinem
1241 4106 1381 4170 gerentes
1399 4099 1428 4153 in
1444 4100 1667 4154 communionem
1679 4096 1743 4152 susci
1789 4148 1791 4163 ,

130 4188 244 4241 casdem
260 4187 423 4241 violaverint
435 4186 575 4251 duxerint,
592 4193 622 4240 et
635 4187 779 4240 tenuerint
801 4186 926 4251 meriton,
970 4189 1362 4260 pianturorationum.lnqua
1372 4189 1567 4259 quinquennio
1575 4190 1741 4261 perdurantes,
1788 4180 1791 4211 ²

131 4293 163 4330 eo
178 4276 254 4347 quod
268 4277 341 4329 solas
351 4275 466 4346 nuptias
482 4275 654 4337 violaverint,
670 4281 734 4346 post
747 4291 852 4328 annum
869 4274 928 4328 sine
969 4283 1037 4329 tunc
1049 4275 1163 4328 demum
1172 4274 1321 4329 oblationis
1333 4268 1742 4346 sacramentapereipiantQuod

131 4364 296 4435 paenitentia
308 4363 481 4418 reconciliari
489 4363 640 4417 debebunt.
657 4364 736 4417 Velsi
752 4363 995 4462 alioscogno-Dsi
1010 4364 1058 4434 qui
1074 4371 1103 4417 ct
1116 4380 1216 4418 uxores
1230 4364 1374 4424 habentes,
1392 4371 1421 4418 et
1439 4365 1667 4419 transcendentes
1685 4360 1744 4431 quin

130 4453 222 4506 verint
234 4453 318 4517 viros,
335 4452 455 4523 eoquod
477 4453 622 4507 merehatur
640 4460 716 4518 sunt,
739 4452 844 4522 placuit
867 4458 931 4522 post
971 4452 1166 4525 quagesimum
1181 4470 1287 4507 annum
1302 4454 1401 4518 aetatis,
1418 4454 1459 4507 ita
1473 4454 1649 4526 deliquerint,
1672 4451 1700 4504 ad
1713 4464 1744 4502 ex·
1788 4480 1791 4541 ἑ

132 4542 316 4613 quinquennii
325 4549 462 4614 tempora,
480 4548 543 4596 acta
556 4542 682 4613 legitima
695 4541 869 4614 punitentia,
883 4544 930 4594 nd·
970 4544 1042 4598 itum
1059 4543 1123 4596 vitre
1142 4543 1347 4597 communionis
1361 4543 1484 4613 gratiam
1498 4549 1703 4615 consequantur.
1785 4568 1791 4625 l

132 4631 205 4684 mitti
222 4647 270 4684 eas
285 4631 320 4684 ad
337 4632 562 4686 communionem
577 4638 715 4703 oportere.
1007 4634 1078 4687 item
1089 4631 1119 4684 in
1133 4633 1232 4685 codem
1243 4632 1278 4685 de
1290 4631 1332 4685 his
1342 4633 1390 4702 qui
1400 4632 1429 4687 in
1441 4633 1562 4703 pecudes
1572 4633 1615 4686 vel
1625 4632 1649 4685 in
1661 4641 1744 4683 nrasur
1788 4642 1791 4705 q

168 4722 238 4775 ltem
253 4720 282 4774 in
297 4723 444 4792 ancyrano
460 4723 585 4787 concilio,
600 4739 660 4793 cap.
673 4720 758 4785 l8,de
774 4720 931 4791 hisquivir·
971 4723 1013 4776 los
1027 4728 1077 4776 aut
1088 4721 1153 4774 olim
1164 4720 1263 4792 polluti
1274 4727 1348 4786 suut,
1362 4727 1411 4775 aut
1423 4723 1560 4776 hactenus
1580 4722 1631 4776 hoc
1648 4720 1704 4774 vitio
1715 4724 1743 4768 ta·
1789 4720 1791 4737 '

131 4809 279 4881 ginitatem
295 4812 410 4881 professi
427 4818 502 4876 sunl,
518 4819 547 4864 et
563 4811 598 4864 de
619 4811 662 4864 his
684 4811 732 4880 qui
752 4809 804 4863 sub
827 4811 931 4865 sororis
972 4810 1167 4880 hescunt,cap.
1192 4808 1232 4875 lt,
1249 4809 1459 4880 scriptumest:
1478 4811 1532 4864 Eos
1556 4811 1604 4881 qui
1625 4808 1743 4863 irrationa-

134 4898 231 4953 habitu
267 4915 330 4952 cum
370 4899 509 4970 aliquibus
546 4905 767 4964 commorantur,
794 4898 929 4970 scriptum
972 4898 1066 4953 biliter
1078 4898 1179 4964 vixere,
1195 4899 1311 4969 etlepra
1324 4897 1421 4967 injusti
1437 4898 1563 4953 criminis
1581 4898 1648 4952 alios
1661 4894 1740 4968 pollue

133 4995 194 5042 est:
211 4989 355 5059 Quotquot
376 4988 566 5058 virginitatem
591 4989 797 5059 promittentes,
820 4988 930 5041 irritam
972 4995 1048 5054 runt,
1065 4988 1197 5060 praecepit
1211 5004 1308 5043 sancta
1322 4989 1446 5060 synodus
1466 4990 1541 5043 inter
1561 5007 1608 5044 eos
1622 5003 1691 5042 omre
1706 4979 1739 5051 qli

132 5080 239 5133 faciunt
257 5077 445 5149 sponsionem,
462 5079 538 5132 inter
551 5077 677 5148 bigamos
688 5078 934 5132 censeantur.Vir·
974 5079 1074 5151 spiritu
1091 5078 1283 5151 periclitantur
1294 5078 1449 5132 immundo.

132 5169 211 5238 gincs
223 5176 317 5223 autem
327 5168 787 5240 quaeconveniuntcumaliquibus
797 5174 932 5239 tanquam
975 5206 1040 5258 cm
1056 5204 1118 5258 VH·
1131 5227 1159 5238 ,,
1169 5205 1202 5257 m
1216 5207 1379 5272 conj-uffan&
1395 5207 1421 5256 δέ
1435 5207 1498 5271 (Im-5
1509 5195 1739 5263 eorumdugmsq.

133 5274 243 5312 sorores
257 5258 385 5313 habitare
396 5257 587 5329 prohibemus.
1221 5278 1260 5328 rit
1272 5279 1302 5328 in
1317 5277 1516 5343 captivitatem.

255 1328 320 1383 Cir.
333 1327 420 1382 IV.-
436 1328 469 1381 lle
480 1328 524 1380 his
535 1328 585 1394 qni
596 1326 776 1380 rrrnrhontnr.

134 5381 198 5433 Car.
213 5381 246 5436 V.
255 5412 289 5423 -
304 5385 340 5436 lle
353 5384 397 5436 bis
411 5387 461 5452 qui
474 5386 724 5451 ‚rocriscirqr'nibns
737 5401 763 5437 sc
777 5387 892 5449 sociant,
909 5390 932 5439 et
1010 5384 1041 5438 ln
1057 5383 1175 5438 decretis
1190 5399 1300 5453 quoque
1315 5382 1470 5437 iunocentii
1483 5398 1637 5454 papae,cap.
1648 5379 1685 5441 35³
1695 5370 1741 5426 sni-

213 5453 244 5503 de
259 5457 415 5520 rirqim'bns
435 5458 530 5509 culatis
544 5458 569 5508 si
585 5457 719 5510 mediata
734 5457 851 5522 scierint.
974 5479 1054 5544 ptum
1069 5479 1123 5526 „gg
1142 5474 1222 5537 QU0d
1237 5473 1259 5526 si
1269 5473 1350 5542 quus
1364 5487 1434 5525 uxor
1444 5472 1473 5526 in
1484 5472 1668 5543 captivitatem
1679 5461 1743 5518 suerit

171 5557 242 5612 Item
257 5557 286 5610 in
300 5559 419 5613 decretis
430 5560 533 5614 Gelasii
544 5578 632 5632 papae,
644 5579 705 5632 cap.
719 5560 763 5628 ab,
779 5562 813 5616 de
827 5562 871 5616 his
885 5563 933 5633 qui
975 5561 1104 5629 abducta,
1122 5567 1151 5616 et
1169 5562 1287 5616 alteram
1313 5561 1432 5615 maritus
1453 5562 1600 5633 acceperit,
1615 5556 1742 5614 revertente
