3772 6120
425 287 642 346 ALIAEGORIAE
660 291 701 346 IN
719 289 865 346 SAORAM
884 290 1125 348 SORIHURAM.
1544 300 1599 359 m

104 420 136 472 et
146 415 240 489 cyathi
255 415 285 468 in
300 415 427 479 mensa¹,
446 433 459 468 r
476 416 504 470 id
520 421 571 482 est,
592 434 709 472 summm
732 417 960 478 etAsanctorum
971 423 1000 473 et
1008 418 1156 474 domestici
1165 418 1225 481 Dei,
1239 416 1263 454 11
1273 439 1285 469 s
1297 418 1326 473 id
1336 427 1388 485 est,
1399 421 1467 476 socii
1486 431 1599 480 sancto·

99 505 228 562 locutae
240 503 428 576 inscriptura.
801 522 873 560 rum.
887 507 970 574 Cium,
986 508 1075 562 Judaei
1089 513 1298 580 persequentes,
1314 514 1347 563 ut
1367 509 1396 565 in
1425 511 1574 584 Evangelio
1596 535 1601 568 :

99 600 171 651 nest
181 598 257 648 recta
268 594 404 664 operatio,
418 599 449 647 ut
463 593 491 647 in
507 594 641 648 Psalmis:
660 613 672 647 s
688 597 759 650 Con·
802 613 816 646 s
832 595 912 650 Cives
927 600 1023 651 autem
1038 598 1099 667 ejus
1114 598 1234 652 oderant
1247 596 1398 663 illum¹¹,·e
1414 601 1489 671 quod
1503 601 1601 658 inlide-
1651 653 1653 657 ,

99 682 216 739 Domino
231 682 259 735 in
270 681 379 736 cithara
388 681 409 747 1,
432 704 439 727 ·
457 682 485 736 id
500 689 552 748 est,
569 683 598 737 in
613 689 759 756 recteope=
800 683 840 738 les
849 684 938 738 Judaei
948 686 1088 757 persecuti
1096 690 1164 741 sunt
1172 686 1327 741 Christum.
1345 688 1428 754 Ciues,
1447 689 1598 758 demones,

99 773 205 827 lilboro
218 771 275 825 rita
288 771 386 836 activa,
398 772 469 825 utin
480 772 599 826 Psalmis
614 791 650 827 :c
678 774 756 827 Psal-
798 778 831 826 ut
844 772 873 826 in
887 773 1040 845 Evangelio
1055 794 1061 829 :
1078 793 1092 828 ι
1107 775 1185 830 Abiit
1197 780 1226 830 et
1235 775 1353 831 adhesit
1364 777 1413 831 uni
1421 777 1523 833 civium
1532 778 1598 848 ¹¹,s

99 861 232 917 reundum
247 877 311 914 cum
326 860 434 914 cithara
451 860 473 924 1,
492 879 503 911 i
519 861 547 914 id
562 867 614 923 cst,
631 862 757 917 dulcedi·
798 860 902 928 idest,
932 864 1078 933 conjunxit
1105 881 1135 919 sc
1154 864 1271 935 antiquo
1289 865 1373 932 hosti,
1395 866 1443 936 qui
1461 873 1504 922 est
1526 885 1599 924 unus

99 949 284 1022 templationis
299 966 363 1003 cum
377 949 496 1003 actione.
511 952 626 1006 Gitlrura
636 951 756 1006 mortiti—
798 949 968 1005 demonum.

99 1038 148 1104 nis,
167 1044 199 1092 ut
214 1037 242 1091 in
258 1037 376 1092 Psalmis
394 1057 400 1092 :
418 1056 432 1091 s
447 1038 562 1093 Psallite
584 1040 704 1095 Domino
729 1040 757 1095 in
835 1040 932 1095 Oescus
947 1045 991 1096 est
1003 1042 1088 1096 ardor
1101 1042 1257 1109 charitatis,
1273 1048 1306 1098 ut
1319 1044 1350 1098 in
1363 1043 1460 1100 Exodo
1476 1065 1482 1100 ε
1500 1047 1598 1103 «coc-

99 1133 121 1183 ῖῖ
140 1143 206 1181 voce
231 1126 334 1180 Psalmi
358 1126 410 1193 ⁴,r
435 1127 463 1181 id
477 1133 529 1194 est,
545 1128 574 1182 in
589 1127 758 1184 abstinentia
798 1144 863 1182 cum
885 1127 928 1183 bis
950 1128 1071 1185 tinctum
1094 1129 1127 1195 11,
1153 1131 1209 1185 »id
1230 1137 1282 1195 est,
1303 1133 1481 1188 dilectionem
1500 1136 1551 1190 Dei
1570 1143 1600 1190 ct

99 1216 249 1273 sanctitate
256 1215 322 1269 oris.
340 1216 454 1271 Cithara
471 1216 577 1284 laetitia,
594 1219 664 1272 utin
680 1219 731 1273 Job
748 1238 755 1275 :
797 1217 1040 1287 proximid'occur,
1052 1220 1145 1291 passio
1156 1221 1270 1288 Christi,
1283 1227 1316 1276 ut
1327 1222 1356 1276 in
1373 1222 1476 1278 Genesi
1492 1224 1522 1279 in
1538 1242 1598 1279 ma·

99 1310 141 1360 est
162 1305 192 1359 in
216 1305 322 1359 luctum
337 1304 444 1360 cithara
458 1323 522 1360 mea
535 1307 555 1373 1,
578 1325 591 1358 r
608 1307 636 1361 id
652 1313 703 1375 est,
728 1307 757 1362 in
798 1307 958 1375 numZarae,
969 1308 1017 1379 qui
1027 1314 1181 1381 postnatus
1191 1316 1235 1365 est
1248 1327 1262 1362 c
1276 1309 1410 1366 obstetrix
1423 1311 1522 1382 ligavit
1533 1330 1598 1368 coc·

99 1393 194 1450 mnus
206 1411 277 1448 mea.
290 1394 404 1449 Uilli-ora
414 1395 537 1450 suavitas
547 1397 755 1463 consolationis,
798 1396 893 1451 ciuum
903 1395 936 1462 11,
953 1416 966 1450 r
985 1398 1059 1468 quod
1074 1399 1111 1452 ad
1122 1399 1257 1471 populum
1271 1400 1417 1470 gentilem,
1433 1400 1481 1472 qui
1491 1417 1598 1457 assum-

99 1483 127 1538 is
141 1484 289 1554 Regnum«
306 1483 447 1538 Psallebat
459 1485 547 1539 David
565 1485 712 1551 citharam,
729 1492 758 1542 ct
799 1490 866 1555 ptus
879 1490 931 1552 est,
947 1486 1049 1540 notitia
1057 1487 1210 1542 Dominicae
1219 1488 1357 1559 passionis
1364 1489 1499 1561 persenit.

99 1577 169 1628 atur
191 1572 306 1642 spiritus
326 1573 392 1627 Saul
415 1574 437 1639 1,
454 1591 468 1625 u
484 1574 558 1644 quod
572 1592 622 1645 per
639 1575 759 1631 suavita·
835 1575 939 1629 Cborus
951 1580 995 1630 est
1007 1576 1165 1643 eoncordia,
1181 1581 1214 1630 ut
1227 1576 1256 1631 in
1279 1577 1420 1633 Psalmis:
1440 1600 1451 1628 ι
1473 1580 1599 1635 Laudato

99 1661 283 1717 islocutionis
297 1668 473 1733 temperatur
486 1663 578 1717 servor
600 1664 755 1720 irascentis.
800 1679 865 1717 eum
879 1662 1055 1734 intympano
1071 1669 1100 1718 et
1114 1665 1199 1719 choro
1227 1664 1290 1730 ¹⁵,n
1317 1666 1344 1720 id
1367 1673 1418 1731 est,
1443 1667 1597 1738 glorificate

111 1756 158 1806 est
171 1751 264 1822 patria
274 1751 403 1816 celestis,
415 1752 484 1805 utin
499 1753 634 1807 Psalmis:
651 1771 662 1807 ο
678 1755 757 1809 Jeru·
767 1739 789 1798 Β
798 1752 888 1806 Deum
904 1750 933 1805 in
947 1751 1120 1807 abstinentia
1134 1754 1227 1808 carnis
1240 1761 1269 1809 et
1281 1755 1431 1810 concordia
1439 1757 1597 1813 charitatis.

99 1856 136 1896 1ae
149 1840 305 1894 aedificatur
320 1846 352 1893 ut
364 1840 489 1906 civitas¹,
507 1858 520 1893 o
536 1841 610 1913 quod
627 1841 695 1896 urbs
709 1843 758 1898 illa
799 1839 853 1894 Per
867 1840 982 1895 eborum
995 1841 1227 1912 congregationes
1243 1843 1405 1911 electorum,
1426 1851 1458 1900 ut
1474 1845 1505 1900 in
1524 1846 1598 1901 Can·

99 1946 125 1984 :x
133 1927 232 1983 multis
240 1929 268 1982 in
281 1944 337 1982 una
357 1945 423 1999 paco
443 1929 598 1984 virentibus
612 1931 759 1986 constitui·
798 1928 871 1983 tioo:
889 1947 903 1982 s
920 1928 992 1993 Quid
1005 1929 1135 1984 ridebitis
1145 1930 1175 1985 in
1190 1932 1347 1999 sunamite,
1368 1933 1423 1987 nisi
1441 1934 1540 1989 choros
1554 1952 1599 1990 ea·

99 2034 137 2083 ar,
154 2024 253 2071 sancta
270 2017 400 2079 Ecclesia,
422 2024 455 2071 ut
468 2018 497 2072 in
511 2019 626 2073 Cantico
644 2037 650 2073 :
668 2039 681 2073 c
699 2020 757 2075 Cir·
797 2016 998 2072 suoruml¹⁰»
1015 2019 1089 2090 quod
1117 2019 1147 2073 in
1168 2020 1292 2075 Ecclesia
1309 2021 1475 2092 degentibus
1494 2029 1597 2079 sancte

99 2107 192 2162 itatem
201 2122 251 2176 per
260 2105 319 2159 rias
329 2108 521 2177 etpluteas⁸,»
542 2108 569 2161 id
588 2113 640 2173 est,
662 2115 756 2164 mente
798 2107 1598 2181 suntsocietates,quaespiritibusmalignisterribilessunt.

99 2195 245 2251 Ecclesiam
256 2211 305 2265 per
313 2196 457 2265 religiosos
475 2202 504 2249 et
519 2197 675 2251 saeculares,
686 2198 757 2253 Ciui-
834 2196 972 2264 Cephisus
981 2201 1025 2251 est
1034 2212 1105 2268 opus
1112 2197 1221 2263 servile,
1231 2204 1264 2253 ut
1273 2199 1303 2253 in
1313 2199 1449 2253 Psalmis:
1465 2217 1478 2251 c
1494 2201 1595 2255 Munus

99 2283 216 2347 :Maria
231 2288 262 2337 ut
277 2284 306 2337 in
327 2285 445 2339 Psalmis
468 2286 657 2340 =sGlori0sa
682 2287 758 2342 dicta
800 2285 861 2354 ejus
875 2284 904 2338 in
916 2284 1036 2357 cophino
1064 2286 1223 2342 servierunt
1243 2287 1275 2353 ¹¹,
1298 2306 1311 2339 n
1331 2287 1360 2341 id
1379 2293 1431 2354 est,
1449 2288 1484 2343 de
1511 2305 1596 2360 opere

99 2379 136 2438 te,
160 2372 257 2426 civitas
278 2372 327 2426 Dei
350 2373 402 2439 ¹,u
432 2374 506 2446 quod
535 2374 702 2429 admiranda
723 2377 757 2431 de
800 2373 893 2427 servili
907 2391 938 2428 se
951 2373 1176 2429 intromiserunt.
1193 2376 1341 2444 Cephisus,
1357 2377 1509 2448 corruptio,
1520 2382 1553 2432 ut
1565 2377 1595 2432 in

99 2461 311 2517 ariudicuntur.
323 2464 757 2532 Ciuitas,bumanaconversatio,
801 2462 951 2533 Evangelio
969 2481 975 2517 :
993 2464 1116 2534 «Usque
1130 2464 1197 2519 dum
1207 2463 1595 2532 fodiamcircaillam,etmit·

99 2569 121 2605 a:
138 2551 330 2605 ‹Contemnit
343 2552 551 2607 multitudinem
567 2553 686 2608 civitatis
698 2553 729 2620 ¹⁰,
744 2572 757 2608 n
800 2555 859 2605 tam
873 2551 1025 2624 cophinum
1040 2553 1171 2607 sternaris
1179 2553 1213 2617 ²¹,
1229 2572 1243 2605 u
1259 2553 1287 2607 id
1303 2559 1355 2619 est,
1379 2554 1448 2611 dum
1472 2559 1599 2611 mentem

99 2640 759 2710 »minaturmultiplicitatemcoiivorsationishu-
799 2640 911 2695 fidelem
930 2641 1114 2695 et-lmmilem
1135 2638 1236 2696 faciam
1255 2658 1422 2713 cognoscere
1440 2643 1597 2715 corruptio·

99 2733 184 2794 mter,
195 2728 292 2782 anima
302 2737 408 2797 sancus,
421 2730 488 2784 utin
499 2731 648 2802 Evangelio
660 2749 666 2783 :
676 2733 759 2786 «Non
800 2745 864 2783 nem
880 2729 985 2801 peceati
999 2729 1053 2784 sui.
1068 2730 1124 2784 Per
1136 2732 1286 2799 cophinum
1301 2731 1386 2785 corda
1397 2732 1549 2801 justorum,
1566 2736 1598 2786 ut

99 2819 167 2874 ritas
183 2816 315 2871 abscondi
333 2822 418 2891 'super
437 2825 560 2873 montem
582 2820 673 2892 positu
695 2821 725 2888 ¹¹,
743 2841 755 2871 ι
799 2817 828 2872 in
852 2818 1023 2888 Evangelio:
1042 2839 1054 2867 ι
1075 2819 1265 2890 Impleverunt
1291 2820 1440 2874 duodecim
1463 2821 1597 2891 cophinos

99 2927 106 2965 ι
119 2913 214 2982 potest
228 2909 361 2963 occultari
376 2909 471 2963 anima
485 2909 515 2963 in
528 2909 682 2963 eminentia
693 2926 757 2964 san-
799 2906 1021 2977 fragmentorum
1030 2906 1063 2974 ¹⁹,
1080 2924 1093 2959 r
1110 2908 1184 2977 quod
1199 2908 1284 2962 corda
1298 2909 1454 2974 hominum,
1475 2908 1524 2980 qui
1548 2925 1598 2980 per

99 2999 176 3055 usito.
206 3002 317 3066 Ciuitas,
339 2998 483 3069 gentilitas
505 3003 537 3052 ut
559 2998 589 3052 in
615 2998 756 3053 Psalmis:
799 2995 1095 3067 duodecimapostolos
1104 2996 1255 3051 illuminati
1263 3003 1339 3064 sunt,
1351 3014 1436 3052 sacrae
1444 2997 1594 3070 Scriptura·

99 3088 256 3162 ‚isimpetus
263 3089 387 3143 laetificat
394 3088 536 3141 civitatem
543 3087 631 3153 Doi¹¹‚
641 3106 652 3136 ι
664 3087 693 3140 id
704 3093 756 3154 est,
767 3058 971 3156 Cexpositione
986 3083 1148 3158 implentur.

99 3180 213 3234 ssaneti
230 3179 351 3250 Spiritus
365 3177 502 3230 exhilarat
515 3176 649 3248 populum
668 3177 758 3247 genti·
835 3175 942 3229 Collum
957 3179 1001 3229 est
1014 3174 1083 3229 ordo
1096 3174 1321 3247 predicatorum,
1346 3180 1379 3229 ut
1402 3175 1431 3228 iu
1454 3177 1592 3231 Cantieo:

100 3273 151 3334 tas,
169 3269 289 3340 populus
303 3266 444 3331 iudaicus,
461 3271 493 3319 ut
508 3266 536 3318 in
551 3265 624 3319 lsaia
640 3283 646 3317 :
666 3265 759 3329 «Quo-
801 3282 814 3316 a
832 3263 941 3318 Collum
953 3269 1034 3318 tuum
1046 3263 1212 3319 sicutturris
1223 3264 1347 3318 eburnea
1356 3263 1389 3330 11,
1404 3263 1456 3319 »id
1468 3269 1597 3337 est,prae·

99 3362 183 3412 tuest
198 3357 329 3411 meretrix
355 3356 452 3409 civitas
468 3355 552 3425 plena
573 3353 679 3424 judicio
694 3353 725 3420 11,
743 3373 757 3408 x
799 3352 946 3418 dicatores,
962 3352 1009 3424 qui
1024 3352 1117 3407 cibum
1131 3352 1194 3407 vitae
1207 3352 1270 3406 aliis
1284 3352 1494 3417 transfundunt,
1512 3355 1542 3409 in
1567 3371 1598 3409 se

99 3445 126 3501 bs
138 3447 265 3511 Judaica,
283 3463 344 3516 qua
356 3445 497 3516 quondam
513 3444 566 3498 luit
582 3447 592 3467 ⁶
607 3459 657 3516 per
670 3444 759 3498 incre-
799 3442 893 3496 decori
907 3447 936 3496 et
949 3441 1019 3496 cesti
1034 3446 1108 3495 sunt.
1128 3441 1246 3501 Collum,
1261 3456 1355 3495 sermo
1378 3441 1594 3511 predicationis,

99 3535 293 3590 sordemaDco
300 3533 423 3589 recessit.
438 3535 549 3598 dieitur,
561 3534 682 3588 mundus
694 3534 755 3598 iste,
799 3529 869 3584 utin
878 3529 1021 3584 Parabolis
1036 3547 1042 3581 :
1063 3549 1074 3580 ι
1091 3529 1129 3583 Ut
1142 3528 1263 3583 addatur
1275 3534 1390 3600 torques
1401 3530 1472 3583 collo
1481 3536 1530 3585 tuo
1539 3530 1595 3597 ³¹,u

99 3623 224 3680 merbiis:
246 3643 257 3675 r
274 3624 422 3678 Civitatem
438 3622 553 3676 tortium
568 3622 701 3677 ascendet
715 3639 758 3676 sa·
799 3618 828 3672 id
843 3624 895 3683 cst,
911 3622 944 3672 ut
956 3633 1049 3672 sermo
1069 3616 1274 3688 praedicationis
1290 3617 1320 3671 in
1345 3617 1485 3673 deficienti
1508 3619 1600 3673 virtu-

99 3712 143 3768 ·id
158 3719 210 3777 est,
234 3713 370 3766 mundum
393 3712 478 3766 istum
506 3711 591 3765 vincit
617 3712 755 3765 Christus.
799 3712 860 3762 tum
878 3706 1049 3760 connexione
1068 3705 1261 3759 confirmetur.
1276 3707 1393 3773 Collum,
1411 3723 1499 3772 mens,
1516 3712 1549 3761 ut
1568 3707 1598 3762 in

99 3801 197 3856 orriri
213 3802 312 3866 sancti,
329 3808 362 3855 ut
376 3801 405 3854 in
419 3800 537 3854 Psalmis
554 3817 559 3852 :
576 3800 757 3854 «incivitate
800 3797 873 3851 isaia
883 3812 889 3847 :
899 3817 912 3843 ιι
928 3795 1009 3850 Solve
1023 3793 1135 3848 vincula
1148 3793 1212 3847 colli
1229 3792 1273 3848 tui
1292 3792 1325 3860 11,
1342 3813 1356 3848 s
1373 3793 1402 3848 id
1430 3800 1482 3859 est,
1508 3794 1598 3866 abjice

99 3890 173 3946 inem
188 3907 286 3946 eorum
301 3891 335 3944 ad
351 3890 471 3944 nibilum
480 3889 577 3959 rediga
587 3887 619 3955 11,
640 3906 653 3942 s
666 3889 755 3954 idest,
799 3892 913 3939 terrena
925 3882 1065 3938 desideria
1079 3887 1138 3949 tua,
1155 3899 1217 3953 quie
1231 3883 1264 3937 ad
1280 3883 1337 3937 ima
1351 3883 1513 3955 deprimunt
1522 3901 1599 3940 men·

99 3979 260 4046 virisancti,
276 3981 375 4051 inquo
398 3983 430 4034 tu
451 3977 571 4043 babitus,
596 3977 673 4042 vitia,
696 3994 758 4048 quae
779 3986 786 4003 ²
799 3979 857 4028 tem
871 3979 960 4028 tuam.
978 3972 1096 4038 Collum,
1112 3971 1191 4038 tides,
1208 3978 1240 4026 ut
1251 3971 1280 4027 in
1296 3971 1411 4028 Cantico
1427 3990 1434 4028 :
1452 3991 1466 4026 a
1496 3973 1600 4029 Vulne-

99 4068 241 4123 ilitudines
264 4068 423 4122 daemonum
451 4069 461 4090 *
488 4066 614 4121 instruis.
643 4066 756 4127 Civitas,
800 4063 869 4117 rasti
885 4079 930 4116 me
939 4062 968 4116 in
978 4077 1035 4116 uno
1047 4060 1124 4116 crine
1132 4061 1197 4116 colli
1213 4062 1256 4118 tui
1265 4060 1298 4127 11,
1317 4081 1330 4114 a
1347 4062 1376 4118 id
1390 4069 1442 4131 est,
1459 4064 1494 4118 ad
1508 4064 1600 4135 pieta-

99 4158 201 4224 aminis,
213 4157 284 4212 utin
295 4156 443 4226 Evangelio
456 4173 461 4208 :
476 4156 648 4210 «Civitatem
659 4170 757 4208 eorum
799 4158 857 4208 tem
877 4169 922 4207 me
947 4151 1122 4207 commovisti
1145 4151 1176 4205 in
1202 4151 1312 4207 unitate
1332 4152 1408 4220 lidei,
1437 4169 1488 4223 per
1515 4170 1599 4224 quam

99 4264 103 4301 ;
116 4246 184 4318 igni,
198 4266 208 4298 r
222 4246 244 4280 11
253 4246 281 4299 id
292 4254 343 4307 est,
351 4262 452 4316 corpus
460 4259 647 4315 eorumpoena
657 4244 754 4298 affixit.
799 4247 892 4314 caput,
910 4240 1049 4308 Christus,
1066 4258 1117 4296 suo
1127 4240 1246 4312 corpori,
1259 4257 1320 4312 quse
1330 4247 1374 4296 est
1387 4242 1519 4309 Ecclesia,
1535 4242 1600 4297 uni·

99 4334 218 4402 nfemus,
230 4336 300 4390 utin
311 4335 444 4388 Psalmis:
465 4354 476 4385 s
493 4334 562 4398 Quis
577 4334 696 4388 deducet
712 4349 757 4387 me
767 4336 854 4421 Dtur.
871 4333 977 4386 Collum
993 4331 1120 4397 audacia,
1132 4336 1165 4385 ut
1174 4330 1205 4384 in
1214 4329 1266 4384 Job
1280 4349 1287 4384 :
1305 4330 1600 4385 «Cucurritadversus

99 4439 146 4478 em
160 4424 299 4478 munitam
310 4424 341 4489 11,
361 4443 371 4475 r
389 4424 464 4494 (pund
483 4424 558 4477 Deus
573 4429 654 4494 pater
669 4422 759 4478 tilium
801 4437 866 4475 eum
880 4421 996 4475 adverso
1007 4420 1077 4474 collo
1088 4418 1146 4486 ³¹,o
1162 4419 1190 4474 id
1206 4423 1258 4484 est,
1280 4418 1424 4489 superba·
1443 4418 1560 4472 audacia
1573 4419 1598 4473 ei

104 4512 246 4567 internum
266 4513 433 4566 descendere
457 4511 531 4566 feeit.
558 4512 612 4565 Per
637 4515 759 4566 deitates
801 4509 914 4565 restitit.
930 4510 1047 4575 dolium,
1064 4507 1138 4573 linis,
1155 4507 1230 4561 utin
1246 4505 1382 4560 Abacuc:
1402 4524 1414 4557 r
1444 4507 1599 4562 Denudasti

107 4602 265 4673 corporales
280 4618 388 4667 sensus,
406 4608 438 4655 ut
450 4602 479 4655 in
495 4601 645 4671 Evangelio
661 4619 667 4653 :
688 4620 700 4653 ι
717 4601 759 4655 Tu
799 4599 1016 4654 fundamentum
1031 4612 1121 4668 usque
1135 4596 1170 4649 ad
1184 4594 1288 4649 collum
1296 4592 1330 4661 11,
1347 4614 1360 4645 u
1375 4594 1402 4648 id
1419 4599 1471 4662 est,
1482 4594 1599 4651 abscon·

99 4706 119 4743 u·
129 4689 252 4761 quinque
262 4690 387 4744 civitates
397 4690 429 4750 11,
446 4711 457 4741 ι
474 4691 568 4754 idest,
585 4688 688 4744 babere
712 4689 760 4743 do
800 4689 860 4743 dita
880 4685 984 4742 diaboli
999 4691 1098 4757 aperta
1116 4683 1206 4738 fecisti
1221 4699 1309 4754 usque
1324 4683 1354 4737 in
1369 4683 1465 4739 linem.
1480 4685 1596 4752 Collum,

99 4778 305 4851 superquinque
318 4779 757 4850 corporisscnsus.Pereivitctes,
801 4776 895 4843 elatio,
912 4781 945 4830 ut
957 4775 986 4830 in
1001 4773 1074 4828 Job:
1092 4791 1106 4826 s
1122 4774 1156 4828 ln
1168 4772 1240 4826 collo
1255 4772 1316 4842 ejus
1338 4771 1496 4828 morabitur
1518 4773 1599 4829 lorti·

100 4867 260 4922 «Civitates
283 4884 381 4922 eorum
403 4867 564 4923 destruxisti
587 4867 617 4932 11,
636 4885 648 4918 u
666 4866 693 4920 id
707 4872 758 4929 est,
800 4864 907 4931 tudoffi,
924 4863 998 4936 quod
1012 4867 1128 4935 propter
1139 4860 1301 4932 superbiam
1325 4877 1406 4916 suam
1422 4851 1550 4917 diabolus
1568 4879 1599 4917 se

99 4956 280 5012 indemnasti.
802 4955 902 5009 fortem
914 4952 1034 5024 judicat.

99 5051 152 5100 unt
164 5046 269 5112 fideles,
282 5048 352 5101 utin
367 5047 472 5101 Paulo:
492 5066 503 5098 s
521 5047 576 5100 l'os
599 5046 667 5100 estis
689 5045 761 5099 cives
838 5045 969 5101 Columba
983 5047 1027 5097 est
1040 5040 1162 5113 Spiritus
1178 5044 1300 5104 sanctus,
1328 5045 1361 5094 ut
1377 5039 1407 5094 in
1429 5039 1595 5110 Evangelio:

101 5166 229 5218 .xxxvn,
248 5149 289 5207 16.
309 5153 320 5186 ¹
343 5154 415 5207 Psal.
433 5168 517 5217 xxxii,
542 5152 567 5207 2.
588 5152 600 5185 ³
622 5152 694 5206 Psal.
711 5165 791 5215 cxxx,
808 5149 834 5203 3.
860 5148 871 5183 1
892 5150 965 5205 Psal.
985 5162 1072 5209 xovu.
1099 5146 1124 5203 5.
1149 5146 1162 5180 1
1180 5145 1231 5201 Job
1249 5161 1313 5212 xxx,
1333 5146 1378 5201 31.
1398 5145 1438 5201 11
1455 5146 1523 5217 Reg.
1539 5160 1595 5213 xvi,

99 5223 123 5279 d.
141 5237 226 5289 cxxii,
241 5221 266 5279 3.
289 5225 300 5258 1
316 5226 395 5279 Cant.
413 5239 454 5288 m,
476 5224 502 5278 1.
523 5224 623 5281 ¹Psal.
647 5238 756 5286 cxxxvi,
774 5221 799 5279 3.
815 5221 837 5257 ¹⁰
852 5221 904 5277 iob
927 5235 1019 5286 xxxix,
1046 5220 1087 5274 11.
1104 5218 1125 5253 ¹¹
1143 5218 1230 5273 Matb.
1245 5232 1271 5282 r,
1296 5217 1337 5275 11.
1359 5215 1382 5252 ¹¹
1395 5216 1468 5271 Psol.
1484 5231 1548 5284 xuv,
1571 5215 1596 5274 5.

103 5293 148 5351 al.
163 5293 186 5328 ¹¹
196 5295 276 5348 Prov.
293 5310 348 5360 xxi,
362 5295 406 5349 11.
424 5296 446 5330 11
458 5296 530 5349 Psal.
543 5309 627 5358 xxxii,
641 5293 686 5350 20.
702 5295 725 5330 ¹¹
739 5294 838 5348 Matth.
855 5307 921 5359 nur,
939 5290 997 5348 7.11
1012 5291 1086 5346 Psal.
1104 5302 1159 5352 nrx,
1176 5289 1220 5344 11.
1237 5288 1260 5325 ¹¹
1272 5289 1339 5345 Luc.
1355 5302 1411 5355 xxx,
1427 5286 1473 5342 19.
1488 5287 1596 5344 ¹¹Psal.

103 5365 173 5436 Eph.
195 5379 226 5429 11,
248 5366 292 5420 19.
315 5366 336 5401 11
355 5367 421 5421 Luc.
439 5380 495 5432 xix,
514 5365 559 5422 ll.
584 5365 608 5399 11
629 5367 696 5420 Luc.
711 5381 755 5428 xv,
778 5363 857 5421 15.11
877 5364 962 5418 Exod.
978 5377 1042 5424 xxv,
1059 5362 1085 5415 1.
1100 5359 1124 5394 11
1139 5360 1209 5414 Gen.
1225 5373 1341 5425 xxxvm,
1357 5357 1402 5415 28.
1423 5357 1449 5392 ¹⁸
1464 5359 1538 5414 Psal.
1554 5374 1597 5426 cu,

99 5440 129 5491 ιῖ.
150 5449 189 5499 u,
209 5434 254 5492 12.
273 5435 296 5471 11
315 5438 387 5492 Psal.
412 5451 491 5504 cxxx,
511 5439 535 5491 i.
552 5437 575 5472 11
591 5438 656 5492 Luc.
672 5451 733 5503 xm,
751 5436 777 5490 8.
794 5435 909 5491 11Μεῖῖ.
926 5449 982 5499 xiv,
1005 5433 1056 5500 203
1077 5432 1163 5487 blare.
1180 5445 1217 5496 vr,
1238 5430 1291 5493 53:
1307 5431 1375 5486 Luc.
1391 5443 1429 5497 rx,
1446 5427 1597 5500 l7310an.

99 5506 199 5563 ’cana
215 5521 264 5572 vn,
277 5507 322 5563 45.
338 5508 360 5543 11
381 5510 461 5563 Prov.
484 5524 503 5571 1,
528 5509 553 5564 9.
576 5507 601 5542 11
619 5510 673 5563 lsa.
694 5522 743 5569 un,
759 5506 786 5565 1.
808 5506 832 5542 11
846 5507 928 5562 Cant.
942 5520 980 5570 ιν,
1000 5504 1028 5560 9.
1042 5504 1067 5541 11
1078 5503 1131 5559 Job
1143 5517 1187 5561 xv.
1204 5497 1250 5559 26.
1266 5501 1290 5536 11
1308 5501 1378 5557 Aba.
1393 5515 1435 5563 m,
1452 5501 1495 5558 13.
1509 5501 1600 5557 ¹¹Job
