3772 6120
117 255 185 312 rtet
412 253 444 308 Β.
464 252 601 309 senatu
619 251 735 307 unum
759 248 927 306 ARCHIEP.
949 246 1112 305 MOGUNT.
1134 250 1282 307 OPERUM
1301 251 1393 307 PARS
1411 251 1461 308 111.
1689 251 1750 310 1288

117 384 169 443 est,
187 397 200 430 r
216 378 367 433 declaravit
388 377 462 448 quod
485 377 580 431 omnia
592 374 666 431 bona
680 381 729 430 aut
743 393 776 430 ex
797 375 850 430 lrde
864 374 1060 446 ge-rlclaruit,
1079 375 1153 446 quod
1177 375 1294 431 virtutes
1317 392 1398 430 veras
1412 392 1469 430 non
1483 375 1636 430 videantur
1655 375 1750 432 habere

118 475 170 531 sta,
187 468 304 522 virtutes
328 474 403 528 sunt,
424 483 486 538 quae
501 466 624 537 profecto
635 465 803 536 justificant;
825 471 874 518 out
890 464 913 518 si
956 462 1005 533 qui
1018 463 1161 529 simulant,
1178 469 1206 518 et
1227 465 1267 519 illi
1287 465 1423 520 simulant
1438 465 1486 536 qui
1502 482 1560 520 non
1575 482 1609 520 ex
1632 465 1687 520 ude
1708 471 1751 521 aut

117 557 223 611 fuerint
242 556 302 610 sinc
316 557 380 621 frdc,
398 572 453 609 non
476 561 543 609 sunt
558 555 653 626 aliqua
676 554 751 608 bona
763 554 911 618 credenda,
956 569 1011 606 non
1027 558 1142 624 propter
1159 554 1258 618 Deum,
1279 554 1328 609 sed
1351 561 1467 626 propter
1493 554 1627 609 homines
1650 560 1750 610 tantum

118 646 167 699 sed
182 647 257 701 vitia.
274 662 335 717 qua
351 662 407 699 non
421 647 521 716 iurant
533 661 599 699 suos
613 642 766 715 operarios,
787 642 835 696 sed
850 658 914 696 con·
955 640 1021 695 boni
1036 641 1143 713 aliquid
1157 649 1318 713 operantur,
1336 643 1532 714 elecmosynis,
1544 658 1577 697 ac
1586 643 1750 713 jejuniis,rel

118 741 248 789 temnant
269 735 435 805 inflatosque
457 733 641 805 praecipitant,
666 738 751 803 atque
774 748 789 786 a
814 731 916 785 srnibus
956 729 1132 785 abstinentia
1156 733 1320 802 caeterisque
1343 731 1422 786 bonis
1445 731 1579 803 operibus
1604 731 1750 797 serviendo,

119 829 230 878 aeternae
243 822 341 878 salutis
357 823 513 876 eliminant.
535 822 589 877 Sed
605 822 671 892 quid
690 838 742 891 ego
755 820 814 876 haec
825 821 860 874 de
874 819 916 875 in·
956 834 1011 873 non
1027 818 1137 873 utboni
1156 821 1234 886 tiant,
1252 821 1301 874 sed
1316 825 1348 874 ut
1362 820 1450 875 bonos
1470 837 1501 876 se
1528 820 1691 876 hominibus
1710 822 1754 877 fu·

120 912 258 977 trdelibus,
277 912 351 966 unde
370 911 619 980 rrutlusambigerr
633 911 751 975 ridetur,
767 926 914 981 exaggero,
956 914 1034 979 gant,
1064 925 1115 962 nec
1141 909 1178 963 ad
1204 910 1392 981 recipiendam
1418 910 1626 981 sempiternam
1656 926 1751 966 meroe·

120 1018 184 1055 curn
199 1008 312 1056 sanctus
332 1002 481 1072 Apostolus
497 1001 583 1055 etiam
599 1000 694 1054 fideles
707 999 853 1070 quosdam,
869 998 917 1070 qui
957 998 1031 1061 dem,
1048 997 1097 1051 sed
1107 997 1143 1051 ad
1154 998 1370 1068 comparandam
1389 998 1512 1068 gloriam
1526 996 1701 1068 popularem.
1713 998 1753 1052 Vi·

120 1092 302 1146 credentesin
313 1092 401 1146 Deum
417 1107 472 1144 non
487 1090 639 1144 secundum
655 1088 810 1154 Deum,scd
821 1104 918 1142 secun·
957 1086 1075 1140 deamus
1095 1102 1169 1141 nunc
1190 1086 1292 1158 quibus
1308 1086 1535 1158 praecedentibus
1549 1085 1645 1141 causis
1656 1093 1684 1141 et
1696 1086 1752 1141 sub

120 1181 188 1250 dum
202 1180 344 1235 hominem
374 1180 479 1245 rirunt,
505 1179 631 1234 carnales
652 1177 780 1232 nominet
797 1176 892 1230 dicens
909 1195 915 1229 z
959 1176 1140 1248 sequentibus
1153 1176 1333 1231 incrementis
1350 1177 1426 1231 nasci
1444 1177 1557 1231 soleant
1573 1175 1643 1231 vitia
1656 1175 1695 1230 rel
1708 1192 1752 1232 au·

122 1270 187 1329 «Et
211 1286 272 1340 ego.
299 1270 408 1333 tratres,
429 1285 494 1323 curn
508 1268 645 1322 venissem
669 1265 705 1320 ad
720 1283 777 1327 ros,
794 1281 849 1319 non
869 1281 918 1318 ro·
958 1267 1028 1336 geri,
1043 1272 1072 1320 et
1086 1266 1187 1338 quibus
1206 1266 1356 1337 adjuvante
1370 1266 1491 1321 Dornino
1506 1264 1644 1320 remediis
1658 1266 1752 1337 possint

121 1358 163 1413 bis
178 1359 341 1429 potuiloqui
353 1358 431 1429 quasi
447 1356 648 1428 spiritualibus,
660 1355 709 1410 sed
725 1355 804 1426 quasi
821 1370 918 1408 carna·
959 1354 1035 1410 relut
1059 1354 1227 1427 quibusdam
1249 1354 1462 1408 medicamentis
1486 1355 1624 1409 imminui
1649 1354 1688 1409 rel
1712 1372 1751 1410 aa·

59 1508 61 1513 ,
121 1447 301 1503 tibustltlrr.
323 1465 361 1506 nr.
379 1448 415 1517 l).
436 1468 448 1498 r
465 1446 596 1500 Nondum
616 1445 691 1499 enim
708 1444 851 1515 poteratis,
868 1442 917 1499 sed
960 1445 1030 1498 nari.
1056 1444 1153 1499 Omnis
1183 1450 1280 1498 sancta
1307 1443 1395 1498 rirtus
1419 1460 1464 1498 res
1484 1449 1529 1498 est
1548 1443 1656 1509 divina,
1674 1444 1752 1500 incor-

121 1553 156 1591 ne
171 1537 262 1589 adlrue
286 1535 398 1606 quidem
423 1535 548 1606 potestis,
563 1535 653 1588 adhuc
669 1533 744 1587 enim
767 1532 834 1586 estis
855 1549 917 1585 car·
959 1549 1028 1604 pora
1051 1550 1174 1604 prorsus,
1199 1538 1283 1605 atquo
1314 1532 1511 1597 mundissima,
1537 1549 1628 1605 quam
1657 1542 1752 1589 mentes

120 1624 218 1678 nalesl
233 1625 266 1677 lit
279 1630 414 1694 tanquam
425 1639 614 1695 quaereremus
633 1621 699 1692 qnid
716 1621 841 1675 carnales
851 1619 918 1673 relit
959 1621 1112 1693 inquinatae
1126 1639 1183 1677 non
1196 1623 1355 1694 inquinant,
1373 1622 1422 1677 scd
1437 1622 1499 1693 ipsa
1516 1621 1754 1692 inquinataserna·

79 1724 82 1729 ’
120 1713 249 1783 intelligi,
262 1718 374 1766 secutus
388 1712 529 1782 adjunxit:
543 1731 553 1760 ι
571 1713 642 1766 Cum
657 1711 731 1764 enirn
743 1711 780 1763 sit
789 1699 1044 1778 intervosBculat,
1055 1713 1136 1782 cujus
1146 1711 1360 1783 participatione
1374 1713 1535 1765 formantur
1545 1710 1688 1778 informia,
1700 1728 1753 1768 sus·

121 1802 196 1856 zalus
212 1799 708 1868 etcontentio,nonnccarnalesestis
723 1799 918 1853 etsecundum
959 1801 1084 1855 citantur
1110 1804 1231 1867 mortua,
1264 1805 1400 1854 sanantur
1426 1800 1553 1866 infirma,
1587 1801 1753 1871 corriguntur

121 1889 263 1944 hominem
278 1889 446 1944 ambulatis?
460 1890 537 1960 (leid.
548 1905 573 1944 v.
584 1887 622 1957 3.)
635 1911 648 1938 ι
660 1888 733 1953 Quid
743 1894 835 1959 potest
848 1887 919 1941 dua·
960 1906 1054 1961 pravo,
1070 1889 1289 1945 reconciliantur
1306 1906 1413 1944 aversa.
1429 1889 1510 1943 lianc
1522 1906 1582 1943 non
1599 1889 1690 1951 habet,
1707 1890 1752 1945 uisi

121 1978 172 2032 ltus
190 1979 231 2032 lris
241 1978 326 2033 animi
342 1978 467 2049 pestibus
481 1976 599 2032 inveniri
614 1977 920 2043 deteriuszeloetcon-
961 1979 1045 2045 Deus,
1062 1984 1091 2033 et
1104 1979 1128 2033 is
1143 1980 1187 2032 cui
1204 1978 1314 2033 dederit
1337 1979 1422 2043 Deus,
1440 1994 1502 2049 quaa
1524 1978 1555 2032 in
1572 1978 1667 2032 animo
1684 1978 1752 2033 babi-

122 2067 256 2123 tentionc.
270 2067 370 2137 quibus
391 2067 517 2120 carnales
540 2067 588 2137 qui
609 2066 761 2120 secundum
778 2066 919 2119 hominem
961 2073 1013 2133 tat,
1027 2068 1076 2122 sed
1101 2067 1227 2122 animum
1247 2084 1403 2139 corpusque
1422 2067 1600 2133 sanctiticat;
1625 2067 1661 2122 ad
1679 2084 1750 2140 quau

121 2156 215 2210 rirunt
231 2156 314 2210 etiarn
329 2156 358 2210 in
373 2156 425 2209 hac
439 2156 495 2210 rita
505 2162 672 2226 torquentur
684 2171 747 2209 curn
763 2160 791 2208 et
803 2159 919 2209 conten·
961 2156 1054 2210 nullus
1069 2155 1177 2210 aceedit
1186 2156 1299 2219 inritus,
1312 2173 1396 2228 quarn
1409 2156 1504 2210 nullus
1516 2155 1626 2211 amittit
1639 2157 1691 2210 nisi
1700 2173 1750 2229 pro

120 2246 161 2300 tio
176 2246 321 2299 lranntiros
340 2246 448 2306 reddat,
458 2251 487 2298 et
498 2245 574 2299 zelus
588 2245 743 2298 imitatores
758 2243 860 2297 diaboli
872 2260 919 2314 pa·
960 2245 1023 2315 pria
1037 2246 1180 2300 voluntate
1193 2245 1335 2317 deceptus.
1352 2246 1442 2300 Nemo
1450 2262 1512 2299 eam
1522 2242 1578 2299 sibi
1586 2245 1748 2318 conferrepo

121 2335 246 2388 radisurn
258 2334 355 2405 primis
369 2333 529 2388 horninibus
539 2333 689 2387 inridentis
703 2333 826 2387 ellicratl
840 2334 880 2387 Ac
894 2333 917 2386 si
959 2339 1016 2389 test
1030 2351 1093 2388 curn
1112 2334 1209 2406 possit,
1224 2334 1306 2388 alteri
1321 2342 1416 2389 autern
1432 2351 1489 2388 non
1512 2335 1643 2390 conterre
1656 2351 1745 2407 prasa-

121 2424 232 2495 quando
252 2423 478 2493 tidelesJ'ustitia,
496 2423 609 2495 pictate,
626 2421 826 2485 misericordia,
842 2437 918 2476 nran·
959 2422 1063 2478 lctnec
1077 2424 1199 2478 auferre:
1215 2423 1311 2494 itaque
1336 2439 1401 2477 cum
1426 2423 1493 2478 talis
1517 2440 1552 2478 ac
1574 2429 1656 2478 tanta
1673 2424 1744 2479 rirtus

121 2512 278 2576 suetudine,
295 2511 640 2576 humilitatc,innocentia,
656 2511 818 2581 caeterisque
830 2510 918 2565 rirtu·
959 2511 1073 2566 cuilibet
1087 2512 1162 2568 inter
1170 2513 1326 2583 voluptates
1339 2529 1404 2567 suas
1419 2512 1511 2566 adhuc
1527 2514 1665 2568 marcenti
1675 2512 1742 2568 retul-

121 2601 196 2655 tibus
207 2601 340 2668 pandent,
357 2607 407 2654 aut
421 2601 575 2655 secundum
595 2600 684 2655 Deum
698 2600 803 2662 rirunt,
819 2606 848 2653 et
863 2614 918 2653 non
959 2601 1037 2665 serit,
1054 2607 1138 2674 atque
1159 2603 1185 2655 ei
1204 2600 1239 2656 ad
1266 2619 1296 2656 se
1320 2602 1576 2673 concupiscendam
1591 2603 1740 2658 desiderium

124 2696 199 2754 sunt,
222 2708 286 2742 rora
308 2688 411 2742 habere
434 2689 565 2743 credendi
588 2694 664 2755 sunt,
680 2705 742 2759 quae
756 2687 919 2759 spiritaliter
960 2689 1072 2745 salubre
1086 2690 1275 2754 commoverit,
1286 2691 1415 2762 protinus
1424 2691 1454 2745 in
1464 2691 1561 2746 animo
1571 2692 1738 2763 ejusduamn

121 2777 244 2831 virentes
258 2778 365 2849 adeptrc
382 2779 566 2844 sanctificant,
582 2784 611 2832 et
625 2778 683 2833 Deo
703 2777 916 2845 commendant;
960 2780 1178 2834 delectationum
1192 2780 1395 2835 contrariarum
1409 2780 1470 2834 rixa
1478 2781 1634 2852 consurgit,
1647 2786 1673 2835 et
1683 2796 1739 2835 men

123 2872 172 2920 arnt
185 2867 337 2919 seeundum
360 2867 503 2921 hominem
525 2867 633 2936 rivunt,
648 2873 677 2921 et
692 2883 748 2920 non
770 2872 836 2920 sunt
847 2882 918 2920 rere
958 2873 1016 2923 tem
1031 2869 1159 2923 voluntas
1174 2869 1322 2924 adversum
1337 2887 1367 2923 sc
1381 2869 1497 2941 ancipiti
1516 2870 1697 2925 delectatione
1709 2868 1737 2922 di

120 2955 246 3013 virtutes,
257 2956 304 3008 scd
320 2955 455 3009 rirtutum
475 2956 683 3021 similitudines,
700 2973 760 3025 quac
775 2955 845 3008 nihil
860 2943 923 3008 car·⁴
959 2958 1046 3011 risam
1065 2957 1095 3011 in
1109 2957 1219 3012 diversa
1238 2958 1315 3013 ducit
1328 2974 1361 3012 ae
1373 2959 1492 3019 reducit,
1508 2959 1595 3014 modo
1610 2959 1736 3031 repreheu·
1777 2966 1779 2971 '

122 3043 518 3115 rrnliterrirerrtibusprosunt.
532 3044 708 3116 Quapropter
715 3044 761 3114 qui
777 3043 916 3114 religiose,
930 3017 1050 3101 Cdendo
1060 3046 1135 3117 quod
1141 3047 1273 3118 elegerat,
1287 3047 1369 3102 modo
1383 3048 1459 3118 quod
1473 3049 1690 3120 reprehenderat
1699 3047 1735 3102 eb·

122 3132 169 3202 qui
182 3132 367 3198 continenter,
389 3132 436 3202 qui
452 3131 552 3191 sobrie,
577 3133 624 3202 qui
645 3132 864 3186 misericorditer
876 3133 917 3187 ri·
957 3135 1059 3205 gendo,
1075 3140 1160 3206 atque
1174 3135 1214 3189 ita
1234 3136 1263 3190 in
1286 3136 1455 3191 alterutrum
1474 3137 1551 3191 latus
1567 3154 1598 3192 se
1614 3136 1734 3210 cogitatio·

122 3221 170 3286 rit,
186 3221 209 3273 si
231 3221 297 3286 Drro,
319 3221 398 3290 cujus
413 3238 529 3275 munere
552 3226 584 3274 ut
609 3220 679 3275 bene
700 3220 783 3285 rirat,
805 3221 918 3291 adjura·
959 3239 1027 3277 num
1040 3223 1176 3278 varietate
1189 3230 1348 3279 versantem
1361 3224 1423 3296 ipsa
1435 3225 1514 3279 velut
1527 3226 1640 3282 virtutis
1653 3243 1682 3281 aa
1693 3222 1735 3278 riti
1776 3256 1779 3299 l

124 3309 313 3376 transcribit,
327 3310 480 3364 secundum
501 3309 590 3364 Deum
615 3309 857 3381 spiritaliterririt
873 3330 878 3364 :
893 3310 917 3364 si
958 3311 1045 3383 tepidi
1067 3312 1343 3367 medietasrexatac
1365 3313 1480 3380 lacerat,
1496 3314 1735 3389 quoniamquidem
1777 3320 1779 3341 ¹

121 3416 186 3453 rero
203 3399 298 3453 omnia
325 3415 387 3469 quac
414 3398 485 3452 berre
512 3399 580 3469 agit,
596 3398 700 3454 viribus
715 3399 773 3453 suis
797 3399 919 3454 ascribat
959 3400 1112 3471 quemlibet
1131 3401 1272 3456 hominem
1288 3402 1376 3457 donec
1390 3419 1419 3457 se
1438 3403 1467 3456 in
1487 3403 1614 3475 eoquod
1633 3402 1733 3474 elegant,
1752 3392 1755 3403 '

122 3488 203 3559 quasi
214 3487 515 3559 etiamsineadjutorio
526 3488 577 3542 Dei
588 3488 622 3541 ad
632 3488 703 3542 bene
715 3489 856 3558 agendum
865 3487 918 3543 sibi
958 3495 1035 3544 certa
1045 3489 1212 3545 diffinitione
1227 3492 1383 3557 confirmet,
1398 3492 1525 3562 quandiu
1538 3492 1623 3547 modo
1632 3510 1683 3548 non
1693 3490 1734 3545 rnlt
1777 3490 1779 3497 '

121 3577 250 3643 sufficiat,
268 3577 422 3632 secundum
446 3577 589 3632 hominem
616 3577 767 3631 carnaliter
788 3577 864 3641 ririt,
889 3584 918 3632 et
958 3577 1163 3650 quodrolebat,
1180 3579 1263 3633 modo
1279 3580 1349 3634 velle
1364 3579 1462 3652 incipit
1475 3581 1552 3650 quod
1581 3581 1734 3645 nolebatre
1777 3644 1779 3649 Ι

121 3667 183 3721 ideo
198 3673 248 3721 aut
263 3666 332 3721 bene
346 3683 403 3720 non
415 3665 489 3728 ririt,
506 3671 555 3720 aaut
566 3666 637 3720 nihil
652 3666 677 3720 ei
692 3665 817 3738 proderit
836 3666 917 3738 quid·
957 3668 1001 3722 lut
1015 3667 1045 3720 in
1060 3667 1181 3739 quodam
1199 3667 1409 3722 deliberationis
1425 3668 1543 3726 incertae
1556 3669 1630 3725 bivio
1654 3666 1733 3725 cond·

120 3756 187 3827 quid
201 3755 266 3810 boni
278 3760 393 3827 propter
406 3754 534 3809 homines
547 3755 623 3812 facit.
638 3754 704 3826 quia
718 3755 849 3809 humanis
859 3756 918 3809 lau·
959 3762 1051 3810 tutum
1077 3755 1210 3828 discerpit
1230 3757 1291 3828 ipsa
1312 3756 1460 3812 diversitas
1482 3759 1670 3815 voluntatum.
1683 3756 1734 3812 sta

119 3845 201 3900 dibus
216 3845 369 3900 delectatus
381 3844 427 3898 liic
434 3845 493 3915 jam
508 3845 692 3916 temporalem
705 3844 862 3899 mercedem
877 3861 919 3899 re·
959 3860 1024 3898 eum
1038 3843 1127 3900 virtus
1140 3844 1273 3900 admonet
1282 3861 1339 3901 sua
1353 3846 1452 3900 salutis
1464 3853 1494 3901 et
1507 3854 1605 3916 rocat3
1621 3848 1734 3903 indeoou

120 3934 188 4006 cipit
202 3950 316 3988 suorum
340 3950 457 4005 operum
474 3950 534 4004 quae
557 3933 751 4005 temporaliter
769 3933 844 3988 fecit.
861 3933 917 4005 lgi-
959 3933 1078 3989 suetudo
1094 3933 1194 3989 vitiosa
1206 3933 1350 3990 discedere
1366 3951 1427 3990 ase
1438 3936 1582 3992 volentem
1596 3938 1734 3993 moratoret

120 4029 167 4077 tur
193 4022 239 4076 ille
258 4022 411 4078 secundum
427 4022 569 4076 hominem
597 4022 665 4076 ririt
694 4022 741 4093 qui
765 4024 918 4078 secundum
958 4026 1079 4089 revocat,
1099 4028 1129 4078 et
1148 4022 1325 4095 paulispera
1345 4040 1375 4079 se
1389 4041 1497 4094 avers03
1512 4026 1612 4081 neead
1626 4026 1733 4081 virtuteu

119 4111 253 4182 seipsum,
269 4109 335 4181 quia
353 4116 382 4164 et
396 4109 550 4180 ipsehomo
565 4115 617 4175 est,
630 4109 705 4175 sirit,
722 4115 751 4164 et
764 4111 917 4166 secundum
959 4111 1040 4182 plene
1077 4128 1220 4178 converso,
1247 4111 1351 4168 vitiatae
1385 4113 1539 4169 voluntatis
1567 4113 1733 4170 admonitione

120 4199 242 4271 seipsum
259 4199 333 4266 vivit,
349 4199 398 4269 qui
415 4199 438 4252 si
457 4197 582 4269 potuerit
595 4203 638 4253 est
651 4216 715 4253 cum
730 4198 832 4271 quibus
846 4201 915 4263 vult,
958 4199 1112 4265 blandiens,
1121 4216 1219 4256 omnes
1228 4199 1480 4274 illecebrasqurbus
1490 4203 1558 4258 olim
1568 4202 1732 4276 perditefnre

119 4288 212 4360 pergit
226 4305 281 4359 quo
296 4288 363 4352 rult,
375 4288 478 4342 dormit
500 4287 610 4359 quando
620 4294 648 4342 et
663 4288 787 4359 quandiu
797 4289 865 4355 vult,
878 4290 917 4343 lo·
958 4288 1041 4343 batur
1056 4289 1188 4356 ostendit,
1200 4289 1297 4362 turpia
1311 4307 1422 4363 quoque
1432 4291 1575 4347 desideria
1590 4290 1731 4365 quibusvis

120 4379 217 4450 quitur
238 4377 374 4448 queruli
399 4382 427 4430 et
455 4375 503 4430 ubi
526 4377 594 4441 rull,
613 4377 764 4431 manducat
791 4383 820 4431 et
846 4346 1047 4433 bibitDciatur·
1058 4378 1196 4444 immittit,
1211 4395 1244 4433 ac
1263 4380 1323 4450 jam
1338 4395 1409 4450 pene
1434 4380 1601 4450 fastidienti,
1622 4379 1729 4436 blandum

121 4467 232 4539 quando
246 4473 273 4521 et
288 4466 361 4537 quod
379 4465 437 4519 rult
447 4472 621 4536 etquantnm
637 4466 704 4532 vult,
716 4467 790 4520 ndet
803 4467 917 4535 acjoca-
956 4467 1049 4523 nescio
1063 4467 1129 4539 quid
1145 4467 1244 4534 mollit,
1261 4469 1430 4535 insusurrat,
1446 4476 1475 4524 et
1488 4472 1628 4543 supplicat
1637 4487 1668 4525 ne
1676 4485 1727 4542 pre·

119 4561 167 4609 tnr
191 4555 265 4610 inter
290 4572 360 4626 qnos
390 4555 458 4610 vult.
476 4555 622 4609 Postremo
643 4554 778 4626 quidquid
801 4555 917 4610 naribus
957 4562 1044 4628 ponat
1058 4555 1359 4623 mollibusduralaetis
1372 4557 1726 4630 tristiacertisdubiapra

119 4661 204 4698 suarc
218 4651 270 4709 est,
287 4643 421 4715 quidquid
436 4643 523 4698 tactui
542 4643 684 4709 blandum,
700 4644 835 4716 quidquid
850 4660 917 4700 ocu·
957 4646 1079 4701 sentium
1094 4646 1230 4719 voluptati
1241 4646 1352 4714 futura;
1368 4647 1473 4718 cogitet
1492 4665 1579 4721 quarn
1596 4643 1725 4723 panaleut

118 4733 153 4786 lis
168 4732 340 4799 delectabile,
351 4732 486 4804 quidquid
494 4732 601 4788 caeteris
614 4732 743 4788 sensibus
753 4733 845 4788 carnis
859 4750 917 4788 sura
957 4740 1042 4806 atque
1051 4735 1164 4790 difficile
1177 4734 1304 4790 dulcibus
1314 4752 1410 4791 carere
1424 4736 1544 4803 deliciis,
1557 4736 1681 4794 illecebris
1692 4749 1723 4788 re

117 4822 274 4894 jucundum
289 4827 406 4886 exercet,
420 4838 451 4876 ac
470 4821 608 4892 sequitur.
624 4822 745 4893 qualiter
763 4823 832 4885 vult,
850 4822 916 4894 quia
956 4824 1088 4880 nuntiare
1101 4824 1268 4889 carnalibus,
1277 4823 1453 4880 abstinentias
1466 4827 1545 4899 jugis
1552 4827 1657 4897 gravari
1668 4822 1721 4879 labe

119 4911 214 4965 omnia
237 4910 314 4965 licita
328 4915 356 4964 et
370 4910 467 4965 illicita
488 4910 638 4964 carnaliter
654 4910 713 4964 rult
730 4930 735 4964 :
754 4911 802 4982 qui
820 4916 915 4966 autem
956 4913 1043 4975 ribus,
1057 4913 1231 4984 jejuniorum
1249 4930 1282 4967 ac
1296 4914 1457 4985 vigiliarum
1470 4916 1669 4973 continuatione
1679 4918 1720 4966 or

118 5001 273 5056 secundum
285 5001 374 5054 Deum
388 4999 462 5062 ririt,
474 5016 531 5053 non
546 5000 619 5071 qnod
629 5017 694 5054 eum
704 5000 856 5055 carnaliter
868 5000 915 5056 de-
957 5003 1045 5073 queri,
1056 5008 1134 5057 certa
1152 5003 1246 5058 carnis
1265 5002 1417 5059 afllictione
1442 5005 1590 5076 praemium
1603 5003 1718 5062 dubiem

118 5091 212 5156 lactat,
224 5090 273 5144 sed
283 5089 357 5160 quod
372 5088 537 5160 spiritaliter
548 5088 677 5155 aediticat,
694 5089 769 5153 facit,
779 5095 808 5143 et
821 5089 915 5144 omnia
956 5092 1159 5148 munerationis
1173 5091 1296 5159 arnbire;
1311 5098 1411 5148 eontra
1426 5093 1581 5162 diabolum,
1594 5084 1717 5165 decipiendi

117 5177 355 5235 desideriacarnis
364 5177 497 5249 spiritalis
507 5177 638 5233 desiderii
648 5177 833 5233 delectatione
841 5195 932 5259 eorn-¹
956 5179 1087 5253 peritum,
1105 5181 1255 5237 resistendi
1276 5197 1356 5237 arma
1379 5183 1531 5255 corripere,
1556 5183 1662 5240 insidias
1675 5178 1714 5249 rjlt

120 5269 215 5340 poscit,
231 5268 324 5323 futura
337 5266 521 5339 praesentibus
535 5267 690 5339 anteponit,
704 5284 817 5323 carnem
830 5268 915 5339 spiri·
956 5285 989 5324 ac
1001 5269 1113 5325 fraudes
1133 5269 1273 5342 vigilantis
1293 5269 1381 5325 animi
1398 5271 1530 5328 cautione
1543 5272 1641 5340 ritare3
1658 5278 1714 5342 qum

120 5356 161 5410 tui
176 5356 279 5424 subdit,
296 5362 326 5412 et
345 5356 480 5428 quidquid
495 5356 573 5428 cupit
583 5362 633 5410 aut
646 5356 713 5426 agit,
734 5373 791 5411 non
809 5357 869 5412 vult
882 5374 916 5412 ex
956 5357 1197 5414 deindemiserum
1206 5358 1244 5415 sit
1253 5359 1421 5416 enormitate
1430 5366 1519 5418 antae
1531 5351 1714 5435 npenauu'r

121 5457 181 5509 sua,
197 5444 245 5499 sed
260 5461 292 5498 ex
313 5446 364 5500 Dei
390 5444 434 5499 sui
457 5445 600 5500 voluntate
614 5446 775 5518 procedere,
790 5446 835 5501 cui
857 5446 916 5517 pla·
955 5453 1031 5503 ctum
1046 5464 1078 5502 ac
1086 5447 1225 5504 diabolica
1234 5447 1333 5504 fraude
1347 5446 1497 5523 deceptum
1509 5451 1545 5506 ad
1558 5449 1715 5525 apulias

120 5546 181 5584 cere
204 5533 270 5586 totis
288 5533 391 5587 virilius
411 5534 590 5605 concupiscit.
616 5535 714 5606 Itaque
734 5534 759 5588 si
772 5540 914 5606 utcunque
955 5536 1025 5601 dire,
1041 5536 1229 5609 voluptatibus
1248 5554 1318 5609 quas
1334 5537 1477 5608 abjecerat
1493 5540 1558 5601 frui.
1575 5544 1602 5595 et
1620 5531 1714 5595 ornuibtl‘
