3772 6120
327 328 519 389 (mmm.
534 328 581 388 'sti
593 331 757 390 onumen
774 334 858 400 ΨΜ
876 332 925 391 nn
939 333 1084 392 LAUDRS
1097 330 1297 400 bremun.
1562 330 1638 393 tino

99 459 147 514 se'd
159 474 212 514 nec
236 456 335 512 mundi
346 463 486 524 anatores,
503 459 550 529 qui
577 460 795 529 pertinentiam,
807 464 831 521 Ἀ
836 461 962 531 gladium
974 460 1035 526 Dei,
1047 465 1098 526 est,
1110 461 1288 532 repentinam
1300 460 1452 515 vindictum
1461 462 1491 516 in
1503 461 1637 516 boatibns

99 546 265 604 tidolorum
280 547 408 611 servitus,
421 546 553 617 pecunias
570 548 600 601 in
614 549 718 602 mundo
732 565 796 604 con·
836 565 964 603 exercere
981 568 986 603 :
1002 554 1031 603 et
1044 550 1169 621 arripere
1187 549 1326 621 J'udicium
1349 549 1444 604 manui
1466 548 1567 605 divino
1582 556 1635 613 eat,

99 642 193 701 erunt,
202 637 249 707 qui
257 636 363 690 deliciis
374 636 580 708 atquelururiae
594 637 793 702 deservierant,
836 654 887 709 per
894 639 1001 708 justam
1007 638 1221 693 retributionem
1232 638 1350 709 singulis
1358 639 1636 711 secundumpropria

99 724 207 781 nlleus
221 730 317 780 venter
328 730 390 779 erat
402 730 430 778 et
447 726 576 795 gloriain
605 727 796 781 confusionem
837 727 939 781 merita
952 727 1079 793 reddere,
1096 726 1312 800 sicutseriptum
1326 733 1369 782 est
1388 746 1393 779 ε
1411 746 1424 779 «
1443 726 1535 783 'Filius
1560 729 1636 783 enim

99 830 133 883 m,
154 816 202 887 qui
213 819 326 869 terrena
339 813 495 886 sapiebant,
507 814 578 868 nihil
592 832 685 869 secum
700 816 794 870 eonse-
836 815 1101 871 hominisrenturus
1113 822 1155 871 est
1170 817 1198 871 in
1207 816 1297 888 gloria
1303 817 1395 871 Patris
1402 817 1444 871 sui
1452 832 1516 871 eum
1527 816 1634 887 angelis

99 919 110 959 e
135 903 265 958 universo
280 902 375 957 labore
390 919 451 967 suo,
468 904 579 974 quando
603 920 653 975 pro
674 906 794 976 peccatis
835 905 903 971 suis,
919 906 1130 960 ettuncreddet
1144 906 1295 977 unicuique
1305 906 1458 960 secundum
1473 922 1559 976 opera
1585 920 1637 960 sua

103 997 248 1048 tartarum
264 992 572 1062 amalignisspiritibus
581 994 792 1064 pertrahuntur.
835 995 923 1066 (lintri.
941 998 978 1061 n).
998 995 1057 1050 r'Et
1070 996 1219 1066 Apostolus
1241 1013 1275 1047 :a
1294 995 1409 1060 Omnes
1433 995 1535 1067 inquit,
1552 994 1637 1050 stabi-

99 1081 172 1148 dete,
188 1081 255 1152 quia
269 1097 320 1151 ego
342 1098 404 1134 sum
428 1082 514 1145 solua,
529 1087 558 1134 et
582 1099 638 1136 non
659 1083 697 1136 sit
724 1084 796 1137 alius
837 1101 900 1138 mus
911 1092 977 1139 ante
991 1085 1114 1140 tribunal
1127 1086 1241 1150 Christi,
1264 1084 1424 1156 utrecipiat
1439 1086 1631 1157 unusquisque

99 1178 219 1243 rpraeter
233 1187 287 1224 me.
307 1189 318 1219 ι
336 1170 398 1223 Alia
414 1169 499 1223 editio
519 1189 524 1222 :
543 1191 554 1221 ι
572 1170 681 1236 Videte,
693 1171 795 1239 ridete,
837 1174 951 1245 propriu
965 1174 1090 1246 corporis
1115 1182 1199 1245 prout
1208 1175 1295 1245 gessit
1306 1174 1362 1228 sire
1374 1173 1489 1240 bonum,
1501 1174 1557 1228 sive
1573 1186 1635 1227 mu-

99 1276 131 1314 m
156 1275 207 1330 ego
226 1275 288 1313 sum
313 1257 396 1323 Deua,
418 1264 446 1312 et
468 1274 524 1312 non
540 1264 583 1312 est
597 1267 761 1330 praterme.
781 1280 794 1314 »
836 1262 905 1326 lum,
923 1265 964 1329 (ll
976 1265 1037 1319 (lor.
1059 1267 1096 1327 u).

99 1348 231 1405 imonitio
242 1348 412 1419 generaliter
421 1347 456 1401 ad
467 1364 564 1402 omnes
575 1349 703 1403 homines
712 1349 796 1420 perti-
876 1349 1049 1405 rlncbriabo
1060 1351 1175 1422 sagittas
1191 1367 1268 1405 meas
1292 1353 1437 1423 sanguine,
1469 1359 1499 1407 et
1524 1351 1635 1424 gladius

100 1437 220 1504 ‚relicta
232 1437 355 1491 falsitate
369 1436 518 1502 idolorum,
536 1444 620 1508 atque
632 1437 795 1510 deceptione
839 1457 852 1489 o
868 1456 948 1494 meus
962 1439 1145 1495 manducabit
1158 1456 1266 1495 carnes.
1282 1460 1293 1492 r
1312 1442 1421 1513 Sagitta
1440 1441 1515 1496 enim
1538 1441 1633 1496 =horni-

99 1542 200 1593 mmm,
216 1527 374 1599 spretisque
388 1526 515 1580 omnium
529 1526 711 1597 iniquitatum
734 1545 795 1582 sor·
837 1541 912 1592 nem,
929 1528 996 1582 dum
1011 1543 1068 1582 non
1083 1528 1211 1593 ostendit,
1225 1530 1355 1600 percutit,
1368 1535 1397 1584 et
1410 1529 1477 1584 dum
1486 1528 1569 1583 illam
1578 1544 1635 1582 non

104 1614 141 1670 ad
156 1632 244 1670 unum
255 1618 284 1669 et
296 1616 386 1669 solum
402 1615 492 1669 Deum
506 1615 629 1681 Patrem,
647 1616 793 1683 etlilium,
836 1614 1552 1689 praevidet‚snbitointerimit;sagittaeDominosunt
1562 1617 1635 1671 cele·

99 1704 172 1760 itum
182 1711 310 1759 sanctum
319 1704 634 1776 pertidemcatholicam
647 1705 795 1760 colendum
836 1720 881 1758 res
892 1704 1027 1767 vindictae,
1038 1706 1169 1776 qualicet
1177 1706 1258 1760 modo
1267 1708 1381 1761 occultae
1396 1707 1452 1762 sint
1466 1722 1560 1761 coram
1573 1723 1637 1761 ocu·

99 1799 203 1861 tantm,
220 1810 340 1863 eumque
356 1811 389 1846 eux
402 1799 461 1847 toto
492 1795 584 1858 corde,
613 1800 673 1847 toto
701 1779 829 1848 anima‘ss
837 1793 871 1846 lis
884 1793 1055 1864 iniquorum¹
1084 1794 1177 1848 subito
1205 1801 1302 1848 tamen
1330 1796 1584 1850 manifestabuntur
1606 1795 1635 1848 in

99 1899 111 1938 e
135 1883 239 1937 uirtute
274 1882 392 1952 diligant
422 1886 449 1935 et
473 1883 608 1936 mandata
631 1884 692 1952 eius
712 1891 796 1953 atquo
837 1880 1017 1936 damnatione
1027 1883 1254 1952 perditorum,et
1267 1884 1317 1937 Dei
1342 1883 1453 1953 gladius
1481 1877 1635 1937 caroasco·

112 1971 263 2044 diligenter
271 1978 444 2035 conservent,
462 1977 600 2042 quatenus
615 1972 797 2041 regnicoeles-
837 1971 934 2032 medit,
951 1971 1019 2043 quia
1029 1971 1059 2025 in
1073 1978 1197 2026 extremo
1213 1972 1318 2041 judicio
1333 1975 1394 2043 ejus
1409 1972 1551 2026 sententia
1576 1986 1633 2037 eoa,

99 2061 174 2116 edes
190 2061 261 2115 ellici
277 2066 447 2114 mereantur.
839 2061 886 2130 qni
900 2061 1050 2115 camaliter
1060 2060 1183 2131 sapiunt,
1200 2061 1310 2114 occidit.

99 2166 117 2205 o
131 2149 254 2205 occidam
263 2157 291 2203 et
302 2150 392 2203 virere
402 2149 513 2215 inciam,
525 2149 680 2220 percutiam
705 2157 734 2205 et
743 2168 794 2222 ego
873 2167 887 2201 ι
902 2149 942 2203 De
958 2164 1056 2204 eruore
1062 2149 1216 2204 occisorum
1224 2155 1253 2204 et
1259 2150 1293 2203 de
1305 2149 1465 2221 captivitate
1474 2150 1634 2205 nudatiini-

99 2232 143 2307 bd,
150 2245 239 2294 etnon
246 2245 297 2303 est,
307 2239 447 2310 quipossit
458 2239 491 2292 de
497 2254 766 2295 manumeaeruere.
781 2259 792 2291 a
838 2256 851 2290 e
867 2239 1004 2293 micorum
1014 2239 1122 2310 capitis.
1136 2259 1149 2287 n
1167 2239 1230 2293 Alia
1242 2238 1328 2292 editio
1347 2256 1378 2290 :o
1393 2240 1418 2292 n
1432 2239 1636 2309 sanguinerul-

99 2327 176 2383 litio:
196 2328 278 2398 «Ego
292 2328 425 2393 occidam,
453 2329 545 2382 vivere
560 2328 669 2394 faciam,
699 2347 795 2400 percu·
836 2327 1330 2398 nemtorumacoptivitate,acupite
1341 2327 1497 2398 principum
1509 2327 1635 2382 inimico-

99 2417 291 2488 iegosanabo,
309 2422 397 2471 etnon
420 2423 463 2471 est
479 2418 527 2489 qui
543 2418 645 2488 eripiat
658 2418 693 2471 de
706 2419 794 2472 mani·
835 2433 908 2470 rum.
924 2436 937 2468 n
951 2417 994 2471 Ad
1009 2417 1070 2481 boc,
1092 2417 1165 2489 quod
1188 2417 1264 2481 dicit,
1277 2417 1311 2470 de
1335 2431 1432 2471 cruore
1457 2416 1632 2470 inimicorum

99 2507 138 2562 tia.
157 2524 170 2560 r
185 2505 300 2561 Duobus
312 2507 402 2560 modis
417 2506 593 2577 omnipotens
607 2507 683 2561 Deus
696 2507 794 2562 vulne·
836 2505 1004 2560 subauditur
1015 2505 1094 2572 illud,
1113 2506 1187 2576 quod
1203 2505 1378 2577 praemissum
1390 2512 1431 2560 est
1448 2504 1634 2560 :rinebriabo

99 2610 136 2650 ios
146 2595 279 2649 reducere
290 2595 324 2648 ad
337 2596 550 2655 solutemcurat,
561 2595 710 2666 aliquando
719 2597 794 2650 enim
835 2594 952 2665 sagittas
966 2610 1054 2649 meaa.
1069 2615 1081 2644 >›
1096 2587 1223 2649 Inebriat
1235 2595 1371 2649 Dominus
1381 2594 1498 2665 sagittas
1521 2608 1587 2648 suas
1605 2594 1634 2648 in

99 2684 247 2757 ipercutit,
264 2691 292 2738 et
303 2684 516 2738 nieotisduritia
527 2685 557 2738 in
572 2701 622 2738 suo
638 2701 739 2756 patiore
752 2691 795 2738 ta-
836 2700 935 2738 cruore
948 2684 1113 2750 occisorum,
1130 2684 1205 2755 quod
1220 2683 1355 2738 ultionem
1372 2690 1481 2737 exercet
1505 2684 1535 2737 in
1549 2683 1634 2737 turba

107 2772 280 2829 vulnerando
309 2790 375 2843 ergo
392 2773 427 2826 ad
448 2773 568 2827 salutem
589 2779 709 2840 revocat,
730 2790 794 2828 cum
834 2773 1022 2839 inimicorum,
1034 2778 1158 2844 tuncque
1177 2772 1362 2827 nudabuntur
1384 2771 1478 2844 capita
1499 2771 1634 2838 hostium,

99 2878 181 2917 ¹snos
198 2862 298 2932 affligit
317 2862 448 2928 exterius,
467 2867 496 2915 et
517 2862 636 2917 interius
660 2863 790 2917 vivificat.
835 2862 947 2933 quando
960 2878 1033 2916 rana
1048 2879 1109 2917 esse
1127 2861 1321 2934 probabuntur
1332 2861 1455 2929 [consilia
1472 2861 1635 2932 iniquarum

99 2966 163 3023 ergo
175 2967 228 3023 per
241 2951 355 3022 Moysen
369 2951 616 3021 loquiturdicens:
637 2952 714 3022 «ago
724 2951 794 3005 occi·
835 2952 983 3013 mentium.
997 2950 1097 3023 quibus
1112 2967 1142 3006 se
1158 2952 1272 3023 impune
1287 2966 1368 3022 posse
1386 2966 1502 3022 peccare
1515 2946 1636 3004 contlde-

115 3041 208 3095 vivere
223 3040 333 3106 faciam,
350 3040 506 3110 percutiam
518 3047 547 3094 et
574 3057 626 3111 ego
650 3040 791 3095 sanabo.»
835 3041 912 3106 bant,
929 3047 1048 3112 possunt
1061 3047 1090 3096 et
1103 3041 1196 3113 capita
1208 3041 1373 3112 iniquorum
1397 3040 1525 3110 magistri
1549 3039 1635 3110 accipi

99 3129 203 3195 ;enim‚
219 3135 251 3183 ut
266 3129 384 3183 vii-ilicet
400 3149 406 3195 ;
424 3130 553 3200 percutit,
570 3135 602 3183 ut
622 3135 711 3195 sanet,
729 3130 795 3201 quia
836 3131 1040 3197 errantium,in
1055 3146 1125 3201 quos
1141 3131 1210 3186 ultio
1224 3130 1377 3185 novissima
1404 3127 1552 3192 redundat,
1570 3128 1635 3199 quia

107 3217 183 3274 toras
198 3219 313 3273 verbera
331 3219 468 3282 admovet,
488 3224 520 3272 ut
536 3219 611 3273 intus
624 3219 741 3273 vulnera
754 3219 795 3273 in·
836 3220 884 3290 qui
898 3219 1299 3290 fueruntcausapeecatorum,
1310 3219 1432 3273 sentient
1443 3218 1582 3272 damnain
1594 3233 1636 3271 re·

103 3308 170 3381 quia
191 3308 294 3361 mentis
312 3312 414 3361 nostrae
428 3307 562 3361 duritiam
586 3324 637 3361 suo
656 3307 794 3362 desiderio
832 3307 988 3363 tributione
1003 3323 1159 3379 poenarnm.
1175 3308 1256 3364 Unde
1273 3307 1476 3379 inApocalypsl
1500 3305 1637 3378 scriptum

99 3397 126 3465 it,
133 3398 181 3452 sed
194 3395 374 3467 perentiendo
385 3402 475 3461 sanat,
493 3396 559 3468 quia
577 3396 693 3450 terroris
705 3397 795 3467 suija·
837 3404 881 3451 est
897 3417 902 3451 :
923 3417 934 3448 ι
952 3396 1059 3452 utexiit
1068 3397 1293 3468 sanguisdelacu
1307 3396 1436 3467 usquead
1445 3394 1540 3450 frenos
1552 3408 1637 3465 equo·

99 3487 224 3542 ansdxos
244 3486 278 3539 ad
300 3502 414 3539 sensum
425 3502 476 3539 nos
486 3485 660 3539 rectitudinis
674 3490 794 3551 revocat,
837 3486 1002 3555 rumdtpoc.
1022 3490 1087 3554 xor),
1104 3504 1118 3538 n
1135 3487 1187 3539 hoc
1201 3492 1253 3547 est,
1269 3485 1406 3556 processit
1426 3484 1495 3538 ultio
1510 3489 1637 3538 tormen·

98 3576 175 3630 enim
182 3581 277 3628 nostra
294 3576 366 3628 male
378 3590 445 3627 sana
465 3582 539 3636 sunt,
557 3590 620 3627 cum
640 3574 717 3627 nullo
744 3573 796 3627 Dei
836 3582 930 3629 torum
942 3591 1031 3645 usque
1045 3575 1210 3629 adnecteres
1221 3573 1398 3645 populorum,
1413 3587 1503 3643 usque
1514 3572 1634 3626 enimad

102 3664 277 3729 sauciantur,
294 3680 357 3718 cum
372 3662 607 3734 peregrinationis
619 3680 675 3718 sure
697 3678 796 3717 aerum·
837 3662 978 3718 diabolum
990 3670 1019 3718 et
1033 3665 1094 3734 ejus
1104 3664 1217 3733 angeles
1229 3662 1380 3716 novissimo
1400 3661 1553 3716 certamine
1570 3659 1638 3714 exiit

99 3769 131 3808 nn
148 3753 283 3817 sentiunt,
294 3769 357 3805 cum
370 3767 437 3822 erga
449 3751 642 3805 infirmitatem
666 3750 794 3822 proximi,
837 3753 907 3809 ultio
917 3752 1063 3823 sanguinis
1077 3750 1333 3816 sanctorumellusi,
1347 3750 1561 3822 sicutseriptum
1574 3755 1634 3803 est:

99 3841 191 3896 olibet
204 3841 322 3895 minimo
333 3841 433 3895 affectu
445 3841 639 3911 languescunt,
649 3840 797 3894 sedrulne-
841 3860 854 3893 o
869 3843 902 3897 in
916 3841 1052 3912 sanguine
1073 3841 1203 3913 peccasti,
1232 3847 1260 3894 et
1272 3840 1387 3912 sanguis
1401 3846 1431 3893 te
1454 3846 1639 3910 persequetur

100 3931 184 4003 ‚quia
193 3931 297 3984 amoris
312 3931 354 3984 sui
369 3930 482 4000 spiculis
496 3936 603 3984 mentes
617 3930 692 3984 Deus
705 3929 797 3983 insen·
841 3932 944 4002 (lineola.
957 3933 1053 3997 xxxv).
1073 3946 1085 3984 n
1100 3930 1262 3986 Notandum
1273 3946 1339 3986 vero
1359 3929 1432 4001 quod
1452 3929 1506 3983 hoc
1531 3929 1592 3982 loco
1609 3928 1638 3981 in

104 4021 237 4095 percutit,
253 4036 372 4090 moxque
384 4020 435 4072 has
445 4017 591 4073 sensibiles
602 4035 652 4088 per
668 4019 798 4072 ardorem
840 4019 961 4075 editione
975 4018 1048 4074 Lxx
1060 4019 1246 4091 interpretum
1256 4018 1384 4092 quaedam
1396 4017 1541 4073 sententiaa
1553 4016 1640 4071 inter-

99 4110 144 4165 itis
157 4109 259 4163 reddit.
841 4113 994 4181 ponuntur,
1002 4124 1064 4178 quae
1075 4109 1104 4163 in
1113 4109 1251 4164 Hebraico
1265 4109 1382 4164 veritate
1393 4125 1448 4163 nou
1459 4106 1641 4162 inveniuntur

99 4197 173 4254 trabe
190 4199 224 4252 ad
249 4198 351 4252 coelum
372 4213 488 4252 manum
512 4212 603 4250 meam
632 4202 660 4250 et
682 4196 798 4261 dicam,
841 4199 894 4253 hoc
908 4198 1000 4253 modo.

108 4304 161 4358 080
176 4287 205 4342 in
218 4294 363 4342 {sternum-
384 4308 395 4336 ’
412 4285 564 4340 AlisteditiO
576 4306 584 4349 ;
598 4304 611 4338 t
620 4286 695 4350 Quia
704 4285 801 4340 tollam
881 4288 1060 4355 ·Laetamini,
1072 4288 1144 4349 coeli,
1160 4288 1245 4343 simul
1263 4304 1325 4344 cum
1342 4305 1384 4354 eo,
1399 4293 1427 4342 et
1443 4287 1561 4342 adorent
1575 4298 1639 4339 eum

99 4393 152 4432 ‚uin
172 4394 288 4431 manum
311 4392 412 4439 meam,
430 4382 459 4429 ct
471 4373 572 4445 jurabo
592 4390 643 4446 per
656 4375 858 4474 dexteramDa
874 4395 971 4432 omnes
982 4379 1074 4448 angeli
1084 4377 1144 4432 Dei.
1156 4376 1642 4445 Laetamini,gentea,simulcumpo·

99 4464 264 4532 ‚etdicam:
279 4464 441 4534 Viroegoin
463 4471 610 4517 ueternum.
630 4484 641 4514 ι
658 4465 800 4518 lnemlnm
844 4486 857 4518 a
875 4467 941 4538 pulo
952 4468 1013 4537 ejus
1023 4467 1224 4521 etconiirment
1238 4481 1301 4519 eum
1313 4480 1410 4519 omnes
1423 4463 1473 4517 illii
1482 4463 1542 4518 Dei.
1563 4483 1574 4513 ι
1592 4463 1641 4517 Hae

98 4571 117 4608 n
131 4554 233 4617 levare,
246 4553 303 4607 sive
317 4553 445 4607 attollere
457 4558 499 4607 est
514 4553 668 4623 potentiam
688 4553 801 4608 aeterni·
841 4560 937 4610 tamen
945 4573 977 4610 ex
991 4554 1299 4610 canonicaauctoritate
1310 4553 1363 4607 rite
1374 4553 1488 4624 prolatae
1503 4568 1565 4606 esse
1579 4566 1642 4623 pro

99 4659 230 4714 uaesuper
244 4644 339 4697 omnio
349 4642 531 4696 excellentem
546 4642 693 4696 ostendere
706 4661 711 4696 :
723 4644 801 4713 jura·
842 4645 955 4710 bantur,
973 4644 1085 4715 quando
1100 4660 1131 4697 ex
1146 4643 1191 4697 his
1206 4643 1311 4697 Paulus
1325 4642 1467 4715 apostolus
1481 4639 1643 4696 testimonia

99 4732 245 4798 lentemm,
260 4739 370 4802 estpcr
385 4731 496 4795 Filium,
516 4732 562 4801 qui
574 4731 688 4786 dextera
695 4732 801 4786 Deinc·
842 4733 1109 4804 sumerereperitur.
1119 4733 1190 4787 Nam
1200 4732 1232 4787 in
1243 4730 1376 4803 Epistola,
1389 4748 1450 4804 quae
1461 4729 1497 4785 ad
1510 4728 1642 4786 Hebraeos

99 4823 281 4894 ir‚promissa
291 4822 379 4893 ipsius
388 4820 726 4892 inconspectuhominum
735 4837 799 4875 con·
842 4821 877 4877 ab
888 4823 948 4895 ipso
960 4822 1065 4894 scripta
1074 4826 1124 4885 est,
1142 4836 1256 4876 necnon
1268 4825 1295 4875 et
1309 4821 1338 4875 in
1353 4819 1402 4875 illa
1417 4837 1478 4891 quae
1492 4818 1527 4874 ad
1541 4818 1645 4875 Roma-

99 4927 126 4974 e,
138 4917 167 4966 et
184 4912 370 4966 aeternitatem
381 4926 461 4965 suam
476 4908 654 4964 credentibus
679 4909 732 4964 sibi
752 4927 802 4981 per
845 4928 896 4967 nos
916 4911 1046 4966 similiter
1060 4908 1094 4965 ab
1108 4928 1141 4964 eo
1153 4911 1261 4965 directa
1272 4916 1323 4976 est,
1345 4910 1410 4964 inde
1423 4909 1586 4964 testimonia
1601 4925 1643 4961 as·

99 5001 323 5066 eliumrerelare,
336 5000 403 5072 quia
417 5004 541 5072 potestas
552 5000 613 5069 ejus
624 5004 747 5068 potestas
762 5006 805 5054 est
845 5002 985 5073 sumpisse
998 5000 1148 5055 invenitur.
1169 5000 1294 5072 Denique
1315 4998 1350 5053 ad
1361 4996 1492 5053 Hebraeos
1519 4996 1643 5052 scribens

99 5107 118 5157 ι,
135 5095 166 5145 et
179 5106 298 5161 regnum
313 5091 382 5160 ejus,
396 5089 469 5160 quod
481 5104 536 5141 nou
553 5094 759 5157 corrumpetur.
846 5092 886 5145 sic
897 5090 983 5146 infert
1000 5109 1005 5145 :
1025 5110 1037 5139 e
1053 5090 1164 5145 Etcum
1185 5090 1288 5144 iterum
1303 5087 1457 5143 introducit
1471 5087 1642 5160 primogeni-

110 5194 247 5235 exacuero
259 5185 291 5233 ut
303 5179 398 5248 fulgur
423 5177 549 5248 gladium
572 5193 676 5241 meum,
694 5179 802 5232 etarri-
843 5186 905 5235 tum
919 5175 1286 5245 inorbemterrarumdicit,
1296 5178 1330 5232 Et
1340 5176 1457 5231 adorent
1470 5190 1535 5231 eum
1545 5190 1642 5229 omnes

99 5268 266 5340 itiudicinm
274 5266 569 5330 manusmea,reddam
577 5265 711 5321 ultionem
719 5267 803 5323 hosti·
845 5270 937 5339 angeli
946 5269 998 5323 Dei
1009 5270 1099 5336 (debr.
1115 5272 1144 5335 ι).
1162 5267 1225 5321 »Λᾶ
1242 5266 1383 5321 Romanos
1390 5282 1453 5319 vero
1468 5265 1503 5319 de
1517 5265 1643 5335 gentium

99 5358 160 5413 neis
170 5363 199 5412 et
213 5357 260 5431 qui
274 5357 446 5412 oderuntme
461 5353 625 5409 retribuam.
641 5374 653 5407 n
667 5357 730 5410 Alia
745 5357 804 5412 edi·
846 5354 1590 5425 convocationeetsatietateludaiceeplebisdisputans
1605 5355 1644 5408 sie

103 5447 178 5513 Quia
192 5464 324 5502 exarcuam
336 5447 411 5500 velut
419 5445 513 5512 fulgur
519 5444 644 5514 gladium
655 5447 747 5516 etagit
757 5448 805 5517 ju·
848 5449 889 5502 ait
904 5467 910 5501 z
928 5446 1017 5501 «Dico
1032 5446 1107 5500 enim
1116 5446 1260 5500 Christum
1270 5446 1367 5501 lesum
1377 5443 1539 5498 ministrum
1559 5444 1645 5498 fuisse

99 5552 292 5591 umanusmea
299 5542 327 5591 et
336 5534 489 5589 retribuam
495 5533 634 5604 judicium
647 5533 767 5590 inimicis
778 5543 807 5592 et
847 5536 1067 5591 circumcisionis
1075 5541 1189 5607 propter
1205 5533 1353 5589 ueritatem
1362 5533 1413 5588 Dei
1423 5533 1458 5587 ad
1479 5532 1647 5587 confirman-

99 5626 113 5682 i
126 5626 247 5681 oderunt
260 5642 307 5681 me
321 5624 447 5681 reddam.
466 5643 477 5676 ι
493 5623 644 5686 Exacuerc,
658 5628 690 5677 ut
711 5624 806 5696 fulgur
846 5625 896 5680 das
905 5623 1106 5699 promissiones
1116 5622 1233 5680 Petrum
1244 5622 1331 5690 (dom.
1340 5625 1396 5693 xv).
1411 5620 1540 5677 »Gentes
1550 5627 1645 5678 annm
