3772 6120
297 272 482 331 COMMENT.
503 272 542 331 ΙΝ
560 273 717 331 cenrico
735 271 818 340 QUAE
837 272 885 330 ΑΙ)
904 274 1043 331 LAUDES
1061 273 1255 331 DICUNTUR.

122 515 127 523 ’
177 563 500 665 ΒΕΑΤΙ
542 564 970 667 RABANI
1011 564 1379 667 Mamm

297 774 495 832 remensis
513 775 666 833 ABBATIS
690 775 735 832 ET
752 776 960 833 MOGUN'I'INI
978 776 1258 835 ARCHIEPISOOPI

95 927 825 1068 COMMENTARIA
882 932 982 1069 llll
1038 930 1468 1071 CANTICA

340 1278 405 1351 ΑΙ)
430 1278 705 1354 MATUTINAS
731 1280 917 1356 LAUDES
943 1279 1203 1356 DICUNTUE.

95 1567 109 1609 o
120 1553 355 1608 reverendissimo
365 1553 432 1608 etin
440 1553 518 1608 cultu
529 1569 600 1608 verae
609 1553 753 1625 religionis
762 1558 786 1617 Α
796 1554 927 1626 baptismi
936 1560 1143 1611 sacramentum
1153 1554 1441 1626 praedicatur,cantari
1449 1555 1596 1613 decretum

95 1640 184 1697 ssimo
194 1642 333 1698 Luoouco
348 1642 408 1713 regi
424 1642 555 1698 Raaanue
569 1643 686 1698 devotus
696 1660 757 1699 ser·
797 1648 849 1711 est,
865 1643 933 1715 quia
956 1644 1015 1699 haec
1038 1650 1105 1699 sunt
1122 1643 1204 1700 initia
1222 1643 1322 1699 salutis
1336 1649 1449 1700 nostra.
1464 1644 1497 1701 ln
1511 1644 1597 1700 tertia

95 1729 205 1786 Christo
220 1735 355 1786 aternam
371 1737 450 1803 optat
463 1731 593 1786 salutem.
797 1731 989 1805 quoqneleria
998 1733 1137 1788 canticum
1152 1732 1210 1787 sive
1219 1733 1310 1789 oratio
1320 1733 1443 1789 Ezechiae
1455 1733 1594 1806 psallitur,

95 1819 311 1891 quandoodvos
324 1821 352 1875 in
367 1821 467 1876 cellula
482 1820 645 1877 monasterii
654 1821 754 1889 nostri,
796 1820 825 1877 in
841 1837 896 1894 quo
919 1822 955 1877 de
979 1821 1144 1877 infirmitate
1157 1839 1209 1879 sua
1225 1822 1419 1879 convalescens
1439 1822 1596 1894 mannum

95 1913 143 1964 tur
152 1908 333 1981 Ratestorph,
341 1915 455 1965 vocatus
468 1910 541 1970 veni.
558 1914 588 1964 et
600 1926 693 1965 serrno
702 1910 757 1967 fuit
796 1911 920 1966 actiones
928 1927 979 1983 pro
990 1911 1081 1967 salute
1092 1911 1208 1967 suaDeo
1218 1910 1368 1980 referebat,
1379 1912 1596 1968 admonensnos

95 1997 130 2053 de
136 1998 289 2071 Scripturis
297 1999 642 2070 sacris,persuaderemihi
648 1999 756 2071 dignati
796 2004 829 2053 ut
851 2000 904 2072 ipsi
919 2005 984 2072 post
996 2006 1157 2073 perceptam
1171 2000 1294 2072 gratiam
1308 2000 1360 2055 Dei
1379 2005 1408 2055 et
1421 1999 1596 2057 ablutionem

102 2087 213 2143 cantica
226 2103 288 2159 quae
306 2088 335 2142 in
350 2087 496 2143 matutinis
515 2087 645 2143 laudibus
659 2092 757 2143 sancta
796 2087 1594 2161 sacribaptismatisamortisvinculisabsoluti‚peromne

95 2175 195 2233 eclesia
214 2175 291 2232 vobis
306 2176 455 2248 allegorico
468 2193 553 2232 sensu
567 2193 754 2249 exponerem3
795 2182 907 2250 tempus
921 2178 984 2235 rita
998 2183 1100 2235 nostrai
1114 2178 1173 2233 Deo
1192 2179 1301 2250 gratias
1319 2195 1403 2250 agere
1418 2179 1593 2235 studeamus.

95 2270 162 2321 lunc
175 2266 307 2337 respondi
315 2265 343 2320 id
357 2267 475 2336 mejam
489 2265 595 2321 factum
609 2265 712 2321 habere
726 2267 756 2322 in
796 2266 829 2322 ln
844 2272 946 2338 quarta
960 2273 1055 2325 autern
1068 2268 1139 2323 feria
1156 2268 1296 2324 canticum
1310 2270 1398 2324 Annae
1411 2268 1595 2340 prophetissa

95 2355 226 2422 inostria
236 2372 298 2426 qum
312 2355 342 2410 in
355 2361 479 2410 tractatu
496 2355 656 2411 divinorum
669 2354 756 2411 libro·
797 2356 916 2424 canitur,
930 2357 960 2412 in
970 2373 1026 2430 quo
1035 2357 1158 2414 Iudaica
1164 2357 1288 2429 perfidia
1295 2357 1420 2431 expulsio
1430 2358 1590 2428 denotatur,

95 2448 176 2500 ntum
188 2445 276 2517 potui,
286 2444 400 2512 confeci,
418 2461 469 2499 nec
480 2445 562 2499 modo
572 2461 685 2500 necesse
694 2461 755 2501 esse
797 2448 826 2498 et
839 2445 938 2501 electio
952 2445 1080 2501 Ecclesia
1090 2445 1125 2501 de
1138 2443 1269 2516 gentibus
1282 2445 1501 2500 demonstratur.
1516 2443 1592 2499 Nam

105 2538 249 2607 repetere3
261 2534 310 2589 sed
322 2550 385 2588 curn
400 2534 435 2588 ad
450 2533 652 2590 monasterium
664 2549 756 2590 rever·
794 2533 930 2606 inquinta
938 2534 1117 2591 leriamerito
1125 2533 1462 2590 ‹anticumlsraelitarum
1470 2532 1591 2602 canitur,

95 2628 147 2679 oet
156 2623 317 2695 quaesissem
327 2630 423 2678 utrum
435 2623 465 2677 in
479 2623 575 2678 omnia
584 2622 633 2677 illa
646 2622 755 2678 cantica
795 2622 870 2693 quod
881 2628 945 2694 post
958 2623 1067 2695 paschis
1082 2621 1299 2678 celebrationem
1312 2620 1406 2677 educti
1424 2637 1458 2676 ex
1471 2622 1590 2693 Egypto,

95 2728 160 2768 nern
168 2712 341 2782 jamfactam
358 2711 501 2778 haberem,
511 2711 632 2783 comperi
641 2712 715 2784 quod
724 2711 754 2767 in
794 2717 824 2767 et
835 2728 886 2783 per
898 2727 977 2767 mare
991 2711 1118 2768 Rubrum
1128 2712 1200 2767 sicco
1209 2711 1327 2783 vesdglo
1336 2709 1467 2766 translati
1482 2709 1591 2766 cenne-

95 2801 355 2874 leprophetissunt,
364 2799 752 2868 lsaiavidehcetetHabacuc,
795 2805 871 2857 runt.
896 2801 968 2855 Nam
984 2801 1056 2855 etin
1070 2799 1133 2873 ipsa
1146 2799 1217 2854 seria
1232 2798 1361 2855 Salvator
1377 2802 1473 2853 noster
1486 2797 1591 2870 pascha

95 2906 209 2947 uranum
223 2890 358 2946 miserim.
382 2891 462 2945 Unde
473 2889 591 2961 cogitavi
606 2889 682 2961 quod
696 2877 920 2961 haethypicum
934 2905 999 2945 cum
1010 2888 1154 2960 discipulis
1168 2888 1227 2944 suis
1240 2886 1394 2955 celebrans,
1403 2886 1592 2960 paschamys·

95 2994 121 3035 m
136 2980 245 3036 ceteris
258 2979 288 3034 in
301 2995 389 3034 unum
399 2979 530 3034 volumen
543 2984 715 3050 coaptarem,
726 2985 755 3034 et
794 2979 882 3034 ticum
904 2978 1091 3034 continuatim
1105 2977 1136 3033 in
1157 2981 1333 3033 sacramento
1348 2976 1473 3049 corporis
1486 2981 1592 3031 etsen-

95 3068 239 3140 egendum
248 3068 370 3122 maxime
378 3069 408 3122 in
418 3068 478 3122 istis
489 3067 587 3122 diebus
595 3067 755 3139 Quadrage-
794 3067 888 3139 guinis
897 3072 941 3123 sui
951 3073 981 3123 et
989 3066 1300 3123 inimmolationeillius
1309 3065 1375 3138 agni
1386 3065 1433 3137 qui
1442 3065 1518 3121 tollit
1526 3081 1593 3137 pec·

95 3156 553 3229 remitteremFecisiquidemhaec
563 3161 593 3213 at
604 3162 753 3229 utramque
795 3161 858 3212 cata
867 3156 975 3225 mundi,
990 3156 1171 3213 consecravit.
1188 3155 1254 3212 ldeo
1263 3158 1466 3226 consequenter
1475 3153 1593 3209 inserta

95 3262 109 3302 a
122 3246 210 3302 simul
223 3247 322 3317 posui:
341 3246 418 3300 illam
433 3245 562 3302 videlicet
573 3247 655 3316 juxta
669 3262 754 3318 quam
793 3245 1009 3302 seriacanticum
1020 3245 1150 3301 Habacuc
1158 3244 1406 3319 prophetamque
1415 3247 1593 3299 sacramenta

95 3324 755 3408 psallitEcclesia‚ethancquamerHebraicave-
794 3334 947 3391 Dominicee
955 3334 1316 3408 passioniscontinenturet
1324 3332 1537 3389 resurrectionis
1546 3337 1592 3389 at·

95 3424 218 3480 nahtam
228 3431 335 3480 caeterae
345 3424 502 3479 Occidentis
510 3441 544 3479 ex
554 3425 677 3480 maxima
687 3442 754 3498 par·
795 3439 849 3495 que
863 3423 1034 3479 ascensionis
1046 3425 1107 3494 ejus
1116 3423 1146 3478 in
1155 3423 1238 3478 coelos
1253 3421 1389 3494 mysteria
1401 3421 1590 3490 declarantur,

95 3514 250 3581 iEcclesiae‚
265 3514 413 3584 utriusque
428 3513 567 3581 editionis,
575 3513 624 3568 ubi
637 3514 712 3569 inter
723 3531 755 3569 se
794 3526 918 3581 congrue
927 3511 957 3565 in
967 3511 1090 3567 Ecclesia
1099 3509 1412 3583 psallitur,utomnibus
1422 3510 1589 3567 innotescat.

95 3619 116 3659 a
130 3602 306 3670 videbantur,
326 3619 440 3658 sensum
465 3619 615 3674 exponens,
630 3608 660 3658 et
674 3604 756 3674 juxta
795 3600 934 3671 quomodo
946 3600 975 3653 in
989 3604 1067 3654 sexta
1076 3598 1192 3666 leriain
1206 3615 1262 3670 qua
1274 3599 1384 3671 primus
1397 3599 1481 3653 homo
1494 3596 1591 3653 condi·

95 3710 119 3749 n
132 3697 294 3748 sanctorum
309 3693 427 3747 Petrum
438 3691 520 3747 dictis
524 3693 584 3762 jam
599 3693 753 3764 expositum
795 3695 841 3742 tus
851 3688 943 3743 denuo
958 3692 1010 3754 est,
1027 3688 1182 3743 humanum
1195 3704 1285 3759 genus
1298 3687 1335 3742 ad
1348 3688 1434 3743 uitam
1457 3693 1593 3743 eternam

95 3781 114 3836 el
125 3797 176 3854 per
186 3798 231 3837 me
241 3781 432 3852 divinagratia
441 3780 598 3852 opitulante
608 3781 755 3852 iuvestiga-
795 3792 846 3848 per
854 3777 998 3833 Christum
1008 3782 1199 3833 restauratum
1207 3776 1253 3832 sit.
1265 3775 1386 3834 Sabbnto
1398 3792 1509 3848 quoque
1520 3774 1592 3833 bene

116 3886 187 3943 opus
209 3870 410 3937 consummavi,
426 3876 524 3941 petens
537 3870 670 3926 lectorem
685 3869 755 3926 utsi
796 3869 951 3936 etcongruo
960 3866 1099 3922 canticum
1106 3865 1316 3922 Deuteronomii
1326 3865 1484 3922 canendum
1491 3863 1593 3921 consti·

102 3959 134 4016 in
148 3976 182 4015 eo
194 3959 350 4031 displiceat,
365 3975 422 4014 non
432 3959 486 4014 cito
496 3958 693 4030 reprehendat,
706 3958 755 4015 sed
794 3959 888 4010 tntum
903 3960 956 4022 est,
971 3954 1001 4010 in
1016 3970 1071 4027 quo
1084 3953 1221 4011 beneficia
1230 3954 1281 4011 Dci
1295 3971 1363 4027 erga
1374 3954 1497 4027 priorem
1505 3970 1593 4027 popu·

95 4049 203 4104 siderei
212 4053 308 4105 utrum
319 4050 459 4120 majorum
469 4049 564 4105 sensui
573 4047 756 4105 concordctet
795 4044 854 4099 lum
867 4043 1106 4112 demonstrantur,
1122 4049 1151 4098 et
1163 4059 1249 4117 quam
1262 4043 1373 4116 ingrate
1384 4043 1459 4099 idem
1472 4042 1592 4116 populus

95 4131 646 4204 intrariumnonsit:sicquedevotionem
652 4133 755 4189 mentis
795 4149 828 4188 ea
842 4134 1007 4206 susceperit,
1023 4134 1122 4207 hisque
1135 4132 1241 4191 abusus
1255 4133 1302 4201 sit,
1324 4133 1480 4190 certissime
1498 4132 1592 4208 expri-

95 4222 125 4292 ,11-
132 4239 216 4294 qnam
224 4223 414 4294 eloquentiam
420 4221 568 4277 verborum
578 4238 623 4294 per
629 4222 754 4294 pendens
763 4222 785 4284 C
794 4223 962 4296 mitur;quia
970 4224 1055 4278 eadie
1061 4223 1217 4297 antiquitus
1222 4223 1406 4280 constitutum
1415 4223 1593 4279 estDeutero·

95 4311 150 4368 icio
162 4312 197 4367 de
213 4311 386 4382 illoJ'udicet,
397 4311 487 4367 sciens
498 4311 755 4382 scriptum21nquc
795 4313 921 4369 nomium
932 4312 1003 4386 legis
1016 4312 1474 4386 insynagogarecitarr'meoblivio
1491 4326 1593 4384 prace-

101 4403 192 4455 mensi
202 4400 315 4467 [centis
324 4402 485 4454 remetietur
495 4400 685 4471 cobisfflatth.
695 4403 751 4468 vu),
794 4406 907 4472 ptornm
921 4401 973 4458 Dei
984 4401 1013 4458 in
1023 4403 1126 4476 populo
1136 4404 1226 4469 fieret,
1237 4401 1287 4456 sed
1296 4401 1591 4474 magisincitaiautur,

95 4493 187 4545 autern
197 4493 290 4544 movet
303 4488 377 4561 quod
385 4488 445 4560 ipsa
452 4488 661 4544 candeanoneo
669 4489 753 4545 modo
794 4488 1059 4548 adobservationem
1077 4489 1376 4563 preceptorumillius.
1387 4488 1504 4547 Uadain
1512 4487 1592 4547 Acti·

95 4576 616 4634 ictoribussuisconditasuntordinem
625 4582 751 4646 teneant,
793 4576 1590 4651 bnsapostolorumlacobodicentaitascriptumlegimus:

95 4683 128 4723 ιω
142 4673 242 4739 postea
254 4667 331 4722 edita
344 4671 411 4722 sunt
423 4666 516 4739 priore
526 4666 587 4722 loco
601 4673 751 4739 ponantur,
794 4669 895 4736 noym
907 4671 984 4724 enim
996 4685 1015 4723 a
1025 4670 1193 4739 temporibus
1204 4671 1330 4738 amicale
1339 4669 1417 4724 babel
1427 4671 1460 4725 in
1470 4670 1591 4738 rimulis

95 4755 172 4812 icum
182 4755 269 4812 Exodi
280 4755 455 4811 etcanticum
467 4755 679 4811 Deuteronomii
688 4759 755 4811 ante
795 4759 962 4825 arantibus,
974 4761 1023 4826 qai
1037 4774 1100 4812 eam
1108 4759 1258 4827 pradicant
1270 4760 1302 4813 in
1315 4760 1473 4828 apamenis,
1485 4759 1535 4813 abi
1541 4773 1592 4829 pce·

95 4845 173 4901 adca
182 4845 431 4918 perlegislatorem
441 4844 517 4900 edita
528 4849 603 4908 sunt,
620 4851 756 4916 agnoscat
795 4863 874 4901 ornae
883 4847 1028 4901 sabbatum
1043 4848 1145 4914 lenitur
1160 4846 1232 4914 (Act.
1248 4847 1305 4918 xv);
1317 4862 1369 4903 nos
1383 4862 1449 4918 ergo
1462 4845 1593 4902 similiter

95 4934 193 4990 instra
202 4935 317 5001 sactum,
328 4933 377 4990 sed
387 4934 496 4989 decenti
507 4933 605 4988 ordine
615 4939 644 4988 et
653 4950 754 4989 secan·
795 4933 894 4988 eodem
899 4933 1023 4988 carmine
1031 4932 1591 5004 spiritualiterinstmimurntnondmus

94 5029 271 5079 ›nemactum
279 5021 754 5095 esseutmysteriisetinstitutioui·
794 5021 1592 5096 ingratibenellciorumDei,sedmagisperomnetempns

95 5112 170 5169 mnia
179 5112 361 5168 convenirent
372 5111 558 5167 divinisNam
567 5111 597 5166 in
608 5111 754 5167 Dominica
793 5111 857 5168 vita
870 5116 973 5168 nostrae
985 5111 1117 5168 nudibus
1131 5128 1194 5183 epus
1205 5113 1379 5181 imistamus,
1393 5111 1483 5170 donec
1496 5112 1592 5169 reniet

102 5202 263 5275 peremnia
285 5199 456 5256 honorabilis
475 5206 504 5254 et
518 5200 605 5272 digua
622 5200 752 5256 laudibus
792 5199 1421 5274 illudsabbatnm,inquodperpetualitsrcurn
1428 5201 1541 5260 Christo
1550 5219 1592 5258 re·

95 5291 160 5348 ades
168 5290 255 5346 trium
265 5306 417 5363 puerorum
432 5289 462 5344 in
473 5289 750 5346 Ecclesiacarruntur.
794 5289 888 5362 quiem
896 5289 1089 5362 possideamus
1099 5294 1243 5346 aternam.
1258 5291 1374 5348 Cantica
1384 5307 1450 5348 vem
1459 5290 1495 5348 de
1504 5290 1593 5347 Esau·

96 5377 755 5437 ornnescreaturaeadlaudandumetbencdicen·
795 5377 868 5450 gello
882 5383 995 5450 sumpta
1007 5384 1073 5451 apte
1086 5383 1116 5434 et
1124 5378 1320 5436 convenienter
1327 5378 1453 5452 quotidie
1461 5380 1491 5437 in
1501 5380 1593 5437 Eccle-

95 5476 200 5527 atorcm
213 5487 295 5525 suum
306 5473 503 5541 provocantur.
514 5469 546 5523 ln
556 5467 679 5522 secunda
688 5483 753 5522 vero
794 5467 837 5522 sia
850 5467 994 5523 decantari
1007 5467 1177 5538 amagistris
1188 5469 1315 5526 Ecclesia
1323 5469 1469 5526 decretum
1477 5475 1530 5539 eat,
1543 5474 1593 5526 lroc

95 5561 181 5618 ticum
196 5559 285 5627 leaire,
296 5559 327 5615 in
337 5575 392 5630 quo
407 5558 543 5614 adrentus
559 5555 711 5613 Salvatoris
726 5562 756 5611 et
795 5562 847 5627 est,
872 5561 905 5613 ut
918 5556 1057 5613 cauticum
1076 5557 1215 5614 Zacharia
1228 5559 1381 5632 prophetae,
1405 5559 1454 5619 uhi
1478 5567 1591 5620 exortus
