3786 6128
209 258 257 316 sss
504 255 536 309 e.
557 253 694 310 menso
713 255 829 311 usum
848 256 1016 313 morirer.
1036 253 1199 310 umore
1219 253 1369 310 oeneus
1386 253 1478 311 enas
1497 254 1548 311 m.
1730 212 1736 227 ⁶
1790 255 1843 311 ssa

208 383 285 437 niam
294 379 487 453 pronuntians,
495 393 551 431 raon
557 379 632 430 enim
640 380 744 431 vocavit
752 394 800 431 nos
810 379 879 432 dens
886 380 918 433 in
929 381 1004 447 inno
1013 375 1195 448 Aaggerevit,
1212 375 1237 431 si
1249 381 1352 431 etcum
1367 392 1454 432 uxore
1467 376 1600 450 illiusqui
1614 394 1665 451 per
1683 378 1771 434 tidem
1784 376 1844 434 na-

209 473 339 533 miniorn,
349 469 394 522 scd
405 470 436 521 in
453 468 677 520 sanctimoniam.
695 467 848 534 ltaqnoqni
865 468 919 522 bac
932 483 1005 536 sper-
1043 471 1088 520 ter
1097 471 1140 520 est
1153 465 1365 536 permiscentur,
1381 482 1465 537 quem
1484 467 1639 523 etnatrem
1654 467 1843 540 nuncupavit,

210 557 580 623 nitriorrbominernspernil,
592 555 638 608 sed
651 556 747 621 Hosion,
766 557 815 623 qni
824 558 908 609 etiam
930 557 1003 609 dedit
1044 559 1076 608 ut
1085 555 1176 624 majus
1188 554 1350 609 ostenderet
1367 555 1557 626 usurpationis
1581 557 1668 629 ipsius
1681 557 1800 624 crimen,
1812 572 1847 611 ea

208 647 346 717 Spiritum
356 649 482 697 sanetum
493 645 613 697 siriani-in
625 645 702 697 scobis
714 662 720 709 ;
732 643 928 698 auctoritatem
937 660 1004 716 prae·
1045 643 1118 714 quad
1133 647 1162 697 ct
1176 643 1252 714 apud
1264 660 1361 698 omnes
1374 644 1404 698 in
1430 644 1593 701 confusione
1618 646 1771 701 deductum
1791 650 1846 712 est,

209 740 288 805 cepto
297 749 348 786 suo
359 730 546 786 inviolabilem
563 730 658 800 junxit
675 730 779 796 dicens,
790 731 838 802 qui
852 732 910 786 haec
925 749 1005 803 sper·
1044 732 1085 786 ita
1094 738 1126 787 ut
1140 733 1411 787 necdemortuorum
1418 733 1537 788 fratrum
1544 751 1659 790 uxorem
1673 750 1848 806 quemquam

207 823 258 888 nit,
274 822 302 876 id
318 827 370 887 est,
386 819 685 891 quandosanctimonia
705 820 836 891 praetatus
858 837 931 887 sum,
948 837 1005 876 non
1045 820 1161 874 alterius
1175 819 1300 890 accipere
1314 821 1406 876 liceat.
1437 821 1542 876 Deinde
1556 823 1626 878 etin
1639 823 1741 878 timore
1769 821 1848 877 redi·

209 911 350 967 hominem
356 909 473 981 spernit,
483 909 536 962 hoc
549 915 600 967 est.
610 924 665 962 non
675 925 729 974 me,
748 909 796 980 qui
808 910 866 964 haec
875 909 1005 981 precipio
1045 925 1111 980 gere
1127 925 1174 963 eos
1185 909 1299 981 cupiens
1313 910 1411 981 adjicit
1425 929 1431 964 :
1451 911 1486 965 Eo
1500 914 1572 980 qaod
1582 913 1682 966 circaea
1698 913 1734 966 sit
1749 913 1848 966 borni-

208 998 417 1069 sedlleum,qui
430 999 459 1052 in
474 1014 519 1052 me
532 997 666 1068 loquitur,
679 998 726 1069 qui
739 998 824 1052 etiam
839 998 1005 1069 Spiritusne
1047 1013 1100 1052 nas
1113 1003 1137 1051 et
1160 999 1192 1051 de
1210 1000 1337 1052 omnibns
1359 1001 1429 1053 istis.
1449 999 1524 1054 Bene
1537 1001 1569 1054 de
1582 1002 1711 1054 mrvriibns
1728 999 1846 1070 adjecit,

95 1096 98 1105 '
208 1095 304 1144 sancto
320 1104 368 1143 cor
383 1092 511 1142 nostrum
534 1086 725 1142 habitaculum
740 1087 893 1158 deputavit.
906 1087 1004 1142 Cernis
1046 1086 1088 1140 ita
1100 1091 1132 1140 ut
1145 1091 1174 1141 et
1183 1086 1281 1158 primis
1294 1086 1363 1141 illud
1392 1094 1503 1158 aptasse
1528 1089 1664 1146 videatur.
1682 1093 1712 1142 et
1739 1088 1849 1143 iterum

208 1177 381 1249 simplicibus
393 1175 494 1239 verbis,
510 1193 542 1230 ac
556 1176 643 1247 puris,
660 1175 760 1247 quibus
779 1193 841 1230 eam
860 1176 1006 1248 preconiis
1047 1175 1127 1247 quasi
1138 1181 1307 1242 contestans,
1325 1177 1459 1247 quoniam
1482 1183 1509 1231 et
1530 1177 1636 1232 dudum
1658 1177 1719 1232 hec
1745 1177 1849 1232 eadem

209 1266 377 1339 quantisque
391 1265 523 1320 extulerit
536 1265 676 1329 laudibus,
692 1265 815 1337 primurn
830 1266 927 1321 virtuti
940 1266 1006 1321 huic
1047 1264 1156 1319 dixerat
1178 1262 1242 1332 illis,
1259 1265 1362 1336 adjecit
1377 1285 1383 1320 :
1400 1265 1478 1322 Sicut
1488 1271 1512 1320 et
1524 1268 1707 1336 prediximus
1720 1268 1804 1331 nabit,
1821 1271 1848 1321 et

208 1356 458 1410 sanctificationem
468 1354 579 1426 proprie
588 1354 860 1419 tribuend03deinde
871 1372 921 1425 per
935 1355 1007 1408 hanc
1047 1356 1189 1408 contestati
1202 1371 1307 1420 sumas,
1324 1359 1353 1409 et
1362 1355 1512 1410 ostendens
1526 1355 1658 1426 quoniam
1672 1352 1851 1411 necessarius

208 1441 1004 1514 amerensvasnostricorporisimmunditialiberandum;
1050 1442 1088 1496 sit
1109 1442 1165 1497 illis
1189 1448 1218 1497 et
1239 1443 1273 1497 de
1296 1443 1340 1497 his
1359 1460 1462 1498 sermo.
1491 1444 1553 1517 ,lion
1579 1447 1654 1498 enirn
1674 1446 1780 1498 oooacit
1800 1459 1849 1498 nas

208 1534 293 1589 tertio
307 1534 380 1604 quod
399 1532 509 1603 abjecta
521 1531 677 1602 ignominia
686 1536 715 1585 et
729 1531 899 1586 contumelio
910 1532 941 1586 in
956 1533 1007 1586 ho·
1048 1532 1118 1585 Dens
1128 1534 1391 1598 inirmnanditiarn,
1401 1535 1446 1586 sect
1460 1535 1491 1587 in
1517 1535 1777 1602 sanctificationem.
1791 1533 1848 1588 su·

208 1639 277 1677 nore
295 1622 341 1687 sit,
367 1628 396 1675 et
422 1621 643 1675 sanctificatione
664 1636 840 1675 mansurum.
861 1621 1007 1675 Postremo
1049 1636 1102 1690 que
1117 1619 1239 1677 siabhis
1253 1636 1304 1674 nos
1318 1620 1503 1687 continemus,
1522 1620 1848 1693 tuncillsegimus,que

209 1728 270 1783 quae
281 1728 392 1765 summa
405 1710 443 1765 sit
458 1710 589 1781 pericctio
603 1709 710 1781 praemii
725 1727 757 1764 ac
767 1709 951 1764 beatitudinis
960 1726 1005 1764 re·
1015 1701 1038 1761 B
1048 1714 1173 1763 nostram
1187 1725 1272 1780 agere
1285 1709 1451 1764 conveniens
1475 1715 1519 1764 est
1542 1711 1726 1778 vocationem,
1743 1709 1849 1766 vocant

208 1805 376 1864 muneratio,
394 1817 445 1870 per
462 1800 535 1853 hanc
553 1798 754 1853 habitationem
771 1798 890 1870 pectoris
917 1798 1008 1853 nostri
1048 1797 1123 1851 enirn
1137 1814 1189 1852 nos
1207 1799 1243 1853 ad
1271 1798 1520 1853 sanctificationem
1534 1799 1731 1871 possessionis,
1745 1799 1777 1854 in
1796 1814 1846 1871 que

208 1894 336 1943 sanctum
350 1888 408 1943 sore
423 1888 552 1960 spiritum
564 1887 730 1958 designavit.
743 1887 890 1954 Abstinctc,
904 1887 1005 1959 inquit,
1048 1893 1075 1941 et
1089 1887 1207 1942 existere
1223 1887 1252 1941 in
1265 1887 1514 1959 suturasperamus
1530 1889 1640 1956 seculo,
1656 1889 1773 1960 quando
1802 1904 1846 1944 ex·

208 1975 1008 2045 cosabornnisornicationc(Arnbr.)Nuntiavitenimei'l'i·
1047 1983 1194 2046 surgentes
1204 1976 1394 2048 etincorrupti
1409 1976 1498 2032 ellecti
1504 1993 1594 2048 neque
1601 1993 1718 2048 peccare
1729 1977 1843 2033 ulterim

207 2064 1008 2136 matheusintercaetera,quoniamindifferentessunterge
1047 2065 1211 2135 poterimus,
1224 2081 1307 2136 quarn
1319 2071 1349 2119 et
1362 2065 1467 2120 imitari
1478 2082 1529 2121 nos
1543 2065 1701 2121 secundum
1712 2064 1837 2138 possibili

209 2155 429 2226 permistionem,
445 2154 546 2209 lascive
570 2153 702 2216 viventes,
714 2153 755 2208 ita
777 2158 809 2208 ut
824 2154 938 2224 quidam
958 2171 1006 2209 eo·
1047 2160 1135 2208 tatem
1148 2154 1178 2208 in
1187 2155 1319 2226 praesenti
1333 2154 1389 2209 vita
1398 2155 1535 2210 convenit.
1545 2155 1651 2210 Deinde
1661 2154 1763 2226 adjicit
1776 2173 1785 2208 .·
1800 2157 1845 2211 Ita

207 2260 270 2299 rum
284 2244 370 2299 etiam
385 2261 485 2299 uxores
499 2243 643 2308 habentes,
658 2259 714 2297 non
728 2243 786 2298 sint
810 2243 935 2298 contenti
949 2244 1007 2298 suis
1047 2259 1098 2311 pac
1108 2247 1157 2312 qui
1166 2244 1404 2312 lraecspcrnit,non
1416 2244 1555 2298 bominem
1566 2247 1683 2313 spernit,
1697 2245 1745 2299 sed
1754 2244 1847 2300 amm

206 2333 353 2401 uxoribus;
370 2334 506 2404 quosdam
520 2349 584 2387 vera
594 2348 692 2387 eorum
707 2332 793 2387 etiam
808 2331 907 2387 alienis
916 2332 1008 2387 uxori·
1047 2334 1127 2400 quiet
1141 2333 1215 2386 dedit
1225 2332 1364 2402 Spiritum
1372 2349 1455 2387 suani
1468 2338 1596 2387 sanctam
1605 2336 1636 2387 in
1646 2334 1737 2388 nobis.
1755 2333 1886 2406 lteqm

207 2420 259 2477 bus
278 2421 446 2494 permiscere
470 2421 619 2488 nuntiavit,
633 2421 668 2476 de
693 2421 795 2493 quibus
813 2420 910 2476 scribit
933 2437 1007 2477 nunc
1048 2419 1095 2491 qui
1106 2420 1165 2475 haec
1176 2420 1235 2490 agit
1250 2439 1257 2486 ;
1274 2421 1367 2492 ipsum
1386 2421 1494 2492 spernit
1504 2421 1603 2488 Deum,
1618 2421 1688 2476 dum
1708 2421 1747 2477 ad
1766 2421 1887 2477 alters

207 2511 242 2564 ad
258 2528 305 2566 cos
319 2511 491 2565 correctione
506 2511 608 2581 optinae
632 2510 851 2564 conversationis
869 2510 921 2563 hoc
931 2510 1007 2581 prin·
1047 2514 1160 2563 vocatus
1175 2509 1264 2564 altera
1272 2509 1346 2580 agit,
1358 2510 1616 2574 necessariaautem
1627 2509 1716 2565 hocin
1731 2510 1795 2566 loco
1808 2510 1887 2568 nd

206 2598 595 2670 cipiumsumens.Namdum
602 2597 670 2653 dicit
683 2600 802 2653 abomni
809 2599 1005 2665 fornicatione,
1043 2597 1130 2667 jectio
1140 2605 1192 2664 est,
1205 2615 1290 2669 quam
1306 2598 1410 2668 adjecit
1424 2598 1571 2670 deSpiritu
1586 2599 1662 2666 data,
1680 2615 1713 2654 ea
1729 2599 1809 2672 quod
1821 2618 1887 2659 Ξ

206 2687 367 2742 differentes
389 2687 580 2742 fornicationis
603 2687 710 2758 species
733 2686 889 2742 evidentius
914 2692 1007 2741 osten·
1046 2685 1095 2741 illo
1109 2686 1887 2761 nobissuturatribuunturbona.Seminatarduqm..

206 2776 273 2831 dere
287 2777 383 2831 voluit.
399 2776 542 2831 Necenim
557 2781 618 2830 erat
630 2775 711 2829 aliter
724 2774 855 2847 possibile
872 2776 1006 2846 adJuvare
1046 2779 1286 2844 corpasanirnatc,
1297 2780 1389 2844 serait
1403 2792 1500 2846 corpas
1513 2779 1649 2846 spiritale.
1672 2776 1887 2849 Accipien-

206 2881 255 2919 eos
268 2865 316 2936 qui
327 2864 517 2936 deliquebant,
536 2865 559 2919 si
576 2881 632 2920 non
648 2864 807 2936 specialiter
831 2864 946 2918 dixisset
970 2864 1006 2919 de
1047 2880 1114 2934 ergo
1130 2864 1203 2918 hanc
1212 2864 1326 2919 arrham
1337 2864 1506 2932 futurorum,
1525 2864 1621 2931 idest,
1638 2865 1784 2936 primitias
1792 2865 1887 2937 ST..

208 2953 264 3008 illis
274 2969 335 3024 quae
353 2953 456 3025 corrigi
470 2953 680 3009 conveniebant.
696 2951 773 3007 Scire
783 2969 1007 3022 rtnomqnernqac
1047 2952 1128 3018 ritus,
1144 2952 1167 3007 si
1181 2952 1330 3008 fecerimus
1343 2953 1399 3007 alis
1417 2959 1520 3025 praeter
1535 2953 1623 3009 illain
1649 2970 1774 3025 quorum
1802 2971 1887 3013 Ξ

206 3059 289 3096 soom
308 3059 354 3097 aas
362 3044 498 3111 possidere
513 3047 545 3098 in
572 3045 717 3097 sanctitate
736 3046 760 3095 ct
781 3042 881 3096 bonore
898 3059 955 3096 non
973 3039 1034 3100 inC
1045 3058 1142 3097 sumus
1156 3041 1254 3109 vocati,
1271 3042 1412 3114 despectio
1424 3048 1469 3097 est
1491 3042 1603 3097 evidens
1614 3042 1677 3108 Dei,
1693 3042 1743 3114 qui
1770 3041 1887 3098 no*-

205 3135 329 3199 passiono
348 3134 579 3201 concupiscentie.
592 3132 651 3186 lloc
669 3130 783 3202 quidem
806 3130 841 3184 de
855 3129 910 3185 illis
924 3130 1001 3197 dicit,
1043 3131 1156 3185 arrham
1170 3130 1279 3185 dedisse
1301 3131 1420 3186 videtur.
1446 3133 1511 3187 Haee
1533 3131 1568 3186 de
1590 3131 1770 3188 naturalibus
1788 3148 1887 3204 p·-

207 3219 255 3290 qui
265 3236 364 3275 uxores
388 3220 524 3275 habentes
537 3237 594 3275 non
617 3226 698 3274 erent
715 3219 770 3274 illis
784 3219 917 3286 contenti,
935 3218 1006 3273 dixit
1043 3218 1222 3273 mistionibus
1237 3219 1394 3291 disputans,
1415 3220 1518 3275 transit
1531 3219 1665 3276 adalind.

206 3324 289 3363 suurn
303 3326 359 3376 vas,
372 3309 515 3381 propriam
524 3311 585 3380 ejus
599 3325 715 3363 uxorem
735 3308 775 3364 sic
799 3308 959 3375 nominans,
974 3309 1004 3363 in
1077 3310 1114 3363 lic
1123 3309 1258 3362 ctoritate
1267 3314 1360 3362 autem
1375 3310 1564 3376 fraternitatis
1575 3325 1631 3363 non
1644 3325 1750 3364 neoesse
1768 3308 1887 3363 ba:

205 3397 354 3452 sanctitate
363 3398 515 3470 possidere,
531 3397 600 3452 illud
614 3397 718 3464 dicens,
739 3402 806 3452 tunc
821 3397 932 3468 quando
946 3413 1003 3451 non
1043 3399 1228 3452 rreasscribare
1251 3400 1333 3461 notia
1352 3400 1406 3466 ipsi
1419 3399 1494 3452 enim
1522 3413 1540 3450 a
1554 3399 1607 3452 Deo
1620 3398 1695 3452 docti
1720 3399 1795 3462 estis,

205 3485 510 3552 adulterasordidatur‚
520 3486 549 3540 in
565 3487 670 3541 bonore
683 3490 777 3540 autem
789 3485 868 3551 dixit,
875 3501 908 3539 eo
929 3484 1003 3555 quod
1041 3486 1167 3553 diligatis
1177 3487 1632 3554 inniccmmtenisntacitisilludio
1642 3488 1887 3556 amoenos-³

205 3589 261 3628 non
275 3574 407 3646 despecta
420 3591 471 3630 sua
493 3591 579 3630 uxore
589 3575 626 3629 ad
641 3575 759 3629 altemm
769 3574 886 3628 alterius
894 3573 1004 3628 intuea·
1042 3576 1092 3643 qui
1106 3577 1138 3628 in
1154 3577 1209 3629 tota
1222 3580 1288 3629 sant
1303 3575 1470 3630 Macedonia.
1492 3575 1776 3630 Otsmramasantem
1789 3585 1887 3629 s:-

205 3666 261 3729 tur,
277 3664 402 3734 apertius
420 3681 484 3719 vero
500 3664 579 3731 dixit,
600 3681 657 3719 non
672 3667 704 3718 in
728 3666 854 3733 passione
877 3664 1003 3732 mncapi·
1041 3664 1154 3730 fratres,
1170 3664 1313 3718 abundare
1340 3665 1437 3731 irvaais,
1452 3668 1477 3717 ct
1491 3662 1887 3732 stadimnbabcrsquiffi

204 3754 320 3819 scentia,
340 3769 372 3807 eo
390 3752 464 3824 quod
491 3753 546 3808 ista
560 3769 647 3823 agens
666 3769 723 3806 non
750 3751 829 3823 quasi
843 3751 922 3805 uxori
946 3766 1003 3805 suae
1042 3768 1104 3817 esse,
1115 3756 1140 3806 et
1152 3767 1233 3820 apere
1245 3756 1367 3806 onesinum
1381 3754 1530 3819 nepotium,
1545 3754 1693 3821 etnpcrari
1712 3744 1887 3807 inanit?

201 3840 317 3909 junctus
331 3858 392 3896 esse
406 3842 526 3909 videtur,
542 3842 590 3896 sed
601 3847 716 3914 propter
732 3840 947 3912 permixtionem
956 3855 1003 3894 so·
1042 3842 1148 3905 nestris,
1159 3843 1264 3894 sioatci
1285 3843 1463 3910 precepimus
1480 3841 1562 3907 nain,
1587 3844 1619 3894 nt
1636 3841 1787 3896 ambuans
1799 3876 1811 3892 .

204 3926 261 3981 lam
275 3927 303 3982 id
313 3929 373 3999 agit
383 3928 519 3995 absolute,
531 3944 616 4000 quam
638 3928 796 4000 passionem
810 3927 1004 3999 concupiscen·
1042 3933 1115 3983 nesta
1128 3930 1166 3983 ad
1179 3946 1221 3983 eos
1234 3931 1284 3998 qai
1296 3930 1367 3996 soris
1376 3933 1452 3995 sant,
1472 3933 1497 3983 at
1509 3930 1618 3983 nullius
1631 3944 1735 3984 mense
1748 3918 1887 3983 rand

203 4015 251 4069 tire
273 4017 453 4087 nuncupavit.
488 4017 718 4088 Concupiscentia
733 4016 809 4072 enim
828 4016 859 4070 in
886 4015 1003 4071 crimine
1043 4020 1087 4071 tis.
1104 4017 1240 4088 Cognovit
1253 4017 1390 4089 quosdam
1404 4033 1465 4072 esse
1475 4022 1504 4072 et
1512 4016 1588 4088 apud
1609 4016 1673 4071 illos
1687 4017 1737 4089 qui
1765 4014 1887 4071 vat-a

203 4103 295 4156 vocari
305 4119 362 4158 non
372 4111 474 4176 potest,
491 4122 524 4159 eo
539 4105 614 4176 quod
628 4111 736 4159 naturae
750 4110 858 4159 motum
873 4103 903 4159 in
921 4120 1003 4159 suam
1041 4105 1208 4161 videbantur
1222 4122 1283 4161 esse
1296 4105 1506 4177 indisciplinati,
1523 4104 1571 4176 qui
1597 4105 1668 4160 nibil
1691 4106 1887 4178 operaest

204 4191 316 4262 explere
329 4192 439 4248 videtur
451 4209 575 4248 uxorem.
604 4193 766 4248 Passionem
784 4209 848 4247 vero
869 4193 1000 4265 concupi·
1041 4212 1074 4249 ex
1083 4195 1139 4249 illis
1149 4211 1211 4266 quse
1224 4195 1390 4250 edaliorum
1412 4193 1592 4266 pertinebant
1613 4193 1777 4262 utilitatem,
1798 4191 1836 4249 ἱ

204 4280 317 4334 scentia
339 4281 418 4349 dixit,
440 4282 515 4353 quod
536 4281 598 4336 aliis
626 4281 738 4337 feminis
761 4281 892 4353 permixti
914 4281 1000 4336 etiam
1041 4301 1126 4355 super
1140 4284 1228 4338 otiose
1240 4283 1363 4340 viventes
1377 4283 1497 4338 aliorum
1511 4282 1699 4339 discutiebant
1711 4283 1801 4339 vitam
1829 4281 1887 4333 ἐ

203 4384 269 4423 suas
282 4371 432 4425 uxoresed
447 4371 660 4427 similitudinem
675 4387 772 4426 earum
794 4369 872 4425 abuti
894 4369 1138 4433 velintznturbas
1166 4371 1301 4443 quasdam
1329 4371 1434 4426 extoli
1468 4370 1681 4426 commovebant
1719 4369 1887 4428 ratioffl

203 4457 303 4513 deinde
316 4460 525 4531 comparatione
539 4459 712 4515 contrarium
726 4476 796 4531 opus
809 4459 902 4531 ipsum
920 4458 1000 4514 sulli-
1041 4460 1136 4525 (Rue.)
1146 4460 1187 4518 De
1201 4459 1302 4531 quibus
1313 4465 1343 4514 et
1351 4460 1476 4532 apertius
1489 4460 1519 4514 in
1540 4460 1665 4515 secunda
1687 4459 1887 4535 ‹lupum›

202 4546 309 4603 cienter
323 4549 476 4620 derogavit,
494 4568 507 4602 o
522 4549 595 4605 sicut
616 4555 645 4604 et
660 4554 759 4619 gentes
783 4566 844 4620 quse
871 4547 1001 4603 nesciunt
1040 4548 1173 4621 Epistola,
1189 4553 1218 4602 et
1232 4549 1284 4603 hoc
1298 4548 1327 4602 in
1337 4548 1397 4603 loco
1411 4549 1446 4603 de
1455 4548 1511 4605 illis
1524 4548 1630 4617 scribit,
1647 4565 1681 4604 eo
1695 4547 1887 4624 quodipfl

202 4636 303 4691 Deum.
321 4639 411 4693 »Haec
424 4640 520 4694 dicens
534 4639 568 4695 de
582 4639 637 4693 illis
647 4637 770 4710 dixitqui
780 4653 880 4693 uxores
892 4636 999 4692 haben·
1040 4637 1166 4692 otiositas
1179 4642 1336 4708 etoperum
1358 4638 1493 4693 securitas
1506 4637 1626 4693 iaciebat
1646 4654 1696 4693 eos
1712 4638 1747 4694 in
1772 4621 1887 4694 „issi

202 4727 245 4776 tes
258 4722 321 4778 aliis
335 4727 499 4783 mulieribus
511 4726 753 4799 permiscebantur
768 4746 776 4781 :
791 4727 821 4780 in
830 4725 1000 4797 subsequen·
1040 4725 1110 4780 utile
1122 4726 1214 4797 ipsam
1228 4725 1306 4780 abuti
1321 4725 1503 4781 otiositatem.
1522 4726 1633 4781 Etenim
1647 4726 1718 4782 dum
1730 4726 1872 4783 boniw

201 4809 277 4866 tibus
292 4827 357 4867 vero
371 4813 496 4886 disputat
508 4816 582 4872 etde
596 4816 651 4870 illis
678 4815 726 4887 qui
740 4812 914 4886 usurpabant
935 4830 1000 4885 per·
1040 4815 1160 4870 aliorum
1174 4814 1514 4870 sinediscusionecunctis
1526 4815 1721 4886 indigentibus
1742 4806 1856 4891 solacis

202 4899 319 4955 miscere
325 4900 380 4957 illis
390 4904 553 4959 mulieribus
568 4921 629 4975 quae
643 4904 768 4975 legitime
782 4903 905 4957 maritali
919 4906 1000 4957 erant
1038 4902 1191 4975 prebebat,
1206 4908 1318 4958 tantum
1330 4903 1354 4957 si
1365 4903 1492 4973 ejusdem
1501 4902 1566 4958 fidei
1580 4919 1640 4959 esse
1648 4903 1843 4960 exmtimam

198 4988 303 5058 juncte
317 4991 427 5046 ellectu.
444 4994 474 5048 tlt
490 5010 546 5047 non
559 4994 787 5062 superarcdiatnr
799 4996 824 5045 et
837 4992 949 5059 fraudet
967 4994 999 5045 in
1041 4996 1103 5046 tur:
1119 4991 1333 5063 laudatquidem
1341 4992 1474 5063 primitus
1482 4992 1555 5059 illos,
1572 4992 1621 5064 qui
1630 4990 1835 5064 prebebanta

200 5082 306 5147 mortio
323 5082 443 5148 fratrem
456 5098 548 5136 suurn.
561 5080 742 5137 Pudicissime
758 5080 871 5152 quidem
886 5079 957 5135 dixit
969 5079 998 5135 in
1038 5080 1095 5135 tele
1108 5080 1292 5153 propositum,
1301 5081 1409 5152 etquod
1428 5080 1584 5137 necessario
1596 5080 1667 5137 illud
1676 5080 1832 5155 explebant,

200 5168 322 5238 negabo,
337 5186 388 5242 per
400 5169 496 5225 omnia
507 5186 572 5224 vero
591 5169 769 5242 iniquitatem
782 5169 874 5241 operis
898 5169 996 5224 enixus
1037 5169 1120 5225 simul
1135 5169 1220 5224 etiam
1240 5173 1270 5225 et
1282 5169 1424 5225 collaudat
1436 5186 1493 5238 eos,
1510 5169 1643 5244 quoniam
1671 5186 1729 5227 non
1747 5171 1832 5233 solun

200 5259 244 5308 est
256 5271 383 5327 arguere.
399 5259 473 5315 Nam
490 5258 557 5315 dum
572 5258 638 5314 dicit
653 5274 712 5315 non
723 5258 897 5331 supergredi,
913 5257 995 5330 quasi
1037 5272 1104 5329 erge
1112 5273 1178 5313 suos
1191 5256 1241 5312 sed
1250 5263 1279 5312 et
1292 5257 1362 5312 alios
1369 5256 1474 5325 fideles,
1491 5257 1540 5330 qui
1554 5257 1584 5314 in
1598 5257 1663 5315 aliis
1675 5257 1747 5317 loeis
1760 5275 1831 5318 earn·

199 5343 335 5399 terminos
347 5347 483 5418 quosdam
502 5345 608 5418 positos
631 5346 811 5403 invadentem
833 5346 928 5419 arguit
943 5362 995 5414 ;eo
1036 5362 1146 5401 morare
1159 5344 1326 5401 videbantur
1347 5346 1404 5402 tale
1422 5346 1578 5403 accelerare
1596 5346 1724 5404 studium
1748 5347 1834 5407 edin

199 5430 274 5499 quad
289 5433 367 5501 dixit,
382 5436 522 5500 fraudere,
534 5434 616 5507 quasi
630 5434 679 5506 qui
686 5435 924 5491 alienamauferat
933 5451 995 5507 pos·
1034 5435 1121 5505 plere.
1136 5434 1272 5507 Praecepit
1285 5450 1352 5506 ergo
1365 5433 1474 5491 casem
1484 5441 1517 5490 ut
1534 5451 1591 5491 non
1606 5431 1765 5493 abutantur
1776 5435 1833 5494 illo·

199 5516 373 5592 sessionem,
389 5530 418 5579 et
434 5525 508 5597 quod
530 5522 610 5596 dixit,
626 5522 753 5592 fratrem,
770 5525 862 5595 majus
888 5523 995 5579 cumen
1035 5538 1098 5578 rum
1113 5521 1242 5578 libertate
1254 5522 1290 5577 ad
1309 5522 1359 5577 illa
1372 5539 1500 5594 queenon
1523 5523 1703 5593 conveniunt,
1718 5524 1769 5598 qui
1782 5540 1831 5583 aa·
