3772 6120
118 306 169 362 lio
352 298 641 360 usnemrrusuu
660 297 698 354 av
718 293 795 352 era
816 296 922 354 rnuu
943 296 1011 352 ern.
1031 299 1079 353 xi.
1097 330 1129 339 -
1153 300 1191 354 nv
1211 298 1321 356 arvsr.
1342 300 1353 356 1
1373 302 1420 357 nu
1441 301 1522 360 coe.
1704 304 1755 362 rso

115 430 358 487 animasillorum.
367 450 380 483 r
390 430 431 485 nd
439 422 1091 495 hocsestinabatllpostolussemperAdirinam,
1105 423 1170 495 quia
1181 424 1228 495 qui
1239 424 1379 480 calestram
1387 426 1529 497 justitiam
1540 431 1697 486 servutsine
1706 428 1756 487 du·

114 521 262 581 sollicitus,
274 527 307 574 ut
315 520 408 591 gloria
423 520 463 573 illi
477 520 615 570 cresceret
629 512 703 585 apud
721 513 809 567 Deum
826 514 919 584 aequi-
959 509 1005 564 bio
1016 511 1044 565 in
1054 512 1106 566 hac
1116 513 1246 583 praesenti
1256 514 1455 584 perseetusest.
1474 518 1667 583 miserantium
1679 521 1755 576 enim

113 610 175 665 sitae
191 609 291 664 salutis
306 610 471 664 multorum.
488 608 583 675 (hug.)
596 605 728 672 Quotidie,
740 602 842 673 inquit,
860 618 918 656 arro·
959 600 1230 669 Driquidenrbebrnt
1241 622 1248 657 :
1258 604 1294 656 ed
1302 607 1482 658 asserentium
1491 606 1675 676 rolesloquor.
1688 606 1756 665 Pro·

112 704 175 753 rior
186 715 238 768 per
250 703 372 752 cestram
384 699 515 766 pieriam,
534 697 646 762 srcrtres.
660 690 718 745 Hoc
731 707 766 744 ne
781 688 844 762 quis
858 691 917 746 exi·
958 690 1080 760 positum
1090 686 1140 743 Dei
1156 690 1318 761 ignorantes
1332 692 1371 757 hi,
1389 693 1436 764 qui
1452 693 1526 748 inter
1548 711 1596 750 ees
1610 701 1754 755 converte-

111 786 212 842 stimet
236 787 276 841 ita
298 787 416 850 dictum,
441 790 577 856 tanquam
602 780 625 834 si
650 779 800 845 diceretur,
825 784 918 834 vestra
957 776 1069 844 bantur,
1079 784 1420 835 mortuosresunecturos
1429 781 1548 836 stultum
1558 781 1755 842 essedicebant

109 876 206 947 gloria
214 892 261 930 me
270 875 334 930 fecit
346 873 471 946 quotidie
482 871 563 937 morl,
575 871 647 924 sieut
658 868 770 933 dicitur,
782 885 833 939 per
842 869 916 923 illius
957 866 1080 921 credere.
1097 865 1162 922 Ideo
1173 868 1308 938 pudorem
1316 868 1372 924 illis
1384 868 1486 925 incutit
1499 871 1577 942 quasi
1593 869 1755 944 impruden·

109 964 311 1036 magisterium
325 962 424 1018 doetus
434 963 523 1016 factus
533 966 585 1027 est,
599 959 626 1012 id
638 965 689 1022 est,
700 957 775 1011 illins
786 958 915 1028 magiste-
956 952 1042 1022 tibus,
1058 955 1209 1011 credebant
1218 956 1295 1012 enim
1306 956 1356 1018 eis,
1370 958 1418 1030 qui
1436 958 1626 1029 ignorantiam
1640 962 1692 1018 Dei
1705 962 1754 1023 ha·

110 1056 154 1107 rio
168 1054 339 1113 factumest,
358 1058 391 1106 ut
404 1051 524 1123 perfecte
540 1050 696 1112 doceretur,
714 1045 810 1101 Graeca
825 1062 915 1101 exem·
956 1044 1054 1099 bentes
1067 1052 1165 1100 eontra
1184 1046 1234 1101 Dei
1257 1052 1365 1101 stattuta
1387 1046 1533 1103 docebant.
1549 1046 1602 1106 See
1620 1049 1689 1107 dicit
1701 1054 1754 1108 eli-

108 1143 202 1213 pluria
223 1140 389 1214 dijudicant,
413 1141 442 1194 in
464 1136 566 1211 quibus
589 1138 725 1208 scriptum
748 1143 800 1197 est,
816 1127 848 1197 νὴ
866 1128 914 1199 τὴν
955 1135 1753 1212 ptris:Oriornodoresurpuntritortui,queliarctemcorpore

106 1223 241 1299 ὑμετέραν
257 1220 399 1302 καύχησιν,
418 1227 491 1299 qnod
507 1226 628 1282 nonnisi
643 1226 785 1295 ejurante
801 1222 913 1279 dicitur.
956 1225 1091 1276 renitent?
1107 1222 1164 1276 Hos
1177 1222 1247 1277 dixit
1259 1224 1446 1294 ignorantiam
1457 1223 1508 1280 Dei
1519 1212 1622 1282 habere
1633 1245 1753 1301 quorum

109 1319 152 1372 lta
163 1334 232 1389 crgo
244 1317 412 1388 intelligitur
426 1317 591 1388 precepisse
610 1330 645 1368 ne
660 1315 782 1384 juretur,
796 1328 831 1367 ne
841 1312 915 1384 quis-
956 1311 1265 1382 depravataesententiae
1274 1310 1601 1384 verbaprotulitdicens:
1615 1316 1753 1384 Quemad-

109 1422 198 1477 quam
211 1406 285 1462 sieut
305 1406 409 1460 bonum
432 1410 547 1476 appetat
565 1400 776 1475 jusjurandum,
797 1408 825 1456 et
843 1401 913 1456 assi-
955 1402 1070 1455 modum
1090 1408 1238 1471 resurgent
1258 1402 1372 1467 mortui,
1395 1419 1450 1474 quo
1470 1409 1566 1459 autem
1581 1421 1696 1479 corpore
1709 1424 1753 1462 ve-

108 1494 219 1550 duitate
237 1494 353 1566 jurandi
374 1495 409 1550 ad
431 1493 588 1566 perjurium
609 1509 659 1564 per
683 1491 913 1545 consuetudinem
955 1490 1035 1544 nient
1048 1495 1060 1542 ?
1075 1489 1117 1544 eui
1129 1505 1251 1561 congrue
1266 1491 1420 1561 respondit,
1433 1491 1528 1547 dicens
1540 1512 1546 1546 :
1558 1493 1705 1569 insipiens,
1721 1498 1752 1551 iu

106 1584 261 1639 dilabatur.
277 1586 375 1655 ltaque
386 1584 524 1638 Dominus
535 1583 617 1637 decet
628 1580 697 1635 nihil
714 1597 776 1635 esse
787 1587 846 1635 tam
861 1579 913 1634 vile
955 1579 1752 1650 quodserninesironeieificatm·nisipriusmeriutur.0um

106 1672 137 1728 in
152 1674 292 1728 creaturis
303 1674 363 1738 Dei,
375 1678 407 1727 ut
417 1690 469 1744 per
479 1672 531 1726 hoc
541 1671 659 1743 quisque
670 1670 855 1742 pejerandum
866 1686 913 1724 ar·
955 1666 1069 1720 animali
1085 1665 1197 1722 homine
1208 1684 1264 1723 non
1274 1668 1373 1740 utique
1382 1669 1454 1740 legis
1464 1671 1709 1744 auctoritateagis,
1719 1677 1752 1729 ut

106 1762 238 1817 bitretur.
251 1762 395 1827 Quandoa
416 1759 535 1816 summis
550 1776 639 1831 usquc
656 1760 691 1814 ad
709 1759 806 1813 intima
819 1757 913 1812 divina
923 1744 946 1805 Β
956 1755 1089 1827 exemplis
1099 1756 1224 1818 suadeat.
1237 1774 1298 1829 quae
1313 1757 1335 1811 si
1346 1759 1485 1831 reciperet
1497 1775 1553 1815 non
1561 1766 1669 1817 erraret
1683 1781 1689 1830 ς
1701 1762 1752 1819 sod

106 1851 285 1922 providentia
312 1856 407 1905 ereata
435 1855 579 1921 regantur,
611 1848 747 1919 incipiens
770 1864 787 1902 a
810 1847 912 1902 throno
954 1844 1240 1917 physicarationede
1255 1847 1374 1918 quesibi
1384 1844 1538 1917 blanditur,
1550 1848 1752 1908 utnoncredst

107 1939 159 1994 Ilei
176 1956 267 2012 usque
287 1940 321 1993 ad
343 1940 476 2011 capillum
490 1936 585 1993 albuni
606 1944 635 1993 et
651 1938 781 2008 nigrurn;
801 1943 830 1991 et
847 1936 912 1991 hinc
953 1948 1099 2005 resurgere
1107 1932 1397 1990 resolutaetemortua
1405 1950 1531 2008 corpora.
1539 1935 1751 1997 Ostendiienim

108 2028 197 2082 etiam
212 2036 313 2082 caetera
327 2028 535 2097 intelliguntur,
550 2043 612 2098 qum
631 2025 727 2080 omnia
744 2023 840 2096 utique
857 2025 911 2080 diei
953 2029 1066 2077 mortua
1079 2039 1192 2078 rursum
1208 2025 1334 2095 reparari
1350 2022 1386 2080 ad
1400 2023 1497 2095 vitam,
1509 2032 1539 2081 et
1552 2024 1749 2100 multiplicata,

107 2129 165 2171 non
187 2123 326 2187 poteraut,
348 2118 421 2171 sicut
439 2116 518 2182 illud,
536 2115 609 2187 quod
631 2115 911 2170 commemoravimus
952 2111 1419 2170 utconfundaturerrorhumanus.
1431 2115 1465 2170 ut
1474 2114 1684 2185 quodomnium,
1693 2132 1750 2173 non

106 2203 216 2259 dictum
230 2204 266 2259 ab
286 2205 437 2277 Apostolo:
456 2205 581 2272 Quotidie
601 2206 708 2258 citerior
730 2209 910 2272 porcastrum
953 2217 1050 2270 corpus
1064 2202 1135 2271 quod
1149 2203 1281 2270 patrarem
1295 2208 1332 2256 est
1347 2205 1476 2270 sentinas,
1497 2203 1543 2257 scd
1559 2203 1668 2259 nudum
1681 2220 1749 2276 pre-

105 2297 229 2362 ploriem
263 2309 347 2364 quam
367 2290 551 2364 jurationem,
567 2298 599 2347 ut
618 2290 738 2347 Domino
759 2308 789 2347 se
808 2291 909 2347 debere
952 2306 1030 2355 retain,
1043 2293 1241 2358 utputetrr'tici
1248 2297 1297 2345 arat
1307 2293 1428 2362 clicerius
1437 2297 1606 2346 ceterorum.
1617 2290 1687 2347 deus
1695 2308 1748 2348 uu·

107 2382 272 2437 ostenderet
298 2381 426 2447 addidit.;
452 2398 534 2451 qriarn
557 2382 639 2435 imbro
663 2384 694 2435 in
714 2382 820 2437 Christo
845 2383 908 2436 lesu
952 2384 1002 2433 tem
1015 2380 1129 2433 catillis
1140 2385 1324 2448 eorpesprout
1336 2380 1599 2450 reclamantemque
1609 2384 1748 2436 seminum

110 2471 228 2525 [ionitae
244 2477 346 2524 nostro.
948 2471 1094 2536 proprium
1106 2483 1211 2536 corpus.
1225 2467 1332 2539 (Greg.)
1347 2466 1452 2523 Paulus
1466 2467 1611 2539 apostolus
1625 2469 1721 2526 dicens
1739 2488 1746 2525 τ

142 2560 175 2615 Si
188 2561 341 2614 secundem
356 2559 504 2623 berithum,
514 2560 654 2613 eriberties
667 2561 792 2628 pepone-i
802 2558 907 2628 Ephesi,
950 2555 1012 2611 Non
1028 2571 1128 2627 corpus
1141 2554 1214 2627 quod
1229 2556 1356 2612 futurum
1370 2560 1414 2611 est
1429 2557 1562 2625 seminas,
1575 2555 1624 2614 sed
1638 2558 1747 2617 nudum

108 2648 178 2718 quid
191 2650 265 2702 irtihi·
270 2649 379 2717 prodest
389 2651 415 2702 si
425 2649 530 2701 mortni
545 2663 600 2702 non
616 2644 779 2713 reserarat?
790 2646 907 2718 lhmbn)
948 2661 1079 2716 manum,
1094 2645 1147 2701 hoc
1166 2645 1291 2701 insinuat
1306 2646 1380 2718 quod
1394 2645 1532 2711 videmus,
1548 2645 1616 2720 quia
1625 2662 1746 2720 manum

107 2738 166 2793 Hoc
179 2743 234 2799 est,
248 2736 272 2790 si
283 2737 438 2792 secundum
449 2736 603 2791 humanum
615 2750 728 2790 sensum
744 2736 801 2808 (qui
813 2737 908 2790 videns
950 2750 1014 2788 eum
1028 2735 1120 2789 culmo
1135 2741 1164 2788 et
1177 2734 1251 2790 foliis
1265 2735 1399 2799 nascitur,
1411 2736 1486 2807 quod
1496 2735 1556 2791 sine
1566 2734 1659 2793 culmo
1667 2741 1696 2792 et
1704 2734 1746 2794 lo·

104 2826 155 2881 hoe
178 2828 207 2880 in
231 2842 326 2880 rerum
352 2831 483 2880 naturam
504 2841 559 2879 non
579 2826 688 2891 eadere,
713 2831 745 2879 ut
764 2840 828 2879 caro
848 2825 907 2896 jam
950 2822 993 2876 liis
1004 2824 1170 2878 seminatur.
1183 2822 1232 2878 Ille
1243 2821 1374 2896 itaquein
1382 2831 1534 2896 augmento
1543 2825 1641 2898 gloriae
1654 2841 1746 2882 roeur·

104 2917 196 2970 soluta
206 2915 379 2970 reformetur
389 2916 423 2968 ud
439 2914 535 2977 vitam,
547 2915 663 2968 minime
680 2913 769 2968 credit
783 2915 907 2969 staturam
949 2911 1090 2977 rectionis,
1104 2929 1159 2966 non
1170 2909 1343 2984 dixit,grano
1353 2912 1470 2970 seminis
1477 2914 1574 2971 deesse
1587 2910 1662 2988 quod
1673 2918 1743 2985 erut,

105 3006 343 3058 resurrectionem
358 3008 556 3072 mortuorum),
572 3003 670 3058 bestiis
689 3004 783 3057 offerri
799 3018 854 3057 non
869 3003 906 3057 el-
929 3001 998 3087 ¹sed
1012 3000 1053 3055 illi
1070 3000 1216 3072 essequod
1240 3019 1295 3056 non
1309 3008 1379 3057 erat.
1397 3001 1502 3073 (Δηώ.)
1523 3003 1553 3058 Si
1570 3021 1621 3074 ego
1636 3002 1745 3060 nudum

104 3094 174 3160 mni,
186 3091 257 3148 nihil
268 3092 380 3165 profeci.
393 3092 448 3147 Sed
465 3109 520 3146 non
537 3090 589 3146 hoc
605 3100 656 3158 est,
677 3092 744 3163 quia
760 3098 853 3146 certus
872 3091 906 3146 de
918 3068 1068 3160 (¹gr·annm
1084 3090 1249 3156 seminatur,
1266 3097 1295 3145 ct
1308 3090 1358 3145 Dei
1375 3096 1446 3147 nutu
1465 3092 1672 3165 quodammodo
1690 3091 1745 3151 ele·

103 3183 245 3254 promissa
267 3182 334 3245 vim,
352 3197 408 3236 non
432 3183 522 3235 solum
540 3181 645 3244 timuit,
664 3182 711 3235 sed
736 3187 764 3235 et
786 3180 907 3236 libenter
948 3186 1106 3234 mentonrm
1124 3180 1279 3234 ministerio
1295 3181 1427 3235 vestitum
1442 3181 1575 3253 resurgit,
1591 3181 1681 3238 multa
1702 3199 1745 3239 se-

102 3272 200 3326 bestiis
211 3271 306 3325 efferri
323 3288 353 3325 se
376 3287 476 3341 passus
492 3277 544 3331 est,
563 3270 635 3323 sicut
655 3270 730 3324 inter
747 3277 848 3324 caetera
866 3270 906 3326 ait
947 3285 1011 3322 cum
1025 3267 1130 3323 habens
1144 3269 1319 3324 incrementa
1328 3269 1460 3325 utilitatis
1470 3270 1610 3337 humana,
1619 3287 1669 3327 eur
1676 3287 1742 3345 ergo

102 3361 130 3414 in
140 3360 258 3415 rictibus
269 3360 461 3430 apostolorum
473 3378 478 3412 :
488 3360 542 3428 Epo
556 3363 630 3413 caim
640 3374 696 3412 nen
707 3363 793 3413 solani
808 3361 903 3426 lipari,
947 3374 1002 3412 non
1017 3357 1149 3412 credibile
1164 3358 1213 3412 Dei
1227 3359 1330 3413 virtute
1344 3358 1382 3414 sit
1396 3364 1540 3416 mortuum
1555 3376 1636 3433 posse
1650 3376 1742 3417 resur-

102 3451 148 3503 sed
163 3456 188 3504 ct
200 3452 275 3503 rnori
286 3453 404 3518 paratus
419 3451 521 3502 satanin
531 3450 720 3515 Hierosolyma
732 3463 784 3516 pro
794 3451 905 3501 raorninc
945 3462 1021 3515 gere,
1030 3445 1176 3501 meliorata
1185 3453 1299 3501 tantum
1308 3446 1476 3517 substantia,
1485 3464 1664 3505 nonnumero
1671 3444 1743 3506 mul·

101 3539 218 3593 dorrrini
229 3540 319 3592 neutri
332 3539 393 3592 ,lesu
411 3537 515 3590 diuisit
530 3538 597 3604 (alet.
612 3541 680 3599 xxv).
944 3535 1102 3606 tiplieatunr
1113 3534 1125 3586 i
1138 3534 1211 3599 Quid
1225 3553 1291 3608 ergo
1300 3537 1456 3608 requiritur
1465 3536 1741 3610 abinddeliquooor-

135 3628 335 3682 avunducemus
344 3626 509 3689 etbr'bemus,
519 3629 662 3679 crescatur
672 3627 836 3678 lamiarum&
845 3625 904 3680 lioe
944 3640 1012 3695 pore
1025 3630 1174 3695 resurgant
1193 3626 1306 3693 mortui,
1318 3643 1381 3680 eum
1392 3627 1519 3698 exempla
1538 3625 1692 3698 praedicant
1705 3626 1741 3683 ad

102 3716 136 3769 ab
156 3714 231 3770 isaia
250 3713 389 3787 propheta
409 3713 576 3768 dictumest
606 3715 669 3780 (isa.
693 3716 770 3782 xxu),
789 3719 904 3784 propter
944 3712 1038 3774 fidem,
1055 3713 1127 3767 hasne
1142 3714 1296 3768 melioratae
1316 3716 1538 3777 resurrectionis
1555 3732 1611 3769 non
1631 3714 1741 3771 amman

102 3806 152 3859 hos
172 3805 222 3876 qui
246 3804 324 3875 quasi
346 3801 417 3856 nihil
440 3801 568 3857 futurum
590 3806 664 3856 esset
686 3808 900 3872 postmortem,
943 3800 1116 3866 substantiae,
1134 3818 1190 3874 qua
1206 3803 1352 3874 proprium
1374 3820 1475 3874 cerpus
1494 3801 1620 3875 recipiet,
1636 3804 1665 3858 in
1684 3818 1740 3876 quo

101 3893 192 3948 ventri
225 3898 337 3946 tanturn
365 3889 516 3946 studebant
542 3891 681 3961 quomodo
709 3906 818 3961 pecora,
851 3891 902 3946 sic·
943 3896 1053 3945 creatus
1061 3889 1153 3944 hdam
1163 3890 1326 3962 estimem.)
1335 3887 1741 3963 Secundumhocergodixerat

102 3989 131 4038 ut
166 3990 196 4036 ct
232 3981 261 4036 hi
300 3981 348 4052 qui
380 3979 541 4035 Corinthios
578 3979 778 4051 depravabant.
814 3980 902 4035 Nolite
943 3997 999 4034 raon
1014 3996 1110 4049 corpus
1125 3981 1197 4050 quod
1211 3983 1342 4048 [acturum
1357 3984 1394 4034 est
1408 3982 1540 4050 scenicus,
1554 3996 1646 4053 neque
1663 3981 1738 4037 enim

98 4072 200 4135 sedrrch
210 4076 395 4140 corrumpent
411 4085 497 4124 encres
513 4071 593 4123 bonos
608 4072 744 4137 colloquia
759 4072 844 4123 irrata.
855 4069 900 4125 Si·
942 4086 997 4124 non
1013 4069 1137 4125 triticum
1149 4070 1203 4124 erit
1213 4086 1245 4124 ex
1253 4070 1357 4138 tritico,
1376 4070 1425 4124 sed
1440 4069 1506 4141 quia
1521 4087 1604 4126 nemo
1615 4071 1739 4127 seminat

98 4160 216 4231 gnisscat
238 4157 463 4213 confabulatione
483 4157 622 4212 malorum
643 4157 790 4213 hominum
813 4159 898 4213 everti
941 4156 1739 4235 herbam.velstipularn,etmultiplieiainpalcategumen-

98 4266 179 4322 posse
208 4248 313 4303 bonum
339 4247 523 4318 propositum,
546 4245 697 4301 assiduitas
721 4247 797 4300 enim
822 4251 898 4318 pravi
940 4253 1220 4319 tagranorum‚cum
1233 4248 1441 4321 quibustomen
1455 4248 1735 4321 seminaexsurgunt,

98 4337 229 4409 colloquii
240 4338 321 4391 vitiat
336 4342 469 4395 mentem,
482 4352 514 4389 ac
524 4352 575 4407 per
595 4336 646 4389 hoc
663 4335 698 4389 ab
718 4335 785 4407 ipsis
802 4353 900 4391 caven·
941 4338 1003 4392 ideo
1013 4338 1113 4399 ait,sed
1122 4339 1231 4393 audiun
1242 4355 1376 4407 preerunt,
1389 4338 1454 4393 hinc
1465 4339 1561 4392 volens
1571 4337 1734 4393 ostendere:

96 4429 174 4482 dum.
199 4427 366 4496 Quicunque
391 4425 466 4478 enim
490 4430 633 4495 acceptam
660 4424 743 4478 fidem
759 4425 898 4480 custodire
940 4427 1007 4498 quia
1017 4428 1123 4481 siDcus
1133 4427 1336 4499 potestaddere
1347 4427 1421 4497 quod
1433 4442 1489 4480 non
1499 4426 1598 4480 eratin
1609 4425 1738 4480 nudose-

97 4517 166 4573 vult.
186 4515 310 4569 maxime
331 4513 404 4567 inter
427 4513 487 4584 ipsa
515 4513 596 4567 initia
620 4518 829 4584 perstrepentes
852 4514 899 4568 de-
940 4516 1123 4581 minemulto
1139 4514 1229 4586 magis
1244 4521 1336 4587 potest
1350 4512 1636 4587 repararequederat
1649 4510 1736 4569 iubo-

99 4605 144 4659 bet
159 4604 261 4663 vitare,
281 4608 313 4657 ut
331 4602 449 4674 impleat
469 4602 544 4673 quod
558 4603 626 4657 utile
644 4602 789 4673 judicavit.
806 4601 899 4657 Sobria·
940 4605 1025 4658 minis
1035 4621 1159 4675 corpore.
1176 4603 1240 4658 Jam
1254 4619 1320 4657 vero
1334 4599 1594 4674 quodadjuugitud
1608 4601 1738 4680 differen-

97 4700 184 4759 cstete,
207 4695 319 4758 cipitata
336 4693 418 4759 justi,
435 4698 460 4746 et
479 4695 563 4746 nolite
580 4706 698 4761 peceare.
717 4691 898 4762 vigilandum
940 4694 1009 4748 tiam
1020 4693 1142 4765 pertinet
1156 4692 1363 4763 resurgentium
1373 4698 1488 4764 propter
1496 4690 1621 4748 diversus
1631 4690 1737 4764 glorias

98 4788 194 4838 monet
211 4798 248 4836 ne
267 4779 505 4835 circumventione
529 4780 605 4851 pravi
624 4797 723 4835 sensus
742 4782 826 4851 capti,
843 4788 900 4836 eta
940 4782 1065 4837 lldclium
1080 4788 1165 4853 atque
1179 4788 1350 4836 sanctorum.

97 4871 151 4927 tide
160 4870 276 4926 abducti
291 4871 513 4942 depmvarentur
523 4876 700 4924 mortuorum
715 4870 897 4926 resurreetio·
975 4872 1034 4926 Non
1051 4877 1141 4925 einais
1155 4887 1219 4926 cero
1234 4871 1327 4926 cedem
1343 4887 1416 4926 care.
1436 4873 1500 4927 Alia
1518 4874 1630 4943 quidem
1649 4873 1735 4926 herai·

98 4978 161 5015 nem
179 4977 237 5015 non
253 4959 403 5014 credendo.
423 4959 517 5013 iustos
541 4976 601 5014 esse
626 4959 767 5031 praecepit,
792 4967 824 5013 ut
843 4977 899 5015 non
939 4977 1018 5023 arana,
1030 4964 1089 5015 alie
1105 4977 1242 5031 pacorum,
1258 4962 1318 5016 ulia
1334 4963 1489 5026 interram,
1504 4964 1736 5031 aliupisciem‚et

97 5050 188 5105 solum
196 5057 343 5104 terrenam
349 5049 489 5119 justitiam
502 5049 637 5113 excolant,
649 5049 697 5102 sed
707 5049 896 5112 eteoelestem,
940 5066 1054 5119 corpore
1069 5053 1193 5115 celestia,
1210 5056 1234 5103 ct
1250 5066 1364 5119 corpore
1376 5053 1529 5105 terrestria.
1540 5049 1592 5106 Sed
1605 5052 1665 5104 alia
1674 5051 1736 5118 qui·

97 5141 163 5210 quia
176 5147 292 5194 terrena
298 5138 411 5209 iustitia
421 5138 553 5191 meritum
573 5154 628 5191 non
638 5136 794 5203 facit,sieut
804 5145 898 5193 etnon
939 5141 1000 5193 elena
1014 5142 1157 5194 celestium
1173 5141 1273 5206 pieria,
1292 5142 1456 5195 alienatam
1471 5141 1654 5193 terrestrium.
1670 5139 1735 5195 Alia

97 5230 161 5284 lacit
170 5246 264 5284 reum.
276 5227 352 5292 Quid
362 5227 437 5281 enim
448 5242 583 5297 magnum
594 5232 638 5280 est
651 5227 743 5281 aliena
753 5243 809 5281 non
821 5228 899 5281 tolle-
939 5231 1053 5282 claritas
1067 5231 1140 5294 solis,
1157 5232 1215 5282 ralia
1227 5232 1342 5284 claritas
1352 5233 1436 5293 letne,
1451 5228 1543 5281 etalio
1552 5230 1736 5283 cluritusstei·

98 5337 134 5386 re,
146 5319 327 5391 quippeeum
343 5314 396 5370 hoc
405 5316 515 5370 timoris
523 5315 582 5369 sit?
599 5332 732 5385 magnum
750 5322 845 5370 autern
856 5322 899 5371 est
940 5321 1031 5370 leram
1051 5336 1058 5369 :
1073 5321 1151 5371 stelle
1166 5320 1240 5372 enim
1251 5334 1269 5371 e
1279 5320 1357 5371 stelle
1367 5316 1464 5384 dr'fsert
1475 5319 1507 5370 in
1517 5319 1736 5383 cleritate,sieet

96 5409 129 5462 de
138 5407 256 5480 proprio
266 5423 324 5460 non
336 5405 450 5459 habenti
460 5391 570 5475 largiri,'
580 5405 638 5458 haec
648 5410 690 5458 est
699 5406 896 5476 verajustitia.
939 5403 1733 5475 arsarreeh'onrorluorvnn.lnhisomnibusistesensusest,

98 5498 170 5552 utut
183 5513 243 5551 non
252 5501 378 5567 peccent,
392 5493 519 5565 subjecit,
532 5494 605 5547 unde
615 5494 735 5561 intelligi
745 5494 833 5549 voluit
842 5511 898 5549 non
939 5495 962 5548 si
976 5495 1187 5565 generacarnis,
1197 5512 1260 5550 cum
1271 5495 1328 5549 sint
1341 5500 1441 5549 cuncta
1450 5495 1590 5561 mortalia,
1598 5495 1732 5551 dillerunt

96 5586 278 5658 sejustitiam
292 5583 478 5655 temporalem
492 5583 659 5637 servandam
675 5582 834 5650 mandasse,
850 5584 897 5638 sed
939 5592 1035 5638 minen
1050 5584 1124 5639 inter
1136 5602 1167 5638 se
1177 5601 1227 5655 pro
1237 5580 1446 5638 diversitatibus
1460 5573 1658 5649 animantium,
1671 5590 1698 5637 et
1707 5584 1732 5636 si
