3772 6120
53 335 128 394 labb
462 384 465 391 .
571 338 618 394 DE
636 335 722 392 lira
740 336 772 391 B.
793 334 919 393 ulula
937 335 1180 393 manmena.
1625 343 1696 401 15oe

53 459 143 515 eboris
160 460 204 514 sui
216 461 356 532 supplicia
366 461 503 525 seriatim,
518 461 632 535 propria
654 462 751 532 lingua
759 460 997 531 legen-Ampius
1021 478 1084 516 sum
1099 463 1128 515 in
1151 460 1262 533 spiritu,
1281 465 1336 517 sioc
1361 466 1392 518 ia
1413 480 1532 533 corpere,
1549 469 1605 521 sice
1618 474 1697 523 estre

55 554 117 603 tem
128 548 250 609 audiret,
267 549 374 604 obortis
388 567 420 605 ex
430 552 622 622 compassione
634 550 859 622 lacrymis,eepit
900 565 1008 618 eorpus,
1022 554 1130 605 nescio:
1146 553 1215 605 Deus
1229 555 1279 605 seit
1301 555 1341 617 (ll
1368 555 1429 606 dor.
1456 567 1506 613 xn,
1527 554 1553 620 t,
1569 554 1606 622 3),
1622 557 1697 612 Tha·

54 640 137 707 βίω
154 637 305 709 oblitaque,
322 639 446 706 interim,
463 656 520 695 suae
540 639 728 710 migrationis,
745 641 806 693 lixit
817 639 860 692 in·
901 654 1056 702 rasennam,
1073 656 1136 694 curn
1161 640 1281 695 Domino
1291 641 1445 707 Salvatora,
1461 642 1621 699 ministram
1635 647 1697 716 ejus

54 726 215 781 tentionem
234 732 324 781 totam
339 728 368 782 in
382 735 480 783 tenore
493 728 640 800 passionis.
656 728 760 783 Audito
771 727 860 782 donec
901 727 1041 781 Martham
1064 728 1280 789 sanctissimam,
1301 735 1334 783 ut
1348 729 1449 785 viventi
1464 732 1604 803 pollicitus
1622 750 1696 793 sum.

56 815 858 887 quodChristusiamonusPatrisspiritumcommendans,
901 817 1182 888 mortuamsepelire.
1205 817 1308 872 Mittite
1322 818 1410 888 igitur
1419 837 1493 875 nunc
1503 822 1551 892 qui
1561 824 1699 878 annulum

56 907 195 971 spiritam
209 907 300 959 errrisit
309 906 375 969 (tire
393 921 467 971 xxru,
480 906 524 975 ab)
543 926 549 969 ς
561 906 713 977 suspiravit
725 905 858 976 graviter,
901 910 1039 971 nostrum,
1056 914 1085 959 ct
1097 906 1271 960 chirothecas
1282 907 1387 961 criseas
1396 909 1508 975 reserat,
1520 927 1591 981 quas
1600 911 1629 966 in
1641 929 1699 967 ma·

57 1000 90 1046 et
103 993 249 1064 expiravit.
262 995 400 1048 Dormivit
413 1002 508 1050 autem
523 996 552 1049 in
562 995 682 1050 Domino
694 1001 794 1066 quarto
810 995 860 1048 lra-
901 1009 954 1048 nus
964 993 1088 1047 sacristae
1098 995 1188 1065 posui.
1204 995 1271 1049 dum
1289 1013 1390 1068 eorpus
1403 1004 1532 1053 sanetum
1547 1000 1576 1054 in
1589 1016 1700 1056 mauso-

57 1080 159 1136 lendas
173 1088 317 1154 augustas,
332 1091 429 1138 octavo
446 1084 492 1138 die
506 1089 570 1155 post
583 1083 734 1138 transitum
756 1082 861 1138 sororis
901 1083 945 1137 leo
958 1083 1113 1154 composui.
1127 1083 1247 1138 Miratur
1258 1085 1318 1139 hac
1331 1085 1449 1141 audiens
1462 1088 1591 1159 populus,
1611 1089 1701 1145 mittit

57 1186 120 1225 suae
148 1176 251 1227 sanctae
277 1173 373 1228 Maria
394 1173 575 1244 Magdalenae,
591 1178 671 1228 sexta
695 1173 775 1237 feria,
791 1172 862 1227 hora
900 1171 1110 1226 Tharasconam
1124 1173 1238 1227 nuntios
1253 1179 1346 1228 tenus.
1363 1175 1530 1231 Rescribunt
1544 1177 1700 1233 Thmo-

58 1259 118 1315 drei
131 1276 215 1325 nona,
230 1278 305 1317 anno
314 1263 488 1333 sexagesimo
503 1263 602 1334 quinta
616 1262 706 1318 aetatis
715 1278 782 1316 sua.
796 1262 862 1316 Cor·
902 1276 1004 1315 nenses
1018 1261 1296 1331 Petregoricensibus
1305 1263 1380 1317 diem
1393 1270 1422 1318 et
1436 1265 1534 1320 horam
1548 1267 1700 1338 sepultura

60 1364 192 1421 pascum
202 1350 287 1421 digno
303 1352 409 1406 honore
426 1352 581 1418 conditum,
606 1357 635 1406 et
654 1351 819 1417 involutum,
832 1350 862 1404 in
903 1350 964 1420 ejus
981 1350 1108 1419 ignotam
1119 1369 1127 1414 ς
1138 1355 1167 1404 et
1179 1351 1367 1406 venerabilem
1379 1370 1549 1410 cumeorum
1558 1357 1699 1427 pontitlee,

60 1439 183 1493 ecelesia
196 1439 549 1511 propriaintuleruntsocii
565 1442 636 1511 ejus,
653 1440 700 1510 qui
710 1454 774 1494 eum
784 1456 818 1494 ea
827 1438 862 1493 ab
904 1454 987 1509 quern
1002 1437 1073 1493 bena
1088 1446 1233 1507 noverant,
1250 1441 1389 1511 exsequiis
1398 1443 1459 1512 ejus
1467 1443 1626 1500 interfuisse
1640 1462 1702 1516 per·

61 1527 180 1582 Oriente
191 1534 473 1600 venerunt,etusquc
486 1529 516 1583 in
525 1529 600 1583 diem
613 1530 693 1583 illum
702 1528 728 1583 ei
737 1545 863 1601 perseve-
904 1543 1017 1593 sonam;
1029 1532 1058 1582 et
1065 1528 1099 1581 de
1106 1528 1210 1591 libello,
1218 1535 1247 1583 et
1257 1529 1339 1584 titulo
1347 1529 1444 1594 libelli,
1453 1548 1489 1585 nc
1498 1533 1569 1586 torte
1584 1533 1636 1588 hoc
1645 1535 1702 1605 epi-

61 1622 163 1671 ranter
185 1617 365 1672 adhaeserunt
381 1637 387 1671 ;
413 1624 535 1683 sanctus,
561 1618 676 1682 scilicet,
699 1618 861 1677 Parmenas,
904 1632 1018 1687 scopum
1030 1617 1172 1684 latuisset;
1185 1623 1214 1671 et
1227 1619 1364 1673 annulum
1376 1619 1450 1690 quod
1466 1622 1703 1692 receperatsacri·

63 1708 225 1760 Germanus
239 1722 359 1777 qnoque,
376 1708 507 1762 Sostenes
526 1713 555 1761 et
569 1708 723 1778 Epaphras,
735 1707 783 1778 qui
802 1706 864 1761 lue·
905 1712 949 1759 sta
958 1705 1066 1760 remitti
1080 1707 1255 1776 alteramque
1269 1707 1474 1773 chirothecam
1492 1710 1702 1766 alteraintesti·

64 1799 133 1848 rant
160 1795 250 1849 sancti
276 1796 430 1867 Trophimi,
455 1796 627 1850 Arelatensis
651 1795 861 1868 archiepiscopi,
874 1795 1032 1875 Bmonium
1042 1793 1114 1848 tanti
1123 1795 1253 1849 miraculi
1266 1797 1447 1861 retenta.Qui
1459 1805 1554 1854 autem
1564 1798 1704 1855 ministra-

64 1883 202 1950 eomites3
219 1884 351 1938 Marcella
364 1900 475 1956 quoque
488 1885 619 1939 ministra
633 1887 704 1956 ejus,
715 1890 744 1939 et
755 1885 864 1939 Eucho·
904 1888 1004 1937 verant
1024 1884 1160 1938 ministres
1182 1884 1345 1951 Salvatoris,
1372 1886 1486 1956 quidam
1516 1888 1661 1944 redierunt
1674 1889 1704 1943 in

63 1971 115 2025 dia
128 1972 280 2043 etSyntex.
298 1973 334 2026 lli
349 1980 456 2044 septem
479 1973 626 2028 induanas
636 1973 745 2045 vigilias
756 1973 786 2029 in
804 1975 865 2044 ejus
906 1973 1061 2038 Orientem,
1087 1973 1308 2043 evangelizantes
1327 1990 1446 2044 regnum
1469 1976 1520 2029 Ilei
1537 1994 1543 2029 ε
1561 1978 1704 2048 Epaphras

64 2061 207 2132 exsequiis
221 2068 340 2132 egerunt
354 2078 418 2116 cum
434 2063 614 2118 multitudine
637 2063 865 2117 concuncntium
905 2061 1044 2122 videlicet,
1062 2078 1126 2115 cum
1144 2066 1241 2116 sancta
1252 2063 1393 2128 Marcella,
1411 2069 1440 2116 et
1454 2064 1596 2136 Syntyche
1611 2065 1702 2130 beata,

65 2150 193 2221 undique
205 2151 382 2221 populorum,
399 2151 446 2221 qui
458 2168 548 2222 usquc
562 2152 591 2206 in
600 2152 675 2207 diem
684 2152 866 2216 tertium,cir·
907 2167 968 2221 qua
983 2150 1118 2222 Philippis
1128 2150 1233 2204 dormit
1245 2151 1364 2221 sepulta,
1376 2152 1410 2205 de
1421 2154 1705 2224 quahpostolusscri·

65 2255 100 2292 ea
118 2255 219 2310 corpus
239 2244 367 2294 sanctum
389 2241 418 2294 in
442 2240 492 2295 Ilei
517 2241 648 2296 laudibus
673 2239 863 2307 excubabant3
905 2238 956 2294 bit.
973 2238 1172 2312 Spntexbeato
1194 2239 1249 2293 sine
1265 2239 1371 2311 quievit
1387 2258 1393 2292 τ
1409 2242 1562 2296 Parmenas
1586 2244 1651 2309 (Act.
1664 2259 1702 2309 vr,

66 2327 193 2382 accensis
211 2329 300 2383 cereis
314 2328 343 2383 in
357 2329 484 2395 ecclesia,
500 2329 676 2402 lampadibus
691 2347 742 2402 per
755 2330 862 2396 domos,
907 2329 933 2397 5)
949 2329 1049 2400 plenus
1064 2329 1128 2393 side,
1146 2333 1175 2383 et
1181 2328 1275 2399 gratm
1286 2329 1347 2395 llei,
1365 2330 1496 2401 martyrii
1507 2330 1627 2401 gloriam
1640 2331 1705 2385 ade·

65 2416 181 2487 ignibus
195 2434 245 2489 per
259 2433 384 2472 nemora.
906 2423 987 2489 ptus3
1008 2418 1164 2473 Germanas
1177 2422 1206 2472 et
1226 2418 1368 2472 Eucliodia
1381 2419 1565 2474 consolationi
1578 2420 1704 2476 fidelium

907 2524 1023 2578 operam
1032 2507 1142 2572 dantes,
1158 2505 1247 2561 beatis
1254 2506 1388 2578 apostolis
1397 2508 1499 2562 auxilio
1514 2508 1705 2575 fuerunt,cnm

66 2582 134 2633 ΟΜ)
151 2580 247 2634 XLIX·
265 2609 297 2663 j·
314 2581 372 2647 W’b
393 2585 417 2633 ⁶²
441 2582 561 2648 qnaltdo,
578 2585 602 2633 0!-
622 2582 744 2664 ‘intuitis
760 2582 866 2663 ‘illuni
907 2602 1004 2650 sancto
1030 2598 1172 2660 Clemente,
1198 2600 1222 2649 ct
1245 2599 1348 2650 ceteris
1375 2598 1580 2665 coadjutoribus
1594 2613 1702 2661 eorum,

103 2654 172 2775 Ἔα
191 2652 474 2775 οὓῃΠίοΙξῗὶΓῗωΜ
489 2657 523 2775 αὑ
533 2656 627 2775 ἀ’ἶθω
642 2652 775 2705 Fr⁰n⁸²n⁰
789 2655 866 2704 “m''
907 2701 1027 2753 quaerum
1043 2687 1160 2738 aorm'ac
1176 2689 1241 2738 secret
1257 2686 1288 2738 in
1304 2686 1375 2738 libro
1386 2688 1447 2738 eila
1462 2686 1574 2754 (Philip.
1586 2685 1705 2754 1v,‘2).ln

103 2742 115 2775 ὃ
131 2739 138 2774 1
152 2738 174 2786 e’
190 2738 305 2790 mmm
319 2742 326 2774 ’
341 2738 371 2775 ‘r
392 2738 505 2776 'amm
523 2738 570 2775 m
582 2739 605 2774 θ’
907 2771 1023 2827 basilica
1037 2789 1102 2828 vero
1112 2773 1229 2828 Marthae
1244 2772 1420 2840 beatissima,
1437 2790 1455 2827 a
1469 2773 1514 2828 die
1526 2774 1705 2830 dormitionis

104 2863 140 2918 lit
149 2863 195 2917 die
213 2862 322 2917 sabbati
334 2870 435 2934 parata
449 2869 491 2918 est
504 2863 529 2916 ei
539 2863 685 2936 sepultura
697 2861 817 2932 insignis
832 2861 868 2914 ad
908 2862 979 2934 ejus,
994 2861 1129 2916 miracula
1142 2862 1330 2917 sinenumero
1340 2862 1519 2933 contigerunt
1533 2880 1539 2916 :
1552 2864 1707 2931 caciasur·

69 2951 214 3024 propriam
228 2953 300 3023 ejus,
315 2969 400 3023 quam
415 2953 562 3023 pontifices
576 2952 784 3016 dedieevcrunt,
798 2949 869 3004 basi·
909 2950 963 3017 dis,
979 2951 1074 3017 mutis,
1091 2951 1206 3016 claudis,
1219 2950 1389 3023 paralyticis,
1406 2951 1642 3024 aridis,leprosis,
1653 2953 1707 3008 dae·

69 3042 163 3097 licam.
187 3042 238 3095 Die
260 3058 326 3095 vero
341 3041 416 3096 dicta
431 3041 585 3106 Dominiea,
600 3041 671 3095 hora
690 3040 747 3094 diei
773 3040 867 3105 tertia,
910 3040 1046 3095 maniacis
1055 3040 1195 3111 variisque
1218 3039 1395 3111 passionibus
1421 3040 1556 3111 fatigatis,
1572 3041 1707 3096 sanitates

68 3131 233 3202 congregati
246 3131 365 3185 aderant
377 3147 484 3196 omnes,
499 3136 532 3185 ut
542 3147 643 3202 corpus
658 3134 788 3185 sanetum
797 3145 865 3184 con·
876 3128 1077 3189 Gomnimodee
1090 3134 1287 3200 provenerunt.
1304 3129 1476 3185 Francorum
1495 3136 1525 3184 et
1544 3130 1708 3185 Teutonico-

68 3236 140 3290 gnro
150 3219 305 3284 condirent,
314 3219 403 3290 pridie
413 3220 553 3274 Kalendas
567 3219 696 3290 Augusti.
712 3219 864 3284 Cumeeee,
908 3235 970 3274 rum
985 3234 1042 3285 rex,
1060 3219 1223 3285 Clodoveus,
1234 3219 1707 3291 Christianaendeiiereusinsignia

69 3309 170 3363 eadem
184 3309 263 3373 hora,
278 3309 352 3379 apud
378 3308 580 3378 petragoricas,
596 3308 755 3379 Aquitania
770 3307 867 3361 eivita-
907 3308 1026 3379 primus,
1039 3308 1238 3363 miraculorum
1257 3308 1567 3362 Marthaesanctissimae
1583 3308 1709 3362 multitu·

11 3383 15 3389 ⁶
69 3404 138 3463 tem,
155 3397 254 3452 Missas
268 3396 443 3451 celebraturo
466 3397 590 3468 pontiiici
605 3401 701 3451 sancto
720 3396 864 3457 Frontino,
909 3397 975 3451 dine
995 3403 1025 3450 et
1039 3396 1231 3466 magnitudine
1257 3401 1359 3460 rnotus,
1383 3396 1589 3450 'l'harasconam
1607 3396 1706 3450 venit:

70 3487 189 3559 populos
200 3486 372 3557 exspectanti
388 3492 416 3540 et
426 3485 597 3540 incathedra
607 3485 869 3556 dormitanti,appa-
911 3492 1081 3556 moxque,ut
1095 3483 1222 3538 tumbam
1237 3490 1339 3538 sauctae
1349 3483 1451 3553 tetigit,
1463 3483 1541 3554 gravi
1555 3483 1652 3538 morbo
1662 3500 1708 3538 rc·

69 3575 129 3630 ruit
142 3575 271 3630 Christus
287 3573 416 3629 etaitilli
433 3592 439 3627 :
455 3575 518 3638 Fili,
534 3574 704 3646 veni,imple
718 3574 793 3645 quod
808 3589 872 3645 pro·
911 3591 990 3639 num,
1025 3589 1080 3644 quo
1122 3571 1322 3626 miserabiliter
1350 3570 1534 3638 laboraverat,
1573 3571 1708 3626 liberatus

70 3663 184 3729 misisti,
207 3664 347 3734 exsequiis
362 3665 478 3719 Martha
505 3663 621 3735 hospitae
640 3681 709 3718 meae
724 3665 870 3719 teatlatu·
912 3668 963 3718 est.
984 3662 1068 3716 Dedit
1082 3662 1140 3716 Deo
1169 3661 1199 3714 in
1221 3659 1413 3715 testimonium
1442 3666 1528 3716 tantae
1542 3659 1664 3725 virtutis,
1680 3665 1709 3714 et

71 3753 241 3819 rumllixit3
259 3770 378 3825 mosque
394 3754 501 3824 pariter
510 3754 538 3808 in
550 3756 607 3808 ieta
618 3757 692 3807 oculi
705 3753 733 3820 (Ι
746 3754 807 3809 θον.
824 3771 868 3819 xv,
912 3768 962 3807 suo
977 3751 1082 3806 annulo
1097 3748 1227 3821 signavit,
1245 3754 1351 3803 terram
1360 3748 1448 3804 trium
1463 3750 1606 3805 leucarum
1620 3749 1650 3804 in
1664 3749 1708 3819 gi·

71 3840 119 3913 52)
149 3848 341 3913 apparuerunt
367 3843 442 3914 apud
465 3844 683 3906 Tharasconam,
708 3842 816 3897 libellos
842 3843 870 3898 in
912 3857 975 3895 rum
986 3839 1107 3895 ecclesiae
1116 3838 1233 3894 blanhac
1242 3837 1435 3903 sanctissimae,
1454 3855 1485 3892 ex
1496 3842 1615 3910 utraque
1628 3844 1709 3908 parte

70 3946 159 3985 manu
168 3935 306 3996 tenemes,
323 3931 351 3985 in
364 3931 494 3986 ecclesia:
511 3932 640 3986 Christus
650 3931 745 4002 capiti,
768 3932 870 4002 praesul
912 3928 1051 3994 Rhodani,
1068 3945 1131 3983 rum
1143 3927 1223 3992 villis,
1236 3933 1264 3982 et
1273 3926 1383 3993 castris,
1395 3933 1424 3980 et
1437 3927 1528 3994 silvis3
1544 3926 1711 3998 quaomnia

71 4020 201 4091 pedibus,
225 4025 364 4075 astantes:
390 4021 443 4091 ipsi
458 4022 510 4076 soli
529 4038 631 4093 eorpus
651 4020 681 4075 in
696 4021 872 4076 mausoleum
913 4017 1094 4090 usquehodie
1107 4016 1712 4088 immunitateperpetuapossidetsaerosan-

71 4109 229 4173 locantes2,
257 4108 425 4177 mirantibus
450 4109 557 4163 cunctis
582 4108 629 4180 qui
642 4109 770 4164 aderant.
788 4111 873 4180 Egre·
913 4114 959 4163 cta
971 4108 1077 4177 virago.
1093 4106 1190 4172 Furta,
1208 4122 1281 4171 vero,
1298 4106 1342 4159 vel
1357 4104 1472 4177 rapinae,
1489 4110 1539 4160 aut
1551 4105 1708 4176 sacrilegia,

73 4198 202 4261 dinntur,
219 4197 366 4268 completis
376 4198 523 4268 exsequiis.
545 4198 678 4268 Sequitur
694 4215 741 4253 cos
751 4215 825 4253 unus
840 4215 872 4252 ex
913 4214 963 4252 seu
977 4196 1047 4250 falsa
1059 4195 1174 4267 judicia,
1186 4195 1277 4249 subito
1285 4194 1461 4266 Dcijudieio,
1477 4194 1649 4249 horribiliter
1662 4211 1712 4267 pu·

73 4287 161 4352 clero,
174 4302 303 4357 quaerens
318 4304 336 4341 a
358 4287 477 4341 Domino
494 4287 557 4358 quis
572 4275 655 4353 esse't,
679 4287 722 4341 vel
737 4288 873 4343 andeve—
913 4287 1031 4342 niuntur
1045 4284 1149 4338 ibidem
1177 4283 1372 4349 incontinenti,
1397 4284 1432 4337 ad
1465 4284 1577 4338 laudern
1600 4282 1710 4336 Domini

73 4375 174 4429 nisset.
189 4375 241 4429 Cui
261 4376 397 4430 Dominus
416 4375 485 4430 nihil
500 4376 662 4447 rospondit;
690 4375 739 4430 sed
749 4375 873 4431 codicem
915 4374 1079 4432 Salvatoris.

75 4481 161 4535 quem
173 4464 288 4519 tenebat
301 4465 387 4519 dedit.
405 4465 528 4519 Clericus
541 4465 576 4519 ad
586 4465 748 4537 sepulcrum
762 4465 848 4520 rediit
864 4454 903 4533 ;D

74 4553 200 4608 codicem
230 4554 337 4608 eumq„
356 4554 491 4611 ostendit:
522 4554 551 4609 i„
566 4555 684 4626 singulis
698 4555 817 4626 paginis,
833 4555 873 4610 sic
914 4538 979 4591 Can
996 4536 1027 4589 L.
1046 4535 1124 4587 -llo
1140 4534 1264 4616 transita
1280 4531 1712 4616 rtsepultae-asenctiarelapree·

74 4642 159 4714 legit:
172 4645 346 4697 Innumeris
357 4648 459 4697 aterne
475 4646 528 4696 crit
542 4643 662 4709 Martha,
674 4643 786 4716 hospita
794 4644 873 4699 Chri·
1189 4606 1259 4657 ΜΗ
1274 4604 1433 4657 Mamm

74 4731 114 4785 sti
126 4751 132 4797 3
144 4734 179 4784 cb
192 4733 336 4786 arrditione
353 4736 428 4786 vitata
452 4749 509 4786 reon
529 4733 634 4786 timebit
656 4734 741 4804 (Psal.
764 4747 818 4799 cxv,
835 4731 871 4795 b).
951 4732 1102 4801 Hucusque
1117 4729 1152 4782 rie
1172 4725 1339 4781 venerabilis
1352 4725 1563 4782 ministrarint
1577 4726 1638 4791 Dei,
1655 4727 1711 4780 ilo-

75 4820 154 4874 Nihil
168 4820 245 4874 aliud
268 4820 466 4876 continebatur
488 4820 517 4875 in
545 4822 648 4876 codice.
673 4823 785 4876 Interea
798 4822 873 4893 apud
917 4819 987 4875 mini
1002 4816 1163 4879 Salvatoris,
1179 4816 1296 4870 Marthae
1310 4813 1491 4869 sanctissima
1506 4813 1709 4885 vitareligiosa,

76 4910 282 4980 petragoricas,
297 4910 382 4964 levita
400 4909 561 4981 pontificem
576 4910 696 4964 excitat:
718 4911 816 4965 liorem
828 4927 874 4964 sa·
915 4915 944 4965 et
953 4912 1043 4962 morte
1057 4905 1189 4977 pretiosa,
1203 4921 1264 4976 quae
1273 4910 1354 4975 gesta
1363 4908 1431 4958 sunt
1440 4920 1569 4957 narrasse
1579 4902 1709 4957 sufficiat.

75 4998 174 5052 crificii
186 4999 340 5071 praeterire,
358 4999 493 5070 populum
506 4999 628 5069 fatigari,
646 5016 809 5071 suggerens.
823 4999 874 5053 cui
917 4999 996 5053 ernc
1008 4996 1096 5067 igitur
1109 5011 1171 5065 quae
1192 4998 1256 5065 post
1279 5010 1389 5048 sacrum
1402 4993 1464 5063 ejus
1486 4991 1646 5058 transitum,
1663 5009 1714 5063 per

77 5088 199 5159 praesul:
216 5089 312 5149 :volita
340 5087 440 5158 inquit,
464 5090 576 5142 lrvrbcri
592 5089 660 5154 (let.
686 5103 731 5147 xx.
752 5088 807 5154 lb),
824 5104 875 5144 nec
915 5087 1015 5159 ipsam,
1032 5085 1075 5137 rel
1090 5083 1163 5138 eirca
1177 5083 1277 5153 ipsam,
1293 5082 1366 5137 taem
1379 5088 1447 5137 sunt
1461 5079 1603 5152 prodigia;
1625 5081 1712 5136 vitam

75 5176 181 5231 cauea
200 5192 248 5230 vos
276 5176 381 5232 diutius
406 5182 590 5249 exspectasse.
611 5178 669 5247 Ego
688 5177 774 5245 enim,
789 5194 874 5241 nune,
917 5190 1027 5248 quoque
1040 5170 1191 5226 virtutibus
1204 5171 1326 5242 plenam,
1340 5175 1369 5225 et
1378 5168 1536 5241 passionem
1550 5168 1644 5222 {ratris
1652 5171 1713 5240 ejus

553 5308 639 5353 NOTAE
662 5308 842 5355 POTISSIMUM
865 5310 904 5358 EX
925 5306 1045 5355 RABANO
1067 5305 1243 5350 DESUMPTAE.

116 5418 129 5448 ²
145 5408 289 5464 Mausolea
299 5414 367 5464 sunt
380 5407 509 5478 scpulcra
522 5408 565 5463 vel
574 5413 756 5463 monumenta
765 5424 873 5478 regum,
917 5403 1012 5460 omnin
1019 5406 1202 5458 monumenta
1212 5399 1344 5473 pretiosa,
1356 5415 1389 5455 cx
1400 5399 1515 5455 nomine
1528 5399 1591 5472 ejus
1604 5416 1715 5457 mauso-

79 5495 98 5533 a
112 5479 254 5533 Mausoleo
276 5496 342 5550 rege
365 5479 560 5552 AEgyptiorum
574 5477 658 5533 dieta.
684 5479 766 5542 Nam,
783 5479 877 5533 eode-
918 5477 962 5531 lea
987 5477 1193 5545 nuncupentur.
1229 5473 1337 5527 hebeni
1357 5474 1389 5526 dc
1416 5472 1554 5538 Universa,
1584 5469 1632 5526 lib.
1658 5486 1713 5539 xvv,

80 5551 264 5611 functo,uxor
274 5552 335 5621 ejus
347 5551 425 5605 mirre
440 5549 641 5621 magnitudinis
652 5555 681 5603 et
694 5549 877 5620 pulchritudi·
918 5563 978 5617 cap.
995 5544 1040 5602 28.

80 5621 126 5675 nis
142 5620 278 5676 exstruxit
291 5623 459 5692 sepulerum.
472 5621 501 5676 in
515 5627 637 5683 tantum,
649 5627 778 5693 utusque
795 5620 878 5675 hodic
