3772 6120
118 226 183 284 ilat
416 223 445 279 Β.
468 223 602 277 RhDth
624 223 738 278 naum
756 220 925 277 naeniae.
945 222 1107 278 MOGUN'I'.
1128 216 1277 280 OPERUM
1295 223 1387 280 PARS
1407 222 1458 279 111.
1689 222 1753 280 lii!

117 351 178 417 Dei,
203 350 291 403 donec
315 352 452 401 venerunt
477 347 672 403 Antiochiam:
691 347 726 402 ibi
747 351 1019 419 congregataApost
1032 350 1173 420 apostolos
1187 347 1353 403 Christianae
1377 345 1488 402 militia
1500 341 1629 418 signiter,
1647 349 1755 419 praele-

118 448 162 497 est
175 439 294 493 Ecclesia
310 455 410 504 irroges
426 437 624 507 discipulorum
638 443 704 492 etet.
724 449 772 504 rr).
788 438 827 491 lbi
844 437 917 508 cepit
958 445 1027 502 etus,
1046 438 1249 493 ltlloat'minus.
1268 441 1358 507 Hujus
1372 440 1508 504 religioni
1521 441 1604 506 atquc
1617 440 1755 492 sanctitati

118 531 255 600 originem
283 544 383 580 nornen
408 526 650 579 Christianorum:
677 526 713 579 ihi
740 526 820 580 heuto
833 528 916 580 Petro
958 528 1755 596 beatalturioMopdatenocharitatisciacutoseconjun-

118 619 210 690 posita
221 623 263 670 est
278 616 412 669 cathedra
425 615 640 685 patriarchatus,
660 614 688 667 in
711 631 775 684 qua,
790 619 915 685 postmo-

119 708 195 767 dum,
214 706 342 759 ordinato
358 705 460 758 Evodio
481 704 638 775 patriarcha
648 715 668 768 ³,
683 704 767 757 rediit
775 703 915 775 ierosoly-

119 813 194 862 rnetm
209 796 243 848 ad
259 795 443 865 coapostolos,
460 794 506 863 qui
535 811 566 846 ex
591 799 729 864 praecepto
752 791 913 856 salvatoris,

118 884 265 940 duodecim
281 883 419 935 etuniuuis
439 883 528 937 annis.
545 886 574 935 in
598 888 672 935 terro
696 884 915 949 repromissionis

91 1030 93 1033 ,
121 975 211 1041 (tren.
229 985 277 1040 m),
303 972 366 1024 selis
389 973 534 1025 duodecim
554 971 681 1025 tribubus
694 969 914 1040 predicabant.

120 1063 155 1116 Et
168 1080 241 1116 arnna
255 1062 447 1115 tertiodecimo
460 1060 639 1114 ascensionis,
658 1060 764 1113 occisus
780 1067 823 1113 est
836 1061 916 1113 Jaco-

120 1150 276 1213 bus,srater
286 1151 410 1210 Jourrnis,
425 1151 518 1217 glinno
532 1169 537 1202 ι
555 1159 582 1202 et
594 1150 693 1202 Petrus
707 1151 914 1213 incarceratus3

121 1247 148 1294 et
163 1242 273 1299 Seruius,
291 1257 307 1292 a
331 1239 435 1309 Spiritu
453 1245 557 1297 sancto,
577 1239 762 1308 apostolatum
778 1238 914 1307 gentium,

957 621 1019 672 ait:
1035 623 1065 669 ut
1076 633 1238 687 quocttaque
1248 618 1383 671 Dominus
1396 632 1460 669 eum
1476 621 1596 680 uocaret,
1605 616 1640 669 ab
1650 619 1755 683 ejusm-

956 709 1067 769 nn‘totu,
1084 722 1131 759 seu
1149 706 1335 769 contubernio,
1344 720 1401 759 uon
1410 705 1674 774 aspernamentum
1687 705 1756 759 enim

956 795 1017 848 eoeli
1033 795 1131 865 regina
1142 802 1287 865 assumpta
1300 799 1362 848 erat
1375 794 1405 848 in
1424 794 1539 858 coelum,
1556 791 1588 847 in
1606 793 1756 848 ministerio

957 886 1047 954 eujus,
1071 882 1299 954 contemplationi
1316 898 1428 948 vacans,
1446 882 1574 954 paradisi
1596 880 1704 937 deliciis
1717 884 1756 937 in·

957 973 1108 1037 teriuerat;
1124 975 1184 1042 jam
1200 972 1295 1026 decem
1312 973 1505 1044 apostolorum
1525 971 1605 1026 facta
1618 977 1680 1025 erat
1696 972 1758 1028 diri·

958 1061 1009 1117 sio.
1026 1077 1089 1114 curn
1106 1060 1206 1131 quibus
1218 1067 1276 1114 tam
1298 1060 1345 1114 diu
1366 1061 1412 1131 pia
1427 1061 1580 1114 devotione
1599 1077 1757 1131 permanse-

958 1159 1030 1213 rant,
1046 1150 1142 1215 donee,
1167 1148 1271 1203 invidia
1284 1150 1444 1204 Judaeorum
1458 1149 1487 1203 in
1500 1149 1630 1204 Ecclesia
1640 1166 1758 1220 persecu

958 1237 1063 1292 fiunem
1079 1238 1245 1301 concitante,
1259 1238 1273 1292 J
1276 1237 1394 1291 acobum
1406 1238 1570 1309 apostolum
1585 1239 1757 1294 Herodesde·

120 1337 148 1382 et
163 1329 241 1384 Pauli
257 1346 358 1382 nornen
372 1330 496 1381 sortitus.
514 1329 594 1380 rinno
616 1344 680 1379 sero
696 1326 918 1396 quartodecimo
959 1327 1083 1393 collaret,
1104 1327 1276 1397 Petrumque
1303 1327 1510 1394 incarceraret;
1533 1332 1565 1381 et
1583 1327 1756 1382 credentcsa

120 1417 192 1471 lacta
207 1424 248 1471 est
260 1417 358 1469 divisio
376 1417 566 1486 apostolurum
581 1417 650 1481 (rtet.
673 1428 719 1468 xn.
730 1413 747 1467 2
759 1433 764 1478 3
777 1428 838 1479 riri,
848 1417 875 1482 ⁸2)
887 1424 898 1453 ⁰
910 1432 916 1480 3
960 1414 1062 1470 tinibus
1071 1415 1130 1469 suis
1141 1415 1318 1487 propelleret.
1328 1417 1479 1485 allacergo
1488 1420 1756 1486 persecutiontspro·

120 1507 220 1560 Oriens
235 1506 315 1558 cessit
328 1506 440 1557 Thomu
456 1512 484 1557 ct
499 1504 715 1567 Detrtholomaem
731 1503 861 1556 Meridies
874 1502 919 1555 Si·
960 1490 1293 1571 cettasariente',dispcrsi
1302 1504 1401 1570 fideles,
1412 1505 1525 1557 diversa
1541 1509 1755 1572 terrarumtooc,

120 1597 196 1648 rnoni
212 1602 239 1647 et
250 1595 394 1655 Mattham
411 1593 512 1663 Aquilo
528 1593 656 1662 Philippo
666 1599 695 1645 ct
706 1591 843 1656 Thaidem,
862 1587 1011 1655 nie-Dsihi
1026 1608 1043 1644 a
1059 1593 1174 1645 llonn'uo
1187 1594 1318 1659 detcpoto,
1332 1595 1484 1660 petierunt,
1496 1599 1530 1646 ut
1541 1595 1756 1647 carburnsatutis

120 1685 196 1737 dimn
211 1683 306 1736 mundi
323 1683 434 1736 Mathia
450 1687 478 1734 et
488 1681 607 1745 tat-oen
624 1680 820 1734 Mediterranei
833 1680 918 1734 uraris
942 1682 1084 1746 pentibus
1099 1680 1240 1733 Christum
1251 1682 1444 1746 r'pnoroutibus
1459 1686 1625 1734 constanter
1632 1683 1757 1750 pradica-

119 1772 268 1843 prorincim
279 1772 379 1825 ,loanni
398 1780 426 1823 et
441 1771 577 1823 Andreae:
593 1770 750 1823 Occidentis
766 1786 852 1839 regna
866 1770 918 1823 Pe·
960 1773 1031 1822 rent.
1048 1767 1154 1832 Quibus
1167 1768 1344 1834 abeuntibus
1361 1769 1600 1822 consociaverunt
1613 1786 1644 1823 se
1661 1770 1757 1835 nobiles

119 1869 164 1916 tro
184 1867 210 1914 et
225 1861 321 1913 Perulo.
339 1863 442 1913 l'oulus
454 1859 538 1914 enim.
555 1857 692 1929 peridem
708 1865 829 1928 ternpus,
845 1861 918 1912 iuuit
960 1865 1095 1912 matrona
1110 1862 1137 1911 et
1161 1857 1250 1911 vidua
1263 1874 1324 1928 quie
1346 1858 1533 1930 ierosolymis
1556 1865 1586 1912 et
1608 1857 1638 1913 in
1653 1858 1756 1915 Oriente

119 1953 316 2014 ierosolymam
334 1950 422 2012 ridere
439 1950 549 2000 Μίνωι
566 1948 634 2002 tant.
652 1963 671 2013 1,
683 1947 735 2012 t83
753 1947 811 2002 Gal
830 1961 859 2010 n,
875 1946 918 2014 tl),
961 1948 1001 2001 eis
1016 1946 1254 2009 ministnarerant,
1271 1964 1322 2001 nec
1337 1947 1461 2001 serentes
1475 1965 1493 2001 a
1508 1949 1757 2023 consortiospecia·

121 2039 283 2107 cteatrosan
306 2041 442 2090 mcr'etutr‘s
460 2037 618 2107 apostoliea
633 2036 719 2102 dedit,
740 2042 767 2089 et
782 2035 920 2107 accepite
962 2035 996 2089 lis
1011 2035 1106 2090 amicae
1126 2034 1238 2089 Domini
1253 2035 1415 2102 salvatoris,
1431 2042 1461 2090 et
1474 2037 1609 2092 omnium
1626 2038 1758 2093 ministra·

121 2126 398 2185 Jacob0,ettoanne
417 2126 556 2191 etPetr03
581 2125 711 2195 indeque,
740 2141 919 2194 cumeoapo-
962 2141 1024 2178 rum
1041 2125 1101 2195 ejus
1129 2123 1430 2194 primiceriae,longius
1449 2125 1592 2196 separari.
1610 2125 1760 2201 Interquas

121 2217 192 2269 stolo
206 2232 257 2268 suo
271 2213 407 2279 Darnalni,
416 2214 444 2266 in
461 2214 570 2284 Syriam
586 2219 615 2266 et
630 2213 780 2284 illyricum,
798 2218 920 2268 uteran·
962 2211 1266 2284 venerabilishospitia
1280 2211 1401 2267 FiliiDei
1415 2213 1531 2267 Martha
1541 2213 1761 2280 beatissimam-

120 2305 262 2374 gelizaret.
278 2304 417 2374 perrexit:
436 2309 464 2356 et
480 2304 578 2356 Petrus
594 2303 737 2356 Orientem
761 2303 917 2365 relicturus,
962 2301 1160 2355 verendissimo
1175 2301 1260 2355 fratre
1272 2302 1333 2371 ejus
1347 2303 1452 2357 Lazaro
1467 2309 1539 2358 tunc
1554 2305 1633 2375 apud
1648 2305 1761 2377 Cyprum

122 2393 403 2462 Romamqueiturus,
416 2391 574 2460 designarit
588 2390 748 2459 regionibus
763 2390 920 2445 Occidentis
961 2391 1153 2462 pontificante,
1170 2390 1274 2444 sororis
1286 2408 1342 2444 suae
1358 2391 1477 2463 vestigia
1490 2399 1592 2447 secuta
1617 2400 1673 2459 est3
1687 2385 1763 2450 simul

122 2499 191 2553 quas
207 2481 356 2551 ipseadire
372 2496 427 2532 non
450 2485 569 2549 poterat,
589 2478 731 2548 Evangelii
757 2478 921 2548 praedicato·
962 2485 991 2534 et
1002 2478 1085 2533 beata
1099 2479 1239 2546 Marcella,
1249 2480 1352 2534 mulier
1365 2496 1475 2551 magnae
1492 2481 1687 2537 devotioniset
1696 2482 1763 2547 fidei,

121 2588 175 2628 res.
189 2571 222 2624 de
238 2568 421 2623 nobilioribus
437 2570 464 2622 in
478 2569 598 2628 Christo,
612 2575 640 2621 et
653 2566 858 2638 antiquioribus
868 2567 922 2621 dis·
964 2567 1051 2623 beata
1074 2568 1190 2623 Martha
1205 2568 1367 2642 pedisequa,
1384 2585 1445 2640 quae
1469 2569 1628 2627 Dominum
1648 2573 1763 2626 salutans

122 2660 221 2731 cipulis
236 2658 338 2712 Christi
352 2678 357 2719 ς
370 2659 398 2711 in
411 2658 554 2727 regionem
570 2656 734 2722 Galliarum,
751 2656 831 2727 cujus
856 2662 923 2710 sunt
962 2658 1085 2712 dixerat:
1098 2661 1196 2713 Beatus
1206 2664 1300 2713 venter
1315 2661 1364 2726 φιτ·
1379 2664 1401 2711 tc
1421 2663 1548 2729 portavit
1561 2662 1642 2729 (Luc.
1664 2676 1701 2728 11,
1713 2660 1762 2730 Hit.

122 2748 270 2818 prot-incia
283 2747 376 2801 decem
395 2752 422 2799 et
438 2754 555 2817 septem,
581 2753 609 2800 et
624 2745 741 2800 totidem
760 2746 919 2816 pontifices;
962 2746 1068 2800 Aderat
1082 2754 1110 2800 et
1125 2752 1239 2802 sanctus
1255 2747 1418 2812 parmenas,
1437 2747 1577 2803 diaeonus
1590 2753 1689 2819 plenus
1703 2751 1761 2816 tide,

123 2837 150 2891 in
175 2837 317 2905 regionem
347 2835 556 2906 Hispaniarum,
581 2837 661 2905 euJ'us
688 2840 753 2888 sunt
775 2833 921 2905 provinciae
963 2841 991 2889 et
1004 2839 1098 2902 pratia
1127 2836 1178 2890 Dei
1201 2839 1269 2904 (Act.
1285 2850 1322 2900 rt,
1342 2836 1380 2906 8),
1394 2839 1474 2908 cujus
1495 2837 1634 2892 custodiae
1654 2846 1683 2892 et
1696 2855 1763 2893 cure

123 2932 240 2995 septem,
253 2925 381 2977 electores
389 2925 504 2977 totidem
515 2924 536 2976 d.
550 2925 677 2977 oHorum
690 2923 786 2991 viginti
803 2904 955 2992 quatuorC
966 2940 1026 2977 sese
1048 2923 1254 2979 commendavit
1274 2924 1303 2978 in
1328 2924 1439 2979 Christo
1463 2926 1579 2979 Martha
1597 2925 1762 2992 beatissima

124 3014 276 3077 seniorum,
292 3011 472 3084 primusrrot
489 3021 517 3066 et
537 3013 721 3083 primicerius
744 3012 779 3064 de
805 3028 922 3066 numero
966 3012 1194 3067 sicutetsancto
1218 3012 1370 3068 Maximino
1399 3014 1526 3085 pontifici
1551 3022 1653 3070 sancta
1672 3016 1762 3075 Maria.

123 3105 296 3172 septuaginta
312 3103 510 3168 diu-sputorum
528 3101 640 3155 Domini
653 3100 814 3164 Salvatoris,
826 3100 923 3155 doctor
963 3101 1130 3156 Admirabili
1156 3119 1223 3174 ergo
1245 3102 1344 3156 divinae
1363 3102 1558 3174 dispositionis
1573 3106 1701 3171 consilio,
1717 3105 1764 3159 iter

124 3189 262 3260 egregius,
281 3188 479 3242 miraculorum
493 3189 617 3243 onmium
640 3189 733 3259 grana
749 3189 876 3257 illustris,
893 3196 922 3244 et
962 3192 998 3246 ad
1013 3190 1197 3245 occidentales
1213 3189 1288 3246 orbis
1306 3192 1402 3263 plagas
1422 3191 1573 3265 dirigunt:
1591 3200 1624 3249 ut
1643 3195 1763 3249 iidelicet

594 3303 680 3349 NOTAE
704 3303 887 3348 POTISSIMUH
910 3307 950 3349 EX
971 3304 1090 3350 DABAHO
1112 3305 1286 3351 DESUHPTAE.

126 3394 254 3449 Barnaba
268 3395 403 3465 Paulique
413 3395 551 3465 accepisse
561 3392 812 3448 vocabulumllcdu
824 3395 921 3448 iudet.
964 3393 1064 3463 virgini
1090 3394 1329 3448 commendavit...
1360 3411 1424 3449 eam
1448 3396 1600 3467 reliquisse
1619 3400 1717 3459 sunm,
1735 3415 1762 3452 ac

124 3472 221 3535 capitul..
238 3483 298 3536 cap.
315 3468 358 3518 ta.
963 3471 1043 3519 tanto
1064 3471 1191 3537 tempore
1220 3466 1368 3536 dejectam.
1394 3469 1475 3534 Dedo,
1507 3470 1633 3524 detract.
1651 3472 1680 3524 in
1709 3473 1759 3525 det.

160 3547 171 3575 ³
193 3539 266 3590 Vetto
278 3538 422 3603 ‚ttortprot
436 3541 515 3602 rutpo
531 3538 635 3588 dictum
646 3552 771 3607 parrum.
785 3536 864 3588 Honr.
876 3536 920 3588 ll.
963 3542 1047 3606 apost.

126 3609 196 3662 d’ou.
223 3610 314 3661 Moti:
333 3609 425 3661 Erodii
456 3608 593 3678 Episcopi,
610 3607 658 3678 qui
687 3608 795 3677 primus
808 3605 843 3659 ab
858 3622 922 3677 apo
999 3605 1227 3679 dSubpraeiecto
1242 3609 1760 3683 praemrioGahiamm,sepmmermt

125 3680 203 3732 stolis
213 3680 367 3733 Antiochia
383 3680 527 3732 ordinatus
542 3686 593 3732 est.
964 3679 1109 3748 prminciae
1124 3679 1275 3762 Hispania,
1290 3685 1318 3733 et
1332 3680 1428 3734 decern
1443 3687 1472 3734 et
1486 3687 1600 3751 septem
1615 3684 1758 3747 Galliam

162 3751 173 3788 ¹¹
190 3751 267 3803 Sicut
281 3751 365 3804 Jacob
379 3751 523 3804 duodecim
538 3751 609 3803 tilios
624 3749 721 3819 genuit
731 3750 766 3802 ad
775 3748 923 3871 possiden·
964 3750 1064 3804 notitia
1086 3751 1197 3821 imperii
1222 3750 1297 3805 ultra
1320 3752 1432 3805 Arcadii
1448 3753 1627 3826 Honorrique
1642 3762 1758 3828 tempora

125 3822 189 3874 dam
201 3821 426 3891 repromissionis
441 3830 564 3874 terram:
584 3822 622 3874 ita
637 3821 764 3873 Christus
795 3820 922 3872 uodecim
964 3821 1075 3892 scripta,
1089 3833 1117 3874 ut
1132 3822 1224 3876 ridere
1239 3830 1281 3876 est
1294 3822 1368 3893 apud
1383 3821 1513 3892 Pagium,
1528 3841 1578 3879 an.
1591 3825 1639 3894 37,
1656 3842 1694 3895 lu,
1706 3840 1757 3892 vlit,

125 3893 210 3962 elegit
222 3895 372 3962 apostotos,
388 3892 489 3962 quibus
513 3901 618 3946 terram
646 3891 880 3961 repromissionis,
894 3891 922 3944 id
963 3897 984 3945 t.
1000 3892 1021 3946 I.

125 3970 167 4017 cst
190 3965 268 4031 regni
294 3964 413 4017 celestis
439 3963 658 4016 benedictionem
674 3961 800 4016 tradidit.
817 3964 924 4016 llotruni

125 4037 155 4087 de
171 4036 309 4098 tirriremo,
325 4035 372 4087 lib.
397 4049 433 4097 rr,
455 4052 516 4116 cap.
535 4036 557 4087 l.
575 4039 707 4089 Caesareae
724 4034 849 4085 civitates
862 4033 923 4086 duae

125 4112 191 4158 sunt
206 4105 234 4157 in
247 4112 324 4158 terra
335 4105 568 4174 repromissionis,
588 4108 665 4168 teia,
681 4102 729 4157 lib.
745 4119 801 4171 xrs,
818 4121 879 4174 cap.
899 4105 921 4156 t.
967 4103 1024 4158 Sub
1038 4104 1150 4159 dioecesi
1166 4105 1317 4176 Hispania,
1393 4106 1451 4161 Sub
1467 4107 1583 4163 dioeeesi
1598 4111 1753 4175 Galliarum,

124 4178 226 4230 Haurit.
244 4179 296 4242 tir.
316 4193 330 4228 r
345 4178 458 4229 lan-tte.
1001 4175 1149 4247 provincia
1164 4180 1224 4231 ru*
1428 4179 1579 4250 provinciae
1598 4197 1678 4236 xsrr:

159 4249 291 4310 conano
318 4247 424 4300 decimo
442 4253 536 4299 autem
552 4263 635 4309 anno,
658 4247 740 4328 juxta
766 4245 925 4298 condictum
966 4246 1081 4310 Bustica,
1392 4249 1573 4314 Viennensis,

124 4317 228 4381 lacohi,
246 4319 347 4388 Cepha
361 4328 389 4371 et
399 4317 524 4382 loannis,
541 4317 576 4370 ad
590 4324 717 4387 gentium
729 4316 923 4386 magisterium
966 4317 1118 4383 Lusitania,
1391 4320 1592 4390 Lugdunensis
1606 4325 1707 4395 prima,

123 4389 278 4459 profectum
298 4396 348 4442 est.
367 4390 423 4442 Nise
452 4388 566 4442 historia
586 4389 773 4442 ecclesiastiea
786 4394 924 4458 repugnat
965 4389 1103 4450 Gallaecia,
1391 4391 1544 4447 Germania
1557 4394 1660 4464 prima,

122 4460 217 4513 dicens
229 4461 362 4530 apostolis
374 4461 460 4515 t'uisse
468 4465 636 4530 praeceptum
647 4468 680 4516 ut
688 4460 833 4514 duodecim
841 4459 923 4513 annis
964 4461 1190 4528 Tarraconensis,
1390 4462 1545 4517 Germania
1560 4467 1694 4533 secunda,

123 4532 457 4599 praedicarentintudzea.
473 4534 540 4584 theto
560 4535 589 4584 in
612 4535 669 4586 :tet
686 4536 782 4599 etpost,
799 4547 859 4610 cap.
879 4531 919 4582 lit.
964 4531 1203 4601 Carthaginiensis
1390 4532 1503 4604 Belgica
1517 4531 1621 4606 prima,

124 4632 156 4640 -
166 4603 341 4655 Mendacium
357 4604 467 4672 scripsit
482 4603 528 4655 ille
544 4603 591 4671 qui
601 4619 632 4655 ex
647 4617 766 4673 persona
782 4599 921 4655 Mehtonis
962 4602 1128 4672 Tingitania,
1391 4605 1504 4676 Belgica
1517 4608 1652 4672 secunda,

123 4672 245 4743 episcopi
256 4673 581 4744 hsiaelibrmnexponens
592 4674 626 4726 de
642 4673 718 4727 obitu
735 4673 821 4726 beata
835 4672 920 4725 (leni-
963 4674 1100 4727 Haleares.
1389 4677 1474 4747 Alpes
1484 4678 1645 4745 maritume,

122 4743 200 4797 tricis
230 4743 288 4805 Dei,
306 4744 373 4797 dicit
399 4746 471 4815 ‹puod
498 4744 619 4797 secundo
643 4749 707 4815 post
728 4742 920 4797 ascensionem
1389 4747 1750 4818 AipesPenninaeetGraia,

121 4814 232 4868 Domini
249 4831 323 4868 anno
339 4818 457 4885 apostoli
483 4816 588 4868 suerint
611 4832 707 4868 omnes
726 4819 785 4868 toto
799 4814 867 4867 orbe
885 4815 921 4868 ad
1391 4818 1514 4873 Maxima
1529 4821 1730 4891 Sequanorum.

122 4886 330 4957 praedicandum
346 4887 374 4940 in
398 4904 477 4940 suam
495 4886 612 4956 quisque
632 4886 802 4956 provinciam
818 4885 918 4939 divisi:

122 4957 168 5028 qui
188 4958 570 5028 universi.appropinquante
581 4958 657 5011 obitu
670 4956 869 5017 beataeMariae,
886 4956 920 5009 de

121 5027 190 5082 locis
206 5029 348 5099 inquibus
365 5030 553 5099 predicarent
571 5028 685 5082 verbum
702 5028 751 5080 Dei
775 5027 874 5080 elevati
889 5027 919 5080 in

122 5099 242 5153 nubibus
264 5101 335 5170 rapti
360 5108 424 5154 sunt
440 5101 651 5170 lerosolymam.
667 5115 699 5151 ac
719 5098 838 5169 depositi
854 5104 919 5151 ante

123 5171 223 5222 ostium
240 5172 339 5225 donnrs
354 5175 459 5241 ejus...
483 5188 543 5242 qum
557 5171 613 5224 Scri
618 5177 701 5240 ptura
716 5171 800 5222 etiam
816 5170 921 5238 specia-

121 5240 186 5291 liter
200 5243 234 5292 tle
249 5245 355 5296 Jmunre
378 5245 503 5314 apostolo
532 5243 625 5302 relect,
643 5241 716 5312 quod
737 5258 769 5293 eo
793 5247 919 5309 ternpore

67 5323 72 5328 ·
122 5310 221 5378 Ephesi
235 5315 437 5380 praedicanerit:
457 5332 518 5385 qum
535 5319 633 5366 iuncta
651 5313 740 5365 serbis
751 5312 823 5363 berni
839 5313 919 5364 Luras

121 5383 322 5439 contradicunt.
336 5386 435 5455 ‹pribin
448 5392 545 5439 narrat
559 5383 698 5454 :spostolus
708 5383 815 5436 laeteris
831 5383 919 5435 tideli-

120 5447 173 5501 bus
187 5452 220 5502 ab
243 5455 422 5525 ierosolymis
438 5458 574 5527 propulsis
599 5457 766 5510 renmnsisse
781 5455 915 5506 ibidem...
996 5455 1161 5511 stennon
1176 5459 1217 5510 oia
1230 5459 1262 5510 de
1277 5459 1366 5511 sainte
1380 5459 1541 5515 Mudeteina

121 5521 202 5572 Absit
214 5533 306 5576 autern
326 5534 356 5577 ut
369 5530 514 5581 credmnus
530 5529 641 5581 beatum
657 5528 792 5581 doctrinam
808 5530 917 5595 apmsto-
994 5527 1083 5580 flbid.

121 5599 180 5652 lum
190 5594 235 5649 cui
249 5596 384 5652 Dominus
398 5599 427 5653 in
442 5616 524 5655 cruce
536 5604 657 5654 matrem
676 5615 757 5656 suam
771 5597 916 5668 Virginem
990 5608 1006 5653 a
1020 5600 1091 5654 ibid.

1070 3999 1217 4068 Hispania.
1484 4003 1659 4059 Galliarum.

1389 4890 1544 4959 Aquitania
1554 4893 1658 4963 prima,

1388 4961 1544 5031 Aquitania
1557 4964 1691 5029 secunda,

1381 5031 1603 5104 ‘Novempopuli

1388 5102 1581 5160 Narbonensis
1594 5105 1694 5177 prima,

1387 5173 1580 5232 Narbonensis
1593 5177 1720 5241 secunda,

1386 5245 1585 5315 Lugdunensis
1597 5249 1724 5314 secunda,

1387 5316 1586 5385 Lugdunensis
1599 5320 1691 5376 tertia.

1387 5387 1584 5458 Lugdunensis
1599 5391 1723 5448 Senonia.
