3772 6120
115 347 184 403 istst»
416 344 444 396 lt.
468 341 602 396 erBANl
622 339 736 395 slsum
757 339 927 397 secutur.
948 340 1110 399 stouUN'r.
1130 341 1279 399 OPERUM
1298 339 1389 395 PARS
1409 338 1455 393 lv.

256 469 387 524 iordanis
399 483 511 522 anrncnr
526 465 647 525 dedicat,

293 558 420 614 Salvator
434 555 524 612 undas
538 553 664 627 expians.

294 647 397 702 Fontes
410 643 504 717 abyssi
515 641 642 709 llumina,

295 736 447 792 Consecrat
461 731 538 788 orbis
547 730 656 786 artilex.

260 826 355 882 Fletus
368 839 480 880 amaros
494 819 612 885 tundite,

296 914 399 971 ldentis
413 916 522 968 secreta
530 909 655 982 pandite.

299 1004 384 1060 Salsa
396 1018 446 1075 per
460 1017 511 1055 ora
520 1001 660 1071 lnmymn,

294 1094 411 1151 Dulcem
424 1091 544 1145 salutem
558 1094 726 1161 preparent.

260 1183 318 1240 Fex
331 1182 411 1237 nulla
419 1196 471 1235 nos
479 1177 651 1249 coinquinet.

296 1270 396 1329 Mortis
407 1274 524 1325 uetustae
534 1266 635 1340 portio.

297 1359 353 1416 Sed
367 1358 438 1414 lucis
452 1358 528 1413 alma
536 1354 656 1420 mansio,

297 1448 391 1504 Vitam
404 1462 557 1519 perennem
567 1443 702 1499 conserat.

120 1561 189 1623 vll.
217 1592 256 1604 -
285 1571 410 1618 uranus
431 1568 583 1615 nrcsnnus
605 1568 637 1612 ιιι
659 1566 776 1613 essens
796 1564 916 1611 nonius.

191 1675 345 1728 Cantemus
354 1669 473 1726 Domino
487 1668 601 1740 Deoqne
616 1672 722 1732 nostro,

226 1760 339 1817 Fratres
354 1758 510 1824 unanimes,
524 1755 626 1829 probas
635 1759 764 1810 verenter

228 1849 337 1906 nudes
348 1865 381 1904 ex
392 1846 486 1903 animo
501 1845 548 1918 pio
561 1851 705 1911 canentes,

227 1940 309 1995 Nunc
323 1936 471 1993 Paschalia
480 1935 552 1991 testa
560 1950 624 1990 cum
637 1940 775 1989 tenemus.

229 2026 358 2084 Surrexit
371 2025 437 2099 quia
451 2024 580 2079 Christus
593 2023 759 2095 asepulcro,

231 2116 393 2172 collaetetur
405 2115 489 2169 horno
501 2113 588 2168 choro
596 2111 772 2184 angelorum.

195 2208 293 2279 dgnus
307 2219 409 2275 nempe
424 2219 503 2258 sacer
517 2208 612 2274 patres
626 2202 661 2256 dc
673 2199 804 2272 AEgypto,

231 2295 305 2354 Olim
319 2292 454 2351 eduxerat
466 2293 542 2348 edito
556 2308 665 2358 cruore,

232 2386 268 2443 Et
282 2402 357 2442 nnnc
370 2383 508 2458 sanguine
518 2384 674 2440 Christusa
686 2379 810 2437 tenebris

232 2474 419 2531 Insernnlibus
429 2475 488 2547 ipse
503 2490 555 2530 nos
569 2471 697 2529 redemit.

233 2564 362 2619 Surrexit
371 2564 447 2636 quia,
464 2570 518 2618 etc,

196 2651 249 2718 Qui
265 2652 339 2708 sicut
351 2653 486 2726 populum
497 2651 563 2708 tulit
576 2650 709 2723 priorem,

231 2741 286 2796 Per
297 2741 425 2798 Rubrum
437 2758 516 2797 mare
529 2741 610 2796 boste
624 2738 663 2794 ibi
672 2739 842 2809 interempto

234 2830 279 2887 Sic
293 2829 461 2903 baptismate
475 2846 582 2902 nosque
591 2829 729 2896 liberavit,

234 2918 385 2975 Submerso
400 2919 498 2976 zabulo
512 2919 589 2975 unda
602 2918 752 2992 passionis.

237 3008 372 3074 Surrexit,
384 3015 437 3063 etc.

200 3096 273 3151 Nam
285 3096 384 3151 Jndaea
395 3096 518 3151 fremens
527 3112 624 3151 necem
638 3095 757 3168 paravit,

235 3183 347 3240 Christo
361 3184 464 3239 inserte
486 3184 577 3239 crucis
595 3183 659 3239 dolo
669 3183 812 3255 magistro.

236 3274 327 3339 Quam
336 3273 435 3328 sedare
449 3274 548 3345 nequit
561 3272 735 3345 piamedela,

233 3363 292 3418 Nec
300 3361 377 3417 uerbi
389 3362 514 3418 studium
526 3362 593 3418 boni
604 3361 738 3435 parentis.

237 3451 374 3517 Surrexit,
387 3456 441 3506 etc.

200 3541 415 3596 Prenduntarte
429 3556 510 3608 nova,
527 3541 663 3613 prodente
676 3541 801 3606 alumno,

235 3629 383 3685 Doctorern
396 3627 527 3685 manibus
540 3629 658 3685 trahunt
670 3627 800 3700 ligando:

236 3718 364 3774 Tradunt
378 3718 504 3791 pontifici
519 3718 584 3773 dein
599 3723 732 3791 tyranno,

238 3807 381 3863 Insontem
395 3812 429 3862 ut
438 3806 554 3876 cruciet,
560 3807 638 3880 pium
653 3824 685 3863 ac
698 3807 828 3878 llagellet.

238 3895 374 3963 Surrexit,
386 3902 440 3951 ete.

33 4006 39 4025 ¹
130 4042 136 4055 ,
202 3983 354 4056 Postquam
367 3985 417 4040 dat
425 3985 531 4057 alapas,
542 3989 659 4040 vomunt
672 3984 786 4039 salivam

922 467 950 528 Α
970 493 975 507 ·
1029 467 1126 539 Surgit
1135 467 1258 522 diluculo
1271 482 1290 521 a
1303 479 1403 537 sopore
1416 461 1519 517 mortis

1063 557 1191 612 Salvator
1204 555 1312 628 placide
1326 554 1428 623 angelo
1442 549 1576 606 ministro

1063 645 1200 701 Custodes
1215 644 1350 718 peritam,
1361 642 1400 714 pii
1411 641 1564 705 resultant,

1062 737 1193 792 Gaudent
1204 734 1344 807 discipuli,
1359 730 1448 788 invidi
1456 726 1606 785 dolebant.

1064 825 1200 890 Surrexit,
1215 830 1272 882 etc.

1028 914 1177 986 Cognoscit
1187 914 1277 970 Maria
1286 929 1321 968 ex
1335 927 1404 967 sono
1418 909 1603 980 magistrum,

1063 1005 1185 1059 Thomas
1198 1019 1304 1075 perque
1318 1002 1393 1056 latus
1404 1000 1498 1055 Deum
1508 996 1657 1057 ιωιιιιιιιιι,

1065 1094 1201 1165 Flagrans
1215 1093 1269 1147 rite
1283 1092 1384 1146 Petrus
1402 1089 1463 1142 adit
1477 1085 1653 1158 sepulcrum,

1066 1184 1099 1239 ln
1113 1186 1209 1237 monte
1222 1181 1375 1237 Dominum
1383 1176 1576 1248 undecimque
1590 1173 1718 1229 adorant.

1066 1272 1202 1336 Surrexit,
1215 1275 1269 1328 etc.

1031 1363 1114 1428 Quid,
1126 1353 1234 1427 Judsea,
1251 1359 1321 1415 luris
1335 1359 1394 1414 Deo
1408 1356 1566 1419 relcuom,

1066 1451 1187 1521 Fingens
1197 1455 1258 1504 arte
1267 1449 1358 1504 scelus
1370 1447 1436 1501 dolo
1451 1448 1579 1516 reperto,

1068 1541 1203 1594 Furatum
1216 1539 1367 1610 crepitans,
1381 1535 1430 1608 qui
1445 1540 1514 1589 orat
1526 1545 1690 1593 coruscans,

1067 1629 1120 1693 Qui
1136 1627 1274 1683 mundum
1288 1632 1413 1697 reparat,
1429 1624 1520 1679 Satan
1535 1618 1679 1675 trucidat?

1067 1715 1204 1782 Surrexit,
1215 1721 1268 1781 eto,

931 1782 955 1841 Β
1033 1805 1164 1862 Laudant
1177 1810 1255 1860 astra
1264 1803 1320 1876 poli
1330 1818 1409 1856 mare
1425 1799 1590 1870 solumque,

1068 1894 1230 1949 Gaudentes
1242 1892 1395 1948 Dominum
1402 1891 1495 1943 rivere
1503 1885 1662 1948 Christum,

1068 1984 1169 2039 ‘lbistis
1182 1983 1242 2038 sola
1254 1981 1333 2036 doles
1341 1979 1439 2050 iniqua
1447 1978 1573 2047 lingens,

1071 2075 1193 2128 Consors
1204 2073 1374 2133 muranum,
1387 2068 1533 2141 particeps
1545 2064 1692 2136 gehenne.

1072 2162 1199 2218 Surrexit
1212 2161 1280 2232 quia
1293 2159 1423 2214 Christus
1438 2174 1457 2212 a
1469 2155 1614 2227 sepulcro,

1070 2252 1232 2307 Collaetetur
1246 2250 1331 2304 homo
1340 2248 1426 2302 choro
1440 2245 1622 2317 angelornm.

963 2416 1046 2477 vlll.
1064 2427 1377 2476 —·1nsscsusrour
1400 2424 1513 2473 ιοιιιιιι
1531 2424 1573 2469 sn
1588 2417 1755 2467 ussarius.

1072 2565 1160 2620 Adest
1168 2565 1229 2619 dies
1239 2568 1353 2619 sanctus
1367 2561 1429 2625 Dei,

1108 2656 1192 2710 Claro
1202 2652 1384 2724 resplendens
1398 2649 1520 2704 lumine.

1108 2745 1170 2810 Quo
1183 2742 1271 2797 victor
1281 2741 1317 2797 ad
1331 2739 1417 2795 coelos
1435 2744 1550 2810 potens,

1109 2832 1167 2887 Rex
1179 2831 1309 2887 Christus
1316 2827 1446 2885 exultans
1455 2827 1541 2899 petit,

1072 2921 1163 2986 Quem
1173 2918 1257 2975 turba
1270 2925 1337 2975 turm
1344 2934 1409 2973 cum
1424 2912 1559 2970 laudibus

1108 3011 1221 3065 Fortem
1236 3008 1377 3064 resultans
1390 3004 1538 3078 pnedicat.

1111 3101 1216 3170 Regem
1230 3096 1454 3168 triumphantem
1468 3108 1594 3165 sequens

1111 3189 1203 3245 Intrat
1216 3187 1345 3259 polorum
1352 3186 1467 3256 januas.

1076 3278 1135 3334 lloc
1146 3284 1214 3332 tunc
1227 3275 1354 3330 ridentes
1367 3272 1512 3347 principes

1111 3366 1182 3422 ilinc
1195 3364 1395 3436 obstupescunt
1409 3360 1551 3435 protinus,

1110 3456 1179 3522 Quis
1190 3452 1230 3509 'sit
1244 3453 1357 3510 Tonans
1371 3451 1560 3522 interrogant,

1109 3545 1193 3601 Tanti
1207 3543 1286 3599 ducis
1300 3541 1345 3599 hic
1358 3540 1511 3597 transitus.

1076 3634 1209 3691 Reddunt
1220 3630 1321 3707 quibus
1335 3648 1399 3686 mox
1415 3629 1523 3703 praevia

1112 3726 1178 3780 Haec
1190 3722 1356 3795 angelorum
1370 3726 1439 3775 tunc
1450 3718 1581 3790 agmina,

1112 3814 1170 3869 Rex
1183 3811 1281 3884 gloriae
1294 3809 1384 3877 sortis,
1399 3814 1502 3881 potens

1113 3902 1162 3957 Est
1176 3901 1230 3956 iste
1243 3899 1378 3955 virtutum
1388 3898 1476 3954 Deus.

1077 3993 1209 4046 Claustra
1217 3996 1261 4044 ast
1272 3993 1370 4061 patent
1379 4005 1442 4042 mox
1455 3986 1566 4052 omnis,

236 4074 269 4128 In
283 4090 392 4128 sacram
403 4074 549 4134 iaciemet
560 4079 644 4146 caput
652 4081 789 4128 coronant

239 4162 341 4234 Spinis,
358 4164 387 4218 in
401 4178 483 4218 cruce
497 4162 572 4217 hunc
584 4169 700 4233 repente
712 4163 820 4233 figunt:

238 4253 339 4307 Pomm
353 4251 390 4306 sel
408 4251 554 4319 dederant,
570 4251 644 4306 latus
653 4250 794 4308 terebant.
1113 4258 1223 4312 Latum
1232 4271 1354 4328 superna
1366 4254 1473 4327 gloria,

237 4341 372 4408 Surrexit,
389 4348 443 4397 etc,
933 4330 957 4388 ὓ
1078 4346 1306 4417 ORexaupernae
1319 4344 1426 4416 gloriae,

201 4431 338 4486 Emittens
352 4430 476 4485 animam
487 4431 572 4484 chaos
584 4434 723 4503 penetrat,
1112 4435 1167 4500 Qui
1185 4434 1277 4489 Patris
1287 4432 1316 4489 in
1330 4432 1428 4489 dextro
1441 4432 1509 4488 sede

236 4519 356 4577 Christis
368 4519 469 4575 mortis
481 4535 566 4573 ovans
581 4518 681 4590 fugans
691 4518 831 4573 tenebras.
1110 4525 1152 4580 'In
1165 4510 1217 4578 n'os
1231 4523 1292 4578 vide
1305 4522 1428 4578 clemens
1441 4528 1507 4576 tuos

234 4610 249 4665 J
252 4616 329 4665 ustos
341 4608 454 4680 eripuit,
469 4608 567 4680 ligavit
579 4608 699 4676 hostem,
1102 4615 1182 4670 Nunc
1195 4611 1379 4685 deprecantes
1388 4611 1516 4666 servulos

238 4699 349 4754 Donans
363 4703 441 4752 astra
455 4697 518 4770 piis,
533 4698 659 4753 dolorem
670 4697 783 4770 iniquis.
1075 4704 1116 4757 Da
1130 4719 1219 4775 spem,
1235 4702 1320 4756 sidem
1329 4705 1359 4757 et
1371 4701 1552 4767 catholicam,

236 4786 372 4854 Surrexit,
388 4793 442 4841 etc.
1111 4791 1155 4846 Da
1166 4790 1314 4847 charitatis
1323 4806 1450 4855 munere,

623 4876 778 4932 SGROLIA
796 4878 1064 4937 CHRISTOPHORI
1083 4879 1263 4937 BROWERI.

59 4980 62 4985 '
164 4975 298 5058 ¹Primus
311 4974 356 5063 hic
369 4974 491 5099 hpmnns
506 4983 558 5040 est,
571 4973 656 5046 quiin
668 4974 926 5057 multisGalliarum
967 4978 1099 5033 donatuli
1114 4978 1142 5033 8.
1159 4979 1274 5034 loannis
1288 4979 1438 5051 Baptistae,
1455 4983 1518 5033 turn
1538 4980 1759 5047 11112Fitportr

126 5047 322 5102 etGerrnanirs
332 5046 385 5100 hcc
397 5062 463 5100 esns
473 5050 611 5128 receptus.
623 5044 731 5100 Retulit
739 5061 803 5100 curn
819 5064 847 5100 ιιι
857 5048 928 5102 The-
967 5050 1072 5104 Christi
1079 5052 1185 5119 pervia.
1202 5050 1329 5121 Denique
1339 5067 1374 5104 sn
1391 5066 1397 5101 :
1418 5047 1495 5116 Onesi
1508 5050 1613 5103 eborae
1624 5055 1759 5105 catenare·

1114 4079 1245 4134 Gaudent
1255 4078 1284 4132 in
1299 4078 1356 4132 alto
1370 4076 1471 4141 millia,

1114 4167 1257 4223 Christum
1268 4166 1414 4221 sedentem
1427 4182 1494 4220 eum
1505 4164 1607 4220 rident

125 5133 242 5172 caurum
261 5134 354 5182 suurn,
372 5121 453 5171 caute
468 5117 606 5187 siquidem
620 5116 764 5243 legendus,
788 5117 927 5188 Georgius
968 5122 1198 5185 nerandusolim,
1214 5120 1244 5175 in
1256 5120 1457 5176 Purificationc
1473 5119 1502 5174 8.
1516 5120 1627 5176 llarire.
1643 5121 1761 5176 Namoe

126 5186 279 5271 Fabricius,
295 5189 395 5244 incerti
409 5187 533 5271 auctoris
546 5188 639 5243 titulo.
669 5189 830 5259 aspeximus
848 5189 927 5261 hym·
967 5191 1108 5263 teri,quos
1119 5190 1239 5246 Ecclesia
1250 5193 1375 5247 Romana
1385 5192 1561 5263 frequentat,
1575 5192 1650 5256 Veni,
1664 5194 1761 5247 Creator

126 5274 227 5314 norum
239 5259 354 5342 librum,
367 5261 488 5316 Coloniae
503 5266 569 5314 anto
581 5266 694 5314 centius
709 5275 798 5314 annos
810 5261 924 5319 Henrici
967 5263 1101 5332 Spiritus,
1123 5261 1169 5316 bic
1193 5280 1219 5328 x,
1236 5261 1271 5317 ab
1290 5263 1354 5318 aliis
1369 5264 1398 5318 S.
1413 5262 1577 5317 Ambrosio.
1598 5265 1695 5318 Aurea
1714 5266 1761 5316 laer

127 5328 268 5393 Quenteln
281 5338 355 5403 typis
368 5347 512 5413 excusum,
529 5347 586 5385 una
605 5347 669 5385 cum
695 5330 878 5401 expositione,
892 5338 925 5388 ut
964 5347 1031 5389 xvii.
1047 5334 1096 5390 SS.
1111 5333 1302 5405 apostolorum
1318 5335 1394 5390 Petri
1404 5341 1433 5389 ct
1446 5333 1528 5388 Pauli
1545 5332 1637 5401 seriis,
1648 5332 1708 5407 Elpi
1720 5333 1761 5387 Se·

126 5414 230 5470 magna
247 5407 315 5457 tunc
333 5408 468 5483 temporis
482 5408 544 5456 erat
555 5401 806 5484 ecclesiastieorum
824 5403 925 5484 carini-
965 5421 1023 5458 uer.
1036 5403 1123 5458 Boetii
1134 5405 1223 5458 uxori.
1236 5407 1341 5460 Christe
1357 5406 1539 5471 miraturum,
1551 5421 1600 5460 xiv
1606 5411 1638 5461 et
1647 5419 1702 5460 xer.
1712 5405 1761 5459 libi

124 5485 195 5552 num
208 5479 373 5554 reverentia,
394 5490 423 5529 ιιι
436 5489 492 5544 quo
503 5473 632 5529 nonnulli
642 5490 676 5529 ex
689 5473 743 5541 lus,
758 5489 809 5528 seu
828 5490 857 5527 ιιι
872 5474 924 5530 Ec·
965 5475 1078 5540 Christe,
1094 5477 1223 5544 splendor
1234 5479 1338 5538 Putris,
1347 5475 1395 5548 qui
1404 5475 1436 5529 in
1446 5476 1564 5531 laudem
1577 5476 1760 5532 Michaelissr·

124 5538 209 5628 cleers
233 5548 333 5627 numu
358 5550 543 5614 enarrantem
562 5562 588 5598 ι.
602 5562 631 5617 g.
646 5562 693 5601 ix:
718 5546 750 5601 de
763 5547 925 5601 Ascemione
966 5546 1094 5616 changeii
1107 5552 1256 5611 canuntur,
1269 5548 1377 5604 incerto
1387 5547 1499 5604 anemii
1512 5546 1694 5609 tribuuntur.

124 5614 246 5677 Doricam,
259 5617 289 5667 et
297 5627 379 5668 xrru:
396 5618 483 5669 Praro
491 5618 653 5685 preclarae,
663 5631 740 5670 suem
750 5619 774 5669 et
781 5616 923 5684 propbeta,
1029 5666 1032 5671 .
