<?xml version="1.0" encoding="UTF-8"?>
<!DOCTYPE html PUBLIC "-//W3C//DTD XHTML 1.0 Transitional//EN"
    "http://www.w3.org/TR/xhtml1/DTD/xhtml1-transitional.dtd">
<html xmlns="http://www.w3.org/1999/xhtml" xml:lang="en" lang="en">
 <head>
  <title>
</title>
<meta http-equiv="Content-Type" content="text/html;charset=utf-8" />
  <meta name='ocr-system' content='tesseract 3.04.00' />
  <meta name='ocr-capabilities' content='ocr_page ocr_carea ocr_par ocr_line ocrx_word'/>
</head>
<body>
  <div class='ocr_page' id='page_1' title='image "./patrologiaecurs22goog/patrologiaecurs22goog_0081.png"; bbox 0 0 3772 6120; ppageno 0'>
   <div class='ocr_carea' id='block_1_1' title="bbox 137 275 1774 343">
    <p class='ocr_par' dir='ltr' id='par_1_1' title="bbox 137 275 1774 343">
     <span class='ocr_line' id='line_1_1' title="bbox 137 275 1774 343; baseline -0.006 -2"><span class='ocrx_word' id='word_1_1' title='bbox 137 285 185 343; x_wconf 77' lang='lat'>{51</span> <span class='ocrx_word' id='word_1_2' title='bbox 432 286 465 341; x_wconf 88' lang='lat' dir='ltr'>B.</span> <span class='ocrx_word' id='word_1_3' title='bbox 486 284 622 340; x_wconf 84' lang='lat' dir='ltr'>RABANI</span> <span class='ocrx_word' id='word_1_4' title='bbox 641 283 756 340; x_wconf 85' lang='lat' dir='ltr'>MAUlll</span> <span class='ocrx_word' id='word_1_5' title='bbox 775 281 942 338; x_wconf 81' lang='lat' dir='ltr'>ARClllEP.</span> <span class='ocrx_word' id='word_1_6' title='bbox 963 280 1124 337; x_wconf 79' lang='lat' dir='ltr'>MOGUNT.</span> <span class='ocrx_word' id='word_1_7' title='bbox 1146 280 1294 336; x_wconf 89' lang='lat' dir='ltr'>OPERUM</span> <span class='ocrx_word' id='word_1_8' title='bbox 1313 278 1405 334; x_wconf 86' lang='lat' dir='ltr'>PARS</span> <span class='ocrx_word' id='word_1_9' title='bbox 1424 280 1474 334; x_wconf 94' lang='lat' dir='ltr'>lll.</span> <span class='ocrx_word' id='word_1_10' title='bbox 1723 275 1774 332; x_wconf 65' lang='lat' dir='ltr'>iil</span> 
     </span>
    </p>
   </div>
   <div class='ocr_carea' id='block_1_2' title="bbox 68 405 1851 5642">
    <p class='ocr_par' dir='ltr' id='par_1_2' title="bbox 68 405 1851 5642">
     <span class='ocr_line' id='line_1_2' title="bbox 135 405 1779 484; baseline -0.005 -18"><span class='ocrx_word' id='word_1_11' title='bbox 135 427 321 484; x_wconf 87' lang='lat' dir='ltr'>corporacum</span> <span class='ocrx_word' id='word_1_12' title='bbox 329 406 1212 466; x_wconf 77' lang='lat' dir='ltr'>sintomniarisibiliadiilerunttameuinterAresurrectionem</span> <span class='ocrx_word' id='word_1_13' title='bbox 1222 405 1349 460; x_wconf 82' lang='lat' dir='ltr'>futuram</span> <span class='ocrx_word' id='word_1_14' title='bbox 1360 411 1548 472; x_wconf 86' lang='lat' dir='ltr'>mortuorum,</span> <span class='ocrx_word' id='word_1_15' title='bbox 1560 415 1593 459; x_wconf 87' lang='lat' dir='ltr'>ut</span> <span class='ocrx_word' id='word_1_16' title='bbox 1612 410 1726 475; x_wconf 85' lang='lat' dir='ltr'>accepta</span> <span class='ocrx_word' id='word_1_17' title='bbox 1735 419 1779 458; x_wconf 80' lang='lat' dir='ltr'>ra·</span> 
     </span>
     <span class='ocr_line' id='line_1_3' title="bbox 135 493 1291 573; baseline -0.007 -17"><span class='ocrx_word' id='word_1_18' title='bbox 135 516 167 556; x_wconf 88' lang='lat' dir='ltr'>se</span> <span class='ocrx_word' id='word_1_19' title='bbox 187 517 237 573; x_wconf 92' lang='lat' dir='ltr'>pro</span> <span class='ocrx_word' id='word_1_20' title='bbox 251 498 460 553; x_wconf 81' lang='lat' dir='ltr'>diversitatibus</span> <span class='ocrx_word' id='word_1_21' title='bbox 480 498 614 560; x_wconf 89' lang='lat' dir='ltr'>locorum,</span> <span class='ocrx_word' id='word_1_22' title='bbox 631 496 705 550; x_wconf 90' lang='lat' dir='ltr'>unde</span> <span class='ocrx_word' id='word_1_23' title='bbox 725 495 840 549; x_wconf 86' lang='lat' dir='ltr'>aliaest</span> <span class='ocrx_word' id='word_1_24' title='bbox 857 495 937 548; x_wconf 81' lang='lat' dir='ltr'>coele-</span> <span class='ocrx_word' id='word_1_25' title='bbox 977 495 1054 549; x_wconf 91' lang='lat' dir='ltr'>tiouc</span> <span class='ocrx_word' id='word_1_26' title='bbox 1065 510 1147 548; x_wconf 90' lang='lat' dir='ltr'>nemo</span> <span class='ocrx_word' id='word_1_27' title='bbox 1158 493 1291 563; x_wconf 79' lang='lat' dir='ltr'>ambigat.</span> 
     </span>
     <span class='ocr_line' id='line_1_4' title="bbox 135 582 1778 658; baseline -0.004 -14"><span class='ocrx_word' id='word_1_28' title='bbox 135 589 225 644; x_wconf 90' lang='lat' dir='ltr'>stium</span> <span class='ocrx_word' id='word_1_29' title='bbox 238 588 339 658; x_wconf 86' lang='lat' dir='ltr'>gloria,</span> <span class='ocrx_word' id='word_1_30' title='bbox 356 587 412 640; x_wconf 89' lang='lat' dir='ltr'>alia</span> <span class='ocrx_word' id='word_1_31' title='bbox 427 585 615 653; x_wconf 82' lang='lat' dir='ltr'>terrestrium,</span> <span class='ocrx_word' id='word_1_32' title='bbox 636 590 665 639; x_wconf 91' lang='lat' dir='ltr'>et</span> <span class='ocrx_word' id='word_1_33' title='bbox 683 584 707 638; x_wconf 90' lang='lat' dir='ltr'>si</span> <span class='ocrx_word' id='word_1_34' title='bbox 727 585 755 638; x_wconf 94' lang='lat' dir='ltr'>in</span> <span class='ocrx_word' id='word_1_35' title='bbox 770 585 837 639; x_wconf 90' lang='lat' dir='ltr'>locis</span> <span class='ocrx_word' id='word_1_36' title='bbox 853 582 938 638; x_wconf 89' lang='lat' dir='ltr'>subli·</span> <span class='ocrx_word' id='word_1_37' title='bbox 1013 582 1778 651; x_wconf 69' lang='lat' dir='ltr'>Sem-irretortiscorruptionasurpitinincorruptione.</span> 
     </span>
     <span class='ocr_line' id='line_1_5' title="bbox 104 671 1780 743; baseline -0.005 -11"><span class='ocrx_word' id='word_1_38' title='bbox 104 708 108 713; x_wconf 93' lang='lat'><em>·</em></span> <span class='ocrx_word' id='word_1_39' title='bbox 137 675 231 732; x_wconf 92' lang='lat' dir='ltr'>mibus</span> <span class='ocrx_word' id='word_1_40' title='bbox 241 693 305 730; x_wconf 92' lang='lat' dir='ltr'>cum</span> <span class='ocrx_word' id='word_1_41' title='bbox 320 676 377 729; x_wconf 89' lang='lat' dir='ltr'>sint</span> <span class='ocrx_word' id='word_1_42' title='bbox 388 673 867 740; x_wconf 86' lang='lat' dir='ltr'>cunctacoelestia,diileruntetiam</span> <span class='ocrx_word' id='word_1_43' title='bbox 878 672 939 743; x_wconf 88' lang='lat' dir='ltr'>ipsa</span> <span class='ocrx_word' id='word_1_44' title='bbox 981 672 1127 727; x_wconf 85' lang='lat' dir='ltr'>Seminare</span> <span class='ocrx_word' id='word_1_45' title='bbox 1142 677 1185 725; x_wconf 93' lang='lat' dir='ltr'>est</span> <span class='ocrx_word' id='word_1_46' title='bbox 1195 671 1323 742; x_wconf 89' lang='lat' dir='ltr'>sepelire,</span> <span class='ocrx_word' id='word_1_47' title='bbox 1342 677 1374 725; x_wconf 93' lang='lat' dir='ltr'>ut</span> <span class='ocrx_word' id='word_1_48' title='bbox 1391 676 1610 742; x_wconf 79' lang='lat' dir='ltr'>corrumpatur:</span> <span class='ocrx_word' id='word_1_49' title='bbox 1632 687 1780 741; x_wconf 82' lang='lat' dir='ltr'>resurgere</span> 
     </span>
     <span class='ocr_line' id='line_1_6' title="bbox 137 750 1780 832; baseline -0.004 -12"><span class='ocrx_word' id='word_1_50' title='bbox 137 764 312 820; x_wconf 79' lang='lat' dir='ltr'>claritatibus</span> <span class='ocrx_word' id='word_1_51' title='bbox 329 750 479 830; x_wconf 84' lang='lat' dir='ltr'>luminum,</span> <span class='ocrx_word' id='word_1_52' title='bbox 500 779 557 818; x_wconf 89' lang='lat' dir='ltr'>non</span> <span class='ocrx_word' id='word_1_53' title='bbox 574 762 679 817; x_wconf 92' lang='lat' dir='ltr'>mirum</span> <span class='ocrx_word' id='word_1_54' title='bbox 697 768 740 816; x_wconf 89' lang='lat' dir='ltr'>est</span> <span class='ocrx_word' id='word_1_55' title='bbox 758 762 832 832; x_wconf 90' lang='lat' dir='ltr'>quod</span> <span class='ocrx_word' id='word_1_56' title='bbox 852 762 881 815; x_wconf 93' lang='lat' dir='ltr'>in</span> <span class='ocrx_word' id='word_1_57' title='bbox 896 777 939 815; x_wconf 90' lang='lat' dir='ltr'>re·</span> <span class='ocrx_word' id='word_1_58' title='bbox 980 768 1075 816; x_wconf 90' lang='lat' dir='ltr'>autem</span> <span class='ocrx_word' id='word_1_59' title='bbox 1090 761 1120 816; x_wconf 92' lang='lat' dir='ltr'>in</span> <span class='ocrx_word' id='word_1_60' title='bbox 1130 760 1319 831; x_wconf 90' lang='lat' dir='ltr'>incorruptela</span> <span class='ocrx_word' id='word_1_61' title='bbox 1331 761 1392 831; x_wconf 91' lang='lat' dir='ltr'>jam</span> <span class='ocrx_word' id='word_1_62' title='bbox 1405 761 1605 815; x_wconf 82' lang='lat' dir='ltr'>exsuscitatum</span> <span class='ocrx_word' id='word_1_63' title='bbox 1628 777 1684 814; x_wconf 88' lang='lat' dir='ltr'>non</span> <span class='ocrx_word' id='word_1_64' title='bbox 1698 777 1780 831; x_wconf 90' lang='lat' dir='ltr'>posse</span> 
     </span>
     <span class='ocr_line' id='line_1_7' title="bbox 138 848 1777 921; baseline -0.005 -9"><span class='ocrx_word' id='word_1_65' title='bbox 138 853 312 912; x_wconf 77' lang='lat' dir='ltr'>surrectione</span> <span class='ocrx_word' id='word_1_66' title='bbox 324 858 512 917; x_wconf 89' lang='lat' dir='ltr'>mortuorum,</span> <span class='ocrx_word' id='word_1_67' title='bbox 523 850 639 906; x_wconf 87' lang='lat' dir='ltr'>distabit</span> <span class='ocrx_word' id='word_1_68' title='bbox 656 851 748 921; x_wconf 88' lang='lat' dir='ltr'>gloria</span> <span class='ocrx_word' id='word_1_69' title='bbox 761 851 936 905; x_wconf 88' lang='lat' dir='ltr'>meritorum.</span> <span class='ocrx_word' id='word_1_70' title='bbox 981 850 1132 921; x_wconf 86' lang='lat' dir='ltr'>corrumpi,</span> <span class='ocrx_word' id='word_1_71' title='bbox 1146 850 1195 903; x_wconf 87' lang='lat' dir='ltr'>sed</span> <span class='ocrx_word' id='word_1_72' title='bbox 1210 848 1312 902; x_wconf 90' lang='lat' dir='ltr'>habere</span> <span class='ocrx_word' id='word_1_73' title='bbox 1322 849 1479 904; x_wconf 86' lang='lat' dir='ltr'>claritatem</span> <span class='ocrx_word' id='word_1_74' title='bbox 1487 848 1719 903; x_wconf 87' lang='lat' dir='ltr'>immortalitatis.</span> <span class='ocrx_word' id='word_1_75' title='bbox 1733 848 1777 903; x_wconf 84' lang='lat' dir='ltr'>Se-</span> 
     </span>
     <span class='ocr_line' id='line_1_8' title="bbox 134 938 1779 1012; baseline -0.004 -14"><span class='ocrx_word' id='word_1_76' title='bbox 134 941 259 1012; x_wconf 78' lang='lat' dir='ltr'>(Ambr.)</span> <span class='ocrx_word' id='word_1_77' title='bbox 268 941 339 995; x_wconf 83' lang='lat' dir='ltr'>Cum</span> <span class='ocrx_word' id='word_1_78' title='bbox 350 957 383 994; x_wconf 85' lang='lat' dir='ltr'>ex</span> <span class='ocrx_word' id='word_1_79' title='bbox 395 940 493 995; x_wconf 87' lang='lat' dir='ltr'>eadem</span> <span class='ocrx_word' id='word_1_80' title='bbox 511 957 603 994; x_wconf 87' lang='lat' dir='ltr'>mussa</span> <span class='ocrx_word' id='word_1_81' title='bbox 616 940 708 994; x_wconf 91' lang='lat' dir='ltr'>omnis</span> <span class='ocrx_word' id='word_1_82' title='bbox 718 957 783 994; x_wconf 90' lang='lat' dir='ltr'>caro</span> <span class='ocrx_word' id='word_1_83' title='bbox 796 940 849 994; x_wconf 88' lang='lat' dir='ltr'>sit:</span> <span class='ocrx_word' id='word_1_84' title='bbox 864 939 939 994; x_wconf 91' lang='lat' dir='ltr'>unde</span> <span class='ocrx_word' id='word_1_85' title='bbox 980 942 1109 992; x_wconf 68' lang='lat' dir='ltr'>vicinatur</span> <span class='ocrx_word' id='word_1_86' title='bbox 1119 941 1150 992; x_wconf 82' lang='lat' dir='ltr'>io</span> <span class='ocrx_word' id='word_1_87' title='bbox 1162 941 1327 1006; x_wconf 76' lang='lat' dir='ltr'>r&#39;poourinio,</span> <span class='ocrx_word' id='word_1_88' title='bbox 1337 942 1456 1006; x_wconf 74' lang='lat' dir='ltr'>resrirpit</span> <span class='ocrx_word' id='word_1_89' title='bbox 1468 941 1499 992; x_wconf 81' lang='lat' dir='ltr'>in</span> <span class='ocrx_word' id='word_1_90' title='bbox 1510 941 1611 1006; x_wconf 68' lang='lat' dir='ltr'>gloria.</span> <span class='ocrx_word' id='word_1_91' title='bbox 1619 939 1650 993; x_wconf 91' lang='lat' dir='ltr'>ln</span> <span class='ocrx_word' id='word_1_92' title='bbox 1660 938 1779 1007; x_wconf 85' lang='lat' dir='ltr'>ignomi-</span> 
     </span>
     <span class='ocr_line' id='line_1_9' title="bbox 138 1026 1779 1101; baseline -0.004 -15"><span class='ocrx_word' id='word_1_93' title='bbox 138 1035 168 1086; x_wconf 89' lang='lat' dir='ltr'>et</span> <span class='ocrx_word' id='word_1_94' title='bbox 187 1029 327 1101; x_wconf 91' lang='lat' dir='ltr'>quomodo</span> <span class='ocrx_word' id='word_1_95' title='bbox 338 1029 367 1083; x_wconf 92' lang='lat' dir='ltr'>in</span> <span class='ocrx_word' id='word_1_96' title='bbox 383 1029 426 1083; x_wconf 91' lang='lat' dir='ltr'>his</span> <span class='ocrx_word' id='word_1_97' title='bbox 436 1035 517 1083; x_wconf 88' lang='lat' dir='ltr'>tanta</span> <span class='ocrx_word' id='word_1_98' title='bbox 529 1029 676 1083; x_wconf 87' lang='lat' dir='ltr'>diversitas</span> <span class='ocrx_word' id='word_1_99' title='bbox 691 1033 742 1095; x_wconf 88' lang='lat' dir='ltr'>est,</span> <span class='ocrx_word' id='word_1_100' title='bbox 766 1036 798 1084; x_wconf 93' lang='lat' dir='ltr'>ut</span> <span class='ocrx_word' id='word_1_101' title='bbox 817 1045 873 1082; x_wconf 89' lang='lat' dir='ltr'>una</span> <span class='ocrx_word' id='word_1_102' title='bbox 888 1028 939 1081; x_wconf 92' lang='lat' dir='ltr'>im·</span> <span class='ocrx_word' id='word_1_103' title='bbox 981 1028 1028 1082; x_wconf 91' lang='lat' dir='ltr'>nia</span> <span class='ocrx_word' id='word_1_104' title='bbox 1041 1027 1205 1092; x_wconf 87' lang='lat' dir='ltr'>seminatur,</span> <span class='ocrx_word' id='word_1_105' title='bbox 1218 1027 1285 1097; x_wconf 89' lang='lat' dir='ltr'>quia</span> <span class='ocrx_word' id='word_1_106' title='bbox 1298 1027 1365 1081; x_wconf 90' lang='lat' dir='ltr'>dum</span> <span class='ocrx_word' id='word_1_107' title='bbox 1379 1027 1408 1081; x_wconf 93' lang='lat' dir='ltr'>in</span> <span class='ocrx_word' id='word_1_108' title='bbox 1423 1027 1522 1081; x_wconf 87' lang='lat' dir='ltr'>tetrico</span> <span class='ocrx_word' id='word_1_109' title='bbox 1535 1027 1661 1098; x_wconf 88' lang='lat' dir='ltr'>punitur,</span> <span class='ocrx_word' id='word_1_110' title='bbox 1672 1029 1704 1082; x_wconf 88' lang='lat' dir='ltr'>iit</span> <span class='ocrx_word' id='word_1_111' title='bbox 1717 1026 1779 1081; x_wconf 83' lang='lat' dir='ltr'>feti-</span> 
     </span>
     <span class='ocr_line' id='line_1_10' title="bbox 137 1115 1779 1192; baseline -0.004 -18"><span class='ocrx_word' id='word_1_112' title='bbox 137 1134 226 1192; x_wconf 88' lang='lat' dir='ltr'>pensa</span> <span class='ocrx_word' id='word_1_113' title='bbox 235 1119 339 1173; x_wconf 85' lang='lat' dir='ltr'>laceret</span> <span class='ocrx_word' id='word_1_114' title='bbox 352 1135 457 1188; x_wconf 89' lang='lat' dir='ltr'>genera</span> <span class='ocrx_word' id='word_1_115' title='bbox 467 1118 711 1173; x_wconf 81' lang='lat' dir='ltr'>diversalliieant</span> <span class='ocrx_word' id='word_1_116' title='bbox 720 1134 794 1172; x_wconf 92' lang='lat' dir='ltr'>nunc</span> <span class='ocrx_word' id='word_1_117' title='bbox 808 1117 938 1188; x_wconf 74' lang='lat' dir='ltr'>sophistae</span> <span class='ocrx_word' id='word_1_118' title='bbox 980 1117 1058 1183; x_wconf 91' lang='lat' dir='ltr'>dum,</span> <span class='ocrx_word' id='word_1_119' title='bbox 1083 1121 1111 1170; x_wconf 92' lang='lat' dir='ltr'>et</span> <span class='ocrx_word' id='word_1_120' title='bbox 1132 1122 1220 1170; x_wconf 87' lang='lat' dir='ltr'>scatet</span> <span class='ocrx_word' id='word_1_121' title='bbox 1241 1115 1400 1170; x_wconf 75' lang='lat' dir='ltr'>vermibus:</span> <span class='ocrx_word' id='word_1_122' title='bbox 1426 1122 1523 1186; x_wconf 84' lang='lat' dir='ltr'>surget</span> <span class='ocrx_word' id='word_1_123' title='bbox 1549 1121 1644 1170; x_wconf 91' lang='lat' dir='ltr'>autem</span> <span class='ocrx_word' id='word_1_124' title='bbox 1665 1115 1693 1169; x_wconf 91' lang='lat' dir='ltr'>in</span> <span class='ocrx_word' id='word_1_125' title='bbox 1717 1117 1779 1186; x_wconf 88' lang='lat' dir='ltr'>glo-</span> 
     </span>
     <span class='ocr_line' id='line_1_11' title="bbox 138 1204 1779 1277; baseline -0.004 -11"><span class='ocrx_word' id='word_1_126' title='bbox 138 1207 237 1266; x_wconf 86' lang='lat' dir='ltr'>mundi</span> <span class='ocrx_word' id='word_1_127' title='bbox 256 1211 285 1262; x_wconf 91' lang='lat' dir='ltr'>ct</span> <span class='ocrx_word' id='word_1_128' title='bbox 298 1212 467 1262; x_wconf 87' lang='lat' dir='ltr'>scrutatores</span> <span class='ocrx_word' id='word_1_129' title='bbox 488 1207 622 1274; x_wconf 88' lang='lat' dir='ltr'>siderum,</span> <span class='ocrx_word' id='word_1_130' title='bbox 646 1207 670 1261; x_wconf 92' lang='lat' dir='ltr'>si</span> <span class='ocrx_word' id='word_1_131' title='bbox 693 1206 786 1260; x_wconf 78' lang='lat' dir='ltr'>valent</span> <span class='ocrx_word' id='word_1_132' title='bbox 815 1222 940 1277; x_wconf 89' lang='lat' dir='ltr'>compre·</span> <span class='ocrx_word' id='word_1_133' title='bbox 981 1206 1024 1259; x_wconf 89' lang='lat' dir='ltr'>ria</span> <span class='ocrx_word' id='word_1_134' title='bbox 1033 1204 1101 1277; x_wconf 92' lang='lat' dir='ltr'>quia</span> <span class='ocrx_word' id='word_1_135' title='bbox 1114 1205 1313 1259; x_wconf 85' lang='lat' dir='ltr'>exsuscitatum</span> <span class='ocrx_word' id='word_1_136' title='bbox 1328 1209 1356 1258; x_wconf 88' lang='lat' dir='ltr'>et</span> <span class='ocrx_word' id='word_1_137' title='bbox 1367 1205 1463 1258; x_wconf 90' lang='lat' dir='ltr'>lumen</span> <span class='ocrx_word' id='word_1_138' title='bbox 1473 1205 1527 1259; x_wconf 92' lang='lat' dir='ltr'>erit</span> <span class='ocrx_word' id='word_1_139' title='bbox 1537 1211 1565 1259; x_wconf 90' lang='lat' dir='ltr'>et</span> <span class='ocrx_word' id='word_1_140' title='bbox 1579 1205 1779 1276; x_wconf 88' lang='lat' dir='ltr'>nullamsqua·</span> 
     </span>
     <span class='ocr_line' id='line_1_12' title="bbox 136 1292 1776 1367; baseline -0.002 -16"><span class='ocrx_word' id='word_1_141' title='bbox 136 1296 271 1362; x_wconf 85' lang='lat' dir='ltr'>bendere,</span> <span class='ocrx_word' id='word_1_142' title='bbox 287 1313 349 1367; x_wconf 79' lang='lat' dir='ltr'>quae</span> <span class='ocrx_word' id='word_1_143' title='bbox 364 1300 444 1350; x_wconf 83' lang='lat' dir='ltr'>extra</span> <span class='ocrx_word' id='word_1_144' title='bbox 458 1313 487 1349; x_wconf 90' lang='lat' dir='ltr'>se</span> <span class='ocrx_word' id='word_1_145' title='bbox 505 1302 580 1360; x_wconf 82' lang='lat' dir='ltr'>sunt,</span> <span class='ocrx_word' id='word_1_146' title='bbox 599 1312 663 1350; x_wconf 89' lang='lat' dir='ltr'>eum</span> <span class='ocrx_word' id='word_1_147' title='bbox 680 1296 746 1367; x_wconf 91' lang='lat' dir='ltr'>quid</span> <span class='ocrx_word' id='word_1_148' title='bbox 764 1296 840 1349; x_wconf 86' lang='lat' dir='ltr'>intra</span> <span class='ocrx_word' id='word_1_149' title='bbox 855 1312 884 1349; x_wconf 89' lang='lat' dir='ltr'>se</span> <span class='ocrx_word' id='word_1_150' title='bbox 903 1294 940 1349; x_wconf 89' lang='lat' dir='ltr'>sit</span> <span class='ocrx_word' id='word_1_151' title='bbox 980 1294 1047 1349; x_wconf 89' lang='lat' dir='ltr'>loris</span> <span class='ocrx_word' id='word_1_152' title='bbox 1068 1293 1203 1364; x_wconf 86' lang='lat' dir='ltr'>injuriam</span> <span class='ocrx_word' id='word_1_153' title='bbox 1223 1293 1356 1364; x_wconf 87' lang='lat' dir='ltr'>patietur.</span> <span class='ocrx_word' id='word_1_154' title='bbox 1373 1292 1535 1348; x_wconf 79' lang='lat' dir='ltr'>Serninntur</span> <span class='ocrx_word' id='word_1_155' title='bbox 1550 1297 1581 1347; x_wconf 82' lang='lat' dir='ltr'>in</span> <span class='ocrx_word' id='word_1_156' title='bbox 1602 1297 1776 1362; x_wconf 78' lang='lat' dir='ltr'>infirmitate,</span> 
     </span>
     <span class='ocr_line' id='line_1_13' title="bbox 139 1382 1781 1457; baseline -0.003 -16"><span class='ocrx_word' id='word_1_157' title='bbox 139 1386 286 1441; x_wconf 80' lang='lat' dir='ltr'>nesciant?</span> <span class='ocrx_word' id='word_1_158' title='bbox 300 1385 427 1455; x_wconf 89' lang='lat' dir='ltr'>Denique</span> <span class='ocrx_word' id='word_1_159' title='bbox 438 1401 535 1438; x_wconf 90' lang='lat' dir='ltr'>omnes</span> <span class='ocrx_word' id='word_1_160' title='bbox 552 1385 689 1438; x_wconf 88' lang='lat' dir='ltr'>mundani</span> <span class='ocrx_word' id='word_1_161' title='bbox 704 1384 871 1456; x_wconf 84' lang='lat' dir='ltr'>philosophi,</span> <span class='ocrx_word' id='word_1_162' title='bbox 890 1384 939 1457; x_wconf 77' lang='lat' dir='ltr'>qrri</span> <span class='ocrx_word' id='word_1_163' title='bbox 980 1386 1071 1452; x_wconf 67' lang='lat' dir='ltr'>sucipit</span> <span class='ocrx_word' id='word_1_164' title='bbox 1092 1385 1123 1436; x_wconf 84' lang='lat' dir='ltr'>ia</span> <span class='ocrx_word' id='word_1_165' title='bbox 1146 1385 1257 1436; x_wconf 74' lang='lat' dir='ltr'>virtute.</span> <span class='ocrx_word' id='word_1_166' title='bbox 1280 1383 1311 1437; x_wconf 94' lang='lat' dir='ltr'>ln</span> <span class='ocrx_word' id='word_1_167' title='bbox 1335 1382 1500 1437; x_wconf 84' lang='lat' dir='ltr'>infirmitate</span> <span class='ocrx_word' id='word_1_168' title='bbox 1521 1382 1687 1448; x_wconf 88' lang='lat' dir='ltr'>seminatur,</span> <span class='ocrx_word' id='word_1_169' title='bbox 1714 1383 1781 1453; x_wconf 91' lang='lat' dir='ltr'>quia</span> 
     </span>
     <span class='ocr_line' id='line_1_14' title="bbox 139 1471 1780 1544; baseline -0.004 -14"><span class='ocrx_word' id='word_1_170' title='bbox 139 1480 264 1531; x_wconf 88' lang='lat' dir='ltr'>mentem</span> <span class='ocrx_word' id='word_1_171' title='bbox 275 1490 356 1529; x_wconf 91' lang='lat' dir='ltr'>suam</span> <span class='ocrx_word' id='word_1_172' title='bbox 366 1473 422 1543; x_wconf 87' lang='lat' dir='ltr'>legi</span> <span class='ocrx_word' id='word_1_173' title='bbox 437 1473 489 1528; x_wconf 88' lang='lat' dir='ltr'>Dei</span> <span class='ocrx_word' id='word_1_174' title='bbox 499 1473 659 1540; x_wconf 88' lang='lat' dir='ltr'>humiliare,</span> <span class='ocrx_word' id='word_1_175' title='bbox 668 1479 700 1527; x_wconf 89' lang='lat' dir='ltr'>ut</span> <span class='ocrx_word' id='word_1_176' title='bbox 712 1473 795 1528; x_wconf 82' lang='lat' dir='ltr'>fidem</span> <span class='ocrx_word' id='word_1_177' title='bbox 806 1474 867 1544; x_wconf 87' lang='lat' dir='ltr'>ejus</span> <span class='ocrx_word' id='word_1_178' title='bbox 880 1489 940 1527; x_wconf 92' lang='lat' dir='ltr'>sus·</span> <span class='ocrx_word' id='word_1_179' title='bbox 981 1471 1124 1526; x_wconf 89' lang='lat' dir='ltr'>immobile</span> <span class='ocrx_word' id='word_1_180' title='bbox 1138 1476 1182 1525; x_wconf 91' lang='lat' dir='ltr'>est</span> <span class='ocrx_word' id='word_1_181' title='bbox 1193 1478 1221 1525; x_wconf 90' lang='lat' dir='ltr'>et</span> <span class='ocrx_word' id='word_1_182' title='bbox 1235 1471 1376 1541; x_wconf 81' lang='lat' dir='ltr'>irregibile</span> <span class='ocrx_word' id='word_1_183' title='bbox 1392 1490 1397 1525; x_wconf 75' lang='grc' dir='ltr'>ι</span> <span class='ocrx_word' id='word_1_184' title='bbox 1414 1472 1506 1541; x_wconf 84' lang='lat' dir='ltr'>surgit</span> <span class='ocrx_word' id='word_1_185' title='bbox 1519 1478 1615 1525; x_wconf 90' lang='lat' dir='ltr'>autcm</span> <span class='ocrx_word' id='word_1_186' title='bbox 1627 1472 1655 1524; x_wconf 89' lang='lat' dir='ltr'>in</span> <span class='ocrx_word' id='word_1_187' title='bbox 1666 1471 1780 1537; x_wconf 80' lang='lat' dir='ltr'>virtute,</span> 
     </span>
     <span class='ocr_line' id='line_1_15' title="bbox 139 1559 1783 1637; baseline -0.002 -19"><span class='ocrx_word' id='word_1_188' title='bbox 139 1563 276 1637; x_wconf 76' lang='lat' dir='ltr'>ciperani,</span> <span class='ocrx_word' id='word_1_189' title='bbox 296 1563 457 1627; x_wconf 87' lang='lat' dir='ltr'>noluerunt,</span> <span class='ocrx_word' id='word_1_190' title='bbox 483 1562 593 1616; x_wconf 79' lang='lat' dir='ltr'>diversa</span> <span class='ocrx_word' id='word_1_191' title='bbox 614 1579 725 1634; x_wconf 86' lang='lat' dir='ltr'>semper</span> <span class='ocrx_word' id='word_1_192' title='bbox 747 1568 776 1616; x_wconf 90' lang='lat' dir='ltr'>et</span> <span class='ocrx_word' id='word_1_193' title='bbox 800 1563 941 1616; x_wconf 88' lang='lat' dir='ltr'>contraria</span> <span class='ocrx_word' id='word_1_194' title='bbox 982 1561 1047 1632; x_wconf 89' lang='lat' dir='ltr'>quia</span> <span class='ocrx_word' id='word_1_195' title='bbox 1059 1562 1119 1631; x_wconf 88' lang='lat' dir='ltr'>jam</span> <span class='ocrx_word' id='word_1_196' title='bbox 1131 1566 1223 1615; x_wconf 89' lang='lat' dir='ltr'>totum</span> <span class='ocrx_word' id='word_1_197' title='bbox 1238 1560 1331 1614; x_wconf 79' lang='lat' dir='ltr'>sirum</span> <span class='ocrx_word' id='word_1_198' title='bbox 1345 1560 1400 1614; x_wconf 93' lang='lat' dir='ltr'>erit</span> <span class='ocrx_word' id='word_1_199' title='bbox 1414 1577 1447 1614; x_wconf 90' lang='lat' dir='ltr'>ac</span> <span class='ocrx_word' id='word_1_200' title='bbox 1460 1567 1601 1630; x_wconf 81' lang='lat' dir='ltr'>vegetum.</span> <span class='ocrx_word' id='word_1_201' title='bbox 1617 1559 1783 1614; x_wconf 80' lang='lat' dir='ltr'>Seminotur</span> 
     </span>
     <span class='ocr_line' id='line_1_16' title="bbox 118 1649 1784 1722; baseline -0.003 -15"><span class='ocrx_word' id='word_1_202' title='bbox 118 1663 123 1668; x_wconf 87' lang='grc'><em>·</em></span> <span class='ocrx_word' id='word_1_203' title='bbox 139 1657 308 1718; x_wconf 80' lang='lat' dir='ltr'>asserentes,</span> <span class='ocrx_word' id='word_1_204' title='bbox 331 1651 503 1705; x_wconf 87' lang='lat' dir='ltr'>inanissimis</span> <span class='ocrx_word' id='word_1_205' title='bbox 523 1650 760 1722; x_wconf 85' lang='lat' dir='ltr'>disputationibus</span> <span class='ocrx_word' id='word_1_206' title='bbox 779 1650 896 1704; x_wconf 75' lang='lat' dir='ltr'>invicem</span> <span class='ocrx_word' id='word_1_207' title='bbox 911 1667 940 1705; x_wconf 90' lang='lat' dir='ltr'>se</span> <span class='ocrx_word' id='word_1_208' title='bbox 983 1666 1079 1719; x_wconf 84' lang='lat' dir='ltr'>corpus</span> <span class='ocrx_word' id='word_1_209' title='bbox 1093 1652 1224 1713; x_wconf 79' lang='lat' dir='ltr'>orriraolc,</span> <span class='ocrx_word' id='word_1_210' title='bbox 1237 1652 1328 1717; x_wconf 70' lang='lat' dir='ltr'>arripit</span> <span class='ocrx_word' id='word_1_211' title='bbox 1343 1665 1441 1718; x_wconf 74' lang='lat' dir='ltr'>corpus</span> <span class='ocrx_word' id='word_1_212' title='bbox 1455 1652 1581 1718; x_wconf 81' lang='lat' dir='ltr'>spiritale</span> <span class='ocrx_word' id='word_1_213' title='bbox 1597 1651 1694 1717; x_wconf 80' lang='lat' dir='ltr'>(Cass.)</span> <span class='ocrx_word' id='word_1_214' title='bbox 1705 1649 1784 1704; x_wconf 88' lang='lat' dir='ltr'>Licet</span> 
     </span>
     <span class='ocr_line' id='line_1_17' title="bbox 140 1723 1782 1811; baseline -0.002 -16"><span class='ocrx_word' id='word_1_215' title='bbox 140 1738 641 1811; x_wconf 81' lang='lat' dir='ltr'>confoderunt,quiainnullohorum</span> <span class='ocrx_word' id='word_1_216' title='bbox 650 1723 1782 1809; x_wconf 67' lang='lat' dir='ltr'>testificateeveritatisssenimpronuntiemusnonnullasessespiritalesnaturaS,</span> 
     </span>
     <span class='ocr_line' id='line_1_18' title="bbox 137 1826 1851 1900; baseline -0.003 -15"><span class='ocrx_word' id='word_1_217' title='bbox 137 1829 251 1900; x_wconf 82' lang='lat' dir='ltr'>signum</span> <span class='ocrx_word' id='word_1_218' title='bbox 261 1828 389 1898; x_wconf 84' lang='lat' dir='ltr'>agnitum</span> <span class='ocrx_word' id='word_1_219' title='bbox 401 1833 452 1894; x_wconf 84' lang='lat' dir='ltr'>est,</span> <span class='ocrx_word' id='word_1_220' title='bbox 465 1828 540 1899; x_wconf 93' lang='lat' dir='ltr'>quod</span> <span class='ocrx_word' id='word_1_221' title='bbox 555 1829 748 1900; x_wconf 88' lang='lat' dir='ltr'>antepositum</span> <span class='ocrx_word' id='word_1_222' title='bbox 760 1828 853 1882; x_wconf 80' lang='lat' dir='ltr'>verbis</span> <span class='ocrx_word' id='word_1_223' title='bbox 867 1844 942 1881; x_wconf 83' lang='lat' dir='ltr'>eom-</span> <span class='ocrx_word' id='word_1_224' title='bbox 982 1832 1015 1882; x_wconf 93' lang='lat' dir='ltr'>ut</span> <span class='ocrx_word' id='word_1_225' title='bbox 1023 1834 1089 1882; x_wconf 91' lang='lat' dir='ltr'>sunt</span> <span class='ocrx_word' id='word_1_226' title='bbox 1096 1826 1206 1897; x_wconf 76' lang='lat' dir='ltr'>Angeli,</span> <span class='ocrx_word' id='word_1_227' title='bbox 1215 1826 1393 1896; x_wconf 81' lang='lat' dir='ltr'>Archangeli,</span> <span class='ocrx_word' id='word_1_228' title='bbox 1407 1834 1568 1897; x_wconf 75' lang='lat' dir='ltr'>ceteraque.</span> <span class='ocrx_word' id='word_1_229' title='bbox 1580 1826 1708 1892; x_wconf 84' lang='lat' dir='ltr'>virtutes,</span> <span class='ocrx_word' id='word_1_230' title='bbox 1724 1827 1784 1898; x_wconf 90' lang='lat' dir='ltr'>ipsa</span> <span class='ocrx_word' id='word_1_231' title='bbox 1844 1834 1851 1847; x_wconf 70' lang='grc'><strong>“</strong></span> 
     </span>
     <span class='ocr_line' id='line_1_19' title="bbox 143 1912 1781 1989; baseline -0.002 -16"><span class='ocrx_word' id='word_1_232' title='bbox 143 1912 291 1973; x_wconf 80' lang='lat' dir='ltr'>niendaret</span> <span class='ocrx_word' id='word_1_233' title='bbox 299 1917 465 1983; x_wconf 86' lang='lat' dir='ltr'>doctrinam,</span> <span class='ocrx_word' id='word_1_234' title='bbox 488 1917 561 1971; x_wconf 90' lang='lat' dir='ltr'>sieut</span> <span class='ocrx_word' id='word_1_235' title='bbox 574 1924 601 1971; x_wconf 88' lang='lat' dir='ltr'>et</span> <span class='ocrx_word' id='word_1_236' title='bbox 617 1918 693 1972; x_wconf 87' lang='lat' dir='ltr'>Deus</span> <span class='ocrx_word' id='word_1_237' title='bbox 715 1918 837 1971; x_wconf 81' lang='lat' dir='ltr'>decrevit</span> <span class='ocrx_word' id='word_1_238' title='bbox 861 1917 942 1971; x_wconf 86' lang='lat' dir='ltr'>disci·</span> <span class='ocrx_word' id='word_1_239' title='bbox 983 1933 1094 1989; x_wconf 88' lang='lat' dir='ltr'>quoque</span> <span class='ocrx_word' id='word_1_240' title='bbox 1116 1915 1210 1969; x_wconf 89' lang='lat' dir='ltr'>anima</span> <span class='ocrx_word' id='word_1_241' title='bbox 1226 1922 1331 1980; x_wconf 86' lang='lat' dir='ltr'>nostra,</span> <span class='ocrx_word' id='word_1_242' title='bbox 1349 1915 1392 1969; x_wconf 85' lang='lat' dir='ltr'>vel</span> <span class='ocrx_word' id='word_1_243' title='bbox 1414 1921 1489 1969; x_wconf 90' lang='lat' dir='ltr'>certe</span> <span class='ocrx_word' id='word_1_244' title='bbox 1511 1932 1560 1969; x_wconf 90' lang='lat' dir='ltr'>aer</span> <span class='ocrx_word' id='word_1_245' title='bbox 1583 1915 1635 1969; x_wconf 91' lang='lat' dir='ltr'>iste</span> <span class='ocrx_word' id='word_1_246' title='bbox 1661 1915 1781 1982; x_wconf 86' lang='lat' dir='ltr'>subtilis,</span> 
     </span>
     <span class='ocr_line' id='line_1_20' title="bbox 141 2002 1784 2079; baseline -0.002 -18"><span class='ocrx_word' id='word_1_247' title='bbox 141 2002 225 2079; x_wconf 87' lang='lat' dir='ltr'>pllnae</span> <span class='ocrx_word' id='word_1_248' title='bbox 238 2010 350 2071; x_wconf 72' lang='lat' dir='ltr'>nostrae,</span> <span class='ocrx_word' id='word_1_249' title='bbox 365 2023 426 2077; x_wconf 76' lang='lat' dir='ltr'>quae</span> <span class='ocrx_word' id='word_1_250' title='bbox 438 2022 494 2059; x_wconf 93' lang='lat' dir='ltr'>non</span> <span class='ocrx_word' id='word_1_251' title='bbox 503 2004 595 2060; x_wconf 86' lang='lat' dir='ltr'>verbis</span> <span class='ocrx_word' id='word_1_252' title='bbox 603 2005 746 2077; x_wconf 86' lang='lat' dir='ltr'>probatur,</span> <span class='ocrx_word' id='word_1_253' title='bbox 764 2006 814 2061; x_wconf 90' lang='lat' dir='ltr'>sed</span> <span class='ocrx_word' id='word_1_254' title='bbox 826 2006 940 2074; x_wconf 81' lang='lat' dir='ltr'>virtute,</span> <span class='ocrx_word' id='word_1_255' title='bbox 983 2011 1078 2060; x_wconf 88' lang='lat' dir='ltr'>tamen</span> <span class='ocrx_word' id='word_1_256' title='bbox 1089 2006 1258 2076; x_wconf 75' lang='lat' dir='ltr'>incorporeae</span> <span class='ocrx_word' id='word_1_257' title='bbox 1274 2004 1435 2058; x_wconf 87' lang='lat' dir='ltr'>nullatenus</span> <span class='ocrx_word' id='word_1_258' title='bbox 1453 2005 1624 2059; x_wconf 77' lang='lat' dir='ltr'>aestimandae</span> <span class='ocrx_word' id='word_1_259' title='bbox 1639 2012 1715 2070; x_wconf 89' lang='lat' dir='ltr'>sunt,</span> <span class='ocrx_word' id='word_1_260' title='bbox 1736 2004 1784 2058; x_wconf 89' lang='lat' dir='ltr'>ha-</span> 
     </span>
     <span class='ocr_line' id='line_1_21' title="bbox 140 2091 1779 2166; baseline -0.002 -15"><span class='ocrx_word' id='word_1_261' title='bbox 140 2095 187 2151; x_wconf 90' lang='lat' dir='ltr'>eui</span> <span class='ocrx_word' id='word_1_262' title='bbox 205 2111 262 2150; x_wconf 88' lang='lat' dir='ltr'>aon</span> <span class='ocrx_word' id='word_1_263' title='bbox 286 2100 404 2166; x_wconf 92' lang='lat' dir='ltr'>possunt</span> <span class='ocrx_word' id='word_1_264' title='bbox 428 2094 513 2148; x_wconf 82' lang='lat' dir='ltr'>rerba</span> <span class='ocrx_word' id='word_1_265' title='bbox 534 2095 674 2150; x_wconf 89' lang='lat' dir='ltr'>resistere.</span> <span class='ocrx_word' id='word_1_266' title='bbox 700 2095 942 2160; x_wconf 86' lang='lat' dir='ltr'>Quemadmodum</span> <span class='ocrx_word' id='word_1_267' title='bbox 983 2094 1050 2149; x_wconf 89' lang='lat' dir='ltr'>bent</span> <span class='ocrx_word' id='word_1_268' title='bbox 1071 2094 1147 2148; x_wconf 83' lang='lat' dir='ltr'>enim</span> <span class='ocrx_word' id='word_1_269' title='bbox 1174 2093 1328 2148; x_wconf 91' lang='lat' dir='ltr'>seeundum</span> <span class='ocrx_word' id='word_1_270' title='bbox 1352 2110 1381 2147; x_wconf 88' lang='lat' dir='ltr'>se</span> <span class='ocrx_word' id='word_1_271' title='bbox 1404 2110 1514 2165; x_wconf 88' lang='lat' dir='ltr'>corpus,</span> <span class='ocrx_word' id='word_1_272' title='bbox 1539 2110 1594 2163; x_wconf 85' lang='lat' dir='ltr'>quo</span> <span class='ocrx_word' id='word_1_273' title='bbox 1611 2091 1779 2147; x_wconf 88' lang='lat' dir='ltr'>subsistunt.</span> 
     </span>
     <span class='ocr_line' id='line_1_22' title="bbox 142 2181 1783 2255; baseline -0.002 -15"><span class='ocrx_word' id='word_1_274' title='bbox 142 2199 210 2254; x_wconf 86' lang='lat' dir='ltr'>ergo</span> <span class='ocrx_word' id='word_1_275' title='bbox 225 2202 258 2238; x_wconf 85' lang='lat' dir='ltr'>ex</span> <span class='ocrx_word' id='word_1_276' title='bbox 268 2201 325 2239; x_wconf 90' lang='lat' dir='ltr'>una</span> <span class='ocrx_word' id='word_1_277' title='bbox 340 2184 468 2255; x_wconf 88' lang='lat' dir='ltr'>impensa</span> <span class='ocrx_word' id='word_1_278' title='bbox 482 2183 592 2238; x_wconf 80' lang='lat' dir='ltr'>diversa</span> <span class='ocrx_word' id='word_1_279' title='bbox 607 2184 795 2239; x_wconf 87' lang='lat' dir='ltr'>animantium</span> <span class='ocrx_word' id='word_1_280' title='bbox 810 2190 941 2251; x_wconf 77' lang='lat' dir='ltr'>comest,</span> <span class='ocrx_word' id='word_1_281' title='bbox 984 2183 1061 2238; x_wconf 90' lang='lat' dir='ltr'>Licet</span> <span class='ocrx_word' id='word_1_282' title='bbox 1076 2181 1164 2237; x_wconf 90' lang='lat' dir='ltr'>multo</span> <span class='ocrx_word' id='word_1_283' title='bbox 1178 2182 1291 2236; x_wconf 88' lang='lat' dir='ltr'>tenuius</span> <span class='ocrx_word' id='word_1_284' title='bbox 1309 2198 1394 2252; x_wconf 88' lang='lat' dir='ltr'>quarn</span> <span class='ocrx_word' id='word_1_285' title='bbox 1410 2189 1505 2236; x_wconf 88' lang='lat' dir='ltr'>nostra</span> <span class='ocrx_word' id='word_1_286' title='bbox 1527 2188 1594 2236; x_wconf 91' lang='lat' dir='ltr'>sunt</span> <span class='ocrx_word' id='word_1_287' title='bbox 1610 2198 1728 2253; x_wconf 83' lang='lat' dir='ltr'>corpora</span> <span class='ocrx_word' id='word_1_288' title='bbox 1741 2199 1783 2236; x_wconf 90' lang='lat' dir='ltr'>se-</span> 
     </span>
     <span class='ocr_line' id='line_1_23' title="bbox 142 2271 1784 2343; baseline -0.002 -15"><span class='ocrx_word' id='word_1_289' title='bbox 142 2272 185 2328; x_wconf 81' lang='lat' dir='ltr'>ita</span> <span class='ocrx_word' id='word_1_290' title='bbox 195 2272 316 2327; x_wconf 88' lang='lat' dir='ltr'>etunius</span> <span class='ocrx_word' id='word_1_291' title='bbox 330 2273 422 2326; x_wconf 90' lang='lat' dir='ltr'>carnis</span> <span class='ocrx_word' id='word_1_292' title='bbox 434 2272 555 2327; x_wconf 88' lang='lat' dir='ltr'>hominis</span> <span class='ocrx_word' id='word_1_293' title='bbox 565 2273 680 2328; x_wconf 77' lang='lat' dir='ltr'>diversae</span> <span class='ocrx_word' id='word_1_294' title='bbox 690 2279 774 2328; x_wconf 90' lang='lat' dir='ltr'>erunt</span> <span class='ocrx_word' id='word_1_295' title='bbox 791 2273 944 2343; x_wconf 87' lang='lat' dir='ltr'>dignitates</span> <span class='ocrx_word' id='word_1_296' title='bbox 984 2272 1106 2327; x_wconf 90' lang='lat' dir='ltr'>eundum</span> <span class='ocrx_word' id='word_1_297' title='bbox 1117 2271 1243 2343; x_wconf 82' lang='lat' dir='ltr'>Apostoli</span> <span class='ocrx_word' id='word_1_298' title='bbox 1257 2271 1426 2325; x_wconf 88' lang='lat' dir='ltr'>sententiam</span> <span class='ocrx_word' id='word_1_299' title='bbox 1437 2271 1477 2324; x_wconf 89' lang='lat' dir='ltr'>ita</span> <span class='ocrx_word' id='word_1_300' title='bbox 1491 2271 1618 2334; x_wconf 88' lang='lat' dir='ltr'>dicentis,</span> <span class='ocrx_word' id='word_1_301' title='bbox 1631 2276 1654 2324; x_wconf 86' lang='lat' dir='ltr'>et</span> <span class='ocrx_word' id='word_1_302' title='bbox 1669 2286 1784 2340; x_wconf 79' lang='lat' dir='ltr'>corpora</span> 
     </span>
     <span class='ocr_line' id='line_1_24' title="bbox 143 2347 1784 2433; baseline -0.002 -18"><span class='ocrx_word' id='word_1_303' title='bbox 143 2360 174 2416; x_wconf 92' lang='lat' dir='ltr'>in</span> <span class='ocrx_word' id='word_1_304' title='bbox 202 2361 416 2426; x_wconf 88' lang='lat' dir='ltr'>resurrectione,</span> <span class='ocrx_word' id='word_1_305' title='bbox 431 2367 463 2415; x_wconf 89' lang='lat' dir='ltr'>ut</span> <span class='ocrx_word' id='word_1_306' title='bbox 491 2360 555 2415; x_wconf 87' lang='lat' dir='ltr'>talis</span> <span class='ocrx_word' id='word_1_307' title='bbox 579 2362 772 2433; x_wconf 87' lang='lat' dir='ltr'>unusquisque</span> <span class='ocrx_word' id='word_1_308' title='bbox 799 2369 943 2432; x_wconf 88' lang='lat' dir='ltr'>appareat,</span> <span class='ocrx_word' id='word_1_309' title='bbox 986 2363 1108 2426; x_wconf 77' lang='lat' dir='ltr'>colestia,</span> <span class='ocrx_word' id='word_1_310' title='bbox 1125 2365 1149 2413; x_wconf 86' lang='lat' dir='ltr'>et</span> <span class='ocrx_word' id='word_1_311' title='bbox 1163 2375 1276 2428; x_wconf 86' lang='lat' dir='ltr'>corporo</span> <span class='ocrx_word' id='word_1_312' title='bbox 1290 2347 1489 2424; x_wconf 71' lang='lat' dir='ltr'>terrestrio5et</span> <span class='ocrx_word' id='word_1_313' title='bbox 1504 2358 1784 2425; x_wconf 81' lang='lat' dir='ltr'>iterun1,seminolur</span> 
     </span>
     <span class='ocr_line' id='line_1_25' title="bbox 144 2448 1788 2523; baseline -0.002 -19"><span class='ocrx_word' id='word_1_314' title='bbox 144 2450 237 2523; x_wconf 86' lang='lat' dir='ltr'>qualis</span> <span class='ocrx_word' id='word_1_315' title='bbox 248 2450 334 2504; x_wconf 82' lang='lat' dir='ltr'>suerit</span> <span class='ocrx_word' id='word_1_316' title='bbox 347 2450 452 2516; x_wconf 87' lang='lat' dir='ltr'>meriti,</span> <span class='ocrx_word' id='word_1_317' title='bbox 468 2451 571 2522; x_wconf 89' lang='lat' dir='ltr'>quippe</span> <span class='ocrx_word' id='word_1_318' title='bbox 585 2467 649 2504; x_wconf 89' lang='lat' dir='ltr'>cum</span> <span class='ocrx_word' id='word_1_319' title='bbox 668 2451 754 2505; x_wconf 90' lang='lat' dir='ltr'>etiam</span> <span class='ocrx_word' id='word_1_320' title='bbox 769 2451 814 2504; x_wconf 90' lang='lat' dir='ltr'>hic</span> <span class='ocrx_word' id='word_1_321' title='bbox 832 2451 946 2504; x_wconf 82' lang='lat' dir='ltr'>diversi·</span> <span class='ocrx_word' id='word_1_322' title='bbox 986 2465 1083 2523; x_wconf 81' lang='lat' dir='ltr'>corpus</span> <span class='ocrx_word' id='word_1_323' title='bbox 1096 2451 1229 2515; x_wconf 68' lang='lat' dir='ltr'>carimate,</span> <span class='ocrx_word' id='word_1_324' title='bbox 1246 2451 1336 2516; x_wconf 75' lang='lat' dir='ltr'>serpit</span> <span class='ocrx_word' id='word_1_325' title='bbox 1349 2464 1446 2516; x_wconf 82' lang='lat' dir='ltr'>corpus</span> <span class='ocrx_word' id='word_1_326' title='bbox 1456 2452 1595 2517; x_wconf 82' lang='lat' dir='ltr'>spirilolc‚·</span> <span class='ocrx_word' id='word_1_327' title='bbox 1613 2448 1714 2519; x_wconf 93' lang='lat' dir='ltr'>quibus</span> <span class='ocrx_word' id='word_1_328' title='bbox 1729 2464 1788 2502; x_wconf 89' lang='lat' dir='ltr'>ma·</span> 
     </span>
     <span class='ocr_line' id='line_1_26' title="bbox 146 2537 1785 2610; baseline -0.002 -16"><span class='ocrx_word' id='word_1_329' title='bbox 146 2544 236 2594; x_wconf 88' lang='lat' dir='ltr'>tatem</span> <span class='ocrx_word' id='word_1_330' title='bbox 247 2555 396 2610; x_wconf 89' lang='lat' dir='ltr'>corporum</span> <span class='ocrx_word' id='word_1_331' title='bbox 411 2539 565 2593; x_wconf 84' lang='lat' dir='ltr'>videamus.</span> <span class='ocrx_word' id='word_1_332' title='bbox 583 2539 617 2594; x_wconf 84' lang='lat' dir='ltr'>Et</span> <span class='ocrx_word' id='word_1_333' title='bbox 632 2556 758 2610; x_wconf 86' lang='lat' dir='ltr'>corpora,</span> <span class='ocrx_word' id='word_1_334' title='bbox 776 2540 877 2610; x_wconf 84' lang='lat' dir='ltr'>inquit,</span> <span class='ocrx_word' id='word_1_335' title='bbox 894 2556 946 2593; x_wconf 86' lang='lat' dir='ltr'>coe·</span> <span class='ocrx_word' id='word_1_336' title='bbox 986 2538 1086 2592; x_wconf 88' lang='lat' dir='ltr'>niseste</span> <span class='ocrx_word' id='word_1_337' title='bbox 1098 2537 1239 2607; x_wconf 88' lang='lat' dir='ltr'>colligitur</span> <span class='ocrx_word' id='word_1_338' title='bbox 1252 2537 1391 2591; x_wconf 89' lang='lat' dir='ltr'>nilrilessc</span> <span class='ocrx_word' id='word_1_339' title='bbox 1406 2537 1612 2607; x_wconf 88' lang='lat' dir='ltr'>incorporeum,</span> <span class='ocrx_word' id='word_1_340' title='bbox 1629 2538 1682 2591; x_wconf 88' lang='lat' dir='ltr'>nisi</span> <span class='ocrx_word' id='word_1_341' title='bbox 1695 2537 1785 2592; x_wconf 89' lang='lat' dir='ltr'>Deum</span> 
     </span>
     <span class='ocr_line' id='line_1_27' title="bbox 146 2626 1786 2698; baseline 0.001 -18"><span class='ocrx_word' id='word_1_342' title='bbox 146 2627 230 2682; x_wconf 86' lang='lat' dir='ltr'>lestia</span> <span class='ocrx_word' id='word_1_343' title='bbox 245 2633 273 2681; x_wconf 90' lang='lat' dir='ltr'>et</span> <span class='ocrx_word' id='word_1_344' title='bbox 285 2627 440 2681; x_wconf 84' lang='lat' dir='ltr'>terrestria.</span> <span class='ocrx_word' id='word_1_345' title='bbox 459 2627 512 2682; x_wconf 86' lang='lat' dir='ltr'>Sed</span> <span class='ocrx_word' id='word_1_346' title='bbox 526 2627 581 2682; x_wconf 88' lang='lat' dir='ltr'>alia</span> <span class='ocrx_word' id='word_1_347' title='bbox 592 2627 706 2697; x_wconf 91' lang='lat' dir='ltr'>quidem</span> <span class='ocrx_word' id='word_1_348' title='bbox 720 2628 874 2682; x_wconf 72' lang='lat' dir='ltr'>celestium</span> <span class='ocrx_word' id='word_1_349' title='bbox 888 2629 946 2698; x_wconf 82' lang='lat' dir='ltr'>glo</span> <span class='ocrx_word' id='word_1_350' title='bbox 987 2627 1088 2692; x_wconf 87' lang='lat' dir='ltr'>solum,</span> <span class='ocrx_word' id='word_1_351' title='bbox 1100 2632 1128 2680; x_wconf 85' lang='lat' dir='ltr'>et</span> <span class='ocrx_word' id='word_1_352' title='bbox 1142 2626 1244 2680; x_wconf 91' lang='lat' dir='ltr'>ideirco</span> <span class='ocrx_word' id='word_1_353' title='bbox 1263 2627 1318 2697; x_wconf 91' lang='lat' dir='ltr'>ipsi</span> <span class='ocrx_word' id='word_1_354' title='bbox 1341 2626 1537 2680; x_wconf 86' lang='lat' dir='ltr'>tantummodo</span> <span class='ocrx_word' id='word_1_355' title='bbox 1553 2643 1633 2696; x_wconf 88' lang='lat' dir='ltr'>posse</span> <span class='ocrx_word' id='word_1_356' title='bbox 1657 2633 1786 2697; x_wconf 89' lang='lat' dir='ltr'>penetra-</span> 
     </span>
     <span class='ocr_line' id='line_1_28' title="bbox 146 2715 1787 2788; baseline -0.001 -18"><span class='ocrx_word' id='word_1_357' title='bbox 146 2715 199 2783; x_wconf 87' lang='lat' dir='ltr'>ria,</span> <span class='ocrx_word' id='word_1_358' title='bbox 212 2715 268 2769; x_wconf 88' lang='lat' dir='ltr'>alia</span> <span class='ocrx_word' id='word_1_359' title='bbox 278 2721 374 2770; x_wconf 91' lang='lat' dir='ltr'>autem</span> <span class='ocrx_word' id='word_1_360' title='bbox 393 2715 580 2769; x_wconf 88' lang='lat' dir='ltr'>terrestrium.</span> <span class='ocrx_word' id='word_1_361' title='bbox 595 2716 726 2771; x_wconf 82' lang='lat' dir='ltr'>Coelestia</span> <span class='ocrx_word' id='word_1_362' title='bbox 747 2733 864 2788; x_wconf 88' lang='lat' dir='ltr'>corpora</span> <span class='ocrx_word' id='word_1_363' title='bbox 881 2723 947 2771; x_wconf 90' lang='lat' dir='ltr'>sunt</span> <span class='ocrx_word' id='word_1_364' title='bbox 986 2715 1056 2770; x_wconf 88' lang='lat' dir='ltr'>biles</span> <span class='ocrx_word' id='word_1_365' title='bbox 1079 2732 1176 2769; x_wconf 86' lang='lat' dir='ltr'>omnes</span> <span class='ocrx_word' id='word_1_366' title='bbox 1192 2715 1389 2786; x_wconf 87' lang='lat' dir='ltr'>spiritalesque</span> <span class='ocrx_word' id='word_1_367' title='bbox 1407 2722 1492 2785; x_wconf 88' lang='lat' dir='ltr'>atque</span> <span class='ocrx_word' id='word_1_368' title='bbox 1508 2715 1712 2770; x_wconf 86' lang='lat' dir='ltr'>intellectuales</span> <span class='ocrx_word' id='word_1_369' title='bbox 1725 2732 1787 2769; x_wconf 88' lang='lat' dir='ltr'>esse</span> 
     </span>
     <span class='ocr_line' id='line_1_29' title="bbox 148 2804 1786 2876; baseline -0.001 -17"><span class='ocrx_word' id='word_1_370' title='bbox 148 2804 367 2874; x_wconf 83' lang='lat' dir='ltr'>resurgentium,</span> <span class='ocrx_word' id='word_1_371' title='bbox 385 2804 531 2858; x_wconf 87' lang='lat' dir='ltr'>terrestria</span> <span class='ocrx_word' id='word_1_372' title='bbox 540 2809 636 2858; x_wconf 91' lang='lat' dir='ltr'>autem</span> <span class='ocrx_word' id='word_1_373' title='bbox 654 2811 807 2876; x_wconf 89' lang='lat' dir='ltr'>antequam</span> <span class='ocrx_word' id='word_1_374' title='bbox 826 2805 947 2860; x_wconf 88' lang='lat' dir='ltr'>morian·</span> <span class='ocrx_word' id='word_1_375' title='bbox 987 2804 1167 2869; x_wconf 89' lang='lat' dir='ltr'>substantias,</span> <span class='ocrx_word' id='word_1_376' title='bbox 1184 2804 1305 2874; x_wconf 88' lang='lat' dir='ltr'>eoquod</span> <span class='ocrx_word' id='word_1_377' title='bbox 1321 2804 1406 2871; x_wconf 90' lang='lat' dir='ltr'>solus,</span> <span class='ocrx_word' id='word_1_378' title='bbox 1421 2809 1450 2857; x_wconf 91' lang='lat' dir='ltr'>et</span> <span class='ocrx_word' id='word_1_379' title='bbox 1464 2809 1550 2871; x_wconf 88' lang='lat' dir='ltr'>totus,</span> <span class='ocrx_word' id='word_1_380' title='bbox 1563 2809 1591 2858; x_wconf 89' lang='lat' dir='ltr'>ct</span> <span class='ocrx_word' id='word_1_381' title='bbox 1605 2804 1709 2874; x_wconf 89' lang='lat' dir='ltr'>ubique</span> <span class='ocrx_word' id='word_1_382' title='bbox 1719 2810 1748 2858; x_wconf 92' lang='lat' dir='ltr'>et</span> <span class='ocrx_word' id='word_1_383' title='bbox 1758 2806 1786 2858; x_wconf 88' lang='lat' dir='ltr'>in</span> 
     </span>
     <span class='ocr_line' id='line_1_30' title="bbox 146 2893 1787 2963; baseline -0.001 -15"><span class='ocrx_word' id='word_1_384' title='bbox 146 2899 205 2959; x_wconf 88' lang='lat' dir='ltr'>tur,</span> <span class='ocrx_word' id='word_1_385' title='bbox 219 2898 269 2946; x_wconf 89' lang='lat' dir='ltr'>aut</span> <span class='ocrx_word' id='word_1_386' title='bbox 278 2899 404 2961; x_wconf 88' lang='lat' dir='ltr'>surgant,</span> <span class='ocrx_word' id='word_1_387' title='bbox 415 2898 448 2946; x_wconf 89' lang='lat' dir='ltr'>ut</span> <span class='ocrx_word' id='word_1_388' title='bbox 463 2893 529 2962; x_wconf 86' lang='lat' dir='ltr'>quia</span> <span class='ocrx_word' id='word_1_389' title='bbox 543 2893 671 2947; x_wconf 81' lang='lat' dir='ltr'>Christus</span> <span class='ocrx_word' id='word_1_390' title='bbox 682 2893 802 2947; x_wconf 87' lang='lat' dir='ltr'>eoelestis</span> <span class='ocrx_word' id='word_1_391' title='bbox 812 2900 864 2960; x_wconf 87' lang='lat' dir='ltr'>est,</span> <span class='ocrx_word' id='word_1_392' title='bbox 872 2912 904 2948; x_wconf 90' lang='lat' dir='ltr'>ex</span> <span class='ocrx_word' id='word_1_393' title='bbox 914 2911 946 2948; x_wconf 90' lang='lat' dir='ltr'>eo</span> <span class='ocrx_word' id='word_1_394' title='bbox 987 2893 1117 2949; x_wconf 88' lang='lat' dir='ltr'>omnihus</span> <span class='ocrx_word' id='word_1_395' title='bbox 1140 2893 1185 2960; x_wconf 84' lang='lat' dir='ltr'>sit,</span> <span class='ocrx_word' id='word_1_396' title='bbox 1209 2893 1250 2947; x_wconf 91' lang='lat' dir='ltr'>ita</span> <span class='ocrx_word' id='word_1_397' title='bbox 1273 2899 1306 2947; x_wconf 91' lang='lat' dir='ltr'>ut</span> <span class='ocrx_word' id='word_1_398' title='bbox 1329 2899 1358 2947; x_wconf 91' lang='lat' dir='ltr'>et</span> <span class='ocrx_word' id='word_1_399' title='bbox 1383 2893 1567 2963; x_wconf 86' lang='lat' dir='ltr'>cogitationes</span> <span class='ocrx_word' id='word_1_400' title='bbox 1590 2893 1787 2959; x_wconf 86' lang='lat' dir='ltr'>hominum,et</span> 
     </span>
     <span class='ocr_line' id='line_1_31' title="bbox 86 2980 1786 3054; baseline -0.001 -17"><span class='ocrx_word' id='word_1_401' title='bbox 86 2996 95 3007; x_wconf 79' lang='lat'><strong><em>‘</em></strong></span> <span class='ocrx_word' id='word_1_402' title='bbox 147 2996 265 3053; x_wconf 88' lang='lat' dir='ltr'>corpora</span> <span class='ocrx_word' id='word_1_403' title='bbox 279 2980 403 3035; x_wconf 71' lang='lat' dir='ltr'>caelestia</span> <span class='ocrx_word' id='word_1_404' title='bbox 416 2981 546 3035; x_wconf 86' lang='lat' dir='ltr'>dicantur</span> <span class='ocrx_word' id='word_1_405' title='bbox 559 3000 565 3049; x_wconf 91' lang='lat'>;</span> <span class='ocrx_word' id='word_1_406' title='bbox 580 2999 613 3036; x_wconf 88' lang='lat' dir='ltr'>ex</span> <span class='ocrx_word' id='word_1_407' title='bbox 631 2982 722 3036; x_wconf 89' lang='lat' dir='ltr'>Adam</span> <span class='ocrx_word' id='word_1_408' title='bbox 736 2999 810 3049; x_wconf 79' lang='lat' dir='ltr'>vero,</span> <span class='ocrx_word' id='word_1_409' title='bbox 818 2983 884 3054; x_wconf 91' lang='lat' dir='ltr'>quia</span> <span class='ocrx_word' id='word_1_410' title='bbox 893 2989 948 3037; x_wconf 92' lang='lat' dir='ltr'>ter·</span> <span class='ocrx_word' id='word_1_411' title='bbox 987 2983 1113 3037; x_wconf 87' lang='lat' dir='ltr'>internos</span> <span class='ocrx_word' id='word_1_412' title='bbox 1140 2989 1243 3047; x_wconf 89' lang='lat' dir='ltr'>motus,</span> <span class='ocrx_word' id='word_1_413' title='bbox 1266 2982 1344 3037; x_wconf 90' lang='lat' dir='ltr'>adita</span> <span class='ocrx_word' id='word_1_414' title='bbox 1371 2982 1474 3036; x_wconf 89' lang='lat' dir='ltr'>mentis</span> <span class='ocrx_word' id='word_1_415' title='bbox 1494 2983 1626 3036; x_wconf 76' lang='lat' dir='ltr'>universa</span> <span class='ocrx_word' id='word_1_416' title='bbox 1646 2981 1786 3053; x_wconf 89' lang='lat' dir='ltr'>inspiciat,</span> 
     </span>
     <span class='ocr_line' id='line_1_32' title="bbox 146 3039 1789 3142; baseline 0 -18"><span class='ocrx_word' id='word_1_417' title='bbox 146 3070 245 3125; x_wconf 88' lang='lat' dir='ltr'>restris</span> <span class='ocrx_word' id='word_1_418' title='bbox 255 3075 307 3137; x_wconf 87' lang='lat' dir='ltr'>est,</span> <span class='ocrx_word' id='word_1_419' title='bbox 316 3070 463 3124; x_wconf 89' lang='lat' dir='ltr'>terrestria</span> <span class='ocrx_word' id='word_1_420' title='bbox 470 3086 596 3140; x_wconf 87' lang='lat' dir='ltr'>corpora.</span> <span class='ocrx_word' id='word_1_421' title='bbox 606 3070 672 3126; x_wconf 81' lang='lat' dir='ltr'>Aia</span> <span class='ocrx_word' id='word_1_422' title='bbox 681 3074 796 3126; x_wconf 82' lang='lat' dir='ltr'>claritas</span> <span class='ocrx_word' id='word_1_423' title='bbox 806 3075 879 3132; x_wconf 80' lang='lat' dir='ltr'>solis,</span> <span class='ocrx_word' id='word_1_424' title='bbox 888 3076 947 3126; x_wconf 83' lang='lat' dir='ltr'>allo</span> <span class='ocrx_word' id='word_1_425' title='bbox 958 3039 1072 3142; x_wconf 84' lang='lat' dir='ltr'>Catque</span> <span class='ocrx_word' id='word_1_426' title='bbox 1083 3071 1243 3142; x_wconf 84' lang='lat' dir='ltr'>perlustret.</span> <span class='ocrx_word' id='word_1_427' title='bbox 1254 3072 1294 3125; x_wconf 90' lang='lat' dir='ltr'>De</span> <span class='ocrx_word' id='word_1_428' title='bbox 1305 3072 1365 3142; x_wconf 92' lang='lat' dir='ltr'>ipso</span> <span class='ocrx_word' id='word_1_429' title='bbox 1375 3070 1515 3142; x_wconf 90' lang='lat' dir='ltr'>siquidem</span> <span class='ocrx_word' id='word_1_430' title='bbox 1526 3072 1585 3125; x_wconf 88' lang='lat' dir='ltr'>solo</span> <span class='ocrx_word' id='word_1_431' title='bbox 1597 3072 1789 3142; x_wconf 84' lang='lat' dir='ltr'>pronuntiarit</span> 
     </span>
     <span class='ocr_line' id='line_1_33' title="bbox 146 3159 1788 3231; baseline 0 -18"><span class='ocrx_word' id='word_1_432' title='bbox 146 3161 261 3213; x_wconf 78' lang='lat' dir='ltr'>claritas</span> <span class='ocrx_word' id='word_1_433' title='bbox 279 3161 362 3225; x_wconf 77' lang='lat' dir='ltr'>larsa,</span> <span class='ocrx_word' id='word_1_434' title='bbox 377 3161 436 3211; x_wconf 85' lang='lat' dir='ltr'>olio</span> <span class='ocrx_word' id='word_1_435' title='bbox 446 3161 561 3212; x_wconf 83' lang='lat' dir='ltr'>claritas</span> <span class='ocrx_word' id='word_1_436' title='bbox 575 3161 731 3224; x_wconf 78' lang='lat' dir='ltr'>stellarum,</span> <span class='ocrx_word' id='word_1_437' title='bbox 748 3162 826 3214; x_wconf 83' lang='lat' dir='ltr'>stello</span> <span class='ocrx_word' id='word_1_438' title='bbox 840 3163 947 3214; x_wconf 72' lang='lat' dir='ltr'>entrare</span> <span class='ocrx_word' id='word_1_439' title='bbox 988 3160 1086 3215; x_wconf 86' lang='lat' dir='ltr'>heatus</span> <span class='ocrx_word' id='word_1_440' title='bbox 1098 3159 1259 3231; x_wconf 82' lang='lat' dir='ltr'>Apostolus,</span> <span class='ocrx_word' id='word_1_441' title='bbox 1274 3160 1370 3214; x_wconf 89' lang='lat' dir='ltr'>dicens</span> <span class='ocrx_word' id='word_1_442' title='bbox 1387 3160 1478 3228; x_wconf 86' lang='lat' dir='ltr'>(liebr.</span> <span class='ocrx_word' id='word_1_443' title='bbox 1496 3164 1550 3229; x_wconf 80' lang='lat' dir='ltr'>rr):</span> <span class='ocrx_word' id='word_1_444' title='bbox 1570 3162 1647 3215; x_wconf 72' lang='lat' dir='ltr'>liures</span> <span class='ocrx_word' id='word_1_445' title='bbox 1661 3163 1736 3214; x_wconf 83' lang='lat' dir='ltr'>caim</span> <span class='ocrx_word' id='word_1_446' title='bbox 1751 3165 1788 3214; x_wconf 79' lang='lat' dir='ltr'>est</span> 
     </span>
     <span class='ocr_line' id='line_1_34' title="bbox 146 3246 1787 3318; baseline 0.001 -17"><span class='ocrx_word' id='word_1_447' title='bbox 146 3249 226 3301; x_wconf 80' lang='lat' dir='ltr'>stella</span> <span class='ocrx_word' id='word_1_448' title='bbox 234 3247 326 3314; x_wconf 78' lang='lat' dir='ltr'>differt</span> <span class='ocrx_word' id='word_1_449' title='bbox 337 3248 368 3299; x_wconf 84' lang='lat' dir='ltr'>in</span> <span class='ocrx_word' id='word_1_450' title='bbox 376 3249 512 3300; x_wconf 81' lang='lat' dir='ltr'>claritate.</span> <span class='ocrx_word' id='word_1_451' title='bbox 523 3246 728 3302; x_wconf 82' lang='lat' dir='ltr'>Uniusnaturae</span> <span class='ocrx_word' id='word_1_452' title='bbox 739 3248 947 3318; x_wconf 87' lang='lat' dir='ltr'>comparatione</span> <span class='ocrx_word' id='word_1_453' title='bbox 988 3251 1131 3304; x_wconf 77' lang='lat' dir='ltr'>sermodei</span> <span class='ocrx_word' id='word_1_454' title='bbox 1144 3255 1167 3303; x_wconf 85' lang='lat' dir='ltr'>et</span> <span class='ocrx_word' id='word_1_455' title='bbox 1179 3251 1317 3318; x_wconf 63' lang='lat' dir='ltr'>efficaces</span> <span class='ocrx_word' id='word_1_456' title='bbox 1330 3252 1439 3302; x_wconf 76' lang='lat' dir='ltr'>aeritior</span> <span class='ocrx_word' id='word_1_457' title='bbox 1448 3265 1530 3318; x_wconf 81' lang='lat' dir='ltr'>super</span> <span class='ocrx_word' id='word_1_458' title='bbox 1540 3266 1647 3303; x_wconf 73' lang='lat' dir='ltr'>oinium</span> <span class='ocrx_word' id='word_1_459' title='bbox 1658 3250 1787 3317; x_wconf 71' lang='lat' dir='ltr'>alodium</span> 
     </span>
     <span class='ocr_line' id='line_1_35' title="bbox 146 3333 1789 3407; baseline 0 -16"><span class='ocrx_word' id='word_1_460' title='bbox 146 3333 284 3391; x_wconf 89' lang='lat' dir='ltr'>utiturad</span> <span class='ocrx_word' id='word_1_461' title='bbox 302 3334 460 3389; x_wconf 82' lang='lat' dir='ltr'>indiscretae</span> <span class='ocrx_word' id='word_1_462' title='bbox 483 3334 647 3390; x_wconf 74' lang='lat' dir='ltr'>substantia</span> <span class='ocrx_word' id='word_1_463' title='bbox 674 3336 846 3391; x_wconf 85' lang='lat' dir='ltr'>reddendam</span> <span class='ocrx_word' id='word_1_464' title='bbox 865 3337 948 3391; x_wconf 79' lang='lat' dir='ltr'>ratio</span> <span class='ocrx_word' id='word_1_465' title='bbox 989 3341 1146 3407; x_wconf 82' lang='lat' dir='ltr'>ancipitem,</span> <span class='ocrx_word' id='word_1_466' title='bbox 1159 3344 1183 3392; x_wconf 85' lang='lat' dir='ltr'>et</span> <span class='ocrx_word' id='word_1_467' title='bbox 1192 3341 1351 3407; x_wconf 68' lang='lat' dir='ltr'>pertingens</span> <span class='ocrx_word' id='word_1_468' title='bbox 1363 3354 1447 3406; x_wconf 82' lang='lat' dir='ltr'>usque</span> <span class='ocrx_word' id='word_1_469' title='bbox 1462 3340 1670 3392; x_wconf 78' lang='lat' dir='ltr'>addicisiosem</span> <span class='ocrx_word' id='word_1_470' title='bbox 1686 3339 1789 3391; x_wconf 73' lang='lat' dir='ltr'>aniius</span> 
     </span>
     <span class='ocr_line' id='line_1_36' title="bbox 147 3423 1788 3496; baseline 0.001 -17"><span class='ocrx_word' id='word_1_471' title='bbox 147 3439 231 3479; x_wconf 90' lang='lat' dir='ltr'>nem:</span> <span class='ocrx_word' id='word_1_472' title='bbox 249 3423 398 3494; x_wconf 90' lang='lat' dir='ltr'>quiasieut</span> <span class='ocrx_word' id='word_1_473' title='bbox 411 3424 490 3478; x_wconf 89' lang='lat' dir='ltr'>solet</span> <span class='ocrx_word' id='word_1_474' title='bbox 500 3425 568 3478; x_wconf 88' lang='lat' dir='ltr'>luna</span> <span class='ocrx_word' id='word_1_475' title='bbox 578 3429 606 3478; x_wconf 91' lang='lat' dir='ltr'>et</span> <span class='ocrx_word' id='word_1_476' title='bbox 619 3425 706 3479; x_wconf 78' lang='lat' dir='ltr'>stella</span> <span class='ocrx_word' id='word_1_477' title='bbox 717 3442 781 3479; x_wconf 93' lang='lat' dir='ltr'>eum</span> <span class='ocrx_word' id='word_1_478' title='bbox 794 3426 851 3481; x_wconf 89' lang='lat' dir='ltr'>sint</span> <span class='ocrx_word' id='word_1_479' title='bbox 864 3427 948 3481; x_wconf 91' lang='lat' dir='ltr'>unius</span> <span class='ocrx_word' id='word_1_480' title='bbox 989 3433 1014 3482; x_wconf 83' lang='lat' dir='ltr'>et</span> <span class='ocrx_word' id='word_1_481' title='bbox 1028 3430 1321 3496; x_wconf 79' lang='lat' dir='ltr'>spiritus‚eompo9uia</span> <span class='ocrx_word' id='word_1_482' title='bbox 1336 3442 1440 3496; x_wconf 77' lang='lat' dir='ltr'>qrzoqrte</span> <span class='ocrx_word' id='word_1_483' title='bbox 1454 3433 1478 3480; x_wconf 88' lang='lat' dir='ltr'>et</span> <span class='ocrx_word' id='word_1_484' title='bbox 1493 3429 1692 3492; x_wconf 78' lang='lat' dir='ltr'>raedallorioa,</span> <span class='ocrx_word' id='word_1_485' title='bbox 1702 3428 1788 3480; x_wconf 84' lang='lat' dir='ltr'>etdis·</span> 
     </span>
     <span class='ocr_line' id='line_1_37' title="bbox 149 3512 1787 3585; baseline 0.002 -19"><span class='ocrx_word' id='word_1_486' title='bbox 149 3512 264 3585; x_wconf 92' lang='lat' dir='ltr'>quidem</span> <span class='ocrx_word' id='word_1_487' title='bbox 279 3516 396 3578; x_wconf 78' lang='lat' dir='ltr'>natura,</span> <span class='ocrx_word' id='word_1_488' title='bbox 417 3512 533 3567; x_wconf 74' lang='lat' dir='ltr'>diversa</span> <span class='ocrx_word' id='word_1_489' title='bbox 547 3518 643 3567; x_wconf 87' lang='lat' dir='ltr'>tamen</span> <span class='ocrx_word' id='word_1_490' title='bbox 662 3513 799 3568; x_wconf 86' lang='lat' dir='ltr'>claritatis</span> <span class='ocrx_word' id='word_1_491' title='bbox 813 3521 892 3574; x_wconf 82' lang='lat' dir='ltr'>sunt;</span> <span class='ocrx_word' id='word_1_492' title='bbox 909 3516 948 3569; x_wconf 89' lang='lat' dir='ltr'>ita</span> <span class='ocrx_word' id='word_1_493' title='bbox 989 3519 1341 3584; x_wconf 63' lang='lat' dir='ltr'>aarumcogitationnes</span> <span class='ocrx_word' id='word_1_494' title='bbox 1351 3517 1643 3582; x_wconf 69' lang='lat' dir='ltr'>sistentionioncordia</span> <span class='ocrx_word' id='word_1_495' title='bbox 1656 3521 1787 3570; x_wconf 78' lang='lat' dir='ltr'>etiroaest</span> 
     </span>
     <span class='ocr_line' id='line_1_38' title="bbox 149 3600 1787 3674; baseline 0.001 -19"><span class='ocrx_word' id='word_1_496' title='bbox 149 3606 179 3655; x_wconf 87' lang='lat' dir='ltr'>et</span> <span class='ocrx_word' id='word_1_497' title='bbox 193 3600 321 3654; x_wconf 90' lang='lat' dir='ltr'>homines</span> <span class='ocrx_word' id='word_1_498' title='bbox 336 3617 400 3655; x_wconf 92' lang='lat' dir='ltr'>eum</span> <span class='ocrx_word' id='word_1_499' title='bbox 418 3602 475 3655; x_wconf 90' lang='lat' dir='ltr'>sint</span> <span class='ocrx_word' id='word_1_500' title='bbox 488 3602 572 3656; x_wconf 92' lang='lat' dir='ltr'>unius</span> <span class='ocrx_word' id='word_1_501' title='bbox 591 3603 711 3673; x_wconf 84' lang='lat' dir='ltr'>generis,</span> <span class='ocrx_word' id='word_1_502' title='bbox 736 3604 838 3658; x_wconf 89' lang='lat' dir='ltr'>merito</span> <span class='ocrx_word' id='word_1_503' title='bbox 852 3610 948 3659; x_wconf 80' lang='lat' dir='ltr'>tarsen</span> <span class='ocrx_word' id='word_1_504' title='bbox 989 3611 1119 3659; x_wconf 81' lang='lat' dir='ltr'>creatura</span> <span class='ocrx_word' id='word_1_505' title='bbox 1134 3605 1283 3658; x_wconf 75' lang='lat' dir='ltr'>invisibilis</span> <span class='ocrx_word' id='word_1_506' title='bbox 1299 3607 1331 3658; x_wconf 84' lang='lat' dir='ltr'>in</span> <span class='ocrx_word' id='word_1_507' title='bbox 1345 3611 1485 3674; x_wconf 72' lang='lat' dir='ltr'>compertu</span> <span class='ocrx_word' id='word_1_508' title='bbox 1502 3608 1570 3673; x_wconf 71' lang='lat' dir='ltr'>ejus,</span> <span class='ocrx_word' id='word_1_509' title='bbox 1586 3608 1681 3658; x_wconf 75' lang='lat' dir='ltr'>orricio</span> <span class='ocrx_word' id='word_1_510' title='bbox 1694 3610 1787 3658; x_wconf 75' lang='lat' dir='ltr'>cirtem</span> 
     </span>
     <span class='ocr_line' id='line_1_39' title="bbox 148 3687 1787 3762; baseline 0.002 -20"><span class='ocrx_word' id='word_1_511' title='bbox 148 3687 300 3743; x_wconf 87' lang='lat' dir='ltr'>dissimiles</span> <span class='ocrx_word' id='word_1_512' title='bbox 312 3695 396 3744; x_wconf 89' lang='lat' dir='ltr'>erunt</span> <span class='ocrx_word' id='word_1_513' title='bbox 407 3690 544 3760; x_wconf 86' lang='lat' dir='ltr'>ingloria,</span> <span class='ocrx_word' id='word_1_514' title='bbox 563 3697 595 3745; x_wconf 92' lang='lat' dir='ltr'>ut</span> <span class='ocrx_word' id='word_1_515' title='bbox 610 3691 732 3746; x_wconf 87' lang='lat' dir='ltr'>claritati</span> <span class='ocrx_word' id='word_1_516' title='bbox 750 3691 816 3746; x_wconf 84' lang='lat' dir='ltr'>solis</span> <span class='ocrx_word' id='word_1_517' title='bbox 837 3693 949 3747; x_wconf 91' lang='lat' dir='ltr'>illorum</span> <span class='ocrx_word' id='word_1_518' title='bbox 990 3695 1066 3748; x_wconf 73' lang='lat' dir='ltr'>trudo</span> <span class='ocrx_word' id='word_1_519' title='bbox 1074 3699 1098 3747; x_wconf 83' lang='lat' dir='ltr'>ct</span> <span class='ocrx_word' id='word_1_520' title='bbox 1106 3700 1201 3762; x_wconf 84' lang='lat' dir='ltr'>ope-rto</span> <span class='ocrx_word' id='word_1_521' title='bbox 1209 3699 1274 3748; x_wconf 75' lang='lat' dir='ltr'>sitiit</span> <span class='ocrx_word' id='word_1_522' title='bbox 1285 3696 1371 3748; x_wconf 76' lang='lat' dir='ltr'>oraclis</span> <span class='ocrx_word' id='word_1_523' title='bbox 1378 3697 1489 3761; x_wconf 75' lang='lat' dir='ltr'>ejus,·et</span> <span class='ocrx_word' id='word_1_524' title='bbox 1498 3692 1596 3748; x_wconf 91' lang='lat' dir='ltr'>beatus</span> <span class='ocrx_word' id='word_1_525' title='bbox 1604 3693 1694 3748; x_wconf 85' lang='lat' dir='ltr'>David</span> <span class='ocrx_word' id='word_1_526' title='bbox 1704 3695 1787 3760; x_wconf 77' lang='lat' dir='ltr'>(Paul.</span> 
     </span>
     <span class='ocr_line' id='line_1_40' title="bbox 148 3777 1787 3854; baseline 0.003 -23"><span class='ocrx_word' id='word_1_527' title='bbox 148 3777 272 3849; x_wconf 86' lang='lat' dir='ltr'>dignitas</span> <span class='ocrx_word' id='word_1_528' title='bbox 298 3784 467 3849; x_wconf 70' lang='lat' dir='ltr'>exequetur,</span> <span class='ocrx_word' id='word_1_529' title='bbox 502 3779 551 3849; x_wconf 91' lang='lat' dir='ltr'>qui</span> <span class='ocrx_word' id='word_1_530' title='bbox 583 3781 767 3834; x_wconf 85' lang='lat' dir='ltr'>centesimum</span> <span class='ocrx_word' id='word_1_531' title='bbox 799 3797 949 3835; x_wconf 88' lang='lat' dir='ltr'>numerum</span> <span class='ocrx_word' id='word_1_532' title='bbox 991 3786 1086 3851; x_wconf 69' lang='lat' dir='ltr'>xxxid:</span> <span class='ocrx_word' id='word_1_533' title='bbox 1103 3786 1153 3852; x_wconf 80' lang='lat' dir='ltr'>qui</span> <span class='ocrx_word' id='word_1_534' title='bbox 1166 3785 1256 3852; x_wconf 74' lang='lat' dir='ltr'>(inpii,</span> <span class='ocrx_word' id='word_1_535' title='bbox 1272 3783 1375 3854; x_wconf 85' lang='lat' dir='ltr'>inquit,</span> <span class='ocrx_word' id='word_1_536' title='bbox 1390 3787 1558 3851; x_wconf 73' lang='lat' dir='ltr'>sr&#39;opillotim</span> <span class='ocrx_word' id='word_1_537' title='bbox 1579 3784 1660 3838; x_wconf 85' lang='lat' dir='ltr'>eorda</span> <span class='ocrx_word' id='word_1_538' title='bbox 1677 3799 1787 3847; x_wconf 64' lang='lat' dir='ltr'>corcram</span> 
     </span>
     <span class='ocr_line' id='line_1_41' title="bbox 147 3857 1789 3941; baseline 0.004 -22"><span class='ocrx_word' id='word_1_539' title='bbox 147 3857 262 3932; x_wconf 82' lang='lat' dir='ltr'>hebent,</span> <span class='ocrx_word' id='word_1_540' title='bbox 274 3867 323 3938; x_wconf 89' lang='lat' dir='ltr'>qui</span> <span class='ocrx_word' id='word_1_541' title='bbox 334 3873 366 3921; x_wconf 94' lang='lat' dir='ltr'>ut</span> <span class='ocrx_word' id='word_1_542' title='bbox 381 3867 496 3937; x_wconf 87' lang='lat' dir='ltr'>perfecti</span> <span class='ocrx_word' id='word_1_543' title='bbox 516 3873 610 3922; x_wconf 89' lang='lat' dir='ltr'>essent</span> <span class='ocrx_word' id='word_1_544' title='bbox 631 3869 714 3940; x_wconf 91' lang='lat' dir='ltr'>primi</span> <span class='ocrx_word' id='word_1_545' title='bbox 735 3870 840 3940; x_wconf 75' lang='lat' dir='ltr'>gradm</span> <span class='ocrx_word' id='word_1_546' title='bbox 855 3871 949 3924; x_wconf 74' lang='lat' dir='ltr'>auruli</span> <span class='ocrx_word' id='word_1_547' title='bbox 990 3871 1143 3927; x_wconf 89' lang='lat' dir='ltr'>etiterum:</span> <span class='ocrx_word' id='word_1_548' title='bbox 1157 3874 1215 3940; x_wconf 82' lang='lat' dir='ltr'>lpse</span> <span class='ocrx_word' id='word_1_549' title='bbox 1225 3875 1298 3926; x_wconf 80' lang='lat' dir='ltr'>enim</span> <span class='ocrx_word' id='word_1_550' title='bbox 1312 3875 1500 3927; x_wconf 79' lang='lat' dir='ltr'>noru&#39;toceulta</span> <span class='ocrx_word' id='word_1_551' title='bbox 1509 3873 1598 3927; x_wconf 81' lang='lat' dir='ltr'>cordis</span> <span class='ocrx_word' id='word_1_552' title='bbox 1610 3873 1693 3940; x_wconf 83' lang='lat' dir='ltr'>(Psoi.</span> <span class='ocrx_word' id='word_1_553' title='bbox 1702 3878 1789 3941; x_wconf 78' lang='lat' dir='ltr'>xuni.)</span> 
     </span>
     <span class='ocr_line' id='line_1_42' title="bbox 145 3953 1789 4032; baseline 0.004 -23"><span class='ocrx_word' id='word_1_554' title='bbox 145 3953 269 4021; x_wconf 82' lang='lat' dir='ltr'>luerunt,</span> <span class='ocrx_word' id='word_1_555' title='bbox 279 3955 314 4009; x_wconf 94' lang='lat' dir='ltr'>de</span> <span class='ocrx_word' id='word_1_556' title='bbox 328 3954 430 4025; x_wconf 90' lang='lat' dir='ltr'>quibus</span> <span class='ocrx_word' id='word_1_557' title='bbox 441 3956 617 4011; x_wconf 89' lang='lat' dir='ltr'>dictumest:</span> <span class='ocrx_word' id='word_1_558' title='bbox 631 3959 706 4012; x_wconf 77' lang='lat' dir='ltr'>Turre</span> <span class='ocrx_word' id='word_1_559' title='bbox 716 3962 791 4026; x_wconf 81' lang='lat' dir='ltr'>justi</span> <span class='ocrx_word' id='word_1_560' title='bbox 804 3961 950 4027; x_wconf 71' lang='lat' dir='ltr'>fiilgcbaat</span> <span class='ocrx_word' id='word_1_561' title='bbox 991 3960 1111 4032; x_wconf 70' lang='lat' dir='ltr'>[Amba]</span> <span class='ocrx_word' id='word_1_562' title='bbox 1126 3961 1255 4014; x_wconf 89' lang='lat' dir='ltr'>Animale</span> <span class='ocrx_word' id='word_1_563' title='bbox 1271 3977 1373 4031; x_wconf 89' lang='lat' dir='ltr'>corpus</span> <span class='ocrx_word' id='word_1_564' title='bbox 1388 3965 1439 4028; x_wconf 88' lang='lat' dir='ltr'>est,</span> <span class='ocrx_word' id='word_1_565' title='bbox 1451 3961 1518 4015; x_wconf 92' lang='lat' dir='ltr'>dum</span> <span class='ocrx_word' id='word_1_566' title='bbox 1528 3960 1596 4015; x_wconf 88' lang='lat' dir='ltr'>cibis</span> <span class='ocrx_word' id='word_1_567' title='bbox 1604 3966 1789 4027; x_wconf 88' lang='lat' dir='ltr'>sustentatur,</span> 
     </span>
     <span class='ocr_line' id='line_1_43' title="bbox 129 4045 1791 4121; baseline 0.004 -24"><span class='ocrx_word' id='word_1_568' title='bbox 129 4045 218 4115; x_wconf 63' lang='lat' dir='ltr'>⁴sieut</span> <span class='ocrx_word' id='word_1_569' title='bbox 239 4047 278 4096; x_wconf 83' lang='lat' dir='ltr'>sol</span> <span class='ocrx_word' id='word_1_570' title='bbox 299 4046 330 4096; x_wconf 84' lang='lat' dir='ltr'>iu</span> <span class='ocrx_word' id='word_1_571' title='bbox 352 4059 436 4110; x_wconf 72' lang='lat' dir='ltr'>regno</span> <span class='ocrx_word' id='word_1_572' title='bbox 451 4046 543 4098; x_wconf 80' lang='lat' dir='ltr'>Putris</span> <span class='ocrx_word' id='word_1_573' title='bbox 559 4048 605 4098; x_wconf 81' lang='lat' dir='ltr'>sui</span> <span class='ocrx_word' id='word_1_574' title='bbox 628 4047 735 4114; x_wconf 77' lang='lat' dir='ltr'>(Morta</span> <span class='ocrx_word' id='word_1_575' title='bbox 754 4052 821 4115; x_wconf 79' lang='lat' dir='ltr'>xiii).</span> <span class='ocrx_word' id='word_1_576' title='bbox 845 4049 949 4103; x_wconf 86' lang='lat' dir='ltr'>Lunari</span> <span class='ocrx_word' id='word_1_577' title='bbox 991 4054 1023 4105; x_wconf 87' lang='lat' dir='ltr'>ut</span> <span class='ocrx_word' id='word_1_578' title='bbox 1032 4050 1123 4103; x_wconf 74' lang='lat' dir='ltr'>visat:</span> <span class='ocrx_word' id='word_1_579' title='bbox 1141 4050 1267 4120; x_wconf 80' lang='lat' dir='ltr'>spiritale</span> <span class='ocrx_word' id='word_1_580' title='bbox 1283 4056 1377 4104; x_wconf 89' lang='lat' dir='ltr'>autem</span> <span class='ocrx_word' id='word_1_581' title='bbox 1389 4067 1451 4104; x_wconf 92' lang='lat' dir='ltr'>cum</span> <span class='ocrx_word' id='word_1_582' title='bbox 1461 4050 1563 4104; x_wconf 89' lang='lat' dir='ltr'>horum</span> <span class='ocrx_word' id='word_1_583' title='bbox 1573 4049 1643 4103; x_wconf 89' lang='lat' dir='ltr'>nihil</span> <span class='ocrx_word' id='word_1_584' title='bbox 1653 4049 1791 4121; x_wconf 88' lang='lat' dir='ltr'>indigebit</span> 
     </span>
     <span class='ocr_line' id='line_1_44' title="bbox 148 4130 1791 4210; baseline 0.004 -25"><span class='ocrx_word' id='word_1_585' title='bbox 148 4135 244 4186; x_wconf 86' lang='lat' dir='ltr'>autem</span> <span class='ocrx_word' id='word_1_586' title='bbox 263 4130 384 4185; x_wconf 86' lang='lat' dir='ltr'>claritati</span> <span class='ocrx_word' id='word_1_587' title='bbox 407 4131 436 4185; x_wconf 93' lang='lat' dir='ltr'>hi</span> <span class='ocrx_word' id='word_1_588' title='bbox 455 4133 636 4203; x_wconf 90' lang='lat' dir='ltr'>comparandi</span> <span class='ocrx_word' id='word_1_589' title='bbox 658 4140 732 4198; x_wconf 84' lang='lat' dir='ltr'>sunt,</span> <span class='ocrx_word' id='word_1_590' title='bbox 751 4135 799 4206; x_wconf 92' lang='lat' dir='ltr'>qui</span> <span class='ocrx_word' id='word_1_591' title='bbox 813 4137 951 4206; x_wconf 87' lang='lat' dir='ltr'>sexagesi·</span> <span class='ocrx_word' id='word_1_592' title='bbox 992 4155 1155 4192; x_wconf 81' lang='lat' dir='ltr'>conversum</span> <span class='ocrx_word' id='word_1_593' title='bbox 1173 4139 1202 4192; x_wconf 92' lang='lat' dir='ltr'>in</span> <span class='ocrx_word' id='word_1_594' title='bbox 1225 4139 1321 4192; x_wconf 73' lang='lat' dir='ltr'>vitain.</span> <span class='ocrx_word' id='word_1_595' title='bbox 1340 4139 1443 4193; x_wconf 84' lang='lat' dir='ltr'>Omnia</span> <span class='ocrx_word' id='word_1_596' title='bbox 1461 4139 1621 4210; x_wconf 87' lang='lat' dir='ltr'>supradicta</span> <span class='ocrx_word' id='word_1_597' title='bbox 1640 4139 1692 4192; x_wconf 92' lang='lat' dir='ltr'>hoc</span> <span class='ocrx_word' id='word_1_598' title='bbox 1705 4155 1791 4193; x_wconf 89' lang='lat' dir='ltr'>sensu</span> 
     </span>
     <span class='ocr_line' id='line_1_45' title="bbox 149 4218 1793 4299; baseline 0.005 -26"><span class='ocrx_word' id='word_1_599' title='bbox 149 4234 228 4273; x_wconf 91' lang='lat' dir='ltr'>mum</span> <span class='ocrx_word' id='word_1_600' title='bbox 251 4235 401 4273; x_wconf 90' lang='lat' dir='ltr'>numerum</span> <span class='ocrx_word' id='word_1_601' title='bbox 426 4218 508 4274; x_wconf 90' lang='lat' dir='ltr'>bonis</span> <span class='ocrx_word' id='word_1_602' title='bbox 531 4221 663 4292; x_wconf 89' lang='lat' dir='ltr'>operibus</span> <span class='ocrx_word' id='word_1_603' title='bbox 687 4224 802 4278; x_wconf 87' lang='lat' dir='ltr'>mercati</span> <span class='ocrx_word' id='word_1_604' title='bbox 827 4232 902 4290; x_wconf 88' lang='lat' dir='ltr'>suut,</span> <span class='ocrx_word' id='word_1_605' title='bbox 918 4231 950 4280; x_wconf 93' lang='lat' dir='ltr'>ut</span> <span class='ocrx_word' id='word_1_606' title='bbox 991 4227 1169 4294; x_wconf 88' lang='lat' dir='ltr'>clauduntur,</span> <span class='ocrx_word' id='word_1_607' title='bbox 1186 4244 1242 4281; x_wconf 90' lang='lat' dir='ltr'>non</span> <span class='ocrx_word' id='word_1_608' title='bbox 1262 4228 1338 4281; x_wconf 90' lang='lat' dir='ltr'>enim</span> <span class='ocrx_word' id='word_1_609' title='bbox 1361 4244 1461 4299; x_wconf 89' lang='lat' dir='ltr'>eorpus</span> <span class='ocrx_word' id='word_1_610' title='bbox 1478 4228 1600 4282; x_wconf 88' lang='lat' dir='ltr'>animale</span> <span class='ocrx_word' id='word_1_611' title='bbox 1617 4244 1730 4299; x_wconf 90' lang='lat' dir='ltr'>semper</span> <span class='ocrx_word' id='word_1_612' title='bbox 1746 4227 1793 4282; x_wconf 91' lang='lat' dir='ltr'>hie</span> 
     </span>
     <span class='ocr_line' id='line_1_46' title="bbox 147 4307 1791 4388; baseline 0.005 -26"><span class='ocrx_word' id='word_1_613' title='bbox 147 4307 373 4377; x_wconf 89' lang='lat' dir='ltr'>secundigradus</span> <span class='ocrx_word' id='word_1_614' title='bbox 383 4308 517 4363; x_wconf 91' lang='lat' dir='ltr'>meritum</span> <span class='ocrx_word' id='word_1_615' title='bbox 531 4309 779 4367; x_wconf 88' lang='lat' dir='ltr'>haberent.Stellis</span> <span class='ocrx_word' id='word_1_616' title='bbox 790 4319 885 4368; x_wconf 83' lang='lat' dir='ltr'>autern</span> <span class='ocrx_word' id='word_1_617' title='bbox 896 4315 950 4368; x_wconf 87' lang='lat' dir='ltr'>ela·</span> <span class='ocrx_word' id='word_1_618' title='bbox 991 4315 1093 4370; x_wconf 88' lang='lat' dir='ltr'>habere</span> <span class='ocrx_word' id='word_1_619' title='bbox 1108 4321 1201 4388; x_wconf 91' lang='lat' dir='ltr'>potest</span> <span class='ocrx_word' id='word_1_620' title='bbox 1217 4316 1354 4387; x_wconf 88' lang='lat' dir='ltr'>Spiritum</span> <span class='ocrx_word' id='word_1_621' title='bbox 1370 4324 1513 4384; x_wconf 85' lang='lat' dir='ltr'>sanctum;</span> <span class='ocrx_word' id='word_1_622' title='bbox 1531 4325 1598 4371; x_wconf 91' lang='lat' dir='ltr'>tune</span> <span class='ocrx_word' id='word_1_623' title='bbox 1612 4333 1687 4382; x_wconf 80' lang='lat' dir='ltr'>vero,</span> <span class='ocrx_word' id='word_1_624' title='bbox 1703 4317 1732 4370; x_wconf 93' lang='lat' dir='ltr'>id</span> <span class='ocrx_word' id='word_1_625' title='bbox 1747 4324 1791 4370; x_wconf 89' lang='lat' dir='ltr'>est</span> 
     </span>
     <span class='ocr_line' id='line_1_47' title="bbox 147 4395 1791 4477; baseline 0.005 -27"><span class='ocrx_word' id='word_1_626' title='bbox 147 4395 270 4452; x_wconf 93' lang='lat' dir='ltr'>rioribus</span> <span class='ocrx_word' id='word_1_627' title='bbox 280 4413 378 4451; x_wconf 89' lang='lat' dir='ltr'>eorum</span> <span class='ocrx_word' id='word_1_628' title='bbox 393 4398 494 4452; x_wconf 89' lang='lat' dir='ltr'>merita</span> <span class='ocrx_word' id='word_1_629' title='bbox 503 4401 692 4471; x_wconf 87' lang='lat' dir='ltr'>comparanda</span> <span class='ocrx_word' id='word_1_630' title='bbox 711 4408 785 4469; x_wconf 88' lang='lat' dir='ltr'>sunt,</span> <span class='ocrx_word' id='word_1_631' title='bbox 799 4403 846 4473; x_wconf 85' lang='lat' dir='ltr'>qui</span> <span class='ocrx_word' id='word_1_632' title='bbox 865 4405 949 4475; x_wconf 89' lang='lat' dir='ltr'>trige-</span> <span class='ocrx_word' id='word_1_633' title='bbox 990 4405 1019 4459; x_wconf 93' lang='lat' dir='ltr'>in</span> <span class='ocrx_word' id='word_1_634' title='bbox 1033 4405 1247 4471; x_wconf 87' lang='lat' dir='ltr'>resurrectione,</span> <span class='ocrx_word' id='word_1_635' title='bbox 1263 4421 1375 4477; x_wconf 84' lang='lat' dir='ltr'>semper</span> <span class='ocrx_word' id='word_1_636' title='bbox 1385 4405 1511 4460; x_wconf 85' lang='lat' dir='ltr'>manebit</span> <span class='ocrx_word' id='word_1_637' title='bbox 1519 4402 1548 4459; x_wconf 93' lang='lat' dir='ltr'>in</span> <span class='ocrx_word' id='word_1_638' title='bbox 1558 4406 1661 4459; x_wconf 87' lang='lat' dir='ltr'>sanctis</span> <span class='ocrx_word' id='word_1_639' title='bbox 1674 4424 1680 4458; x_wconf 91' lang='lat'>:</span> <span class='ocrx_word' id='word_1_640' title='bbox 1693 4412 1791 4476; x_wconf 88' lang='lat' dir='ltr'>surget</span> 
     </span>
     <span class='ocr_line' id='line_1_48' title="bbox 148 4485 1786 4566; baseline 0.004 -27"><span class='ocrx_word' id='word_1_641' title='bbox 148 4485 253 4540; x_wconf 89' lang='lat' dir='ltr'>simum</span> <span class='ocrx_word' id='word_1_642' title='bbox 273 4502 433 4553; x_wconf 89' lang='lat' dir='ltr'>numerum,</span> <span class='ocrx_word' id='word_1_643' title='bbox 450 4488 527 4541; x_wconf 91' lang='lat' dir='ltr'>tertii</span> <span class='ocrx_word' id='word_1_644' title='bbox 550 4488 655 4558; x_wconf 76' lang='lat' dir='ltr'>gradim</span> <span class='ocrx_word' id='word_1_645' title='bbox 679 4489 845 4561; x_wconf 82' lang='lat' dir='ltr'>dignitatem</span> <span class='ocrx_word' id='word_1_646' title='bbox 864 4493 948 4563; x_wconf 89' lang='lat' dir='ltr'>justis</span> <span class='ocrx_word' id='word_1_647' title='bbox 992 4511 1091 4566; x_wconf 91' lang='lat' dir='ltr'>corpus</span> <span class='ocrx_word' id='word_1_648' title='bbox 1115 4494 1241 4565; x_wconf 87' lang='lat' dir='ltr'>spiritale</span> <span class='ocrx_word' id='word_1_649' title='bbox 1260 4493 1335 4566; x_wconf 93' lang='lat' dir='ltr'>quod</span> <span class='ocrx_word' id='word_1_650' title='bbox 1357 4495 1446 4565; x_wconf 89' lang='lat' dir='ltr'>possit</span> <span class='ocrx_word' id='word_1_651' title='bbox 1462 4494 1503 4550; x_wconf 93' lang='lat' dir='ltr'>ire</span> <span class='ocrx_word' id='word_1_652' title='bbox 1532 4495 1642 4549; x_wconf 82' lang='lat' dir='ltr'>ebriam</span> <span class='ocrx_word' id='word_1_653' title='bbox 1664 4494 1786 4549; x_wconf 84' lang='lat' dir='ltr'>Christo.</span> 
     </span>
     <span class='ocr_line' id='line_1_49' title="bbox 68 4572 1790 4654; baseline 0.005 -26"><span class='ocrx_word' id='word_1_654' title='bbox 68 4647 75 4654; x_wconf 28' lang='lat'><em>⁸</em></span> <span class='ocrx_word' id='word_1_655' title='bbox 146 4572 291 4629; x_wconf 79' lang='lat' dir='ltr'>laboribus</span> <span class='ocrx_word' id='word_1_656' title='bbox 302 4576 482 4646; x_wconf 71' lang='lat' dir='ltr'>quaesierunt.</span> <span class='ocrx_word' id='word_1_657' title='bbox 500 4578 761 4648; x_wconf 79' lang='lat' dir='ltr'>sequentibusrero</span> <span class='ocrx_word' id='word_1_658' title='bbox 776 4581 874 4646; x_wconf 69' lang='lat' dir='ltr'>stellis</span> <span class='ocrx_word' id='word_1_659' title='bbox 887 4599 947 4652; x_wconf 68' lang='lat' dir='ltr'>qua*</span> <span class='ocrx_word' id='word_1_660' title='bbox 988 4582 1066 4638; x_wconf 82' lang='lat' dir='ltr'>Sient</span> <span class='ocrx_word' id='word_1_661' title='bbox 1080 4587 1213 4653; x_wconf 81' lang='lat' dir='ltr'>scriptum</span> <span class='ocrx_word' id='word_1_662' title='bbox 1237 4588 1289 4637; x_wconf 87' lang='lat' dir='ltr'>est:</span> <span class='ocrx_word' id='word_1_663' title='bbox 1306 4585 1403 4638; x_wconf 81' lang='lat' dir='ltr'>Factus</span> <span class='ocrx_word' id='word_1_664' title='bbox 1423 4589 1460 4638; x_wconf 81' lang='lat' dir='ltr'>cst</span> <span class='ocrx_word' id='word_1_665' title='bbox 1476 4587 1588 4653; x_wconf 80' lang='lat' dir='ltr'>primus</span> <span class='ocrx_word' id='word_1_666' title='bbox 1608 4585 1687 4637; x_wconf 79' lang='lat' dir='ltr'>borno</span> <span class='ocrx_word' id='word_1_667' title='bbox 1700 4585 1790 4638; x_wconf 80' lang='lat' dir='ltr'>Adam</span> 
     </span>
     <span class='ocr_line' id='line_1_50' title="bbox 149 4662 1790 4740; baseline 0.004 -23"><span class='ocrx_word' id='word_1_668' title='bbox 149 4662 223 4717; x_wconf 87' lang='lat' dir='ltr'>inter</span> <span class='ocrx_word' id='word_1_669' title='bbox 236 4664 325 4717; x_wconf 87' lang='lat' dir='ltr'>claras</span> <span class='ocrx_word' id='word_1_670' title='bbox 340 4671 368 4718; x_wconf 89' lang='lat' dir='ltr'>et</span> <span class='ocrx_word' id='word_1_671' title='bbox 382 4665 556 4720; x_wconf 91' lang='lat' dir='ltr'>obscuriores</span> <span class='ocrx_word' id='word_1_672' title='bbox 571 4668 670 4722; x_wconf 83' lang='lat' dir='ltr'>mediae</span> <span class='ocrx_word' id='word_1_673' title='bbox 695 4674 770 4735; x_wconf 90' lang='lat' dir='ltr'>sunt,</span> <span class='ocrx_word' id='word_1_674' title='bbox 789 4676 948 4740; x_wconf 85' lang='lat' dir='ltr'>peccatores</span> <span class='ocrx_word' id='word_1_675' title='bbox 988 4675 1158 4727; x_wconf 80' lang='lat' dir='ltr'>inanimam</span> <span class='ocrx_word' id='word_1_676' title='bbox 1173 4675 1316 4738; x_wconf 81' lang='lat' dir='ltr'>visentem,</span> <span class='ocrx_word' id='word_1_677' title='bbox 1332 4673 1596 4728; x_wconf 78' lang='lat' dir='ltr'>riocissirnusAdam</span> <span class='ocrx_word' id='word_1_678' title='bbox 1607 4676 1639 4727; x_wconf 80' lang='lat' dir='ltr'>ia</span> <span class='ocrx_word' id='word_1_679' title='bbox 1654 4675 1790 4740; x_wconf 83' lang='lat' dir='ltr'>spiritum</span> 
     </span>
     <span class='ocr_line' id='line_1_51' title="bbox 149 4750 1789 4832; baseline 0.005 -27"><span class='ocrx_word' id='word_1_680' title='bbox 149 4750 276 4805; x_wconf 85' lang='lat' dir='ltr'>domines</span> <span class='ocrx_word' id='word_1_681' title='bbox 286 4753 434 4821; x_wconf 84' lang='lat' dir='ltr'>coaptandi</span> <span class='ocrx_word' id='word_1_682' title='bbox 444 4755 575 4825; x_wconf 90' lang='lat' dir='ltr'>sunt,qui</span> <span class='ocrx_word' id='word_1_683' title='bbox 586 4756 621 4809; x_wconf 90' lang='lat' dir='ltr'>de</span> <span class='ocrx_word' id='word_1_684' title='bbox 631 4754 722 4810; x_wconf 89' lang='lat' dir='ltr'>tribus</span> <span class='ocrx_word' id='word_1_685' title='bbox 731 4758 834 4811; x_wconf 89' lang='lat' dir='ltr'>nullius</span> <span class='ocrx_word' id='word_1_686' title='bbox 843 4760 948 4828; x_wconf 89' lang='lat' dir='ltr'>gradus</span> <span class='ocrx_word' id='word_1_687' title='bbox 987 4763 1182 4829; x_wconf 79' lang='lat' dir='ltr'>vivificantem.</span> <span class='ocrx_word' id='word_1_688' title='bbox 1198 4762 1361 4817; x_wconf 86' lang='lat' dir='ltr'>Notandum</span> <span class='ocrx_word' id='word_1_689' title='bbox 1374 4767 1425 4827; x_wconf 90' lang='lat' dir='ltr'>est,</span> <span class='ocrx_word' id='word_1_690' title='bbox 1443 4762 1518 4832; x_wconf 91' lang='lat' dir='ltr'>quod</span> <span class='ocrx_word' id='word_1_691' title='bbox 1537 4779 1601 4816; x_wconf 90' lang='lat' dir='ltr'>cum</span> <span class='ocrx_word' id='word_1_692' title='bbox 1614 4762 1685 4815; x_wconf 92' lang='lat' dir='ltr'>duos</span> <span class='ocrx_word' id='word_1_693' title='bbox 1699 4760 1789 4814; x_wconf 84' lang='lat' dir='ltr'>Adanr</span> 
     </span>
     <span class='ocr_line' id='line_1_52' title="bbox 149 4838 1788 4922; baseline 0.006 -29"><span class='ocrx_word' id='word_1_694' title='bbox 149 4838 286 4893; x_wconf 89' lang='lat' dir='ltr'>honorem</span> <span class='ocrx_word' id='word_1_695' title='bbox 297 4839 413 4910; x_wconf 86' lang='lat' dir='ltr'>adipisci</span> <span class='ocrx_word' id='word_1_696' title='bbox 422 4841 579 4897; x_wconf 81' lang='lat' dir='ltr'>voluerunt.</span> <span class='ocrx_word' id='word_1_697' title='bbox 587 4845 704 4899; x_wconf 88' lang='lat' dir='ltr'>Tetricis</span> <span class='ocrx_word' id='word_1_698' title='bbox 716 4852 811 4900; x_wconf 90' lang='lat' dir='ltr'>autem</span> <span class='ocrx_word' id='word_1_699' title='bbox 821 4848 909 4902; x_wconf 90' lang='lat' dir='ltr'>stellis</span> <span class='ocrx_word' id='word_1_700' title='bbox 919 4856 948 4904; x_wconf 82' lang='lat' dir='ltr'>et</span> <span class='ocrx_word' id='word_1_701' title='bbox 988 4850 1065 4916; x_wconf 91' lang='lat' dir='ltr'>dicit,</span> <span class='ocrx_word' id='word_1_702' title='bbox 1083 4850 1209 4921; x_wconf 69' lang='lat' dir='ltr'>eiusdem</span> <span class='ocrx_word' id='word_1_703' title='bbox 1227 4855 1334 4905; x_wconf 87' lang='lat' dir='ltr'>naturae</span> <span class='ocrx_word' id='word_1_704' title='bbox 1355 4856 1489 4922; x_wconf 89' lang='lat' dir='ltr'>utrosque</span> <span class='ocrx_word' id='word_1_705' title='bbox 1510 4851 1696 4916; x_wconf 89' lang='lat' dir='ltr'>demonstrat,</span> <span class='ocrx_word' id='word_1_706' title='bbox 1713 4850 1788 4921; x_wconf 92' lang='lat' dir='ltr'>quod</span> 
     </span>
     <span class='ocr_line' id='line_1_53' title="bbox 147 4925 1789 5011; baseline 0.007 -30"><span class='ocrx_word' id='word_1_707' title='bbox 147 4925 274 4981; x_wconf 88' lang='lat' dir='ltr'>omnium</span> <span class='ocrx_word' id='word_1_708' title='bbox 284 4928 453 4996; x_wconf 88' lang='lat' dir='ltr'>novissimis,</span> <span class='ocrx_word' id='word_1_709' title='bbox 469 4932 641 5000; x_wconf 83' lang='lat' dir='ltr'>perfidorum</span> <span class='ocrx_word' id='word_1_710' title='bbox 660 4935 828 4989; x_wconf 91' lang='lat' dir='ltr'>resurreetio</span> <span class='ocrx_word' id='word_1_711' title='bbox 847 4936 947 4991; x_wconf 92' lang='lat' dir='ltr'>similis</span> <span class='ocrx_word' id='word_1_712' title='bbox 988 4945 1087 4994; x_wconf 87' lang='lat' dir='ltr'>contra</span> <span class='ocrx_word' id='word_1_713' title='bbox 1109 4939 1286 5006; x_wconf 79' lang='lat' dir='ltr'>Manichacus,</span> <span class='ocrx_word' id='word_1_714' title='bbox 1302 4945 1331 4995; x_wconf 89' lang='lat' dir='ltr'>et</span> <span class='ocrx_word' id='word_1_715' title='bbox 1349 4939 1566 5011; x_wconf 87' lang='lat' dir='ltr'>Apollinaristas</span> <span class='ocrx_word' id='word_1_716' title='bbox 1585 4939 1661 5005; x_wconf 82' lang='lat' dir='ltr'>facit,</span> <span class='ocrx_word' id='word_1_717' title='bbox 1679 4938 1727 5010; x_wconf 91' lang='lat' dir='ltr'>qui</span> <span class='ocrx_word' id='word_1_718' title='bbox 1741 4955 1789 4992; x_wconf 90' lang='lat' dir='ltr'>ae·</span> 
     </span>
     <span class='ocr_line' id='line_1_54' title="bbox 145 5015 1791 5101; baseline 0.008 -32"><span class='ocrx_word' id='word_1_719' title='bbox 145 5020 198 5082; x_wconf 86' lang='lat' dir='ltr'>est,</span> <span class='ocrx_word' id='word_1_720' title='bbox 215 5015 282 5086; x_wconf 89' lang='lat' dir='ltr'>quia</span> <span class='ocrx_word' id='word_1_721' title='bbox 292 5033 417 5071; x_wconf 86' lang='lat' dir='ltr'>errorem</span> <span class='ocrx_word' id='word_1_722' title='bbox 432 5020 529 5085; x_wconf 87' lang='lat' dir='ltr'>secuti,</span> <span class='ocrx_word' id='word_1_723' title='bbox 546 5021 634 5076; x_wconf 85' lang='lat' dir='ltr'>stollis</span> <span class='ocrx_word' id='word_1_724' title='bbox 647 5023 676 5076; x_wconf 90' lang='lat' dir='ltr'>in</span> <span class='ocrx_word' id='word_1_725' title='bbox 688 5039 812 5077; x_wconf 85' lang='lat' dir='ltr'>errorem</span> <span class='ocrx_word' id='word_1_726' title='bbox 823 5025 948 5080; x_wconf 87' lang='lat' dir='ltr'>ducenti·</span> <span class='ocrx_word' id='word_1_727' title='bbox 987 5035 1057 5099; x_wconf 90' lang='lat' dir='ltr'>gant</span> <span class='ocrx_word' id='word_1_728' title='bbox 1075 5029 1126 5084; x_wconf 87' lang='lat' dir='ltr'>Dei</span> <span class='ocrx_word' id='word_1_729' title='bbox 1148 5029 1240 5084; x_wconf 87' lang='lat' dir='ltr'>Verbo</span> <span class='ocrx_word' id='word_1_730' title='bbox 1265 5029 1418 5101; x_wconf 72' lang='lat' dir='ltr'>perlectum</span> <span class='ocrx_word' id='word_1_731' title='bbox 1443 5029 1587 5085; x_wconf 88' lang='lat' dir='ltr'>hominem</span> <span class='ocrx_word' id='word_1_732' title='bbox 1614 5045 1676 5083; x_wconf 90' lang='lat' dir='ltr'>esse</span> <span class='ocrx_word' id='word_1_733' title='bbox 1699 5044 1791 5082; x_wconf 76' lang='lat' dir='ltr'>susce</span> 
     </span>
     <span class='ocr_line' id='line_1_55' title="bbox 144 5101 1079 5188; baseline 0.016 -30"><span class='ocrx_word' id='word_1_734' title='bbox 144 5101 198 5158; x_wconf 90' lang='lat' dir='ltr'>bus</span> <span class='ocrx_word' id='word_1_735' title='bbox 218 5106 400 5177; x_wconf 87' lang='lat' dir='ltr'>comparandi</span> <span class='ocrx_word' id='word_1_736' title='bbox 419 5115 502 5176; x_wconf 89' lang='lat' dir='ltr'>sunt;</span> <span class='ocrx_word' id='word_1_737' title='bbox 519 5110 591 5164; x_wconf 89' lang='lat' dir='ltr'>sicut</span> <span class='ocrx_word' id='word_1_738' title='bbox 614 5111 683 5169; x_wconf 90' lang='lat' dir='ltr'>dicit</span> <span class='ocrx_word' id='word_1_739' title='bbox 705 5112 735 5165; x_wconf 91' lang='lat' dir='ltr'>in</span> <span class='ocrx_word' id='word_1_740' title='bbox 756 5112 880 5183; x_wconf 89' lang='lat' dir='ltr'>Epistola</span> <span class='ocrx_word' id='word_1_741' title='bbox 896 5132 948 5170; x_wconf 91' lang='lat' dir='ltr'>sua</span> <span class='ocrx_word' id='word_1_742' title='bbox 988 5124 1079 5188; x_wconf 91' lang='lat' dir='ltr'>ptum.</span> 
     </span>
     <span class='ocr_line' id='line_1_56' title="bbox 145 5191 1787 5279; baseline 0.009 -32"><span class='ocrx_word' id='word_1_743' title='bbox 145 5191 234 5248; x_wconf 77' lang='lat' dir='ltr'>ludas</span> <span class='ocrx_word' id='word_1_744' title='bbox 243 5195 395 5265; x_wconf 86' lang='lat' dir='ltr'>apostolus.</span> <span class='ocrx_word' id='word_1_745' title='bbox 412 5197 567 5264; x_wconf 83' lang='lat' dir='ltr'>lnfidelitas</span> <span class='ocrx_word' id='word_1_746' title='bbox 578 5199 653 5252; x_wconf 89' lang='lat' dir='ltr'>enim</span> <span class='ocrx_word' id='word_1_747' title='bbox 669 5215 725 5253; x_wconf 88' lang='lat' dir='ltr'>non</span> <span class='ocrx_word' id='word_1_748' title='bbox 740 5203 945 5272; x_wconf 88' lang='lat' dir='ltr'>potestclaram</span> <span class='ocrx_word' id='word_1_749' title='bbox 1023 5209 1057 5262; x_wconf 81' lang='lat' dir='ltr'>Et</span> <span class='ocrx_word' id='word_1_750' title='bbox 1072 5224 1128 5262; x_wconf 84' lang='lat' dir='ltr'>non</span> <span class='ocrx_word' id='word_1_751' title='bbox 1138 5209 1308 5278; x_wconf 63' lang='lat' dir='ltr'>priusqam</span> <span class='ocrx_word' id='word_1_752' title='bbox 1320 5211 1446 5278; x_wconf 79' lang='lat' dir='ltr'>spiritale</span> <span class='ocrx_word' id='word_1_753' title='bbox 1457 5216 1502 5274; x_wconf 84' lang='lat' dir='ltr'>est,</span> <span class='ocrx_word' id='word_1_754' title='bbox 1515 5210 1561 5264; x_wconf 80' lang='lat' dir='ltr'>sed</span> <span class='ocrx_word' id='word_1_755' title='bbox 1576 5210 1648 5279; x_wconf 82' lang='lat' dir='ltr'>quod</span> <span class='ocrx_word' id='word_1_756' title='bbox 1662 5209 1787 5262; x_wconf 77' lang='lat' dir='ltr'>anirnale</span> 
     </span>
     <span class='ocr_line' id='line_1_57' title="bbox 145 5282 1789 5369; baseline 0.009 -35"><span class='ocrx_word' id='word_1_757' title='bbox 145 5282 380 5338; x_wconf 89' lang='lat' dir='ltr'>resurrectionem</span> <span class='ocrx_word' id='word_1_758' title='bbox 396 5284 508 5351; x_wconf 86' lang='lat' dir='ltr'>habere,</span> <span class='ocrx_word' id='word_1_759' title='bbox 525 5287 592 5357; x_wconf 89' lang='lat' dir='ltr'>quia</span> <span class='ocrx_word' id='word_1_760' title='bbox 601 5288 674 5342; x_wconf 90' lang='lat' dir='ltr'>sieut</span> <span class='ocrx_word' id='word_1_761' title='bbox 687 5289 770 5343; x_wconf 86' lang='lat' dir='ltr'>carbo</span> <span class='ocrx_word' id='word_1_762' title='bbox 787 5290 881 5345; x_wconf 88' lang='lat' dir='ltr'>cinere</span> <span class='ocrx_word' id='word_1_763' title='bbox 895 5310 946 5347; x_wconf 90' lang='lat' dir='ltr'>suo</span> <span class='ocrx_word' id='word_1_764' title='bbox 987 5302 1035 5363; x_wconf 83' lang='lat' dir='ltr'>est,</span> <span class='ocrx_word' id='word_1_765' title='bbox 1047 5298 1153 5364; x_wconf 80' lang='lat' dir='ltr'>dein-dc,</span> <span class='ocrx_word' id='word_1_766' title='bbox 1165 5299 1380 5369; x_wconf 76' lang='lat' dir='ltr'>quodapiritole,</span> <span class='ocrx_word' id='word_1_767' title='bbox 1393 5301 1505 5367; x_wconf 68' lang='lat' dir='ltr'>primus</span> <span class='ocrx_word' id='word_1_768' title='bbox 1517 5298 1634 5353; x_wconf 83' lang='lat' dir='ltr'>bourode</span> <span class='ocrx_word' id='word_1_769' title='bbox 1647 5302 1723 5352; x_wconf 85' lang='lat' dir='ltr'>terra</span> <span class='ocrx_word' id='word_1_770' title='bbox 1735 5301 1789 5350; x_wconf 83' lang='lat' dir='ltr'>ter·</span> 
     </span>
     <span class='ocr_line' id='line_1_58' title="bbox 145 5370 1790 5456; baseline 0.01 -32"><span class='ocrx_word' id='word_1_771' title='bbox 145 5374 294 5441; x_wconf 81' lang='lat' dir='ltr'>coopertus</span> <span class='ocrx_word' id='word_1_772' title='bbox 304 5370 468 5440; x_wconf 68' lang='lat' dir='ltr'>obeantur,</span> <span class='ocrx_word' id='word_1_773' title='bbox 489 5375 531 5430; x_wconf 87' lang='lat' dir='ltr'>ita</span> <span class='ocrx_word' id='word_1_774' title='bbox 544 5381 574 5430; x_wconf 88' lang='lat' dir='ltr'>et</span> <span class='ocrx_word' id='word_1_775' title='bbox 587 5376 617 5430; x_wconf 91' lang='lat' dir='ltr'>hi</span> <span class='ocrx_word' id='word_1_776' title='bbox 634 5377 753 5448; x_wconf 83' lang='lat' dir='ltr'>perfidia</span> <span class='ocrx_word' id='word_1_777' title='bbox 770 5396 822 5434; x_wconf 86' lang='lat' dir='ltr'>sua</span> <span class='ocrx_word' id='word_1_778' title='bbox 845 5382 948 5436; x_wconf 86' lang='lat' dir='ltr'>erroris</span> <span class='ocrx_word' id='word_1_779' title='bbox 991 5386 1225 5452; x_wconf 50' lang='lat' dir='ltr'>abrumperemus</span> <span class='ocrx_word' id='word_1_780' title='bbox 1237 5386 1352 5440; x_wconf 68' lang='lat' dir='ltr'>laertiade</span> <span class='ocrx_word' id='word_1_781' title='bbox 1362 5390 1654 5456; x_wconf 77' lang='lat' dir='ltr'>caloealrslr‘s,qaolis</span> <span class='ocrx_word' id='word_1_782' title='bbox 1664 5391 1790 5441; x_wconf 80' lang='lat' dir='ltr'>terrenus</span> 
     </span>
     <span class='ocr_line' id='line_1_59' title="bbox 144 5458 1790 5547; baseline 0.01 -36"><span class='ocrx_word' id='word_1_783' title='bbox 144 5458 269 5513; x_wconf 80' lang='lat' dir='ltr'>tenebris</span> <span class='ocrx_word' id='word_1_784' title='bbox 283 5460 448 5517; x_wconf 88' lang='lat' dir='ltr'>circumdati</span> <span class='ocrx_word' id='word_1_785' title='bbox 459 5463 520 5519; x_wconf 93' lang='lat' dir='ltr'>luee</span> <span class='ocrx_word' id='word_1_786' title='bbox 531 5463 676 5519; x_wconf 87' lang='lat' dir='ltr'>carebunt.</span> <span class='ocrx_word' id='word_1_787' title='bbox 689 5466 733 5520; x_wconf 89' lang='lat' dir='ltr'>lta</span> <span class='ocrx_word' id='word_1_788' title='bbox 746 5467 800 5522; x_wconf 88' lang='lat' dir='ltr'>crit</span> <span class='ocrx_word' id='word_1_789' title='bbox 818 5474 847 5524; x_wconf 92' lang='lat' dir='ltr'>et</span> <span class='ocrx_word' id='word_1_790' title='bbox 856 5486 948 5524; x_wconf 91' lang='lat' dir='ltr'>resur·</span> <span class='ocrx_word' id='word_1_791' title='bbox 990 5477 1176 5529; x_wconf 75' lang='lat' dir='ltr'>tolesterrcai.</span> <span class='ocrx_word' id='word_1_792' title='bbox 1185 5475 1312 5529; x_wconf 70' lang='lat' dir='ltr'>Caelestis</span> <span class='ocrx_word' id='word_1_793' title='bbox 1323 5475 1435 5542; x_wconf 90' lang='lat' dir='ltr'>dieitur,</span> <span class='ocrx_word' id='word_1_794' title='bbox 1450 5475 1516 5547; x_wconf 91' lang='lat' dir='ltr'>quia</span> <span class='ocrx_word' id='word_1_795' title='bbox 1526 5476 1721 5531; x_wconf 87' lang='lat' dir='ltr'>nonhumanse</span> <span class='ocrx_word' id='word_1_796' title='bbox 1736 5474 1790 5528; x_wconf 85' lang='lat' dir='ltr'>ira-</span> 
     </span>
     <span class='ocr_line' id='line_1_60' title="bbox 144 5546 1788 5642; baseline 0.01 -42"><span class='ocrx_word' id='word_1_797' title='bbox 144 5546 233 5601; x_wconf 82' lang='lat' dir='ltr'>rectio</span> <span class='ocrx_word' id='word_1_798' title='bbox 243 5555 434 5610; x_wconf 86' lang='lat' dir='ltr'>mortuorum.</span> <span class='ocrx_word' id='word_1_799' title='bbox 444 5553 577 5624; x_wconf 86' lang='lat' dir='ltr'>Exempla</span> <span class='ocrx_word' id='word_1_800' title='bbox 593 5555 650 5621; x_wconf 89' lang='lat' dir='ltr'>dat,</span> <span class='ocrx_word' id='word_1_801' title='bbox 667 5561 766 5611; x_wconf 87' lang='lat' dir='ltr'>utnon</span> <span class='ocrx_word' id='word_1_802' title='bbox 779 5557 817 5612; x_wconf 92' lang='lat' dir='ltr'>sit</span> <span class='ocrx_word' id='word_1_803' title='bbox 829 5557 947 5615; x_wconf 87' lang='lat' dir='ltr'>dubium</span> <span class='ocrx_word' id='word_1_804' title='bbox 987 5563 1107 5633; x_wconf 83' lang='lat' dir='ltr'>gilitatis</span> <span class='ocrx_word' id='word_1_805' title='bbox 1127 5563 1195 5629; x_wconf 88' lang='lat' dir='ltr'>ritu,</span> <span class='ocrx_word' id='word_1_806' title='bbox 1214 5563 1263 5618; x_wconf 88' lang='lat' dir='ltr'>sed</span> <span class='ocrx_word' id='word_1_807' title='bbox 1282 5563 1384 5621; x_wconf 74' lang='lat' dir='ltr'>diune</span> <span class='ocrx_word' id='word_1_808' title='bbox 1400 5565 1557 5642; x_wconf 77' lang='lat' dir='ltr'>majestatis</span> <span class='ocrx_word' id='word_1_809' title='bbox 1575 5572 1657 5631; x_wconf 88' lang='lat' dir='ltr'>nutu,</span> <span class='ocrx_word' id='word_1_810' title='bbox 1674 5571 1703 5618; x_wconf 90' lang='lat' dir='ltr'>et</span> <span class='ocrx_word' id='word_1_811' title='bbox 1723 5580 1788 5618; x_wconf 86' lang='lat' dir='ltr'>con·</span> 
     </span>
    </p>
   </div>
   <div class='ocr_carea' id='block_1_3' title="bbox 0 0 1902 6116">
    <p class='ocr_par' dir='ltr' id='par_1_3' title="bbox 0 0 1902 6116">
     <span class='ocr_line' id='line_1_61' title="bbox 0 0 1902 6116; baseline 0 0"><span class='ocrx_word' id='word_1_812' title='bbox 0 0 1902 6116; x_wconf 95' lang='lat' dir='ltr'> </span> 
     </span>
    </p>
   </div>
  </div>
 </body>
</html>
