3772 6120
199 279 248 336 tut
493 282 524 337 B.
546 281 681 336 RABANI
700 280 816 337 unum
834 279 1003 336 ARCHIEP.
1025 256 1186 334 MOGUNT.
1208 277 1357 335 optauit
1375 279 1468 335 PARS
1487 279 1537 335 111.
1785 281 1836 339 ΗΒ

197 405 290 471 iacies
312 422 369 460 non
389 406 495 460 diceret
515 405 590 458 idem
609 405 759 476 Apostolus
781 406 819 473 (ll
849 405 909 458 Cor.
929 408 968 472 ιιι)
987 405 1139 464 :Anostrae
1152 419 1209 457 non
1220 404 1341 458 sustinet
1352 408 1381 458 et
1394 403 1447 458 hoe
1462 403 1536 475 quod
1549 405 1584 457 de
1599 405 1660 475 ejus
1670 407 1838 462 aeternitatis

196 495 250 549 Νοι
260 500 353 548 autem
363 499 482 549 reretutu
489 495 559 562 sucta
568 497 689 561 pierium
696 496 809 548 Doutiui
815 497 993 563 speculantes,
1036 491 1115 545 radio
1130 509 1214 563 super
1223 509 1274 547 nos
1284 491 1498 546 intolerabiliter
1519 493 1615 562 fulget.
1632 494 1704 548 Cum
1723 512 1791 566 ergo
1807 512 1838 552 se

199 584 996 651 ineamduuimupinemtrurusormumurdcgloriaiuqto-
1036 580 1117 635 nobis
1138 581 1316 653 omnipotens
1324 582 1400 635 Deus
1418 597 1468 653 per
1484 581 1571 636 rimas
1590 583 1838 654 contemplationis

197 675 274 725 rium
290 678 424 741 tauquam
439 688 456 726 u
472 673 585 726 Domini
599 671 719 739 Spiritu.
1025 669 1151 740 indicat,
1171 686 1349 741 nequaquam
1369 669 1450 725 nobis
1462 670 1597 740 loquitur,
1618 671 1667 725 sed
1686 677 1836 727 susurrat:

237 762 312 815 Tunc
330 763 385 814 scio
405 777 437 815 cs
458 766 549 829 purte,
572 765 639 813 tutta
654 776 716 813 uero
741 776 907 828 copuoscuru,
926 763 997 814 sicut
1038 758 1257 830 quiaetsiplene
1271 775 1328 813 non
1342 758 1464 824 intimat,
1489 758 1616 829 quedam
1631 764 1728 814 tainen
1752 760 1788 816 de
1808 777 1839 815 se

198 855 222 902 et
237 852 361 916 cognitus
375 866 447 903 suut.
463 848 845 921 (ltine.)1dest,videb0quae
859 848 998 920 promissa
1038 847 1168 902 humanae
1182 847 1271 902 menti
1285 847 1455 902 manifestat.
1465 847 1542 901 Tunc
1552 854 1647 903 autem
1657 865 1839 921 nequaquam

198 942 265 990 sunt
291 938 364 991 sicut
391 938 496 1002 videor,
524 939 576 992 hoc
599 942 650 1003 est,
681 943 848 1008 praesentem
877 954 938 991 esse
962 937 998 991 ad
1036 939 1096 1008 jam
1114 936 1244 996 susurrit,
1262 937 1311 990 sed
1331 936 1457 1006 loquitur
1472 952 1536 991 cum
1555 937 1617 1009 eius
1631 937 1713 993 nobis
1732 938 1840 1009 species

198 1024 298 1092 Deum,
315 1025 362 1080 ubi
377 1026 505 1081 Christus
521 1030 572 1080 est.
592 1027 681 1096 (disp.)
699 1026 742 1079 lld
758 1026 836 1080 illam
863 1022 998 1080 visionem
1039 1031 1116 1081 certa
1135 1026 1284 1080 revelatur.
1303 1025 1374 1080 Hinc
1391 1030 1435 1080 est
1452 1025 1528 1079 enim
1545 1024 1619 1096 quod
1635 1027 1665 1080 in
1688 1027 1839 1098 Evangelio

198 1114 258 1178 Dei,
276 1131 336 1184 quac
351 1114 431 1169 nobis
446 1115 476 1168 in
491 1115 884 1186 resurrectionepromittitur,
900 1132 955 1168 non
966 1131 999 1168 ex
1039 1116 1224 1170 Veritasdicit
1234 1134 1239 1167 :
1249 1116 1838 1188 ratamceraueannunttaeoeotrspoan.

199 1203 252 1257 hoc
267 1205 372 1257 mundo
386 1205 471 1258 istam
486 1204 741 1274 concupiscentiam
756 1205 900 1258 oculorum
909 1211 1000 1258 trans-
1041 1209 1117 1273 xvu);
1134 1205 1200 1259 hinc
1215 1203 1289 1274 quod
1302 1203 1424 1257 loannes
1437 1202 1478 1256 ait
1495 1220 1501 1254 :
1523 1203 1675 1258 Videbimus
1690 1221 1754 1258 euru
1768 1207 1840 1258 sicut

197 1292 270 1347 terre
289 1309 431 1347 conemur.
455 1293 509 1347 Sed
530 1293 699 1347 mundandis
713 1293 842 1348 cordibus
869 1293 915 1365 pio
943 1298 1000 1348 stu·
1040 1301 1078 1351 est
1094 1296 1207 1356 (IJouu.
1224 1294 1277 1364 111),·
1293 1292 1358 1346 hinc
1372 1291 1476 1345 Paulus
1491 1290 1573 1345 dicit:
1589 1293 1666 1346 Tunc
1680 1308 1840 1361 cognoscum

199 1382 315 1435 deamus
329 1383 440 1447 ellectu,
456 1399 508 1436 nec
522 1383 694 1453 corporalem
713 1382 811 1437 faciem
833 1383 997 1453 cogitemus,
1040 1388 1110 1439 sicut
1125 1389 1149 1437 et
1160 1385 1283 1451 counitus
1298 1397 1360 1435 sitm
1375 1381 1576 1435 :Nuncautem
1586 1379 1697 1434 divinus
1706 1397 1841 1437 susurrus

199 1471 338 1524 cumdicit
346 1471 516 1542 Apostolus:
537 1472 802 1540 l'iduuusuuucper
815 1475 996 1541 speculantia
1036 1480 1080 1532 tot
1094 1473 1130 1527 ad
1145 1486 1290 1527 nosvenas
1306 1469 1400 1534 habet,
1418 1474 1487 1540 quot
1506 1468 1607 1522 creatis
1627 1468 1760 1540 operibus
1778 1470 1841 1542 ipsa

199 1563 351 1627 animitate,
371 1566 437 1614 tuuc
459 1567 551 1614 autem
576 1562 646 1629 suctu
663 1563 700 1615 ud
715 1563 825 1629 sacient,
841 1560 996 1632 presertim
1038 1558 1403 1631 divinitaspraesidet:dum
1415 1557 1842 1628 enimquaesuntcunctacreata

200 1648 525 1719 quiaexpressiusdixit:
539 1651 815 1719 ilbtucsctucspurtr,
828 1655 997 1703 tuuuuuteru
1038 1652 1189 1714 cernimus,
1219 1649 1248 1702 in
1272 1647 1412 1702 creatoris
1430 1645 1617 1700 admiratione
1649 1645 1839 1702 sublevamur.

115 1726 118 1730 Δ
200 1752 357 1804 copuoscuru
367 1741 437 1791 sicut
452 1743 477 1792 et
492 1742 616 1806 copuitus
632 1756 704 1793 stetu.
725 1739 754 1793 Si
770 1755 836 1808 ergo
855 1743 922 1792 tunc
935 1720 1028 1792 cor·B
1039 1743 1112 1796 Nam
1125 1739 1199 1793 sicut
1213 1752 1287 1808 aqua
1297 1735 1443 1806 equaliter
1459 1735 1548 1788 tlucns
1562 1735 1666 1788 rimata
1686 1752 1737 1806 per
1755 1752 1841 1792 venas

201 1825 288 1895 parali
298 1825 368 1879 facie
382 1827 472 1880 Deum
483 1844 691 1897 cognoscemus,
699 1827 836 1899 corporali
851 1843 924 1881 nunc
939 1828 1000 1897 ejus
1041 1827 1141 1901 quaerit
1168 1833 1201 1880 ut
1227 1830 1374 1895 augeatur,
1398 1827 1535 1894 tantoque
1558 1839 1588 1877 se
1609 1824 1716 1878 vastius
1735 1823 1839 1889 fundit,

199 1913 269 1968 facie
283 1915 387 1986 cogniti
403 1932 500 1970 sumus
516 1934 521 1968 :
539 1922 605 1970 tuuc
625 1920 700 1970 enim
714 1932 880 1985 acquestum,
896 1916 997 1987 inquit,
1041 1922 1146 1989 quanto
1166 1931 1250 1969 venas
1274 1912 1428 1984 apertiores
1447 1912 1586 1965 invenerit
1605 1930 1611 1965 :
1633 1912 1674 1965 ita
1696 1928 1748 1966 nos
1772 1910 1841 1967 dum

200 2007 271 2057 sicut
285 2010 309 2057 et
323 2008 448 2072 caputius
462 2022 533 2058 stetu.
545 2005 625 2060 Unde
641 2006 778 2076 quiscum
792 2021 848 2059 non
862 2005 1001 2074 intelligat
1041 2005 1172 2061 studiosa
1188 2001 1343 2057 divinitatis
1357 2000 1488 2054 notitiam
1504 2017 1537 2053 ex
1551 2008 1686 2055 creature
1700 2002 1763 2071 ejus
1777 2017 1842 2056 eon·

200 2109 233 2145 eo
260 2093 321 2146 loco
351 2094 437 2147 etiam
457 2094 558 2148 faciem
586 2099 711 2148 nostram
737 2093 815 2147 illam
843 2093 1000 2163 significare
1040 2094 1209 2149 sideratione
1224 2091 1390 2160 colligimus,
1410 2089 1490 2159 quasi
1507 2090 1614 2143 susurri
1634 2089 1710 2144 illius
1736 2089 1774 2144 ad
1792 2106 1842 2146 nos

201 2180 434 2253 voluisse‚dequa
443 2183 510 2236 dicit
518 2183 573 2236 alio
582 2183 716 2237 loco:lt'es
730 2188 822 2236 autem
832 2185 952 2237 reuoluta
959 2183 1000 2250 su·
1041 2199 1126 2237 venas
1146 2182 1297 2252 aperimus,
1321 2179 1388 2250 quia
1402 2195 1452 2249 per
1470 2179 1522 2233 hoe
1543 2179 1617 2249 quod
1635 2179 1740 2233 factum
1754 2179 1843 2233 cerni·

200 2272 364 2337 cieptoriuut
372 2272 486 2325 Domini
492 2274 660 2340 speculantes
671 2275 702 2325 iu
713 2273 835 2325 currtdem
848 2274 999 2338 irtiupiueru
1041 2289 1104 2326 mus
1118 2271 1252 2325 virtutem
1270 2268 1384 2322 factoris
1403 2268 1586 2334 admiramur,
1603 2273 1632 2322 et
1653 2285 1704 2340 per
1728 2285 1763 2322 ea
1781 2285 1842 2339 quae

202 2360 440 2427 transforatumur
451 2362 483 2413 de
492 2363 583 2427 pluria
600 2365 628 2413 iu
640 2363 769 2427 plurium,
779 2367 913 2428 tauquam
923 2361 998 2413 ulto·
1040 2367 1116 2426 sunt,
1132 2360 1162 2414 in
1177 2357 1297 2431 publico,
1314 2357 1428 2411 illudad
1447 2373 1498 2410 nos
1509 2362 1631 2419 emanat,
1644 2357 1719 2428 quod
1734 2357 1842 2412 latetin

201 2449 275 2500 titini
288 2446 407 2515 Spiritu.
420 2448 558 2518 Degloria
567 2448 671 2503 seilicet
687 2448 751 2503 fidei
767 2448 923 2518 ingloriam
936 2463 999 2501 con·
1040 2450 1163 2505 occulto:
1177 2449 1289 2502 rbuueut
1299 2452 1392 2499 autem
1403 2445 1479 2516 (ides,
1492 2447 1699 2515 spescburttus,
1709 2449 1768 2500 triu
1778 2447 1840 2511 bac,

201 2536 393 2605 templationis
407 2542 527 2597 aeterna,
545 2538 598 2591 hoc
611 2538 713 2609 quippe
729 2537 777 2604 ait,
794 2541 852 2591 liae
867 2537 1001 2591 transfor·
1041 2542 1132 2607 ruujer
1160 2543 1252 2591 eutem
1276 2536 1377 2589 horum
1398 2541 1436 2589 cst
1454 2536 1586 2588 ebaritas.
1611 2533 1732 2606 (Ambr.)
1753 2535 1843 2605 Digne

202 2624 289 2676 rnatio
306 2641 361 2694 qua
381 2624 499 2679 interior
513 2626 757 2680 homocenovatur
769 2626 855 2680 dedie
870 2626 899 2679 in
912 2626 997 2680 diem.
1042 2628 1133 2697 major
1146 2631 1190 2679 est
1209 2624 1341 2689 charitas,
1364 2624 1431 2694 quia
1445 2630 1477 2677 ut
1490 2623 1559 2677 tides
1574 2623 1785 2694 prediceretur,
1816 2630 1843 2678 et

201 2709 306 2779 (drap.)
321 2712 769 2785 InJobquoqueitascriptumest
786 2717 1000 2783 :Quasiturtica
1041 2732 1105 2787 spes
1127 2719 1201 2768 esset
1225 2713 1327 2767 futurae
1346 2712 1418 2778 vita,
1452 2712 1575 2766 charitas
1602 2713 1742 2783 prestitit,
1771 2713 1844 2767 sicut

202 2804 315 2868 suscipit
324 2805 404 2855 auris
412 2818 471 2855 tueu
481 2818 562 2856 venus
573 2806 687 2856 susurri
698 2808 756 2871 ejus
768 2805 833 2870 (lob.
845 2804 892 2874 is).
909 2804 1001 2858 Venas
1041 2819 1127 2873 supra
1139 2802 1301 2857 memoravi.
1310 2802 1390 2856 Unde
1401 2807 1430 2855 et
1438 2802 1709 2872 ioannesapostolus
1722 2819 1728 2854 :
1741 2803 1784 2856 Ea
1795 2803 1844 2856 boc

201 2889 315 2959 superni
334 2889 441 2943 susurri
462 2891 538 2943 auris
559 2892 649 2945 cordis
667 2891 769 2946 birtivc
790 2892 915 2962 suscipit,
935 2892 1001 2962 quia
1042 2895 1237 2959 cognoscimus,
1254 2890 1355 2961 inquit,
1371 2892 1535 2944 charitates
1555 2894 1623 2959 rjus,
1638 2893 1705 2958 qrciu
1720 2894 1778 2959 ipss
1791 2906 1842 2959 pro

202 2976 388 3032 subtilitatem
403 2979 551 3033 locutionis
565 2981 671 3035 intime
686 2980 782 3035 stillata
800 2998 889 3045 mens,
904 2987 933 3034 et
958 2998 1001 3034 ra·
1042 2981 1117 3035 uobis
1128 2983 1255 3034 univiram
1268 2995 1349 3032 suum
1361 2982 1454 3048 posuit
1462 2980 1502 3047 (ll
1509 2981 1590 3032 Jouu.
1602 2984 1651 3047 ιιι).
1663 2980 1676 3033 J
1680 2984 1742 3033 uste
1752 2979 1842 3050 igitur

201 3067 271 3137 ptim
287 3073 315 3122 ct
328 3068 434 3121 occulte
448 3069 590 3139 cognoscit
606 3088 611 3129 ;
629 3070 683 3124 nisi
699 3070 819 3124 enimse
835 3069 870 3123 ab
884 3070 1031 3144 exterio-[1
1041 3071 1133 3139 major
1152 3068 1285 3135 charitas,
1305 3084 1355 3138 per
1373 3085 1459 3138 quam
1484 3067 1667 3121 reformatum
1691 3074 1735 3122 est
1752 3085 1842 3138 genus

202 3153 279 3208 ribus
303 3156 449 3211 desideriis
463 3156 624 3223 abscondat,
648 3159 758 3213 interna
780 3176 836 3212 non
860 3164 998 3230 penetrat.
1042 3159 1207 3212 humanum.
1223 3157 1320 3228 (Aup.)
1335 3158 1432 3228 Itaque
1448 3157 1504 3210 tria
1518 3162 1585 3210 sunt
1599 3157 1666 3220 baec,
1692 3156 1795 3228 quibus
1813 3162 1842 3211 et

202 3243 365 3300 Occultatur
379 3251 474 3298 autem
489 3252 520 3300 ut
535 3247 640 3307 audiat,
653 3254 682 3300 et
697 3248 777 3301 audit
791 3255 823 3302 ut
836 3249 999 3313 occultetur,
1042 3247 1159 3302 scientia
1178 3245 1269 3300 omnis
1287 3251 1315 3299 et
1344 3246 1492 3316 prophetia
1525 3245 1637 3309 militat,
1666 3245 1746 3309 fides,
1766 3263 1839 3317 spes,

202 3334 269 3402 quia
295 3340 323 3388 et
343 3333 484 3388 subtracta
503 3335 657 3390 visibilibus
682 3335 833 3390 invisibilia
856 3337 999 3407 conspicit,
1042 3336 1174 3390 charitas.
1197 3336 1251 3390 Sed
1273 3335 1338 3388 fidei
1356 3335 1480 3388 succedit
1502 3334 1607 3405 species
1636 3350 1720 3404 quam
1738 3334 1842 3389 videbi-

201 3429 230 3475 et
244 3423 351 3492 repleta
365 3422 550 3477 invisibilibus
565 3424 685 3479 visibilia
695 3431 815 3495 perlecto
835 3425 999 3479 contemnit.
1042 3441 1115 3491 mus,
1126 3432 1155 3478 ct
1171 3425 1230 3495 spei
1245 3423 1373 3478 succedit
1383 3423 1526 3477 beatitudo
1542 3423 1611 3493 ipsa,
1628 3423 1663 3476 ad
1686 3439 1772 3494 quam
1782 3440 1844 3495 per·

201 3511 363 3565 Notandum
377 3528 451 3573 vere,
469 3513 580 3582 quando
591 3530 646 3567 non
661 3514 701 3567 ait
711 3514 791 3585 quasi
802 3514 903 3568 furtivo
917 3514 1002 3568 susci·
1042 3514 1151 3568 venturi
1163 3530 1277 3567 sumus:
1295 3512 1417 3566 charitas
1427 3520 1523 3566 autem
1538 3511 1624 3565 etiam
1634 3512 1696 3568 istis
1713 3512 1843 3568 deciden-

202 3599 245 3671 pit
260 3600 337 3653 auris
353 3617 510 3654 meavenas
525 3602 632 3655 susurri
653 3603 724 3673 ejus.
746 3619 878 3657 susurrus
899 3604 1002 3674 quippe
1042 3601 1117 3656 tibus
1132 3601 1281 3671 augebitur
1290 3601 1392 3671 potius.
1410 3600 1438 3655 Si
1455 3601 1530 3655 enim
1541 3601 1679 3654 credendo
1697 3601 1844 3674 diligimus

201 3689 302 3743 occulti
318 3689 392 3742 verbi
412 3697 464 3755 cst,
486 3689 544 3744 haec
564 3691 626 3762 ipse
645 3692 749 3746 locutio
764 3691 943 3762 aspirationis
962 3692 1002 3747 in·
1043 3691 1116 3762 quod
1134 3691 1260 3746 noudum
1274 3690 1410 3754 videmus
1435 3695 1540 3760 quanto
1561 3688 1650 3759 magis
1670 3707 1735 3745 cum
1749 3676 1845 3746 videre

201 3784 298 3844 terne,
316 3795 392 3833 venae
403 3786 498 3833 autem
513 3779 620 3834 susurri
636 3780 768 3835 dicuntur
782 3797 929 3836 causarum
945 3781 1002 3835 ori·
1043 3780 1228 3851 coeperimus,
1245 3785 1274 3834 et
1287 3779 1311 3833 si
1321 3778 1459 3850 sperando
1476 3778 1629 3849 diligimus,
1648 3795 1704 3850 quo
1718 3780 1846 3835 nondum

200 3867 290 3935 gipes,
308 3867 408 3938 quibus
418 3868 477 3922 haec
491 3869 552 3939 ipsa
558 3869 693 3940 aspiratio
703 3871 738 3924 ad
749 3876 873 3925 mentem
888 3869 1000 3936 dicitur,
1043 3869 1231 3941 pervenimus
1246 3874 1352 3939 quanto
1366 3867 1457 3937 magis
1471 3884 1534 3922 cum
1546 3869 1774 3938 pervenerimus:
1788 3870 1848 3923 iiu-

203 3956 284 4026 quasi
303 3957 378 4010 euim
403 3973 488 4011 venas
512 3959 621 4011 susurri
639 3959 684 4012 sui
714 3959 814 4030 aperit,
839 3976 903 4013 cum
922 3959 1002 4013 nobis
1043 3963 1118 4024 aeut,
1136 3958 1237 4029 inquit,
1255 3959 1330 4025 tides,
1352 3973 1419 4027 spes,
1439 3958 1572 4024 ebaritas,
1593 3961 1649 4011 triu
1670 3958 1733 4020 trec,
1754 3962 1848 4027 taujor

169 4114 176 4121 ο
202 4043 277 4097 Deus
298 4043 419 4098 latenter
446 4045 580 4109 insinuat,
607 4047 707 4116 quibus
728 4048 818 4101 modis
838 4048 872 4100 ad
901 4053 1002 4102 nostra
1044 4053 1136 4100 utitem
1161 4048 1261 4100 tiorum
1286 4041 1417 4100 alteritus.
1431 4045 1504 4109 Quia
1527 4053 1556 4099 ct
1582 4063 1647 4099 cum
1665 4047 1784 4118 quisque
1810 4048 1847 4102 ad

203 4131 396 4200 intelligentia,
425 4149 523 4186 aurem
547 4135 632 4187 seuit.
663 4135 820 4204 Aliquando
848 4136 923 4189 enim
951 4153 1002 4189 nos
1042 4141 1148 4189 eterna
1161 4135 1328 4205 pervenerit,
1345 4134 1452 4189 duobus
1475 4134 1537 4188 istis
1559 4134 1752 4191 decidentibus
1779 4136 1846 4191 cha-

201 4235 307 4279 amore,
327 4220 478 4290 aliquando
507 4231 614 4275 terrore
649 4223 824 4293 compungit,
852 4224 1002 4294 aliquando
1043 4222 1112 4277 ritas
1126 4223 1235 4277 auctior
1249 4229 1277 4276 et
1292 4222 1396 4277 certior
1414 4221 1599 4292 permanebit.
1620 4223 1702 4277 Fides
1720 4240 1845 4295 namque

203 4308 360 4379 praesentia,
378 4309 445 4380 quia
458 4310 537 4363 nulla
549 4310 607 4364 sint
617 4311 748 4375 ostendit,
766 4311 800 4366 ad
815 4313 1003 4367 aternadesi-
1043 4319 1156 4382 estque
1170 4311 1257 4366 futuri
1265 4311 1374 4382 judicii,
1389 4329 1421 4364 ac
1435 4312 1636 4382 suppliciorum
1657 4319 1735 4366 metu
1763 4313 1846 4367 vitio-

203 4397 283 4452 deria
301 4398 444 4468 diligenda
459 4399 543 4469 erigit
559 4417 564 4451 :
582 4400 732 4470 aliquando
746 4401 825 4472 prius
840 4407 944 4456 eterna
957 4402 1106 4465 in-Drum
1130 4399 1196 4455 iacit
1217 4401 1347 4471 contagia
1374 4401 1508 4455 declinari
1525 4420 1531 4467 ς
1548 4417 1611 4471 spes
1637 4418 1699 4471 quae
1716 4409 1843 4456 mentem

202 4488 286 4553 dicat,
305 4493 337 4541 ut
350 4488 734 4559 posttemporaliavilescant,
746 4490 897 4561 aliquando
906 4495 1002 4545 nostra
1042 4496 1169 4543 nostram
1186 4490 1221 4543 de
1231 4489 1414 4560 presentibus
1433 4507 1551 4544 avocans
1561 4490 1705 4544 universas
1717 4491 1844 4561 corporis

202 4575 282 4628 nobis
297 4577 371 4630 mala
385 4579 485 4647 aperit.
501 4584 530 4632 et
546 4578 581 4632 ad
596 4577 647 4631 hoc
664 4594 714 4632 nos
729 4595 827 4650 usque.
844 4587 876 4633 ut
903 4579 1002 4633 alienis
1041 4578 1358 4649 voluptatescoelestium
1369 4578 1550 4650 premiorum
1561 4579 1766 4650 exspectatione
1778 4596 1844 4634 cou-

203 4663 287 4716 etiam
313 4664 394 4718 malis
415 4667 569 4731 doleamus,
585 4667 719 4733 exaudit,
741 4668 892 4739 aliquando
911 4669 1002 4722 aliena
1041 4668 1162 4734 temnit;
1183 4667 1305 4721 charitas
1329 4684 1389 4738 quau
1414 4685 1465 4723 nos
1484 4669 1519 4722 ad
1544 4684 1669 4721 amorem
1690 4668 1795 4723 Christi
1815 4676 1845 4725 et

203 4752 391 4804 melanustris
405 4754 549 4808 obtutibus
561 4756 666 4827 objicit,
682 4762 901 4829 etcompunctus
918 4757 1002 4811 inira·
1042 4756 1213 4827 spiritalium
1222 4756 1358 4810 virtutum
1374 4758 1505 4821 fructum,
1531 4757 1634 4811 mentis
1654 4757 1754 4812 asdore
1782 4775 1846 4813 suc-

203 4837 297 4893 biliter
320 4856 337 4892 a
364 4847 461 4894 nostra
484 4845 623 4913 pravitate
650 4847 773 4916 corrigit.
799 4847 890 4900 Venas
906 4846 1001 4916 itaque
1042 4846 1173 4907 candens,
1193 4845 1329 4916 quidquid
1350 4845 1406 4900 illis
1429 4846 1601 4900 contrarium
1622 4851 1673 4911 est,
1691 4853 1752 4901 toto
1777 4847 1848 4903 iacit

202 4927 290 4981 divini
309 4929 416 4982 susurri
435 4929 534 4984 furtim
553 4934 661 4995 audire,
688 4941 732 4989 est
759 4935 866 4990 ocultus
901 4934 1001 4988 divinae
1042 4934 1261 4995 odiodetestari,
1287 4951 1348 5006 quae
1367 4935 1423 4989 tria
1447 4934 1512 4989 licet
1520 4935 1555 4988 ad
1575 4951 1663 4989 unum
1682 4936 1768 4990 finem
1785 4944 1849 4993 ten·

203 5016 383 5087 aspirationis
398 5019 496 5072 modos
516 5021 639 5075 tenuiter
659 5029 687 5076 et
701 5024 822 5078 latenter
839 5039 999 5093 agnoscere,
1042 5023 1109 5077 dere
1118 5023 1274 5077 videantur.
1287 5023 1443 5078 Provocant
1455 5023 1530 5077 cuim
1541 5041 1592 5078 nos
1605 5040 1623 5077 a
1632 5023 1715 5077 rebus
1739 5025 1848 5081 illicitis

203 5105 331 5176 quamvis
344 5105 435 5160 adhuc
447 5107 490 5161 vel
506 5124 662 5175 susurrum,
678 5112 720 5165 vel
735 5129 819 5166 venas
842 5113 950 5166 susurri
960 5113 1001 5166 in·
1042 5111 1193 5177 abstinere,
1209 5112 1319 5182 magnis
1337 5117 1433 5166 tamen
1447 5113 1615 5167 excellentiae
1631 5130 1689 5167 suae
1710 5115 1847 5184 gradibus

202 5194 329 5265 telligere
343 5194 425 5249 aliter
433 5195 575 5251 valeamus
587 5215 592 5248 :
606 5199 654 5268 qui
669 5200 744 5254 enim
751 5207 888 5266 susurrat,
895 5202 1001 5256 occulte
1042 5199 1077 5254 ab
1096 5201 1214 5255 invicem
1233 5201 1453 5271 disseparantur.
1474 5203 1535 5256 Duo
1550 5219 1672 5273 namque
1696 5204 1845 5274 superiora

202 5283 337 5353 loquitur,
353 5289 382 5337 et
397 5301 491 5338 vocem
506 5300 563 5340 non
573 5286 713 5357 exprimit,
725 5289 773 5343 sed
791 5289 927 5345 imitatur.
943 5291 1001 5346 Nos
1042 5290 1154 5360 proprie
1175 5290 1322 5344 hominum
1342 5296 1409 5345 sunt
1437 5307 1544 5357 corum,
1561 5291 1609 5362 qui
1630 5291 1667 5346 ad
1687 5292 1843 5363 profectum

204 5373 291 5442 igitur
304 5388 448 5443 quousque
461 5373 909 5448 carniscorreptionepremimur,
925 5379 1002 5433 nullo
1042 5377 1200 5444 tendentes,
1221 5379 1340 5433 necdum
1366 5380 1498 5434 affectum
1517 5396 1668 5452 concepere
1692 5381 1840 5435 virtutum.

204 5458 565 5517 modoclaritatemdivinae
577 5464 719 5535 potentie,
738 5465 883 5537 sicutipse
897 5469 1002 5523 incum·
1042 5466 1168 5521 Tertium
1177 5467 1337 5538 specialiter
1345 5468 1396 5522 Dei
1418 5475 1470 5535 est,
1492 5473 1522 5522 ct
1535 5485 1633 5524 eorum
1663 5468 1754 5540 quiin
1779 5486 1843 5524 sese

205 5547 348 5605 mutabilis
366 5556 462 5604 manet
482 5551 617 5617 videmus,
645 5552 712 5624 quia
730 5553 803 5606 acies
828 5555 1002 5612 infirmitatis
1042 5555 1841 5630 imaginemDeiassimilitudinemreceperuntdllenam-
