3772 6120
334 317 520 375 ΟΟΜΜΕΝΤ.
542 319 582 374 ΙΝ
600 319 757 375 caurien
776 319 858 384 QUAE
875 321 925 375 AD
943 320 1083 376 LAUDFS
1101 317 1296 376 arcemus.
1566 309 1635 367 {lib

109 444 162 510 tiii,
180 443 327 498 recordare
336 442 488 509 Abraham,
501 444 588 509 lsaac,
600 449 629 498 et
641 444 728 500 lsrael
739 461 795 499 ser·
803 446 827 503 Α
836 450 865 498 et
875 446 971 515 justus
984 451 1036 511 est,
1048 444 1123 498 idola
1137 449 1232 498 autem
1240 442 1368 513 gentium
1378 440 1449 494 taba
1462 443 1491 493 et
1499 436 1630 492 inutilia:

97 538 237 595 dirorum,
255 532 356 603 quibus
367 534 470 603 iurasti
488 550 538 604 per
552 534 732 605 temetipsum
752 534 796 588 di·
837 534 911 604 quod
926 533 1011 587 etiam
1026 549 1082 587 non
1093 533 1183 587 solum
1198 531 1297 597 nostri,
1311 545 1411 597 verum
1425 527 1511 582 etiam
1526 531 1635 580 nostro-

120 620 312 693 Multiplicabo
336 639 432 676 semen
461 628 583 677 vestrum
608 623 681 678 sicut
702 623 797 678 stellas
837 613 1634 694 ruinapprobantadversarii.Undesaepiuslegitur,quod

98 715 128 765 at
149 711 309 764 universam
323 717 428 764 terrani
457 712 537 778 hanc,
555 712 590 766 de
610 728 666 783 qna
688 712 797 766 locutus
838 710 965 766 hostibus
979 710 1067 766 sudat
1078 710 1174 766 aediti
1184 725 1235 782 pro
1246 707 1412 763 infidelitate
1423 711 1508 776 atque
1519 701 1634 773 injusti-

97 797 160 854 labo
173 800 275 854 semini
290 806 390 865 vestro,
408 806 435 854 et
450 801 631 871 possidebitis
642 818 705 855 eain
722 817 797 855 scin-
837 800 877 855 tia
886 816 937 855 sua
947 799 1048 854 merito
1055 799 1090 854 ab
1105 800 1145 854 eis
1160 803 1355 870 arguerentur,
1371 796 1444 851 sicut
1457 791 1592 850 ieremias
1605 791 1633 845 in

97 887 264 959 laoatusque
279 895 321 942 est
343 888 488 955 Dominus,
506 906 540 944 ne
561 890 666 944 laceret
679 890 795 956 malum,
837 888 1038 944 lamentatione
1051 905 1103 942 sua
1113 888 1182 943 dicit
1197 907 1203 941 :
1221 887 1390 941 «Viderunt
1408 900 1471 938 eam
1493 882 1589 936 hostes
1606 885 1634 934 et

98 982 198 1032 ocutus
208 977 300 1032 luerat
309 977 344 1032 ad
353 978 514 1032 universum
525 980 658 1050 populum
670 995 762 1033 suum.
782 998 793 1029 i
838 978 999 1033 deriserunt
1011 977 1127 1032 sabbeta
1139 977 1321 1047 ejus(Threa.
1335 977 1366 1044 i).
1383 992 1396 1026 i
1414 962 1485 1027 Hinc
1500 971 1575 1025 enim
1586 986 1634 1023 no·

97 1072 137 1121 ter
153 1072 183 1121 et
198 1082 248 1120 nos
263 1066 374 1138 quando
389 1067 595 1137 peccaverimus
612 1073 727 1138 propter
738 1085 796 1122 ma·
836 1067 879 1122 bis
892 1083 1071 1138 summopere
1086 1065 1240 1121 cavendum
1255 1070 1306 1131 est,
1317 1080 1353 1117 ne
1362 1063 1458 1117 hostes
1471 1059 1569 1124 nostri,
1584 1058 1632 1129 qui

97 1154 259 1226 patientiam
274 1172 354 1209 suam
371 1162 401 1209 et
417 1156 660 1227 longanimitatem
675 1157 796 1211 sustinet
836 1174 887 1228 per
900 1173 1024 1211 errorem
1035 1154 1199 1210 idololatria
1210 1153 1311 1208 merito
1331 1153 1464 1206 dicuntur
1485 1147 1631 1212 insensati,

101 1245 195 1315 perire
205 1245 436 1315 quemquani,sed
448 1262 545 1300 omnes
554 1246 645 1299 salvos
654 1245 715 1300 sieri
726 1246 794 1300 etad
838 1246 918 1300 malis
932 1244 1036 1300 nostris
1048 1244 1188 1316 provocati
1205 1243 1233 1298 in
1247 1241 1450 1315 blasphemiam
1464 1244 1562 1294 contra
1575 1236 1632 1291 Do·

97 1348 171 1388 inem
181 1334 307 1387 veritatis
319 1333 553 1404 pervenire,juxta
564 1334 634 1388 illud
642 1335 721 1389 Pauli
731 1351 797 1406 apo·
837 1335 947 1389 minum
959 1339 1119 1405 erumpant,
1134 1350 1197 1387 cum
1207 1331 1327 1386 viderint
1338 1347 1389 1385 nos
1399 1331 1586 1400 superatos,et
1596 1324 1631 1379 ad

96 1421 163 1493 quod
175 1423 210 1476 ad
231 1423 372 1477 Romanos
395 1423 519 1477 scribens
534 1423 597 1477 ait:
617 1443 629 1473 i
648 1423 796 1478 Existimas
836 1424 956 1480 nihilum
974 1428 1089 1494 propter
1103 1428 1218 1494 peccata
1232 1427 1329 1476 nostra
1350 1419 1495 1473 redactos:
1515 1416 1567 1470 hoc
1579 1414 1632 1468 vir·

99 1510 188 1574 hoc,o
198 1512 292 1569 homo.
300 1513 347 1582 qui
354 1512 464 1582 judicas
477 1529 524 1567 eos
535 1513 582 1585 qui
593 1513 662 1567 talia
671 1519 760 1584 agunt
767 1518 796 1567 et
836 1513 890 1568 tuti
899 1529 958 1567 suae
964 1512 1133 1575 adscribant,
1150 1511 1224 1583 qnod
1239 1526 1296 1564 nou
1310 1525 1361 1564 sua
1375 1504 1565 1580 potentia,sed
1580 1504 1633 1559 Do·

98 1616 118 1659 i.
135 1601 203 1671 quia
221 1606 251 1654 tu
270 1601 386 1671 effugies
404 1601 542 1671 iudicium
558 1601 618 1667 Dei,
634 1618 671 1655 an
685 1602 795 1656 divitias
837 1601 906 1656 mini
913 1599 1019 1673 iudicio
1033 1607 1177 1672 peractum
1186 1605 1237 1654 est.

98 1688 133 1743 tis
146 1691 208 1760 ejus
218 1689 392 1760 etpatientiae
402 1695 431 1743 et
440 1691 660 1760 longanimitatis
669 1699 795 1745 contem-

98 1793 213 1847 pnorans
229 1779 361 1848 quoniam
377 1778 534 1849 benignitas
542 1780 592 1833 Dei
606 1779 642 1834 ad
657 1780 795 1850 poeniteu-

98 1882 108 1921 e
123 1867 253 1930 adducet,
268 1869 421 1922 secundum
437 1868 570 1922 duritiam
578 1873 759 1924 autemtnam
767 1873 797 1923 et

98 1955 179 2010 iitens
193 1973 242 2010 cor
257 1956 429 2011 thesaurizas
443 1957 494 2011 tibi
510 1958 581 2011 iram
599 1958 627 2012 in
643 1958 687 2012 die
702 1957 751 2012 ira
767 1965 796 2011 et

98 2043 177 2099 ¹ionis
185 2045 256 2114 justi
265 2045 364 2115 judicii
387 2046 436 2099 Dei
455 2048 541 2110 (Itoni.
553 2050 594 2115 n),
613 2066 626 2097 ii
640 2051 693 2100 etc.
705 2048 745 2100 Ac
759 2061 794 2100 ne

803 1764 827 1824 Β
873 1754 886 1785 «
904 1736 944 1791 De
956 1736 1038 1789 vinea
1053 1735 1129 1789 enim
1144 1734 1329 1788 Sodomorum
1343 1732 1426 1786 vinea
1437 1733 1583 1788 eorumet
1598 1728 1633 1782 de

839 1844 851 1876 r
867 1822 1035 1879 suburbanis
1050 1823 1222 1886 Gomorrha,
1235 1838 1290 1876 uva
1305 1837 1412 1885 eornm,
1428 1835 1483 1874 uva
1500 1817 1581 1883 sellis,
1604 1822 1634 1871 et

837 1932 851 1967 v
867 1912 1179 1968 botrusamarissima.n
1195 1909 1353 1965 Aliaeilitio
1365 1928 1393 1962 :i
1407 1909 1446 1963 Ex
1459 1909 1542 1962 vinea
1556 1906 1632 1961 enim

837 2003 1023 2058 Sodomorum
1035 2002 1099 2055 vitis
1114 2016 1221 2064 eorum,
1239 2005 1268 2054 et
1281 2014 1406 2070 propago
1420 2013 1517 2051 eorum
1532 2013 1565 2050 ex
1576 1995 1632 2049 Go-

98 2133 201 2203 oaligni
212 2133 327 2204 spiritus
335 2135 524 2203 glorienturin
534 2135 690 2206 perditione
701 2141 808 2189 nostra·
836 2092 959 2158 monha’
974 2106 1028 2145 uva
1040 2106 1148 2188 eorum!
1163 2087 1308 2186 uv³.s⁰lli⁸’
1319 2085 1418 2186 potrus
1436 2082 1633 2182 amarimdiflis

98 2221 216 2277 titudine
224 2239 283 2285 sua,
301 2224 380 2294 quasi
394 2224 538 2278 victoriam
552 2223 657 2277 viribus
665 2224 723 2277 suis
731 2239 796 2295 per·
837 2180 913 2251 ipSis'
931 2199 944 2232 '³
956 2179 1035 2250 ΒΨ
1049 2178 1078 2232 in
1090 2178 1242 2247 &mptum
1256 2191 1342 2230 sams
1357 2190 1500 2246 synagoga
1511 2171 1553 2225 vel
1564 2171 1632 2270 Hui.

98 2315 145 2378 m,
158 2327 223 2365 cum
237 2311 266 2364 in
278 2312 449 2383 hocsemper
462 2313 795 2378 certent'utsememiam
837 2269 959 2323 rusalem
973 2267 1101 2324 Sodomae
1118 2273 1147 2321 et
1160 2265 1323 2320 Gomorrha
1340 2266 1548 2334 comparantur,
1567 2275 1633 2331 quia

98 2399 133 2453 mi
152 2406 322 2471 pervertant,
342 2401 389 2472 qui
415 2401 543 2456 homines
563 2401 686 2456 decrevit
704 2402 796 2456 locum

98 2504 173 2543 irum
188 2489 337 2559 spirituum
355 2490 382 2543 in
398 2491 474 2544 colis
483 2490 635 2560 possidere.

99 2592 141 2632 ms
155 2576 261 2648 absque
274 2579 390 2632 consilio
406 2585 448 2632 est
462 2585 490 2632 et
503 2579 563 2632 sine
574 2578 794 2649 prudentia,uti·

837 2358 909 2412 sicut
922 2357 978 2412 illie
992 2357 1065 2411 male
1081 2355 1161 2410 abusi
1179 2360 1246 2408 sunt
1264 2353 1345 2407 donis
1369 2352 1437 2417 Dei;
1460 2351 1500 2405 sie
1520 2355 1549 2404 et
1571 2349 1632 2403 ista

837 2446 977 2501 benefieiis
982 2446 1032 2500 Dei
1043 2461 1155 2516 semper
1161 2443 1328 2498 exstiterunt
1339 2439 1451 2512 ingrati.
1459 2439 1538 2494 Unde
1544 2438 1632 2493 isaias

837 2537 872 2590 de
885 2535 941 2589 illis
955 2535 996 2589 ait
1010 2553 1016 2587 :
1036 2534 1119 2588 «Nisi
1130 2531 1266 2589 Dominus
1281 2530 1454 2586 exercituum
1472 2527 1632 2598 reliquisset

836 2624 917 2680 nobis
930 2622 1118 2693 semen,quasi
1129 2621 1251 2676 Sodoma
1260 2620 1418 2685 fuissemus,
1428 2617 1508 2689 quasi
1516 2617 1633 2672 Gomor-

836 2714 888 2768 rha
906 2713 1012 2767 similes
1026 2710 1259 2774 essemus,audite
1272 2709 1388 2763 verbnm
1402 2705 1633 2776 Domini,princi·

837 2820 886 2874 pes
901 2802 1096 2866 Sodomorum,
1112 2799 1225 2871 percipe
1240 2796 1355 2852 auribus
1370 2798 1460 2870 legem
1473 2794 1524 2851 Dei
1533 2793 1632 2858 nostri,

837 2891 958 2962 populus
967 2889 1141 2954 Gomorrha,
1153 2893 1205 2942 etc.
1224 2889 1289 2954 (Ira.
1303 2889 1335 2957 1).
1349 2903 1363 2939 i
1379 2885 1470 2939 Vinea
1487 2883 1564 2938 enim
1577 2882 1634 2937 Do·

839 2979 917 3046 mini,
925 2980 998 3034 sicut
1011 2978 1040 3032 in
1052 2977 1150 3032 eodem
1164 2976 1302 3048 propheta
1316 2974 1450 3046 scriptum
1466 2979 1518 3038 est,
1535 2971 1635 3026 domus

837 3062 993 3132 Israelfuit,
1003 3073 1140 3139 quaetunc
1154 3067 1183 3120 in
1197 3066 1269 3120 fellis
1277 3063 1494 3119 amaritudinem
1502 3077 1636 3116 conversa

99 3205 245 3272 ‚quatenus
261 3200 454 3255 imminentem
469 3218 519 3271 pro
531 3201 652 3271 peccatis
662 3201 721 3255 suis
736 3218 797 3255 eva·
837 3163 890 3319 ἓξὲξ
904 3150 1637 3317 ἓυίἲεῖυἳὶᾞὲἳῃῖἓὲἓῃωἘῧῖιῐῗιῖῗίᾚέἒὲιέἑ

838 3340 1072 3409 poirexeinnt,ut
1078 3334 1107 3388 in
1116 3334 1169 3388 hoc
1183 3333 1425 3387 demonstraretur
1435 3330 1580 3385 scientiam
1594 3329 1635 3384 le-

104 3467 259 3538 negligunt,
275 3467 485 3522 tribulationem
501 3476 529 3522 et
538 3470 698 3539 angustiam
713 3470 742 3523 in
756 3469 798 3523 lu·
836 3427 888 3496 ψ’
907 3441 991 3496 quam
1003 3424 1058 3496 iPSi
1071 3430 1178 3478 rectam
1191 3421 1440 3492 aoeeperunt'seue
1453 3419 1568 3474 malmae
1578 3435 1636 3473 Μ

99 3555 266 3621 retinebunt,
279 3558 446 3626 Juxtaillnd,
460 3558 532 3628 quod
549 3558 584 3612 de
602 3558 641 3612 eis
662 3558 797 3630 scriptum
837 3514 940 3569 habere
953 3518 1125 3614 ,⁰⁰“upmm'
1137 3511 1340 3610 cunldamrem,
1355 3508 1469 3629 lifgoeyad
1480 3525 1510 3562 ⁸⁶
1520 3524 1636 3607 vemenj

751 3647 756 3657 .
837 3610 894 3659 tem
904 3618 1029 3673 recipere
1043 3600 1322 3669 noluerunt,insuper
1334 3602 1552 3651 irritaveruntet
1561 3611 1636 3649 cinci

100 3660 144 3698 W
161 3646 225 3713 ⁰³¹
252 3645 321 3744 cuin
345 3647 460 3746 merit
479 3663 564 3717 super
586 3664 633 3701 θος
649 3655 798 3747 remim
838 3693 995 3748 affixemnt.
1009 3690 1100 3744 Aliter
1110 3690 1163 3743 hac
1176 3687 1317 3743 sententia
1344 3685 1578 3741 ethaereticoium
1590 3700 1638 3738 ne·

100 3738 152 3799 ω’
173 3739 346 3833 &memus
369 3752 449 3834 qua?
474 3742 627 3836 tefnpems
647 3741 795 3837 mmm'
839 3778 1103 3854 quitiapercutitur,
1119 3777 1168 3850 qui
1180 3777 1246 3831 licet
1261 3774 1359 3847 gratiae
1374 3773 1528 3847 spiritualis
1543 3790 1561 3828 a
1574 3789 1637 3827 san·

100 3830 227 3877 evenerit
237 3839 322 3894 super
333 3841 380 3878 eos
391 3824 537 3924 tribulatio
546 3829 574 3878 et
586 3830 797 3895 angustiatum
839 3872 890 3927 ctis
900 3867 1131 3941 praedicatoribus
1145 3883 1248 3938 purum
1262 3865 1364 3936 dogma
1376 3863 1507 3936 primitus
1521 3879 1636 3934 accepe-

100 3909 166 3966 Μ
179 3929 224 3965 me
235 3919 264 3965 et
276 3929 332 3966 ¹¹⁰⁰
346 3914 503 3977 exaudmm'
522 3931 606 3968 mane
629 3919 799 3983 consurgent
839 3965 915 4025 runt,
930 3957 985 4030 ipsi
996 3963 1093 4012 tamen
1107 3955 1249 4011 erroribus
1259 3955 1318 4009 suis
1338 3953 1407 4008 illud
1423 3952 1564 4008 maculare
1580 3967 1636 4006 non
1672 3948 1677 3955 “

119 4008 261 4055 ¹¹¹Ve¹¹¹⁰¹¹t
284 4019 338 4068 Μ’
355 4019 388 4055 ⁶⁰
417 4003 490 4072 ΨΜ
510 4019 623 4057 msam
648 4003 800 4058 habuerint
839 4046 1075 4123 pertimescebant
1083 4051 1112 4100 et
1125 4045 1188 4099 ideo
1199 4050 1259 4099 tota
1273 4043 1400 4099 doctrina
1408 4059 1505 4098 eorum
1515 4042 1543 4097 in
1553 4041 1635 4110 fellis,

100 4089 173 4144 inam
189 4091 357 4144 ettimorem
372 4092 484 4145 Domini
499 4108 555 4146 non
577 4093 796 4162 susceperint.»
881 4139 886 4150 ,
976 4137 981 4148 ,
1039 4135 1053 4146 ..
1151 4135 1157 4146 .
1214 4134 1219 4145 .
1421 4150 1429 4166 c
1477 4137 1496 4185 ,t

100 4179 211 4233 lomodo
225 4179 485 4249 persequiturunus
495 4181 617 4245 mmm
627 4182 683 4235 duo
698 4180 798 4250 fugant
837 4147 866 4194 et
879 4155 909 4192 m
923 4135 1055 4191 absinthii
1069 4134 1289 4189 amaritudinem
1304 4150 1438 4188 conversa
1453 4149 1483 4186 es
1500 4171 1505 4186 .

100 4284 124 4322 m
137 4268 236 4322 millia.
248 4268 504 4340 Noniieideo,quia
515 4269 664 4324 Denssuus
674 4269 798 4324 vendidit
876 4271 950 4325 «Fer
963 4270 1117 4324 draconum
1131 4268 1227 4323 vinum
1242 4284 1350 4332 eorum,
1367 4272 1546 4322 utvenenum
1562 4266 1637 4336 aspi·

111 4363 139 4411 et
166 4356 303 4411 Dominus
322 4358 459 4411 conclusit
479 4358 558 4411 illos?
576 4379 586 4409 i
607 4359 669 4412 Alia
695 4358 794 4412 editio:
841 4360 937 4414 «dum
947 4358 1113 4414 insanabile.
1133 4378 1146 4409 a
1161 4357 1225 4412 illia
1240 4357 1344 4412 editio:
1359 4376 1370 4406 v
1386 4355 1639 4410 Furordraconum

107 2672 241 2737 saperent
253 2672 282 2721 et
296 2667 494 2738 intelligerent,
512 2684 544 2721 ac
565 2667 715 2722 novissima
730 2684 795 2739 pro-

99 2761 164 2811 rant.
179 2775 191 2806 i
207 2756 270 2809 Alia
282 2756 368 2810 aditio
385 2774 390 2808 :
410 2776 422 2807 a
439 2756 511 2820 Quia
520 2773 589 2827 gens
604 2757 715 2828 perdita
728 2774 796 2811 con·

100 2849 180 2898 trion
195 2845 280 2898 estin
300 2845 350 2910 eis,
373 2844 548 2917 disciplinam
568 2862 624 2900 non
642 2853 798 2917 sapuerunt

99 2949 169 3004 gere,
187 2933 341 3005 percipient
363 2934 393 2988 in
418 2934 513 2988 futuro
539 2939 674 3005 tempore.
694 2935 796 2990 »Gens

99 3038 170 3088 runi,
188 3039 303 3076 necnon
319 3029 348 3076 et
357 3023 482 3077 omnium
498 3023 649 3094 impiorum
664 3023 724 3077 sine
734 3040 797 3078 con·

99 3111 175 3166 elutis
187 3118 262 3176 sunt,
271 3112 337 3181 qnia
346 3111 376 3166 in
391 3111 517 3166 futurum
532 3111 583 3166 sibi
595 3112 739 3184 providere
750 3107 828 3167 ne-C

99 3283 230 3344 indictam
248 3295 276 3343 et
297 3289 477 3344 infernalium
499 3306 645 3360 poenarum
660 3296 797 3345 aeternum

99 3384 135 3432 int
156 3384 339 3443 tormentum,
362 3386 391 3432 et
406 3380 538 3450 quoniam
555 3379 798 3450 disciplinabiliter

101 4445 174 4500 nodo
184 4447 363 4517 persequitur
374 4463 447 4500 nnus
461 4447 546 4511 mille,
556 4454 585 4501 et
598 4447 653 4501 duo
662 4454 799 4501 transmo·
839 4449 935 4503 vinum
950 4465 1058 4509 eorum,
1075 4454 1105 4502 et
1116 4448 1195 4501 furor
1208 4445 1336 4517 aspidum
1351 4443 1526 4499 insanabilis.
1541 4444 1638 4514 «Apte

100 4533 185 4588 zdena
199 4535 297 4600 millia,
315 4536 367 4589 nisi
383 4536 450 4606 quia
463 4535 600 4590 Dominus
615 4536 739 4591 subdidit
750 4553 797 4591 eos
839 4537 999 4594 Jndaeornm
1012 4537 1129 4608 persidia
1144 4542 1172 4589 et
1184 4534 1381 4590 haereticorum
1401 4532 1524 4587 versutia
1542 4531 1639 4585 draco·

101 4622 244 4677 stradidit
258 4623 330 4677 illos.
351 4644 363 4675 i
389 4624 554 4695 Quicunque
574 4625 798 4696 magnitudinem
840 4625 1141 4697 iiumiellietaspidum
1151 4640 1257 4678 veneno
1268 4627 1477 4694 comparantur,
1487 4622 1554 4694 quia
1566 4622 1639 4677 sicut

102 4711 111 4765 i
124 4713 402 4782 veraciteragnoseit,
412 4714 557 4767 interitum
573 4730 689 4768 suorum
700 4731 755 4769 non
766 4732 799 4768 ex
840 4723 984 4788 serpentes
992 4713 1209 4768 amaritudinem
1220 4693 1431 4766 et'venenumin
1446 4728 1476 4765 se
1486 4712 1636 4774 occultant,

101 4805 163 4854 tate
180 4802 310 4871 potentiae
325 4802 422 4872 ipsiuS,
433 4802 481 4855 sed
493 4819 525 4856 ei·
536 4803 720 4874 permissione
728 4805 800 4874 justi
841 4812 980 4878 quatenus
994 4805 1121 4858 incautos
1139 4801 1289 4873 improvise
1310 4800 1422 4865 laedant,
1445 4801 1485 4854 sic
1503 4807 1532 4856 et
1550 4801 1639 4856 Judaei

110 4890 292 4961 ejusevenire
305 4891 452 4944 manifeste
470 4891 600 4961 probabit
616 4911 622 4945 :
640 4893 708 4963 quia
722 4894 799 4947 nullo
841 4901 925 4965 atque
940 4892 1062 4948 haeretici
1077 4891 1214 4945 malitiam
1225 4906 1305 4944 suam
1315 4889 1379 4944 dolo
1394 4895 1423 4944 et
1435 4889 1581 4944 fraudibus
1596 4906 1639 4943 ve·

101 4979 158 5033 deri
172 4987 268 5051 posset
277 4980 351 5050 quod
363 4997 435 5034 unus
450 4986 669 5052 persequeretur
678 4981 763 5045 millo,
772 4989 800 5037 et
840 4980 1250 5054 lant,qnatenusimprudentcs
1260 4979 1639 5048 faciliusexstinguantDeue

101 5074 196 5139 garant
211 5067 307 5122 decem
322 5069 419 5133 millia,
429 5069 482 5123 nisi
499 5070 634 5124 Dominus
649 5087 696 5125 eos
710 5071 799 5125 tradi-
841 5088 907 5142 ergo
920 5071 1057 5126 diciturzi
1075 5070 1220 5124 Venenum
1236 5068 1365 5140 aspidum
1380 5067 1564 5133 insanabile»
1574 5066 1640 5138 quia

112 5163 141 5212 et
155 5173 253 5211 erosos
265 5157 437 5228 projiciendo
451 5159 480 5212 in
506 5175 605 5214 manus
621 5159 799 5215 inimicorum
841 5161 1038 5216 haereticorum
1061 5175 1140 5213 error
1162 5175 1358 5230 quemcunque
1373 5156 1516 5224 invaserit,
1538 5155 1593 5211 nisi
1609 5173 1639 5210 se

101 5246 186 5302 deret.
843 5249 906 5304 indo
928 5247 1097 5314 liberaverit,
1114 5247 1173 5303 sine
1196 5247 1283 5302 dubio
1298 5248 1327 5302 in
1351 5252 1488 5302 aternum
1515 5246 1637 5318 perimit

101 5341 179 5391 inest
199 5335 274 5389 en'mi
290 5337 364 5391 Deus
378 5343 474 5390 noster
491 5343 523 5392 ut
543 5338 618 5392 Deus
640 5355 748 5393 eorum.
767 5340 801 5395 Et
842 5339 922 5404 Quod
937 5344 1031 5393 autem
1043 5338 1125 5407 juxta
1135 5337 1219 5392 aliam
1234 5337 1385 5394 editionem
1396 5335 1512 5406 legitur:
1527 5335 1641 5392 «Furor

101 5425 134 5479 ici
150 5424 240 5480 nostri
254 5433 320 5479 sunt
331 5426 449 5496 Judicos.
467 5445 480 5478 «
504 5427 567 5480 Alia
584 5427 670 5482 editio
687 5447 692 5481 :
712 5447 724 5479 a
745 5428 799 5493 Qui
840 5428 994 5483 draconum
1005 5426 1101 5482 vinum
1116 5443 1224 5493 eorum,
1235 5433 1263 5482 et
1277 5427 1355 5480 turor
1362 5425 1491 5498 aspidum
1501 5425 1641 5481 insanabi-

101 5519 112 5569 t
124 5514 200 5569 Deus
215 5521 319 5580 noster,
328 5515 446 5569 sicutdii
457 5515 693 5582 illorum,inimici
703 5523 799 5572 autem
840 5518 885 5583 lis,
900 5536 914 5571 i
931 5516 1054 5572 ostendit
1067 5532 1207 5571 nonsanae
1221 5533 1283 5571 esse
1294 5516 1406 5583 mentis,
1420 5515 1470 5571 sed
1490 5515 1580 5586 magis
1594 5515 1639 5569 in-

101 5603 247 5659 incensati.
261 5623 273 5656 i
289 5604 425 5659 Dominus
435 5605 511 5659 enim
522 5604 597 5659 Dens
610 5611 797 5661 nosterverax
839 5605 983 5672 sementis,
995 5606 1081 5661 vitam
1096 5611 1231 5661 aeternam
1246 5622 1379 5679 spernere
1393 5610 1423 5660 et
1440 5613 1560 5662 mortam
1575 5620 1639 5677 par·
