3772 6120
322 292 508 349 aomar.
529 294 568 349 IN
587 293 744 349 canales
763 292 845 356 QUAE
863 292 912 347 AD
931 292 1070 349 Laeuus
1089 294 1284 353 uicturus.
1555 306 1624 364 litt

101 417 204 473 mandis
224 434 409 488 superequos
430 425 503 481 tuos,
519 426 548 473 et
562 419 705 490 quadrigae
725 416 949 477 tuaeAeerribus
972 417 1039 483 suis,
1068 419 1121 472 hoe
1144 427 1196 486 est,
1221 420 1251 474 in
1277 422 1425 479 animabus
1454 434 1625 500 sanctorum,

102 506 140 560 io.
159 507 303 560 Suscitans
321 508 580 567 suscitabisareum
599 514 690 572 tuum,
704 508 780 576 jura·
820 522 906 576 super
920 522 990 577 quas
1004 508 1130 561 ascendit
1144 525 1237 563 0011110
1248 510 1367 577 divinus,
1391 520 1423 568 ut
1437 517 1554 572 suscitet
1576 537 1623 575 ar·

101 595 261 662 ttribubus,
277 613 338 666 qaae
353 597 462 651 locutus
477 614 516 650 es.
533 618 545 647 >r
562 598 633 651 Lxx
651 614 656 647 ε
676 617 686 647 ι
704 597 728 650 N
732 613 781 650 un·
820 612 883 649 curn
911 601 1072 650 sanctarum
1098 598 1325 668 seripturarum:
1344 617 1377 656 ex
1402 603 1503 674 quibus
1517 607 1624 678 spicula

106 684 564 748 110010110011010000110101110,
582 693 630 739 aut
642 686 670 739 in
686 685 780 740 llumi-
820 683 1045 739 testimoniorum
1059 685 1217 740 divinorum
1233 689 1411 757 emitumtur,
1433 699 1462 747 et
1483 697 1623 768 compleat

100 788 158 825 iror
170 778 236 826 tuus
252 774 293 826 rel
309 773 338 827 in
354 775 424 828 mari
438 775 559 845 impetus
567 775 650 829 tuus?
659 774 729 838 Quia
738 791 782 828 as-
819 773 982 841 juramenta
991 774 1120 829 tribubus
1130 776 1431 848 Domini,quseloeutus
1443 791 1486 837 est
1496 786 1621 854 patribus

100 878 181 932 super
195 879 280 932 equos
294 868 358 916 tuos
375 870 404 916 01
417 864 553 933 equitatio
567 870 618 917 tna
637 864 723 926 salus,
740 862 781 915 in·
822 877 929 916 eorum.
947 861 1004 917 lllis
1020 862 1148 918 videlicet
1162 864 1300 932 tribubus,
1313 868 1348 922 de
1360 869 1461 940 quibus
1471 873 1622 931 Psalmista

111 951 244 1005 extendes
268 967 363 1007 areum
379 959 460 1006 tuum
476 970 561 1023 super
580 959 697 1023 sceptra,
714 951 782 1005 dicit
822 949 857 1003 de
879 950 1034 1005 ierusalem
1054 953 1173 1023 mystica
1199 953 1347 1026 disputans
1361 957 1422 1012 ait:
1454 960 1522 1016 lllue
1544 964 1622 1019 enim

100 1056 128 1094 s.
139 1040 240 1103 »Quod
253 1041 383 1110 itajexta
398 1040 519 1094 littorum
535 1041 652 1111 intelligi
663 1046 756 1111 potest
771 1059 778 1092 :
821 1039 1106 1094 ascenderunttribus
1121 1042 1231 1097 Domini
1239 1044 1433 1101 testimonium
1448 1049 1478 1102 in
1489 1050 1575 1106 lsrael
1584 1053 1619 1106 ad

100 1128 222 1183 rrdanom
237 1135 351 1182 otmaro
365 1129 476 1183 siccasti
488 1129 613 1184 Rubrum
629 1146 679 1199 pro
700 1127 780 1182 nobis
822 1128 1013 1182 confitendum
1027 1129 1134 1183 nemini
1149 1130 1237 1201 ipsius
1253 1135 1336 1199 (Psoi.
1352 1139 1622 1196 carras-Potestas-

100 1235 128 1283 is,
140 1219 282 1272 nonenim
296 1217 459 1272 fluminibus
471 1219 577 1272 otmari
588 1218 780 1283 iratuses‚aut
821 1221 878 1270 tem
892 1217 922 1271 in
937 1218 997 1284 hoe,
1006 1218 1166 1289 quodjuxta
1181 1220 1334 1277 editionem
1349 1224 1421 1279 Lxx
1434 1225 1620 1299 interpretum

100 1322 134 1360 rm
147 1306 323 1360 insensibilia
334 1307 495 1360 offensionis
505 1308 670 1361 contrahere
684 1313 780 1377 potue·
821 1304 943 1376 legitur:
962 1325 976 1360 s
991 1307 1125 1378 Nunquid
1140 1308 1169 1361 in
1183 1309 1350 1364 fluminibus
1365 1312 1408 1366 ira
1421 1319 1480 1382 tua,
1492 1316 1620 1387 Domine,

100 1410 206 1449 anone
220 1396 565 1467 quadrigosconscendens
580 1402 652 1462 tuas,
666 1412 778 1451 arcum·
819 1393 909 1447 autin
924 1394 1087 1450 fluminibus
1101 1396 1265 1464 iurortuus,
1292 1400 1384 1455 autin
1400 1404 1471 1457 mari
1499 1405 1621 1478 impetus

100 1483 211 1555 ripiens,
226 1485 345 1538 salutem
363 1484 442 1537 dahis
463 1485 565 1554 populo
580 1490 639 1549 tuo,
655 1492 684 1538 ot
697 1486 778 1554 jura·
820 1487 887 1536 tuus
901 1482 912 1535 i
928 1483 1102 1539 »llurninum
1117 1493 1147 1539 et
1161 1486 1247 1540 maris
1262 1488 1395 1543 vocabulo
1405 1493 1490 1546 corda
1504 1497 1621 1567 exprimi

101 1589 163 1644 qum
169 1573 272 1642 jurasti
286 1573 411 1643 patribus
427 1573 570 1626 nostriset
585 1572 779 1633 1111011110,οκ-
820 1571 986 1637 infidelium,
1002 1589 1064 1643 quae
1084 1574 1201 1628 llumina
1220 1583 1295 1630 reete
1316 1586 1460 1646 vocantur,
1474 1582 1541 1653 quia
1563 1589 1622 1640 toto

100 1662 341 1732 nsempiternum.
359 1662 438 1725 Quod
454 1668 549 1715 autem
566 1662 633 1716 dicit
647 1680 652 1714 :
672 1680 686 1715 a
701 1663 778 1716 Nun·
819 1659 983 1714 intentionis
996 1661 1104 1732 impetu
1117 1663 1153 1717 ad
1168 1663 1300 1719 interiora
1314 1666 1451 1724 delluunt.
1463 1671 1622 1744 Mare,quia

106 1750 271 1805 lluminibus
286 1751 374 1804 iratus
389 1767 428 1811 es,
444 1751 571 1815 Domine,
581 1758 630 1805 aut
643 1750 671 1804 in
686 1743 808 1804 flami-B
821 1748 941 1802 turbidis
949 1750 1330 1822 amarisquecogitationibus
1338 1755 1414 1811 intus
1427 1758 1622 1830 obscurentur,

100 1856 153 1894 rror
166 1845 242 1901 tuus.¹
261 1839 303 1892 sel
316 1839 344 1891 iu
367 1840 436 1892 marl
453 1840 668 1909 impetustuus'l
688 1839 780 1893 »dicit
821 1842 850 1890 et
863 1853 947 1908 super
969 1844 1155 1894 eiateressese
1170 1841 1287 1897 tumidis
1303 1844 1441 1912 jactantia
1463 1850 1622 1920 gurgitibus

100 1945 112 1983 e
130 1934 230 1982 ettam
254 1929 453 1997 interrogantis
479 1929 598 1999 eloquio.
616 1944 699 1998 quarn
715 1945 780 1999 pro·
822 1927 967 1981 extollunt.
983 1927 1117 1998 Nunquid
1138 1945 1205 1999 ergo
1218 1930 1267 1996 ait,
1283 1936 1343 1986 1001
1355 1936 1479 2002 graviter
1493 1954 1623 2008 peccave-

113 2018 264 2072 suntcnim
282 2025 310 2070 et
324 2017 396 2070 bona
414 2017 541 2077 llumina,
553 2023 619 2070 sunt
638 2024 667 2071 et
686 2018 778 2070 aiala:
822 2015 1120 2086 runthl,quimentem
1131 2018 1622 2098 acoelestibusdesideriisinappeti·

100 2106 286 2177 epessimum,
298 2113 327 2159 et
338 2113 381 2160 est
392 2106 623 2177 mar-soptimum.
640 2106 781 2159 Bonorum
822 2110 883 2158 tum
898 2104 1065 2174 demergunt
1079 2105 1267 2172 intirmorum,
1280 2109 1384 2180 quique
1394 2111 1467 2167 fastu
1478 2115 1565 2170 animi
1580 2117 1621 2172 in-

99 2210 132 2249 rm
146 2195 215 2248 illud
232 2196 390 2265 oserrrplum
406 2200 467 2248 est:
487 2214 498 2245 ι
514 2194 650 2248 Fluminis
660 2195 781 2265 impetus
821 2191 930 2247 stabilis
948 2195 1010 2248 sese
1024 2200 1123 2248 contra
1132 2195 1272 2266 proximos
1287 2197 1408 2266 erigunt,
1420 2207 1453 2254 ut
1465 2201 1494 2257 in
1518 2203 1622 2259 talibus

99 2283 258 2339 teivitatem
283 2284 394 2337 Domini
410 2287 491 2343 (Psel.
518 2288 596 2351 xra'l:
618 2301 631 2335 ›
653 2290 690 2345 et,
707 2283 780 2354 qued
822 2281 874 2348 ira,
888 2298 973 2352 quam
988 2288 1143 2347 merentur,
1159 2287 1621 2361 nunquamsolvendaperseseret,

99 2389 191 2443 sequa
206 2373 316 2426 Domini
333 2373 442 2437 biberit,
456 2374 545 2426 lluent
558 2372 593 2426 de
609 2377 704 2427 ventre
720 2372 781 2441 ejus
822 2386 858 2425 an
873 2371 1004 2426 omnibus
1019 2389 1070 2444 per
1079 2372 1184 2436 orbem,
1202 2373 1551 2449 sirelerius,sivegravius
1561 2398 1622 2453 pee-

99 2461 778 2533 requiesalientisinritamsemmamlioon.r11):r
822 2459 952 2514 cantibus
967 2460 995 2513 in
1016 2461 1121 2515 mundo
1139 2479 1278 2532 apparens
1294 2464 1416 2533 gratiam
1435 2473 1489 2523 tuae
1508 2469 1621 2540 pietatis

99 2568 123 2605 ra
136 2550 214 2611 illud,
233 2552 306 2620 quod
328 2551 437 2603 Pharao
456 2549 582 2620 loquitur
594 2549 623 2602 in
634 2548 778 2603 Ezechiel:
822 2546 972 2620 impendis.
990 2549 1062 2603 Nam
1076 2566 1160 2605 cerno
1175 2551 1288 2622 quidem
1303 2559 1331 2605 te
1345 2555 1485 2624 apostolos
1499 2558 1535 2611 ad
1549 2575 1622 2630 pras·

99 2647 161 2695 sunt
182 2639 309 2701 llurnina,
327 2646 355 2692 01
376 2656 427 2708 ego
449 2639 500 2691 feei
525 2638 582 2697 illa.
604 2637 781 2708 »inquibus
823 2638 1111 2707 dicandamgentibus
1118 2639 1238 2709 gloriam
1246 2645 1324 2694 tuam
1335 2643 1621 2712 essemissurum,sed

99 2727 199 2792 rebitet,
212 2728 334 2781 etrnulta
346 2727 388 2780 his
398 2727 509 2780 similia.
521 2727 656 2781 Similiter
665 2734 694 2780 et
704 2743 781 2780 mare
823 2726 870 2796 qui
887 2732 954 2780 sunt
968 2726 1111 2792 credituri,
1124 2733 1179 2782 tuae
1199 2733 1251 2794 est,
1268 2745 1325 2784 non
1339 2730 1469 2787 hurnanie
1478 2735 1623 2805 cogitatio-

99 2833 130 2871 rm
145 2823 254 2889 partem
268 2816 412 2886 accipitur,
430 2822 461 2868 nt
474 2822 516 2869 est
528 2815 597 2869 illud
612 2816 686 2886 quod
702 2815 781 2869 Psal-
822 2814 876 2868 ais.
893 2815 952 2868 Hoc
962 2821 1006 2870 est
1020 2815 1095 2870 enim
1106 2817 1180 2887 quod
1193 2818 1334 2888 sequitur:
1354 2820 1518 2883 «Quoniam
1528 2841 1623 2880 aseen-

100 2905 147 2960 ieit
160 2907 195 2959 de
212 2906 334 2959 Ecclesia
350 2922 355 2955 :
375 2927 385 2953 ι
399 2906 460 2976 lpse
476 2922 562 2976 super
576 2904 664 2966 rnaria
684 2904 782 2958 londa·
823 2903 892 2957 dens
907 2904 1041 2958 ascendes
1063 2920 1149 2975 super
1166 2922 1253 2975 equos
1266 2910 1340 2972 tuos,
1356 2914 1386 2962 at
1401 2909 1542 2980 equitatus
1556 2918 1623 2968 tuus

99 3015 112 3057 r,
132 3001 160 3050 et
179 3012 264 3066 super
279 2995 395 3048 llumina
417 2993 583 3064 praeparavit
604 2993 681 3047 illam
695 2995 779 3058 (Psoi.
822 2992 937 3059 sanitas,
957 2992 1012 3047 »id
1028 2997 1079 3059 est,
1092 2994 1245 3049 ascendens
1262 2994 1291 3049 in
1305 2997 1623 3057 cerdaeleclorumtuo·

99 3101 142 3139 om
156 3084 184 3138 in
199 3085 311 3147 nnllam,
325 3089 356 3137 ut
370 3089 413 3138 est
425 3084 492 3137 illud
512 3101 517 3135 :
535 3106 547 3131 s
567 3083 624 3136 lloe
636 3099 713 3136 mare
722 3099 779 3136 ma·
789 3064 810 3123 C
822 3097 886 3135 rum
896 3081 1303 3152 perilluminationemgratiae,
1316 3101 1462 3157 perquam
1474 3094 1624 3162 teregente

99 3179 115 3227 11
127 3174 292 3245 spatiosum,
314 3173 371 3227 illic
385 3172 505 3241 reptilia,
522 3188 641 3242 quorum
664 3177 783 3225 nonest
822 3170 878 3224 iter
890 3170 1028 3224 virtutum
1049 3170 1189 3238 incedant,
1206 3189 1257 3244 per
1274 3190 1336 3244 qua
1360 3174 1456 3230 orbem
1479 3183 1571 3235 totum
1594 3187 1624 3236 te

99 3279 118 3317 is
131 3264 222 3332 (ll’sel.
235 3269 296 3325 carl,
312 3284 322 3307 »1
341 3268 369 3314 et
383 3267 492 3314 caetera.
503 3262 581 3325 Quod
596 3261 619 3314 si
630 3260 703 3314 bona
716 3266 782 3314 sunt
823 3258 1037 3329 evangelizando
1048 3259 1168 3315 ferentes
1190 3268 1331 3337 perpetua
1347 3264 1446 3320 salutis
1462 3269 1567 3325 mundo
1581 3268 1624 3324 vi·

99 3357 144 3406 iet
157 3351 262 3404 bonam
271 3367 357 3410 mare,
367 3367 452 3420 super
462 3366 531 3420 quas
540 3351 621 3403 lesus
631 3349 781 3403 Ecclesiam
822 3353 881 3401 tam
902 3347 1063 3419 predicent.
1080 3349 1168 3418 (lajas
1184 3350 1325 3420 equitatus
1342 3354 1434 3423 ligura
1444 3356 1528 3410 etiam
1541 3358 1623 3427 juxta

99 3441 195 3494 ollocat
208 3457 240 3493 ac
262 3446 409 3510 preparat.
426 3439 478 3492 etsi
496 3440 524 3492 in
549 3439 651 3492 malam
674 3444 782 3508 partem
824 3436 947 3490 litteram
959 3436 989 3489 in
1000 3436 1120 3491 Domino
1134 3443 1292 3492 monstrata
1306 3447 1357 3505 est,
1379 3458 1443 3496 eum
1458 3443 1621 3517 Hierosoly·

98 3528 204 3595 rr,illud
217 3546 293 3582 10010
305 3535 333 3581 01
350 3528 475 3590 llurnina,
487 3527 521 3581 de
536 3527 637 3597 quibus
647 3527 782 3598 seriptum
824 3541 899 3578 mam
916 3525 1035 3579 tendens
1061 3523 1176 3579 sedebat
1199 3525 1278 3581 asino
1291 3529 1502 3586 concinentibus
1519 3533 1620 3599 turbis,

99 3618 169 3673 llere
184 3617 254 3670 sidit
277 3623 305 3670 ct
325 3617 406 3686 sagit,
425 3617 554 3670 iordanis
576 3633 726 3670 comenses
739 3622 783 3669 est
823 3612 1203 3684 quaeantecedebant,etquae
1211 3615 1623 3690 sequebantur,etquaeobviam

98 3724 138 3761 rm
158 3709 241 3770 (Pso‘.
268 3711 353 3773 exui),
373 3727 386 3759 ι
409 3723 464 3759 non
492 3705 728 3767 inconvenienter,
754 3711 782 3758 et
823 3701 991 3755 sarriebant:
1011 3702 1179 3764 ‹Hosanna
1196 3702 1358 3759 benedictus
1373 3707 1421 3775 qui
1439 3714 1515 3763 vemt
1531 3709 1560 3765 in
1575 3727 1623 3765 no-

100 3813 169 3850 onos
188 3802 216 3849 et
231 3812 316 3865 equos
332 3796 430 3851 malos.
447 3811 498 3847 nec
518 3811 573 3847 non
589 3800 617 3848 ct
640 3811 739 3848 currus
754 3800 783 3847 et
823 3790 898 3844 mine
909 3790 1019 3845 Domini
1033 3791 1143 3861 (Metili.
1161 3794 1217 3859 xx.)
1235 3812 1247 3843 1
1265 3793 1296 3845 111
1319 3810 1375 3863 qua
1388 3796 1561 3866 equitatione
1581 3817 1624 3854 sa·

98 3901 134 3949 ‚aa
145 3884 265 3938 bonasin
275 3884 442 3954 quibasdam
455 3884 529 3947 locis,
540 3891 566 3936 01
577 3884 604 3936 in
615 3882 782 3953 quibusdam
824 3879 898 3933 nitas
910 3878 1068 3944 resonabat,
1081 3879 1148 3949 quia
1161 3879 1415 3937 nimirumillorum
1430 3884 1484 3939 iter
1497 3888 1623 3958 spiritale

98 3973 191 4028 esitas
204 3973 360 4041 intelligere
379 3989 535 4042 possumus.
551 3973 622 4025 Nam
637 3987 736 4026 currus
755 3976 784 4026 et
824 3967 997 4037 signabatur,
1010 3984 1066 4039 quo
1080 3968 1194 4022 domino
1210 3969 1280 4024 duce
1294 3986 1344 4040 per
1357 3973 1498 4042 apostolos
1510 3976 1547 4029 ad
1561 3978 1623 4047 ejus

98 4080 136 4131 ps
152 4062 316 4125 Pharaonis,
333 4078 361 4114 rn
379 4061 470 4115 Exodo
488 4061 572 4114 maris
593 4060 723 4115 fluctibus
736 4061 783 4114 de·
825 4074 886 4128 qua
901 4073 1013 4112 sursum
1025 4063 1067 4111 est
1080 4058 1247 4125 ierusalem,
1264 4076 1325 4131 quae
1340 4067 1382 4114 est
1395 4068 1487 4116 mater
1497 4066 1634 4133 omnium,

105 4152 239 4221 legimus;
256 4156 284 4203 et
296 4151 452 4204 econtrario
467 4167 585 4220 sponsus
598 4150 633 4203 ad
650 4166 781 4220 sponsam
824 4152 952 4200 nostrum
970 4145 1089 4200 videnda
1103 4147 1343 4216 regnadieuntur.

98 4239 141 4295 ico
151 4240 324 4293 cantieorum
341 4240 408 4293 dicit
421 4239 603 4309 :aliquitatui
616 4255 677 4292 meo
688 4238 783 4293 incur·
861 4253 874 4288 1
888 4235 1017 4290 Tendens
1030 4235 1162 4290 extendes
1169 4251 1263 4291 arcum
1271 4243 1352 4293 tuum
1358 4248 1567 4314 superseeptra,
1580 4245 1623 4300 di·

98 4329 235 4384 'hamonis
249 4329 401 4382 assimilavi
417 4334 454 4393 te,
467 4328 593 4398 proxima
611 4345 674 4381 mea
690 4329 780 4395 (Cant.
793 4342 839 4424 Do
855 4324 893 4378 eit
907 4323 1053 4378 Dominus.
1066 4324 1188 4379 ›Arcum
1196 4325 1454 4398 dicitimprorisum
1462 4331 1548 4386 divini
1558 4350 1623 4387 exa-

98 4434 131 4472 on
145 4435 201 4489 quo
228 4417 356 4471 Christus
380 4416 533 4472 Ecclesiam
556 4417 613 4470 sire
628 4433 719 4471 sermo
736 4417 784 4472 Dei
824 4413 908 4467 minis
923 4413 1083 4478 adventum,
1100 4430 1155 4483 quo
1169 4413 1255 4468 etiam
1277 4422 1395 4486 secptra,
1418 4419 1445 4472 id
1474 4426 1525 4485 est,
1537 4437 1625 4491 regna

98 4523 119 4572 n,
135 4524 221 4578 quam
231 4524 361 4578 sponsam
372 4512 548 4572 snarnseeat,
561 4506 785 4576 quadrigiscom-
826 4502 922 4556 mundi
937 4501 1124 4556 examinanda
1149 4519 1210 4556 esse
1235 4505 1370 4573 previdit.
1391 4507 1541 4562 Insinuans
1555 4526 1623 4580 ergo

98 4596 246 4654 hamonis,
270 4597 318 4649 sod
345 4613 399 4665 quo
424 4595 514 4649 omnis
537 4595 640 4660 anima,
657 4596 784 4665 quamvis
826 4591 973 4661 Propheta,
987 4590 1054 4660 quid
1068 4591 1203 4646 Dominus
1212 4598 1308 4646 nester
1321 4609 1407 4663 equos
1417 4597 1578 4664 ascendens,
1596 4599 1625 4653 id

99 4685 231 4755 citatque
247 4685 379 4754 perlecta,
391 4684 425 4737 ad
435 4684 785 4755 Demncomparata,quasi
827 4685 878 4741 est,
891 4679 1031 4750 apostolos
1042 4685 1071 4732 et
1085 4695 1181 4734 eorum
1196 4696 1371 4736 successores
1396 4685 1490 4753 gratia
1502 4703 1555 4741 sua
1569 4687 1623 4742 im-

101 4773 256 4828 Pharaonis
266 4773 311 4835 sit,
324 4780 352 4826 et
358 4774 528 4842 jumentum.
547 4772 625 4826 Unde
640 4779 668 4826 et
677 4774 786 4843 Moyses
827 4769 905 4839 plens
920 4785 952 4822 ae
964 4784 1065 4838 regens
1080 4772 1145 4837 agat
1155 4768 1185 4822 in
1198 4768 1264 4831 illis,
1278 4787 1291 4820 1
1307 4769 1465 4840 intendens,
1473 4774 1566 4847 inquit
1580 4794 1625 4831 ex-

98 4863 157 4917 rad
172 4863 261 4916 Deum
275 4879 302 4912 :a
320 4862 376 4930 l‘go
387 4867 481 4914 autern
498 4878 560 4914 sum
571 4860 783 4923 irrationabilis3
827 4857 925 4910 tendes
939 4862 1127 4912 arcumtuum
1151 4873 1236 4928 super
1254 4863 1373 4929 sceptra,
1392 4860 1421 4914 id
1439 4868 1490 4921 est.
1507 4866 1624 4920 commi-

98 4951 147 5021 id:
166 4972 178 4999 ι
195 4953 358 5005 iumentum
377 4950 467 5004 factus
486 4967 548 5004 sum
568 4950 642 5020 apud
659 4950 783 5020 te(l³snl.
827 4962 897 5000 nans
926 4962 976 5016 per
998 4945 1126 5000 doctores
1144 4946 1360 5003 comminaberis
1382 4950 1520 5020 judicium
1542 4959 1623 5008 tunm

104 5057 189 5094 »non
213 5057 269 5110 quo
283 5039 410 5093 absolute
421 5040 583 5108 jumentum
604 5039 649 5104 sit,
663 5039 711 5092 scd
731 5055 786 5110 quo
826 5034 919 5090 subito
930 5035 1126 5097 adventurum,
1139 5040 1171 5088 ut
1184 5035 1353 5107 quicumque
1373 5038 1408 5092 ed
1432 5040 1624 5095 comminatio-

97 5140 166 5184 leum
174 5131 334 5199 jumentum
346 5128 390 5181 sit.
408 5152 419 5177 a
438 5128 581 5182 suscitans
591 5145 656 5197 ergo
670 5128 786 5182 suscitat
827 5141 891 5179 nem
901 5124 948 5179 irco
959 5124 1038 5194 quasi
1053 5123 1088 5178 ad
1102 5129 1245 5177 extentum
1259 5141 1354 5180 areum
1365 5127 1481 5182 territas
1490 5129 1583 5194 fuerit,
1596 5135 1624 5184 et

99 5234 182 5272 suum
197 5218 342 5277 Dominus,
355 5217 568 5288 atqueintendit
576 5217 693 5287 sagittas
702 5233 787 5287 super
827 5214 924 5285 pietati
935 5219 989 5267 tuae
1001 5213 1158 5282 supplicare
1176 5214 1323 5280 curaverit,
1336 5216 1515 5271 emissionem
1534 5219 1623 5289 sagit·

99 5346 107 5371 ,
122 5328 131 5351 ·
150 5306 178 5360 id
193 5315 245 5369 est,
260 5323 347 5376 regna
362 5305 474 5367 diaboli,
492 5323 552 5376 quae
567 5306 708 5359 contraria
721 5312 787 5359 sunt
827 5310 931 5367 tarum,
944 5301 972 5355 id
992 5307 1043 5364 est,
1061 5301 1308 5356 comminationem
1331 5319 1386 5357 non
1400 5306 1504 5361 sentiat
1526 5324 1624 5378 peren-

97 5395 148 5449 1111
163 5395 281 5449 dirersis
296 5395 371 5449 vitiis
388 5401 417 5447 01
433 5395 563 5464 peccatis,
585 5395 637 5447 hoc
657 5400 708 5457 est,
725 5410 787 5448 ava·
828 5392 906 5446 nium
919 5406 1074 5461 penarum.
1090 5389 1168 5453 Quod
1182 5395 1277 5445 001001
1294 5392 1466 5462 premittens
1482 5398 1624 5453 standena

97 5484 197 5547 rxuria,
216 5483 330 5549 invidia,
343 5484 524 5547 detractione,
542 5483 623 5537 lurtis
633 5487 717 5551 atque
727 5499 788 5553 per·
828 5481 961 5535 extendes
970 5495 1065 5533 areum
1076 5484 1157 5533 tuum
1171 5485 1383 5551 superseeptra,
1399 5502 1412 5531 1
1428 5484 1544 5551 addidit,
1562 5488 1625 5542 adi-

97 5572 247 5628 adversum
258 5589 319 5642 quse
333 5588 426 5626 sermo
441 5572 491 5626 Dei
507 5571 606 5625 sedens
622 5570 650 5624 in
661 5570 740 5639 equis
759 5575 788 5623 01
828 5570 867 5624 011
879 5568 1022 5633 Dominus,
1042 5588 1055 5618 o
1073 5567 1162 5622 Deum
1171 5567 1284 5623 Patrem
1293 5568 1441 5640 signifieat,
1453 5573 1489 5629 de
1502 5576 1625 5648 quoipse
