3772 6120
635 338 748 398 PRAEF.
769 338 808 397 IN
826 337 894 395 LIB.
915 338 998 394 CAN.
1018 336 1147 397 POENIT.

684 603 739 666 ne
764 579 1100 679 Qumsrromuus

409 744 728 826 CANONUM
763 740 1371 822 POENITENTIALIUM

768 931 878 990 LIBRI
895 930 1004 990 ultus,

69 1067 156 1136 (Vide
171 1067 248 1121 inter
258 1064 346 1138 Opere
359 1064 516 1136 llolitpurr‘i
528 1063 690 1132 Patrotoyie
704 1066 770 1116 totu.
794 1060 845 1127 GV,
863 1063 915 1114 aot.
933 1054 1063 1126 ortuum
1086 1057 1130 1113 bic
1150 1057 1258 1115 dabani
1272 1064 1384 1116 tuntum
1400 1059 1592 1140 prefationem
1607 1057 1720 1127 mmor,

511 1151 596 1212 quam
611 1135 692 1189 libris
706 1133 851 1189 cononum
863 1131 1100 1203 penitentiarum
1112 1131 1270 1207 premisit.)

786 1291 981 1311 m

624 1373 833 1449 RABANI
860 1373 1169 1449 PRAEFATIO·

101 1621 227 1694 Oportet
241 1621 384 1678 hominem
399 1623 521 1695 primum
536 1640 588 1698 per
599 1622 789 1679 humilitatem
802 1624 903 1685 con-A
913 1624 1005 1680 cultus
1020 1627 1063 1678 est
1075 1622 1167 1690 alteri,
1179 1626 1255 1679 recte
1264 1622 1474 1679 constituuntur
1482 1626 1609 1695 tempora
1622 1624 1710 1696 poeai-

63 1707 601 1782 fessionisproderedebitasuacoram
611 1713 870 1780 Deoetsacerdote,
912 1713 1008 1768 tentiae
1033 1713 1068 1767 ab
1088 1712 1132 1767 his
1155 1712 1204 1786 qui
1229 1711 1512 1784 praesusumens,
1534 1718 1568 1769 ut
1589 1712 1712 1769 satisfiat

64 1802 97 1854 et
109 1798 153 1853 sic
164 1799 336 1871 penitentie
350 1802 464 1857 modum
480 1801 514 1858 ab
529 1819 561 1858 eo
572 1803 708 1858 indictum
723 1801 874 1873 diligenter
912 1803 997 1858 etiam
1012 1801 1140 1857 Ecclesia
1163 1802 1193 1856 in
1212 1817 1269 1874 qua
1286 1801 1471 1857 remittuntur
1489 1806 1613 1874 peccata.
1636 1800 1710 1876 Ergo

63 1888 197 1959 exsequi,
212 1891 374 1945 necreverti
388 1891 423 1945 ad
432 1891 526 1963 priora
535 1891 613 1959 uitia,
622 1891 671 1947 sed
686 1907 797 1962 semper
810 1895 872 1947 stu·
911 1906 976 1946 cum
990 1895 1070 1947 tanta
1080 1896 1125 1945 est
1134 1890 1347 1962 plagapeccati,
1356 1895 1388 1945 ut
1397 1889 1712 1964 medicamentacorpo·

62 1973 138 2031 dere
156 1992 209 2048 per
217 1977 336 2048 justitiae
351 1979 450 2034 callem
464 1979 609 2052 pervenire
624 1978 658 2034 ad
675 1979 810 2034 virtutum
824 1995 871 2035 ar·
912 1980 951 2034 ris
965 1984 994 2035 et
1007 1978 1153 2052 sanguinis
1167 1978 1280 2034 Domini
1293 1979 1351 2035 sint
1364 1978 1528 2047 differenda,
1541 1976 1715 2037 auctoritate¹

55 2080 130 2131 ‚cem
142 2082 149 2118 ι
160 2064 329 2121 humilitatis
336 2068 439 2140 quippe
448 2069 610 2124 testimonia
616 2074 683 2124 sunt
692 2069 871 2140 iniquitatem
911 2069 1046 2124 antistitis
1066 2067 1149 2124 debet
1167 2083 1197 2123 se
1211 2068 1330 2140 quisque
1344 2066 1380 2122 ab
1399 2067 1500 2123 altario
1515 2084 1658 2124 removere
1672 2067 1709 2126 ad

60 2147 150 2211 suam
164 2171 305 2228 quemque
321 2173 497 2227 cognoscere,
515 2163 544 2213 et
558 2159 699 2229 cognitam
718 2174 784 2213 voce
803 2175 870 2214 con·
911 2159 1048 2230 agendam
1063 2157 1266 2230 penitentiam,
1276 2161 1306 2213 et
1319 2158 1418 2212 eadem
1433 2156 1599 2213 auctoritate
1613 2171 1710 2229 reconff

61 2234 199 2299 fessionis
208 2245 327 2315 aperire,
335 2246 466 2317 quoniam
481 2246 616 2302 usitatum
631 2247 747 2302 humani
759 2246 871 2319 generis
910 2246 1013 2302 ciliari:
1026 2267 1037 2299 ι
1051 2247 1110 2302 Hoc
1118 2252 1162 2303 est
1174 2245 1250 2303 enim
1264 2263 1365 2320 corpus
1376 2251 1405 2301 et
1418 2245 1584 2317 sanguinem
1595 2245 1709 2302 Domini

61 2331 169 2389 ritimn
184 2336 228 2388 est
240 2338 268 2387 et
278 2333 396 2388 labendo
409 2341 551 2407 peccatum
563 2337 748 2403 committere,
758 2341 787 2390 et
796 2352 872 2390 com·
910 2335 1025 2406 indigne
1039 2335 1164 2407 accipere
1179 2336 1205 2403 (Ι
1217 2335 1278 2392 Cor.
1294 2337 1343 2405 xi),
1362 2356 1374 2384 s
1393 2333 1417 2390 si
1439 2351 1472 2389 eo
1493 2338 1620 2405 tompore
1634 2332 1708 2390 acci·

63 2421 190 2477 missum
204 2438 260 2477 non
276 2424 434 2479 confitendo
457 2425 585 2496 prodere,
608 2425 656 2480 sed
675 2425 803 2496 negando
823 2424 871 2480 da-
909 2424 970 2496 piat
983 2440 1038 2495 quo
1050 2423 1245 2496 poenitentiam
1255 2422 1340 2479 debet
1353 2439 1437 2494 agere
1448 2442 1455 2491 ;
1467 2439 1533 2478 nam
1545 2422 1607 2495 ipsa
1620 2421 1709 2496 poeni·

64 2509 194 2588 tendere,
210 2517 296 2583 atque
310 2513 468 2569 convictum
483 2514 656 2570 defendendo
672 2514 868 2586 multiplicare.
909 2512 1008 2578 tentia,
1020 2511 1131 2583 quando
1143 2511 1229 2584 digna
1243 2518 1286 2567 est
1294 2527 1381 2567 causa
1394 2517 1427 2569 ut
1435 2512 1590 2568 secuudum
1598 2527 1707 2567 morem

66 2597 110 2656 Ex
124 2599 174 2654 illo
189 2600 292 2673 quippe
315 2600 395 2673 lapsu
410 2602 493 2676 primi
508 2604 630 2658 bominis
646 2604 704 2659 haec
718 2609 870 2675 augmenta
910 2601 1038 2667 Ecclesiae
1052 2606 1161 2673 agatur,
1176 2601 1344 2674 plerumque
1357 2600 1523 2658 infirmitate
1533 2616 1590 2657 non
1600 2601 1705 2673 agitur,

66 2687 203 2759 nequitie
217 2688 356 2756 ducimus,
372 2707 475 2762 exque
490 2691 581 2763 ipsam
595 2692 717 2747 radicem
732 2692 869 2747 traximus
909 2691 977 2763 quia
983 2690 1074 2763 pudor
1083 2696 1112 2746 et
1120 2690 1206 2746 timor
1214 2695 1259 2759 est
1268 2689 1433 2762 displicendi
1442 2709 1448 2745 :
1458 2691 1581 2762 dumque
1589 2690 1652 2762 plus
1660 2689 1708 2746 de·

65 2774 168 2848 culpae.
184 2776 311 2848 Denique
324 2778 359 2834 ad
374 2779 427 2834 hoc
435 2780 544 2852 primus
553 2780 638 2836 homo
648 2780 799 2852 requisitus
812 2780 871 2836 sue·
910 2780 996 2836 lectat
1013 2781 1156 2836 hominem
1179 2779 1349 2838 existimatio
1368 2795 1452 2852 quam
1468 2778 1581 2851 justitia
1598 2793 1655 2851 que
1676 2793 1707 2835 se

66 2870 124 2932 rat,
142 2865 192 2937 qui
205 2865 436 2938 transgrediendo
445 2875 590 2941 peceatum
601 2869 790 2937 commiserat,
806 2886 870 2926 con·
911 2869 1030 2943 quisque
1055 2868 1185 2925 humiliat
1204 2866 1375 2941 poenitendo,
1391 2866 1552 2923 meminerit
1570 2865 1627 2936 ille,
1643 2867 1708 2940 qui·

65 2952 176 3010 tltcndo
189 2953 257 3009 illud
271 2955 387 3024 deleret,
402 2962 430 3013 ct
443 2957 632 3029 interrogatus
647 2957 694 3014 ubi
710 2959 867 3027 essetffien.
882 2968 901 3026 ιι
910 2973 1020 3029 cunque
1029 2964 1081 3026 cst,
1093 2957 1169 3029 quod
1181 2977 1193 3010 ι
1203 2957 1278 3013 Deus
1290 2956 1418 3030 superbis
1428 2956 1544 3024 resistit,
1554 2953 1709 3012 humilibus

65 3046 116 3112 ur),
139 3049 332 3115 perpetratam
355 3046 466 3117 culpam
492 3047 644 3118 respiceret
661 3052 689 3101 et
710 3048 868 3103 confitendo
908 3053 1004 3102 autem
1014 3048 1064 3102 dat
1074 3046 1196 3117 gratiam
1204 3048 1229 3114 (Ι
1234 3049 1306 3102 Patr.
1315 3063 1340 3113 v,
1348 3047 1406 3101 lac.
1414 3044 1566 3116 ru).nQuid
1579 3044 1655 3101 euim
1665 3048 1709 3101 est

66 3139 250 3202 cognosceret
258 3151 342 3206 quam
350 3134 663 3207 longeaconditorissui
671 3135 867 3192 iacieabesset.
908 3136 1076 3209 perversius,
1092 3136 1192 3208 quidve
1204 3135 1351 3202 infelicius,
1364 3150 1449 3206 quarn
1463 3132 1498 3189 de
1516 3134 1577 3208 ipso
1593 3133 1708 3190 vulnere

66 3219 177 3277 Indicia
192 3238 262 3278 verae
276 3223 457 3279 consessionis
471 3230 538 3279 sunt
552 3230 584 3280 ut
597 3242 661 3280 cum
675 3227 868 3298 unusquisque
909 3225 984 3298 quod
999 3226 1086 3281 latere
1095 3242 1151 3280 non
1165 3229 1258 3298 potest
1268 3240 1325 3280 non
1338 3222 1521 3279 erubescere?
1530 3223 1620 3280 Nemo
1631 3221 1707 3278 enim
1805 3254 1808 3259 ·

65 3325 96 3365 ee
108 3317 284 3382 peccatorem
295 3312 371 3379 dicit,
383 3313 457 3379 idda
467 3331 497 3368 se
506 3313 609 3369 dicenti
622 3315 707 3371 etiam
720 3315 802 3371 alteri
811 3333 868 3372 non
907 3314 1062 3371 arbitretur
1072 3318 1221 3386 propterea
1234 3330 1264 3370 se
1278 3313 1426 3369 consilium
1437 3310 1550 3369 salubre
1556 3311 1640 3384 hujus
1646 3326 1706 3384 poa·

66 3398 250 3454 contradicat.
261 3400 423 3456 Curandum
432 3418 499 3473 ergo
508 3420 686 3475 summopere
699 3409 742 3458 est
753 3405 868 3460 utmalu
908 3403 1034 3460 nitentior
1048 3402 1149 3457 debere
1164 3408 1353 3469 contemnere,
1363 3400 1431 3473 quia
1444 3399 1645 3457 advertitiorte
1658 3416 1707 3456 no·

66 3502 130 3558 quse
145 3486 263 3546 fecimus
276 3496 306 3544 et
322 3496 421 3562 sponte
443 3491 592 3557 fateamur,
612 3497 641 3548 et
661 3493 719 3550 haec
739 3492 802 3547 aliis
820 3510 868 3547 ar·
908 3492 1002 3564 vitque
1017 3490 1052 3545 ad
1064 3489 1161 3545 altaris
1180 3496 1357 3545 sacramenta
1369 3490 1500 3545 accedere
1513 3504 1633 3560 quorum
1649 3504 1707 3544 non

66 3575 219 3649 tuentibus
233 3594 289 3633 ιιοιι
308 3595 452 3650 negemus.
472 3580 614 3654 Superbiae
632 3598 754 3653 namque
768 3581 867 3636 vitium
907 3579 1020 3651 ignorat
1031 3578 1102 3633 talia
1114 3577 1232 3632 crimina
1245 3578 1320 3650 apud
1334 3595 1364 3633 se
1378 3578 1509 3633 retinere.
1521 3576 1708 3648 Corriguntur

67 3669 112 3721 est
125 3670 159 3720 ut
170 3666 245 3738 quod
256 3666 336 3722 fateri
354 3669 472 3741 quisquc
486 3687 538 3726 sua
551 3677 649 3741 sponte
659 3671 802 3742 dignatur,
814 3669 868 3725 hoc
908 3668 983 3724 enim
999 3667 1080 3723 multi
1098 3673 1130 3722 ut
1142 3667 1252 3733 Petrus,
1268 3666 1350 3722 multi
1373 3667 1532 3722 tolerantur
1553 3671 1586 3722 ut
1605 3665 1703 3733 Iudas,

66 3753 121 3811 sibi
135 3753 191 3809 dici
210 3754 245 3810 ab
262 3757 325 3811 aliis
345 3757 522 3830 dedignetur.
545 3760 650 3830 Pignus
669 3758 803 3814 debitoris
825 3765 868 3813 est
907 3757 989 3811 multi
1000 3757 1165 3812 nesciuntur
1177 3755 1266 3812 donec
1279 3753 1707 3812 reniatDominusetiliuminet

66 3842 206 3901 consessio
225 3846 387 3916 peccatoris.
405 3846 569 3902 Adebitore
588 3849 663 3903 enim
678 3850 779 3920 pignus
794 3850 867 3903 acci·
907 3844 1070 3901 abscondita
1091 3845 1271 3901 tenebrarum
1297 3850 1326 3900 et
1343 3843 1504 3900 manifestet
1522 3841 1706 3915 cogitationes

61 3931 151 4005 pitur,
161 3948 226 3987 cum
239 3949 256 3986 a
270 3939 399 4004 pecatore
409 3936 469 4005 jam
480 3936 585 4006 peccati
598 3936 734 3991 confessio
743 3943 864 4004 tenetur,
907 3934 1044 3990 cordium.
1055 3934 1113 3991 Nos
1120 3951 1185 3990 vcro
1197 3950 1368 4006 quemquam
1377 3950 1394 3988 a
1403 3934 1599 3988 communione
1611 3931 1705 4003 probi-

61 4024 92 4076 et
100 4021 237 4090 quoniam
250 4021 300 4075 filii
315 4022 364 4076 Dei
376 4023 501 4094 quandiu
514 4024 672 4079 mortaliter
684 4025 789 4092 vivunt,
802 4042 866 4082 cum
907 4022 973 4078 berc
980 4038 1036 4078 non
1048 4037 1204 4095 possumus,
1214 4022 1341 4096 quamvis
1349 4021 1409 4078 haec
1419 4020 1570 4094 prohibitio
1579 4019 1705 4077 noudum

62 4114 156 4165 morte
180 4109 344 4180 confligunt,
368 4112 438 4166 sicut
463 4112 564 4184 spiritu
582 4112 633 4168 Dei
653 4114 818 4182 excitantur,
835 4121 868 4171 ut
908 4113 945 4167 sit
953 4113 1088 4179 mortalis,
1101 4113 1150 4167 sed
1163 4112 1346 4179 medicinalis,
1358 4110 1414 4167 nisi
1423 4117 1473 4166 aut
1483 4117 1582 4183 sponte
1596 4108 1705 4166 conses-

61 4201 201 4269 tanquam
216 4198 266 4252 tilii
280 4199 331 4254 Dei
341 4201 490 4272 proficiant
503 4202 538 4255 ed
550 4202 638 4257 Deum
650 4223 655 4257 :
668 4202 709 4257 ita
722 4204 807 4258 etium
819 4221 868 4276 ag·
907 4217 965 4269 sus,
985 4206 1036 4256 aut
1058 4202 1088 4256 in
1102 4201 1196 4275 aliquo
1216 4201 1274 4257 sive
1294 4201 1420 4258 saeculari
1434 4201 1492 4256 sive
1517 4199 1705 4255 ecclesiastico

33 4324 37 4329 -
60 4290 504 4361 gravamecorporecorruptibili
515 4297 648 4362 tanquam
657 4292 707 4346 ulii
718 4293 865 4348 hominurn
874 4277 896 4335 (ἶ
905 4291 1011 4362 judicio
1025 4295 1173 4346 accusatus
1188 4290 1432 4362 atqueconuictus.
1441 4289 1557 4361 Oportet
1573 4286 1705 4359 igiturad

62 4376 93 4432 in
107 4376 278 4450 quibusdam
303 4378 435 4433 humanis
454 4379 578 4435 moribus
593 4381 737 4445 deficiunt,
754 4387 782 4436 et
796 4382 867 4437 relu-
906 4380 1101 4452 poenitentiam
1115 4381 1247 4435 accedere
1259 4396 1323 4435 cum
1343 4379 1420 4434 omni
1434 4378 1545 4442 fiducia,
1561 4380 1637 4432 etex
1650 4374 1705 4431 fide

64 4463 172 4521 buntur
181 4465 217 4520 ad
232 4467 348 4537 seipsos,
363 4467 481 4540 ideoque
498 4475 615 4540 peccant
625 4488 631 4536 ;
643 4469 761 4524 interest
769 4476 866 4526 tamen
906 4469 1098 4525 indubitanter
1111 4468 1226 4523 credere
1240 4467 1405 4540 penitentia
1422 4465 1528 4522 aboleri
1543 4481 1624 4538 posse
1638 4479 1705 4538 pcc·

63 4559 213 4627 quantum,
229 4571 321 4627 neque
344 4557 419 4611 enim
435 4574 517 4612 omne
532 4563 676 4629 peccatum
691 4559 795 4615 crimen
811 4566 863 4628 est,
906 4565 979 4626 cata,
987 4559 1096 4615 etiamsi
1112 4558 1141 4613 in
1155 4558 1255 4613 ultimo
1268 4559 1333 4612 vitae
1342 4557 1443 4629 spiritu
1457 4556 1606 4611 commissa
1618 4555 1706 4627 pleni·

64 4643 113 4698 sed
129 4659 214 4698 omne
231 4645 338 4699 crimen
354 4651 398 4700 est
413 4651 556 4718 peccatum
573 4665 578 4700 :
595 4653 756 4703 sanctorum
770 4649 865 4722 itaque
905 4656 985 4704 teat:
1007 4654 1036 4703 et
1048 4646 1160 4720 publica
1174 4646 1376 4702 lamentatione
1399 4650 1513 4718 peccata
1537 4645 1703 4715 prodantur,

65 4731 214 4788 hominum
227 4733 313 4788 vitam
332 4735 427 4805 quain
440 4736 492 4790 hac
507 4741 596 4791 morte
610 4737 721 4803 vivitur,
737 4738 796 4792 sine
811 4738 864 4792 cri·
906 4738 973 4810 quia
994 4736 1169 4809 propositum
1192 4734 1243 4791 Dei
1272 4751 1327 4807 quo
1350 4733 1474 4789 decrevit
1496 4734 1604 4787 salvare
1630 4732 1704 4804 quod

66 4821 141 4876 mine
157 4821 275 4876 inveniri
290 4839 381 4893 posse,
398 4824 458 4879 sine
473 4832 586 4896 peccato
600 4833 695 4880 autem
709 4843 864 4897 nunquam,
905 4826 1035 4897 perierat,
1053 4830 1110 4880 stat
1125 4824 1267 4880 immobile
1279 4842 1286 4891 ;
1298 4828 1327 4878 et
1339 4823 1403 4878 ideo
1423 4823 1490 4894 quia
1501 4822 1630 4877 voluntas
1644 4822 1705 4891 ejus

67 4915 98 4964 ut
111 4910 153 4966 ait
166 4911 310 4982 apostolus
323 4912 445 4968 loannes
461 4931 466 4967 :
482 4942 490 4964 ·
510 4914 538 4970 Si
553 4915 706 4970 dixerimus
721 4916 788 4986 quia
800 4932 866 4986 pec·
906 4930 962 4968 non
977 4919 1112 4976 mutatur,
1128 4915 1185 4969 sire
1195 4913 1392 4968 emendatione
1401 4912 1464 4967 ritae
1478 4911 1502 4966 si
1516 4918 1628 4982 ternpus
1642 4926 1706 4966 con·

66 5005 160 5053 catum
173 5016 229 5054 non
241 4998 519 5074 habemus,nosipsos
534 5003 703 5068 seducimus,
721 5012 749 5058 et
763 5006 865 5059 veritas
906 5004 1023 5070 ceditur,
1042 5004 1100 5059 sive
1125 5003 1244 5075 supplici
1261 5003 1434 5057 confessione
1452 5001 1476 5055 si
1496 4999 1628 5055 continuo
1648 4998 1707 5053 rita

67 5086 95 5142 in
113 5087 195 5143 nobis
215 5105 272 5144 non
295 5094 337 5144 cst
360 5093 387 5159 (1
405 5095 486 5146 loon.
508 5101 536 5165 1),
556 5113 569 5144 ι
588 5110 675 5148 unum
700 5100 793 5149 brenen
815 5111 865 5166 pro
906 5093 1057 5159 exceditur,
1065 5093 1330 5164 veuiapeccatorum
1341 5091 1462 5145 fideliter
1474 5092 1661 5160 praesumatur
1670 5085 1707 5140 ab

68 5175 155 5232 altero
165 5178 312 5234 consuevit
324 5197 428 5252 ponere
439 5181 593 5253 Scriptura.
606 5183 637 5237 In
652 5183 864 5237 necromantem
907 5182 953 5236 illo
968 5181 1015 5254 qui
1031 5198 1086 5235 non
1102 5180 1160 5235 vult
1170 5184 1289 5233 mortem
1305 5178 1468 5249 peccatoris,
1485 5176 1532 5229 sed
1548 5181 1705 5231 utconver-

68 5268 249 5338 penitentia,
263 5268 312 5323 ubi
327 5271 382 5326 tale
397 5270 576 5325 commissum
592 5276 631 5325 cst
646 5271 750 5327 crimen
765 5278 797 5326 ut
811 5272 834 5326 is
849 5288 866 5326 a
905 5269 1173 5340 taturapcrditione
1183 5263 1706 5340 penitendo,etsaivutusmiseratione

70 5355 174 5411 Christi
197 5372 313 5427 corpore
336 5359 382 5429 qui
405 5359 545 5413 commisit
561 5367 716 5431 separetur,
737 5378 792 5415 non
808 5367 864 5416 ιιιιιι
908 5360 956 5414 Dei
970 5360 1051 5413 visat.
1063 5357 1232 5414 cor-tissime
1246 5362 1312 5411 sunt
1328 5361 1353 5410 et
1371 5354 1539 5411 fidelissimae
1554 5353 1645 5407 clares
1655 5353 1706 5408 Ec-

70 5444 274 5499 consideranda
291 5452 335 5501 est
354 5463 487 5502 mensura
502 5451 638 5521 temporis
653 5467 737 5521 quam
752 5451 864 5517 doloris,
908 5447 1006 5513 clesiee,
1021 5445 1337 5518 quibussquodcunque
1352 5443 1382 5497 in
1394 5441 1607 5510 terrasolvitur,
1622 5441 1713 5497 eciam—

72 5552 85 5588 ι
100 5535 262 5589 Contritum
278 5542 307 5589 et
319 5535 498 5591 humiliatum
511 5539 585 5593 Deus
599 5554 656 5592 non
666 5538 773 5609 spernit
784 5541 864 5600 (Prot.
908 5536 937 5590 in
951 5536 1019 5589 coelo
1034 5535 1158 5591 solutum
1168 5535 1344 5607 promittitur
1359 5535 1448 5601 (donn.
1460 5537 1515 5601 xx).
1532 5551 1545 5584 u
1560 5532 1625 5587 Hoec
1634 5531 1709 5586 dicta

69 5629 99 5691 il.
118 5643 131 5677 ι
147 5622 222 5678 Sane
237 5624 303 5695 quia
313 5625 479 5702 plerumque
494 5627 574 5683 dolor
588 5627 704 5683 alterius
718 5626 809 5684 cordis
824 5642 868 5683 oc
908 5634 976 5683 suut
985 5627 1020 5682 de
1029 5624 1134 5700 duplici
1142 5624 1332 5683 sadsfactione
1341 5639 1398 5696 qua
1409 5622 1528 5696 quisque
1537 5621 1669 5679 humiliat
1677 5636 1708 5676 se
