3772 6120
112 328 179 385 lost
213 344 216 349 ·
411 324 441 378 il.
463 323 598 379 nnenm
618 322 734 380 muni
752 322 921 380 laomen.
941 319 1103 379 MOGUNT.
1123 312 1272 373 orendil
1290 307 1383 365 PARS
1402 304 1449 360 lli.
1686 289 1746 350 teti

181 453 286 507 Prasts
299 451 360 516 boc,
375 449 492 505 Genitor
503 449 617 521 optime,
631 448 753 504 maxime
920 452 940 508 Α
989 447 1029 502 lix
1042 441 1149 500 insanis
1160 439 1236 495 loros
1248 439 1345 492 arcent
1359 432 1416 488 vim
1430 422 1605 483 horrendam
1612 417 1747 477 damona.

183 541 243 597 lloc
255 544 297 604 tu,
312 545 378 595 nate
392 538 452 600 bei.
468 545 497 594 et
508 538 580 595 bone
594 538 719 611 spiritus,
989 535 1013 592 Ο
1027 534 1155 595 victores,
1171 534 1225 584 etc.
1651 599 1657 609 ι

255 630 387 700 Regneus
402 629 478 683 solus
491 629 521 683 in
535 646 610 693 arce,
954 624 1008 692 Qui
1017 625 1186 695 torquentur
1199 615 1261 672 ossi
1276 611 1382 684 flagris,
1400 608 1556 663 exarantur
1570 597 1718 671 unguibus

256 718 311 774 Per
319 723 419 774 cuncta
433 718 479 791 pie
496 719 607 774 secula.
989 710 1082 768 vincti
1095 715 1170 766 tetro
1181 707 1212 763 hi
1226 702 1333 760 catenis
1346 696 1534 755 includuntur
1546 705 1660 746 carcere

113 828 415 892 xxii-snmusns
427 825 911 908 conressons(usrnossrrnrco).
990 801 1158 902 Otictorvs
1178 803 1232 853 etc.
1341 883 1371 934 ω
1397 871 1582 932 Mamm
1591 865 1719 924 mm

186 1023 277 1078 Cerne
291 1022 425 1078 devotum
435 1021 486 1077 tibi
500 1027 701 1094 congregatum

187 1111 328 1168 Mentibus
338 1117 442 1167 caetum
454 1127 587 1167 resonare
601 1117 714 1167 cantum

293 1201 367 1256 Voce
380 1216 526 1257 canorum.

992 1070 1016 1126 0
1031 1068 1158 1130 victores,
1175 1070 1229 1120 etc.

956 1162 971 1214 J
973 1158 1045 1215 udex
1058 1162 1121 1212 ater
1134 1170 1205 1227 quos
1219 1151 1342 1207 Serenus
1355 1148 1446 1201 certat
1461 1140 1557 1215 poenis
1571 1137 1690 1201 nocere,

993 1248 1038 1305 llli
1052 1245 1150 1302 laudes
1167 1240 1248 1297 valde
1264 1238 1363 1309 dignas
1377 1231 1492 1291 Christo
1508 1228 1573 1301 regi
1584 1224 1737 1300 personant¹

991 1337 1015 1394 0
1035 1336 1162 1398 victores,
1179 1338 1232 1387 etc.

957 1427 1011 1493 Qui
1025 1426 1061 1480 de
1075 1422 1151 1479 coelis
1163 1419 1240 1475 misit
1253 1417 1401 1490 ipsismox
1410 1412 1544 1467 mlamen
1557 1405 1652 1478 angeli

995 1516 1034 1572 Ut
1045 1513 1081 1570 de
1093 1510 1190 1568 vinclis
1199 1507 1320 1573 liberati,
1336 1518 1450 1576 quoquo
1462 1499 1572 1554 vellent
1582 1502 1732 1568 pergerent.

996 1605 1019 1662 0
1034 1604 1164 1667 victores,
1186 1606 1239 1654 ete.
1481 1612 1487 1621 ·

959 1695 1015 1768 lpsi
1030 1709 1096 1747 vero
1108 1687 1231 1746 roborati
1246 1682 1395 1741 confortati
1409 1684 1557 1750 martyres

925 1771 950 1832 Β
994 1783 1062 1838 Post
1074 1782 1180 1836 Sereno
1191 1779 1251 1849 jorn
1261 1772 1352 1848 parati
1367 1766 1539 1843 presentari
1553 1764 1694 1821 testinant.

995 1874 1018 1929 0
1029 1872 1157 1935 victores,
1173 1873 1226 1921 ete.

959 1963 1037 2019 Tunc
1051 1961 1175 2015 Serenus
1190 1952 1372 2010 turbulentus
1387 1946 1469 2002 valde
1483 1946 1579 2001 iratus
1592 1941 1719 2014 precipit,

996 2051 1033 2108 Ut
1047 2050 1078 2105 in
1093 2047 1163 2102 silva
1176 2043 1259 2100 tracti
1271 2043 1346 2097 iores
1358 2042 1567 2093 truncarentur
1579 2030 1705 2088 madida.

998 2140 1022 2196 Ο
1038 2139 1165 2202 victores,
1177 2141 1232 2189 etc.

961 2231 1023 2296 Quo
1038 2225 1154 2301 proiecti
1168 2222 1344 2295 gratulantes
1358 2218 1433 2273 celsa
1447 2214 1594 2270 scandunt
1606 2210 1704 2276 adem,

998 2317 1110 2374 Laudes
1124 2315 1181 2369 illic
1194 2310 1380 2383 sempiternas
1396 2304 1515 2361 cbristo
1525 2301 1629 2357 dicunt
1641 2296 1756 2373 principi.

190 1291 243 1358 Qut
255 1298 336 1348 tuum
350 1291 456 1363 gaudet
464 1289 606 1346 celebrare
616 1288 728 1346 laetum.

188 1381 248 1447 Quo
263 1396 343 1438 sacer
355 1380 464 1436 lethum
477 1380 584 1435 viceras
597 1395 736 1435 amarum.

188 1470 319 1544 Corporis
331 1470 453 1524 claustra
469 1484 598 1524 reserans
612 1467 703 1525 eundo

294 1560 390 1614 Victor
403 1558 438 1613 ad
457 1564 544 1614 astra.

188 1648 267 1704 Unde
281 1663 355 1704 nunc
370 1663 492 1718 praesens
504 1648 550 1720 pie
568 1652 597 1702 te
611 1662 754 1719 rogamus.

189 1737 316 1793 iudicem
330 1736 425 1808 pulses
435 1737 565 1809 precibus
579 1737 707 1803 sacratis,

188 1827 333 1892 Quatenus
347 1827 437 1881 nostri
449 1826 609 1882 miserando
623 1825 746 1883 clemens

296 1915 340 1970 Sit
351 1929 461 1969 memor
475 1920 574 1971 auctor
588 1935 594 1970 :

189 2008 297 2080 Datque
311 2023 362 2062 nos
374 2022 488 2079 semper
500 2005 554 2060 sibi
567 2005 651 2061 conle
665 2005 746 2060 ildos.

189 2095 304 2152 Actibus
316 2096 406 2168 matis
421 2096 490 2151 satis
504 2100 533 2149 et
543 2096 663 2168 placere,

191 2185 289 2242 Omnis
303 2192 333 2241 et
344 2201 424 2241 noxa
438 2184 549 2241 veniam
567 2185 668 2240 mereri

298 2276 361 2348 lpse
375 2273 546 2346 redemptor.

191 2365 252 2422 lloc
263 2369 344 2438 pater
356 2370 462 2430 sancte,
473 2361 603 2435 precibus
614 2363 688 2418 beati

191 2457 315 2519 annuas,
331 2459 425 2508 tecum
439 2458 505 2508 tuus
520 2457 605 2525 atque
619 2451 709 2507 Natus

191 2543 289 2598 Almus
299 2548 329 2598 et
342 2542 438 2598 Fletus
451 2540 567 2608 tribuat,
583 2555 741 2614 precamur,

999 2407 1164 2470 Oratores,
1186 2408 1239 2457 cte.

963 2498 1022 2554 lloc
1029 2494 1173 2568 hymnista
1183 2504 1297 2546 carmen
1308 2486 1390 2541 ollert
1402 2498 1516 2556 pauper
1524 2478 1616 2543 vobis,
1624 2485 1758 2548 martyres.

998 2587 1208 2654 Qualacumque
1221 2579 1259 2634 sit
1272 2582 1377 2640 tenete,
1391 2588 1493 2628 servus
1508 2574 1606 2625 vester
1616 2565 1723 2622 obtulit.

299 2631 402 2688 Trinus
414 2637 443 2686 et
455 2646 539 2687 unus.
998 2675 1154 2732 ovicwm
1166 2667 1291 2743 gloriosi,
1307 2666 1352 2720 hig
1366 2667 1448 2719 0212oe
1463 2657 1613 2715 laudibus.

121 2740 230 2804 xliiii.
243 2773 279 2786 -
292 2749 305 2781 ·
317 2755 441 2801 erasus
453 2754 492 2801 ns
508 2755 551 2800 ss.
569 2754 762 2801 uacsmrso
777 2753 813 2800 sr
828 2751 922 2798 resno

421 2836 626 2883 “illlum
979 2840 1746 2911 xx1v.-1nssvsrsusnsussrsmrrnnss

120 2916 218 2971 (limas
228 2917 327 2971 laudes
341 2933 376 2972 ac
389 2915 516 2972 salubres
529 2915 740 2988 posco,iratres¹
756 2915 849 2971 dicite.

156 3005 233 3070 Quas
244 3005 369 3076 prolerre
382 3006 459 3075 cogit
472 3012 537 3077 apte
556 3021 630 3060 nunc
643 3011 805 3060 sanctorum
818 3004 919 3074 gloria,
963 2999 1092 3055 Salvator
1105 2996 1213 3061 mundi,
1227 2992 1275 3068 qui
1285 2990 1347 3047 coeli
1361 2992 1472 3061 sceptra
1481 2984 1640 3058 gubernas·

157 3092 181 3148 Ο
196 3093 314 3147 victores
326 3093 441 3164 gloriosi
458 3093 501 3148 bis
515 3097 595 3147 ovate
609 3092 748 3148 laudibus.
929 3097 953 3157 c
997 3087 1118 3159 Imperio
1132 3090 1162 3140 et
1173 3083 1322 3139 dominans
1335 3083 1435 3135 cunda
1448 3075 1526 3147 regia
1539 3071 1665 3146 proprio·

123 3182 198 3247 Quot
211 3182 313 3236 virtute
325 3181 409 3252 Regis
422 3181 490 3237 almi
500 3181 587 3235 fortes
601 3180 658 3236 vidi
667 3182 828 3254 martyres?
965 3178 1047 3233 Adsis
1060 3175 1207 3248 propitius,
1224 3186 1368 3227 servorum
1382 3174 1469 3238 atque
1484 3180 1583 3220 annue
1597 3162 1677 3224 votis,

158 3270 337 3327 Marcellinus
349 3276 437 3344 atque
450 3270 550 3325 Petrus
562 3272 623 3342 jam
638 3271 765 3327 vicerunt
778 3271 921 3327 saeculum.
999 3269 1042 3325 'l'u
1058 3267 1196 3322 miserans
1210 3267 1312 3337 presta
1326 3273 1444 3333 queque
1455 3261 1564 3328 rogant
1576 3251 1683 3309 emuli·

160 3359 184 3416 0
199 3360 318 3414 victores
331 3359 457 3433 gloriosi,
475 3366 529 3414 ete.
965 3355 1192 3430 Martyribusque
1206 3353 1264 3409 tuis
1277 3352 1330 3406 hoc
1340 3348 1427 3404 addas
1436 3349 1538 3418 iustus
1549 3343 1658 3399 bonore

125 3449 202 3515 Quos
211 3465 260 3504 arx
275 3448 350 3503 orbis
360 3454 389 3503 ct
403 3449 501 3520 regina
510 3448 601 3504 Roma
616 3449 757 3520 quondam
771 3451 897 3522 protulit.
1001 3446 1129 3502 Reddere
1145 3442 1218 3515 quod
1233 3440 1341 3513 possint
1355 3452 1475 3492 munera
1485 3435 1571 3505 larga
1581 3432 1641 3488 suis

160 3538 225 3610 lpse
237 3538 316 3593 misit
327 3538 363 3593 ad
378 3554 532 3610 supernum
546 3537 633 3609 Regis
646 3537 750 3594 Christi
764 3539 875 3595 solium.
967 3540 1025 3594 llos
1039 3535 1143 3592 Christi
1157 3540 1244 3588 testes
1258 3531 1386 3586 Romana
1398 3526 1499 3584 ascivit
1512 3524 1551 3580 ab
1566 3523 1637 3581 urbe

160 3627 184 3683 0
199 3628 327 3692 victores,
339 3634 393 3683 ete.
1001 3627 1053 3682 Vir
1068 3623 1174 3698 probus
1187 3619 1382 3686 innuamus,
1398 3615 1609 3688 constituitque
1619 3613 1720 3669 locum.

126 3713 269 3772 Exercista
280 3716 380 3772 Petrus
395 3722 494 3782 exstat,
510 3714 688 3772 Marcellinus
702 3717 856 3790 presbyter,
967 3717 1054 3787 Cujus
1068 3728 1222 3779 successpr‚
1238 3708 1361 3784 perlecta
1375 3704 1526 3779 presbyter
1541 3703 1621 3759 aulo.

161 3804 275 3860 Plebem
288 3822 397 3860 sacrem
403 3811 586 3861 convocantes
598 3805 681 3862 ambo
697 3807 808 3862 Christo
820 3823 925 3880 praepa·
1002 3802 1144 3861 Ratiaicus
1157 3800 1262 3857 sanctis
1276 3796 1402 3854 condidit
1415 3795 1493 3850 bunc
1509 3793 1641 3849 titulum.

162 3893 186 3950 Ο
200 3895 328 3962 victores,
349 3902 403 3949 ete.
797 3897 874 3967 [rant
967 3894 1043 3960 Quos
1054 3899 1095 3955 tu,
1108 3891 1219 3948 Christe
1228 3890 1313 3954 Deus,
1327 3892 1434 3942 aeterua
1448 3885 1479 3939 in
1492 3883 1602 3939 saecula
1616 3897 1705 3945 serva,

126 3981 218 4038 Verbo
230 3989 332 4039 curant
344 4000 375 4038 ac
389 3983 527 4038 medelam
539 3985 622 4055 egris
635 3984 762 4058 prebent
774 3984 892 4040 artubus
1004 3985 1131 4054 Cumque
1144 3979 1201 4035 tuis
1215 3977 1318 4034 sanctis
1332 3973 1449 4048 proemio
1463 3972 1555 4029 redde
1566 3971 1625 4044 poli
1639 3971 1693 4026 bis.

623 4092 778 4147 SCllOLIA
798 4090 1070 4148 CHRISTOPHORI
1091 4085 1271 4144 BROWERI.

163 4198 175 4228 ⁸
190 4187 240 4243 SS.
265 4187 592 4269 martyrum‘blarcellini
611 4194 640 4242 et
664 4189 741 4243 Petri
766 4189 889 4259 gloriosa
901 4194 961 4253 etl)
970 4189 1069 4243 liorem
1082 4189 1159 4253 (narn
1173 4184 1275 4239 diurno
1284 4197 1341 4236 non
1353 4178 1444 4234 multo
1458 4176 1588 4248 amplius
1602 4175 1706 4230 itinere
1715 4173 1768 4228 Ful-

11 4282 17 4290 ·
128 4258 731 4331 plenamiracnlrsexstrtittranslatio;quarn
739 4259 924 4330 Egrnbarvius.
969 4260 1006 4315 da
1019 4259 1115 4325 distat)
1131 4257 1256 4327 impense
1270 4257 1428 4307 veneratur.

128 4346 162 4385 ex
172 4329 264 4384 Caroli
280 4329 375 4400 Magni
387 4336 415 4385 et
429 4329 560 4385 Ludovici
576 4330 624 4385 filii
639 4330 762 4413 palatino
779 4332 927 4403 religiosus
1004 4327 1223 4399 reginhardum
1238 4323 1357 4378 basilios
1367 4320 1548 4376 conditorem
1564 4326 1714 4377 memorat.
1727 4317 1768 4369 bu·
1806 4354 1809 4359 .

128 4406 157 4456 et
171 4400 378 4456 eruditissimus
391 4400 486 4466 abbas,
497 4408 619 4474 quatuor
629 4402 716 4466 libris,
728 4403 776 4485 qui
789 4408 865 4456 toruo
875 4402 926 4459 Vll
965 4403 1012 4526 pps
1025 4415 1212 4455 successorem
1220 4390 1586 4514 Ratlaicumpresbqterum
1599 4395 1630 4444 et
1639 4388 1766 4443 abbatem.

129 4472 249 4527 Suriano
259 4473 400 4543 leguntur,
408 4480 536 4527 accurate
545 4475 645 4545 pieque
654 4473 815 4545 descripsit;
830 4476 926 4528 Anna·
990 4472 1090 4527 usilicre
1104 4486 1204 4525 novam
1226 4467 1359 4522 fabricem
1373 4464 1415 4517 vel
1434 4478 1470 4516 au
1483 4478 1533 4514 aru
1555 4460 1705 4531 adjecisse,
1723 4472 1768 4529 qua

129 4543 198 4598 lium
208 4544 459 4598 aeclesiasticorum
467 4544 587 4615 scriptor
598 4552 759 4617 excerptum
768 4561 842 4599 anno
853 4545 931 4599 Chri·
971 4551 1110 4615 martyres
1122 4540 1266 4595 decentius
1272 4537 1448 4595 accubamus,
1459 4539 1550 4602 atque
1564 4532 1687 4586 adtituli
1697 4530 1768 4583 deca

129 4613 166 4668 sti
173 4611 224 4669 8⁴26
235 4621 263 4668 et
272 4614 454 4685 sequentibus
462 4616 590 4670 attexuit.
600 4616 932 4671 Primusadventusmar·
972 4614 1130 4688 poposcisse
1144 4611 1290 4681 ingenium
1307 4607 1389 4663 amici
1405 4611 1506 4676 poete.
1527 4603 1677 4658 Rallaicus
1689 4602 1712 4656 is
1724 4614 1767 4680 qua

129 4693 225 4757 tyrum
241 4701 274 4738 ex
289 4685 357 4739 urbe
368 4686 636 4752 Micbilunstodiurn,
646 4687 674 4741 in
684 4688 757 4742 saltu
768 4689 813 4742 cui
828 4703 931 4741 nomen
972 4685 1091 4748 consilii,
1103 4683 1224 4747 virtutis,
1237 4680 1425 4749 doctrinaeque
1440 4674 1622 4747 prestantia,
1643 4681 1736 4745 postes
1746 4686 1767 4722 n

131 4754 313 4819 0d⁰¹¹0W8¹dv
328 4756 403 4811 inter
425 4758 539 4812 Nicrum
561 4764 590 4813 et
611 4759 744 4820 Menum,
760 4776 807 4813 sex
822 4758 932 4812 circiter
972 4757 1102 4813 Ludovici
1113 4755 1180 4826 imp.
1194 4752 1299 4827 palatio
1308 4749 1444 4812 floruerit,
1457 4763 1491 4800 ex
1502 4748 1570 4817 ejus
1582 4745 1767 4823 epitaphioco·

131 4827 218 4881 leucis
233 4844 249 4880 a
264 4827 355 4882 Mune
369 4828 485 4882 flumine
497 4828 636 4893 dissitum,
672 4847 708 4884 uo
719 4829 747 4883 in
759 4831 819 4884 loco
834 4847 931 4884 recens
971 4836 1130 4898 gnoscetur.
1148 4827 1266 4880 Prorsus
1280 4821 1408 4876 eurrrdem
1417 4834 1583 4882 censensus,
1599 4833 1686 4887 quern
1699 4815 1767 4883 egra·

131 4898 308 4968 Egiubardus
319 4915 457 4952 secessum
468 4901 529 4954 vitm
542 4848 739 4972 tranquffiiori,
752 4908 781 4954 ct
791 4901 930 4955 basilicans
973 4899 1077 4953 bardus
1092 4898 1120 4952 in
1135 4897 1212 4952 Actis
1228 4891 1419 4950 translationis
1434 4890 1485 4943 SS.
1508 4896 1685 4969 martyrum.
1701 4898 1766 4938 suum

131 4976 267 5035 erexerat,
283 4970 332 5024 sed
347 4970 462 5024 eodum
487 4978 613 5042 ternpore
624 4989 681 5031 non
696 4973 864 5026 dedicatam.
880 4973 932 5027 llic
973 4978 1053 5025 vocet
1067 4968 1207 5023 notarium
1221 4987 1226 5020 :
1241 4972 1270 5020 et
1283 4966 1364 5033 cujus
1378 4975 1535 5032 perspicaci
1543 4960 1689 5013 industria
1697 4957 1767 5033 soler·

132 5048 271 5112 martyres
284 5040 318 5094 dc
357 5041 412 5106 siti,
428 5043 662 5114 multissupornve
673 5043 933 5114 monitisurgebnnt
972 5041 1069 5112 tiaque
1083 5056 1200 5111 corpora
1213 5039 1267 5093 ista
1282 5037 1405 5107 primum
1420 5032 1449 5085 in
1462 5029 1539 5086 Urbe
1554 5040 1699 5111 cxflerypur
1709 5026 1766 5108 basr-

132 5111 296 5175 descessum,
332 5129 401 5166 onec
414 5114 540 5183 repetitis
559 5115 708 5176 inundatis,
724 5121 830 5186 septem
842 5114 931 5168 conti-
973 5113 1033 5167 licie
1048 5114 1076 5167 S.
1086 5109 1348 5168 Tiburtiiextracte,
1360 5103 1481 5173 indeque
1492 5117 1611 5171 magnvs
1627 5096 1766 5155 runenbcs.

132 5196 190 5263 nuo
204 5183 312 5247 diebus,
321 5184 437 5254 perenni
446 5185 591 5253 sanguinei
608 5185 733 5240 bumoris
749 5185 874 5240 scatebra
889 5185 932 5239 di·
974 5201 1044 5238 ausu
1054 5199 1109 5238 non
1120 5181 1211 5253 magis
1225 5179 1288 5234 lorti
1304 5193 1389 5250 quprn
1403 5173 1476 5228 se'lici
1490 5188 1630 5226 successu
1644 5172 1767 5289 ductuqu'k

134 5253 272 5332 stillantes
287 5255 476 5325 impetrarunt
489 5257 674 5322 evectionem
688 5256 850 5327 conditique
867 5263 934 5311 sunt
974 5256 1108 5316 coelitum,
1124 5252 1159 5308 ud
1176 5254 1298 5307 Menum
1313 5247 1452 5303 rmnslata
1464 5252 1545 5324 alut
1562 5252 1734 5324 renovans-u

136 5321 249 5378 basilica
259 5324 676 5392 liu·inbein1ia,ubinunccum
692 5345 737 5382 am
759 5328 933 5383 lissimonro-
974 5343 1039 5398 que.
1055 5333 1084 5380 et
1098 5339 1274 5398 quacumque
1293 5319 1464 5378 incederent,
1486 5330 1640 5394 impressrs
1660 5318 1767 5366 murum

135 5394 268 5474 miecio,
285 5394 331 5450 cui
388 5399 522 5453 inbardus
537 5399 658 5470 praefuit.
675 5345 789 5453 basilica
809 5404 838 5453 et
856 5398 933 5469 oppi-
974 5403 1146 5461 sanctorum,
1161 5412 1223 5466 (pure
1237 5393 1265 5448 in
1280 5388 1418 5461 ejusmodi
1432 5392 1529 5467 tractu
1551 5400 1668 5439 evenire
1683 5382 1767 5441 soient,

134 5463 201 5518 duur
213 5464 368 5535 Soligensta
387 5469 446 5522 ium
454 5470 624 5538 Moguntinae
634 5470 758 5532 ditionis,
767 5469 800 5522 ad
810 5471 933 5524 bloenurn
975 5468 1175 5523 miraculorum
1190 5463 1323 5535 vestigiis.
1337 5461 1470 5516 Unavero
1480 5456 1581 5511 littera
1593 5461 1711 5519 titulata,
1720 5465 1769 5522 per

134 5551 247 5620 amnem
262 5537 345 5590 situm
355 5544 406 5619 cst.
417 5540 524 5594 Horum
535 5541 630 5613 itaque
644 5548 801 5624 martyrum
817 5540 935 5612 patroci-
974 5540 1028 5595 sim
1043 5537 1203 5608 Egrinbardo
1218 5535 1320 5591 dicitur
1335 5530 1488 5588 Ratlaicus.

134 5623 189 5665 nrrs
205 5605 332 5676 indulget
346 5607 391 5660 lue
406 5609 547 5676 itatenus,
562 5620 592 5666 et
605 5628 774 5669 memor-mn
784 5611 837 5666 gibi
851 5610 933 5665 fami.
