3772 6120
622 333 838 390 ALLEGORIAE
857 336 896 391 ΙΝ
917 336 1062 392 SAORAM
1081 338 1321 394 senmurum.

366 627 690 725 ΒΕΑΤΙ
734 628 1162 727 RABANI
1204 628 1572 732 MAURI

488 836 685 891 FULDENSIS
704 837 856 892 nunnus
881 838 925 891 ΕΤ
944 836 1152 894 MOGUNTlNI
1171 840 1450 898 ARCHIEPISCOPI

161 1015 539 1136 alterumn
571 1022 637 1136 ΙΝ
671 1021 1040 1138 uoluuntur
1073 1025 1318 1143 sltnlu
1352 1028 1742 1146 acerarundo
1774 1034 1789 1072 ³

174 1355 317 1425 Quisquis
330 1356 365 1409 ad
384 1373 469 1412 sacrae
489 1359 638 1430 Scriptura
654 1361 782 1415 notitiam
809 1361 981 1423 desideratA
993 1362 1059 1416 dum
1072 1379 1123 1434 per
1134 1365 1438 1431 allecoriaexercitium
1454 1363 1518 1419 fidei
1532 1364 1666 1437 mysteria
1682 1365 1787 1436 pandit,

132 1444 304 1515 pervenire,
317 1445 394 1515 prius
408 1446 558 1516 diligenter
571 1450 729 1503 consideret
742 1450 853 1520 quando
864 1450 949 1504 histo·
990 1450 1123 1505 fabricam
1138 1453 1240 1506 mentis
1253 1453 1281 1507 in
1302 1470 1427 1507 amorem
1447 1454 1574 1508 ueritatis
1597 1453 1704 1508 extollit
1722 1454 1790 1509 dum

135 1533 219 1594 rice,
234 1533 345 1602 quando
360 1534 518 1605 allegorice,
532 1539 642 1607 quando
660 1539 821 1609 anagogice,
838 1539 949 1608 quando
992 1557 1055 1594 tero
1070 1545 1271 1612 peranapopr'a
1283 1541 1486 1597 sublimitatem
1496 1542 1530 1596 de
1540 1542 1789 1614 aeternissupernae

138 1621 321 1690 tropologice
331 1637 411 1676 suam
420 1627 608 1680 narrationem
615 1633 752 1681 contexat.
765 1629 820 1681 Has
828 1644 948 1698 namque
990 1630 1088 1700 patriae
1094 1630 1206 1700 gaudiis
1219 1630 1341 1693 disserit,
1358 1631 1564 1702 quodammodo
1575 1638 1682 1687 tectum
1695 1648 1790 1704 super·

142 1720 272 1778 quatuor
300 1711 510 1782 intelligentias,
527 1716 654 1770 videlicet
670 1719 826 1781 lu'storiom,
850 1721 949 1783 extirpo
990 1719 1088 1789 ponit:
1107 1719 1175 1773 dum
1193 1726 1289 1774 autem
1304 1721 1452 1792 mysticum
1467 1721 1496 1774 in
1509 1725 1669 1790 tropolopia,
1683 1721 1793 1776 intelle·

145 1798 236 1862 riarrr,
253 1805 442 1868 tropologiam,
464 1809 640 1872 ortopopiom,
655 1813 776 1877 quatuor
795 1807 893 1859 matris
907 1823 950 1859 sa·
990 1812 1066 1862 ctum
1082 1825 1132 1879 per
1146 1809 1414 1880 contemplationum
1437 1808 1589 1881 investigat
1616 1811 1788 1879 exercitium,

147 1884 263 1953 pientia
286 1890 359 1943 lilios
387 1907 526 1958 vocamus,
549 1895 561 1933 Ι)
585 1895 620 1948 ad
634 1896 714 1965 cujus
738 1895 947 1966 inquisitionem
990 1897 1024 1950 de
1039 1914 1094 1968 spuo
1109 1897 1261 1968 loquimur,
1277 1898 1422 1969 spirituale
1439 1896 1588 1953 aedilicium
1605 1898 1723 1953 diversis
1737 1900 1792 1954 rir-

147 1972 236 2040 plena
247 1978 371 2048 ipsarum
386 1981 493 2049 agnitio
504 1983 600 2049 totius,
615 1984 687 2054 quod
704 1985 729 2037 ei
749 1985 829 2049 inest,
848 1985 948 2040 secreti
989 1985 1106 2051 tutibus,
1124 1991 1182 2040 tam
1197 1987 1232 2040 iis
1243 2004 1304 2057 quae
1316 1987 1391 2041 intus
1410 1987 1445 2040 ad
1461 1987 1612 2041 Dominum
1629 2004 1714 2057 quam
1730 2006 1790 2059 quae

147 2060 192 2115 sic
214 2067 396 2123 manifestatio
413 2071 466 2124 nisi
482 2071 594 2126 illarum
617 2074 693 2144 prius
708 2073 840 2144 inquisita
856 2074 949 2144 cogni·
989 2080 1068 2128 extra
1091 2075 1234 2144 pertinent
1252 2076 1286 2129 ad
1302 2076 1468 2146 proximum.
1485 2076 1725 2147 permortalitatis
1747 2094 1792 2131 ve·

147 2148 238 2211 lione.
249 2157 406 2226 pertingere
421 2160 579 2229 nequimus.
596 2163 685 2216 Mater
693 2162 796 2233 quippe
805 2161 948 2231 Sapientia
990 2165 1218 2237 nustatemquasi
1232 2164 1369 2219 distinctis
1376 2165 1689 2235 pulchrorumcolorum
1704 2165 1793 2219 varie·

145 2253 205 2306 per
216 2244 262 2297 bos
276 2245 436 2316 adoptionis
452 2248 522 2302 lilios
538 2250 635 2320 pascit,
653 2251 798 2304 conferens
813 2251 948 2321 insipien·
989 2252 1095 2305 tatibus
1111 2259 1201 2306 ornat.
1214 2254 1285 2307 Curn
1296 2253 1382 2323 igitur
1393 2259 1501 2307 constet
1514 2254 1564 2306 has
1571 2258 1693 2323 quatuor
1704 2262 1791 2307 sm

146 2325 228 2385 libus
242 2331 463 2407 [incipientibus]
487 2345 570 2409 atque
590 2340 694 2393 teneris
715 2346 812 2410 potum
829 2340 857 2393 in
878 2341 948 2394 lacte
991 2341 1140 2411 Scripturas
1161 2341 1371 2411 intelligentias,
1383 2341 1545 2413 omnequod
1562 2347 1590 2396 et
1612 2343 1651 2412 [F.
1665 2341 1702 2411 ei]
1717 2341 1791 2395 inest

146 2413 285 2484 historias
294 2423 323 2478 in
335 2425 388 2478 lide
399 2432 495 2480 autern
509 2429 827 2498 pr·0l1cientibus,cibum
838 2429 865 2483 in
877 2447 949 2500 pane
990 2437 1128 2484 secretum
1143 2430 1277 2494 revelare,
1285 2430 1365 2484 nobis
1376 2431 1611 2485 considerandum
1624 2437 1668 2485 est
1678 2429 1790 2501 quando

144 2507 307 2576 allegoria·
332 2513 412 2567 bonis
429 2533 492 2569 vcro
518 2523 546 2569 ct
570 2523 684 2572 strenue
707 2520 898 2589 operantibus,
921 2524 949 2573 ct
989 2519 1142 2573 secundum
1164 2534 1251 2574 unam
1277 2520 1502 2590 solan1,quando
1526 2520 1679 2574 secundum
1708 2520 1787 2585 duas,

145 2599 282 2660 oneribus
298 2600 379 2655 bonis
400 2604 606 2672 insudantibus,
625 2608 784 2661 satietatem
808 2608 950 2679 insapida
992 2608 1103 2678 quando
1120 2608 1274 2662 secundum
1294 2616 1360 2668 tres.
1393 2609 1505 2680 quando
1527 2609 1614 2665 etiam
1636 2608 1791 2663 secundum

144 2683 300 2742 refectione
321 2695 490 2760 tr·opoloptr;
512 2695 567 2747 illis
585 2695 705 2767 denique
728 2696 775 2767 qui
796 2703 825 2751 et
838 2697 873 2750 ab
888 2669 1090 2750 irnisBomnes
1098 2695 1309 2766 simulquatuor
1318 2697 1436 2768 intelligi
1444 2697 1520 2750 velit.
1530 2697 1657 2768 Cumque
1667 2696 1791 2767 primum

144 2779 206 2835 Per
220 2786 409 2851 contemptum
425 2790 602 2838 terrenorum
614 2787 789 2856 suspensi,et
797 2788 832 2839 ad
843 2803 954 2839 summa
992 2785 1050 2838 haec
1066 2785 1161 2837 onmia
1171 2785 1325 2850 hocmodo,
1342 2786 1411 2840 duce
1426 2785 1489 2856 ipsa
1500 2785 1627 2852 veritate,
1643 2785 1792 2856 indagave-

143 2868 328 2922 percoeleste
343 2870 513 2926 desiderium
525 2879 591 2927 sunt
601 2875 731 2945 provecti.
743 2874 864 2928 sobriam
871 2876 952 2928 theo·
993 2873 1081 2926 rimus
1098 2891 1103 2925 :
1121 2873 1243 2927 secundo
1253 2888 1365 2927 necesse
1376 2879 1419 2928 est
1428 2878 1460 2929 ut
1469 2874 1570 2944 quibus
1585 2881 1686 2946 quotve
1701 2874 1792 2930 modis

144 2944 218 3009 ficte
230 2960 475 3030 contemplationis
490 2962 655 3017 ebrietatem
676 2963 705 3017 in
723 2964 786 3016 rino
800 2967 950 3030 ouapopr'a.
992 2979 1037 3015 res
1051 2961 1086 3015 de
1109 2961 1210 3032 quibus
1229 2967 1332 3015 tractat
1350 2962 1476 3033 accipere
1495 2962 1643 3033 possimus,
1666 2963 1791 3018 studiose

144 3032 427 3119 litator-coadaptam
439 3053 881 3122 rerumgestarumnarrationem
892 3069 953 3123 per·
992 3058 1209 3120 perscrutemur.
1228 3051 1282 3105 Pro
1303 3067 1335 3103 eo
1348 3068 1469 3122 namque
1494 3052 1568 3122 quod
1583 3068 1640 3106 una
1659 3068 1791 3107 nonnun-

143 3123 232 3201 finct
250 3153 312 3207 quae
327 3139 397 3192 etin
411 3141 670 3210 superficialitterae
685 3143 854 3205 continetur,
871 3141 953 3195 etsie
993 3156 1077 3210 quam
1093 3140 1247 3211 eademque
1263 3157 1307 3193 res
1322 3139 1391 3193 nihil
1412 3139 1466 3194 sibi
1485 3141 1652 3195 naturaliter
1674 3140 1791 3222 insitum

145 3205 320 3295 i¹ltclligitur
337 3227 409 3280 sicut
434 3229 544 3298 legitur.
568 3232 706 3296 slllrporio
722 3248 786 3284 rero
802 3230 908 3301 aliquid
923 3229 952 3283 in
993 3228 1078 3282 habet
1091 3230 1175 3299 quod,
1188 3234 1325 3299 quantum
1336 3230 1369 3282 ad
1382 3229 1537 3284 humanum
1550 3230 1687 3284 duntaxat
1695 3246 1792 3302 corpo

145 3312 389 3379 &plascentinet
399 3319 471 3386 quod
482 3336 532 3389 per
543 3319 594 3373 hoc
604 3321 677 3390 quod
690 3321 766 3374 locus
778 3321 815 3391 [F.
823 3319 951 3391 loquens]
993 3318 1051 3371 rale
1064 3318 1242 3371 commodum
1254 3318 1495 3373 etincommodum
1511 3325 1625 3390 spectat,
1639 3326 1668 3373 et
1677 3318 1792 3390 probari

144 3387 183 3446 ‘¹0
199 3403 239 3456 rei
252 3403 371 3458 veritate
386 3406 420 3459 ad
436 3407 568 3477 quiddam
582 3409 631 3462 dat
644 3410 858 3480 intelligendum
873 3411 906 3463 de
922 3410 953 3463 fi·
992 3413 1021 3460 et
1033 3406 1177 3476 reprobari
1188 3407 1262 3460 valet
1278 3426 1283 3459 :
1296 3407 1358 3477 ipsa
1366 3408 1501 3460 nimirum
1511 3424 1568 3461 una
1580 3407 1735 3480 eademque
1744 3424 1791 3462 res

147 3478 195 3542 dei
211 3493 345 3563 puritate,
362 3501 391 3549 et
404 3502 506 3550 sancta
519 3498 645 3552 Ecclesia
662 3500 804 3570 mysteria,
813 3501 869 3553 sire
879 3517 952 3570 prae-
992 3512 1048 3549 non
1060 3495 1150 3548 solum
1166 3494 1315 3561 diversam,
1331 3496 1379 3549 scd
1395 3501 1422 3548 et
1438 3496 1583 3549 adversam
1598 3496 1749 3567 aliquando
1761 3496 1791 3550 in

147 3582 252 3649 senua,
268 3584 326 3637 sire
345 3585 448 3651 futura,
465 3587 538 3640 alind
556 3587 661 3649 dicens,
682 3588 757 3642 aliud
780 3589 948 3659 significans,
993 3584 1137 3654 Scriptura
1151 3599 1231 3637 sacra
1251 3583 1484 3652 significationem
1506 3584 1608 3638 habere
1629 3590 1730 3655 potest.
1754 3584 1792 3638 Ut

150 3672 366 3740 exuperantem
381 3675 668 3743 ligmentrsetxelatis
683 3677 951 3745 ostenditlropolo·
991 3673 1075 3733 enim,
1088 3672 1211 3743 ,exempli
1240 3687 1332 3738 causa,
1349 3673 1383 3725 de
1408 3672 1564 3726 innumeris
1585 3672 1641 3727 tria
1666 3671 1792 3743 profera-
1872 3694 1876 3701 ·

149 3753 196 3810 iio
212 3775 325 3831 quoquc
339 3761 443 3832 etipsa,
456 3764 677 3833 sicutallcgoria,
695 3765 722 3818 in
741 3765 876 3834 figuratis,
894 3765 950 3820 sire
994 3779 1081 3815 xnus:
1111 3766 1140 3813 et
1160 3777 1248 3831 aquae,
1278 3761 1358 3830 cujus
1377 3759 1495 3814 llunrina
1520 3761 1613 3815 lluunt
1633 3761 1667 3814 de
1693 3767 1791 3816 rentur

99 3892 103 3915 ‚
151 3834 244 3913 dietis,
262 3849 320 3902 sire
343 3850 431 3916 lactis
447 3859 557 3905 constat
573 3871 578 3904 :
597 3852 645 3906 sed
661 3854 690 3906 in
705 3853 757 3906 hoe
771 3852 805 3906 ab
819 3853 954 3922 allegoria
994 3849 1142 3914 credentia,
1164 3856 1206 3903 est
1229 3866 1302 3920 aqua
1320 3855 1418 3903 contra
1444 3865 1528 3921 quam
1550 3850 1675 3922 psalmus
1704 3850 1792 3921 [Psal-

99 3926 103 4003 ζ
152 3925 242 3990 distat
256 3939 331 4008 quod
346 3943 480 4006 allegoria
494 3942 605 4013 quidem
614 3942 707 4008 sidem,
726 3945 876 4011 tropologia
890 3957 955 3995 xero
996 3939 1177 4010 mographus]
1211 3946 1281 4006 orat,
1298 3955 1333 3992 ne
1364 3956 1442 4010 aquae
1469 3956 1534 3994 eum
1560 3944 1714 4011 tempestas
1746 3939 1793 3994 de·

99 4008 102 4037 ¹
140 4024 276 4080 widrat
285 4029 483 4087 moralitatem.
500 4034 642 4098 loupopiu
657 4038 762 4093 autern,
779 4032 836 4085 sive
846 4009 1106 4098 relatis,Cmergat
1121 4047 1128 4095 ς
1145 4033 1173 4081 ct
1186 4027 1255 4080 item
1270 4028 1402 4094 camelus,
1420 4028 1469 4100 qui
1494 4046 1545 4100 per
1572 4028 1698 4083 foramen
1726 4044 1793 4082 aeus

146 4104 213 4168 *ite
224 4117 330 4187 apertis
350 4118 441 4181 dictis,
459 4119 492 4171 dc
507 4120 618 4173 aeternis
634 4137 761 4191 superma
777 4120 874 4191 patriae
887 4137 955 4190 gau·
996 4117 1105 4182 transit,
1119 4117 1331 4170 estetcarnelus
1355 4117 1390 4170 de
1411 4134 1466 4189 quo
1474 4116 1610 4184 Rebecca,
1628 4118 1685 4181 riso
1703 4119 1791 4184 lsaac,

141 4189 210 4256 diis
223 4211 342 4272 constat,
357 4215 386 4261 et
400 4225 461 4278 qum
476 4226 582 4262 merces
592 4209 634 4261 rel
646 4209 729 4262 lulcm
744 4209 910 4275 rectam,er
919 4209 955 4262 ri·
995 4205 1154 4260 descendit:
1178 4212 1221 4259 cst
1242 4222 1353 4277 quoque
1368 4207 1411 4260 leo
1421 4206 1469 4278 qui
1479 4206 1544 4261 vicit
1558 4207 1593 4261 de
1608 4206 1683 4261 tribu
1695 4205 1768 4260 luda
1785 4223 1791 4272 ;

136 4281 492 4363 t*²111nrrreeataanctam,
509 4297 954 4368 rerbisxelopertis,vclapertis
995 4295 1090 4349 estleo
1114 4295 1163 4365 qui
1188 4295 1296 4361 circuit,
1319 4312 1446 4365 quarens
1469 4313 1552 4367 quem
1577 4295 1699 4349 devoret.
1725 4292 1793 4357 Quia

131 4365 339 4438 demonstrat.
353 4388 475 4440 llirtorio
490 4403 611 4457 namque
626 4387 813 4457 perfectorum
828 4387 955 4458 exempla
995 4385 1070 4438 enim
1084 4384 1199 4448 nesciat,
1229 4390 1365 4454 quantum
1391 4386 1493 4439 horum
1521 4383 1606 4437 trium
1637 4381 1795 4451 significata

125 4468 220 4525 qua
232 4482 339 4537 narrat,
355 4474 493 4543 legentem
505 4477 540 4530 ad
550 4476 736 4530 imitationem
747 4476 956 4530 sanctitatisex-
996 4473 1031 4527 ad
1046 4473 1162 4527 invicem
1172 4473 1284 4540 distent,
1298 4490 1360 4527 cum
1375 4479 1468 4527 temen
1483 4471 1703 4542 unumquodque
1709 4469 1794 4541 signi-

120 4545 242 4625 “itan
257 4565 392 4629 olleporio
408 4564 435 4616 in
448 4565 512 4618 fidei
533 4565 700 4619 revelatione
715 4565 749 4618 ad
766 4565 952 4634 cognitionem
994 4563 1137 4617 licentium
1154 4579 1241 4616 unum
1256 4569 1340 4632 atque
1351 4561 1426 4615 idem
1437 4561 1482 4614 sit.
1490 4561 1616 4631 Cumque
1629 4559 1670 4613 ita
1683 4575 1793 4614 sacram

113 4642 282 4705 ve·1·itatis
293 4671 299 4705 :
312 4656 462 4721 tropolopr‘o
477 4653 505 4706 in
515 4654 699 4708 instructione
714 4671 823 4707 morum
837 4654 954 4706 adamo·
995 4652 1169 4722 Scripturam
1178 4651 1212 4704 de
1226 4650 1310 4705 rebus
1319 4651 1481 4722 loquentem
1492 4649 1631 4715 audimuS,
1640 4649 1794 4721 proprieta-

110 4731 355 4807 erirtutim
370 4746 508 4810 ortopopio
529 4744 558 4796 in
573 4743 955 4813 manilbstationesempiter-
996 4748 1039 4795 tes
1060 4739 1227 4810 qualitatum
1255 4739 1363 4794 iisdem·
1383 4737 1467 4793 rebus
1490 4738 1657 4793 naturaliter
1681 4739 1794 4793 visitare

104 4815 182 4866 ¹¹0
190 4839 258 4882 rum
268 4830 437 4900 gaudiorum
452 4831 485 4884 ad
495 4831 665 4885 desiderium
679 4837 790 4885 aterna
803 4831 954 4885 felicitatis.
998 4829 1119 4900 [insitas]
1137 4828 1262 4882 studiose
1284 4827 1476 4898 inspiciamus,
1502 4835 1530 4882 et
1557 4834 1625 4882 tunc
1650 4827 1795 4882 evidenter
1813 4899 1821 4914 .

101 4886 172 4953 1¹¹
210 4925 305 4971 nostra
318 4934 385 4988 ergo
400 4918 500 4972 animae
513 4919 596 4973 domo
611 4922 727 4974 lastaria
741 4920 956 4974 fundamentum
998 4917 1242 4988 scirepoterimus,
1259 4916 1382 4988 quasue
1397 4917 1426 4970 in
1445 4916 1519 4971 bona
1544 4917 1674 4973 videlicet
1695 4915 1795 4971 sivein

99 4990 247 5058 pr*trit
258 5010 391 5075 allegoria
406 5007 527 5077 parietes
536 5008 628 5077 erigit,
640 5013 957 5080 ortopopiatectumsup·
998 5007 1073 5061 mala
1083 5005 1294 5077 significatione,
1310 5007 1392 5076 juxta
1410 5007 1483 5077 quod
1512 5005 1681 5060 narrationis
1709 5019 1794 5074 quam

99 5078 248 5159 potiit,
272 5099 423 5164 tropologia
446 5112 508 5149 vero
528 5105 585 5150 tam
611 5097 728 5151 interius
747 5117 797 5169 per
825 5099 955 5152 allectum
996 5096 1119 5151 contexit
1132 5095 1218 5149 series
1227 5111 1274 5149 eas
1286 5095 1380 5165 exigit,
1400 5095 1511 5166 exigere
1523 5095 1683 5150 debeamus.
1699 5091 1794 5148 Tertio

99 5168 245 5236 ‘luam
259 5185 380 5239 exterius
395 5202 447 5256 per
461 5186 589 5240 ellectum
603 5187 669 5240 boni
684 5189 785 5257 operis,
809 5188 893 5241 variis
909 5204 955 5240 or·
997 5191 1108 5258 oportet
1118 5191 1150 5238 ut
1164 5183 1265 5255 quibus
1287 5191 1387 5255 quotve
1402 5185 1492 5239 modis
1506 5184 1621 5239 nomina
1634 5182 1668 5236 de
1693 5181 1794 5253 quibus

99 5254 269 5328 ¹1²uibus
282 5275 418 5346 depingit.
435 5276 507 5329 Dum
523 5276 595 5329 enim
607 5277 675 5340 haec,
691 5277 789 5347 dequo
804 5277 954 5348 loquimur,
997 5280 1107 5341 tractat,
1138 5280 1197 5327 tam
1218 5273 1363 5327 hominum
1386 5290 1471 5345 quam
1501 5275 1635 5339 locorum,
1658 5271 1795 5326 Hebraica

99 5344 241 5415 St*era
254 5365 399 5436 Scriptura
422 5364 505 5418 verba
528 5366 648 5419 br'sloria
668 5366 833 5436 simpliciter
848 5372 954 5432 narrat,
997 5365 1054 5419 sire
1063 5361 1348 5433 Graecainterpretari
1360 5363 1490 5430 debeant,
1507 5360 1712 5433 perquiramus,
1719 5359 1794 5431 quod

104 5434 192 5493 (ΠΙ
201 5451 240 5504 asi
265 5453 422 5508 inchoando
442 5453 656 5508 fundamentum
682 5456 791 5509 aedilicii
808 5457 907 5526 jactat,
928 5460 956 5509 et
995 5470 1126 5524 magnam
1141 5450 1691 5523 nobisinterpretationibuspropriorum
1705 5448 1795 5505 nomi·

120 5564 214 5675 eg
227 5557 260 5612 Ex
274 5562 393 5632 antiquo
410 5578 461 5615 ms.
482 5578 556 5616 nunc
575 5562 697 5632 primum
712 5562 740 5616 in
755 5563 845 5618 lucem
862 5563 953 5617 edite.
1032 5563 1045 5601 ¹¹
1059 5563 1149 5616 Locus
1163 5565 1321 5631 corruptus.

211 5643 280 5684 ixcx.
