3786 6128
120 257 192 316 laet
742 264 788 317 llE
807 263 984 317 PUlllTATE
1004 262 1143 318 coams.
1688 261 1757 323 1290

119 384 842 458 qumincautelaberiosumsuscipiendeprepositum
855 391 1074 458 corr-Aseopum
1091 387 1281 459 significanter
1300 388 1444 457 expressit,
1466 388 1504 442 ita
1520 388 1614 445 dicens
1633 408 1637 443 :
1657 412 1669 440 e
1690 392 1757 455 Qua

118 481 282 548 tempserat,
298 476 440 530 delectari.
456 478 507 531 llis
527 483 555 531 et
569 477 671 532 talibus
690 477 788 531 vitiosa
806 494 920 531 censue·
960 477 1117 548 posteriora
1133 483 1199 531 sunt
1212 476 1383 537 obliviscens,
1399 477 1434 531 ad
1451 494 1637 551 cavereque
1652 482 1757 537 inante

119 564 189 621 mdo
198 563 316 620 dubium
327 571 430 621 sanctae
441 565 617 620 diflinitionis
628 565 745 637 afllignt:
759 567 847 621 virtus
857 583 921 622 cen·
961 566 1759 639 suntextendensme,addestinatumpersequor,brarium

118 658 166 708 tra
186 670 249 725 quae
267 654 440 709 continentia
462 655 634 719 norninatur,
653 662 810 710 morantem
833 656 920 709 cenfr-
961 671 1089 725 superma
1098 655 1250 710 vocationis
1262 655 1374 709 Domini
1381 657 1464 722 (Pln't.
1475 674 1512 722 nr,
1528 657 1580 726 ll).
1595 679 1607 708 o
1618 659 1697 723 Quod
1706 660 1761 715 exi·

120 741 222 799 denter
246 742 387 814 objurgat,
404 745 439 798 ad
461 744 658 799 delectationes
672 762 758 816 puras
776 750 922 815 castasque
963 744 1074 799 dontius
1085 745 1112 799 in
1124 746 1220 800 Gracc
1230 744 1345 816 ponitur
1354 750 1414 799 reto
1425 749 1482 799 rire
1492 749 1616 801 iconatui
1625 753 1673 803 rm'
1682 740 1761 819 [κατά

121 830 246 898 delicias,
264 831 364 904 quibus
386 834 519 888 fruuntur
538 851 635 890 omnes
651 834 695 887 sui
708 839 861 897 arnetoreS,
878 834 922 887 in·
963 827 1061 884 σκοπόν
1075 824 1184 905 διώκω],
1197 839 1261 901 ete,
1273 834 1362 900 idest,
1379 835 1533 889 secundum
1543 837 1761 894 destinationem

120 921 201 985 nest,
220 921 302 976 effert
315 922 390 977 nudo
408 923 525 994 iustitiae
541 923 747 990 vestimentum,
765 923 923 978 illuminate
964 939 1125 995 persequor,
1140 929 1276 994 tanquam
1296 924 1318 977 si
1337 924 1453 979 dixisset
1474 943 1479 978 :
1498 925 1556 980 Hac
1575 925 1762 983 destinatione

119 1011 167 1067 mi
178 1016 333 1083 apparatus
346 1012 521 1067 demonstrat
534 1019 675 1079 ornatum,
692 1012 829 1067 diffidenti
845 1013 879 1066 de
893 1029 923 1067 se
964 1028 1021 1083 qua
1031 1012 1078 1066 illa
1092 1028 1153 1082 quae
1167 1013 1323 1083 posteriora
1334 1020 1400 1067 sunt
1414 1012 1569 1082 ebliriscer,
1581 1014 1608 1070 id
1624 1022 1676 1084 est,
1686 1022 1763 1072 ante·

121 1101 304 1172 protectionis
327 1117 384 1157 suae
403 1102 543 1173 promittit
567 1101 711 1157 auxilium.
736 1103 874 1156 Hortatur
895 1107 924 1157 et
964 1100 1047 1155 rieris
1060 1101 1183 1155 hominis
1201 1101 1278 1167 vitia,
1296 1102 1331 1156 ad
1353 1103 1437 1156 finem
1455 1101 1543 1158 bravii
1564 1105 1683 1160 coelestis
1698 1124 1763 1179 per·

120 1195 305 1262 provocatut,
321 1190 496 1247 diffinitionis
510 1191 694 1262 ambiguitate
705 1191 841 1262 deposita,
857 1206 923 1262 pro·
964 1190 1058 1245 venire
1076 1190 1224 1245 contendo.
1245 1191 1387 1262 Quidquid
1405 1208 1471 1263 ergo
1486 1209 1536 1248 nos
1558 1194 1593 1249 ad
1612 1195 1687 1250 hunc
1701 1213 1763 1257 sce-

120 1279 246 1351 positum
253 1279 380 1350 spiritale
386 1280 529 1352 suscipiat,
538 1287 782 1352 perseveraturum
793 1280 859 1335 sein
865 1296 926 1334 sus·
964 1295 1041 1350 pum,
1058 1279 1086 1333 id
1103 1286 1145 1333 est
1159 1279 1312 1350 puritatem
1331 1280 1431 1346 cerdis
1449 1287 1542 1353 potest
1559 1283 1690 1355 dirigere,
1704 1289 1765 1341 tota

121 1374 203 1441 cepte
219 1367 315 1423 labore
336 1370 472 1441 propositi
494 1370 552 1437 sui,
576 1386 632 1424 nen
655 1386 706 1424 sua
727 1369 922 1442 possibilitate,
964 1368 1067 1423 virtute
1082 1368 1246 1423 sectandum
1260 1373 1303 1422 est
1317 1387 1324 1435 3
1341 1369 1477 1441 quidquid
1492 1377 1589 1426 autern
1603 1372 1638 1428 ab
1653 1374 1705 1428 hae
1718 1391 1764 1429 re-

121 1456 172 1513 sed
186 1457 298 1512 Domini
320 1458 500 1513 miseratione
520 1460 651 1526 confidat,
668 1476 720 1514 nec
733 1459 792 1514 suis
807 1458 922 1523 viribus,
965 1457 1069 1523 mahat,
1094 1462 1126 1511 ut
1154 1456 1342 1527 perniciosum
1369 1473 1402 1511 ac
1429 1459 1544 1513 noxium
1572 1461 1763 1517 devitandum.

121 1546 172 1601 sed
191 1547 291 1617 gratiae
305 1548 505 1619 omnipotentis
519 1549 608 1603 fretus
622 1549 735 1614 auxilio,
752 1552 850 1603 contra
863 1547 924 1601 dia·
965 1545 1019 1600 Pro
1033 1545 1085 1599 hac
1096 1545 1170 1599 enim
1182 1546 1312 1601 universa
1325 1546 1435 1616 agimus
1446 1552 1530 1619 atque
1539 1550 1702 1618 toleramus,
1714 1568 1766 1623 pro

120 1633 229 1691 belicas
242 1637 468 1709 impugnationes
486 1638 606 1693 victoria
623 1655 702 1692 arma
722 1637 925 1708 cer1·ipiut,co-
965 1634 1659 1706 lracparentespatria,dignitates,dixitimdeliciae
1668 1641 1766 1697 mundi

121 1725 196 1795 gitet
218 1731 247 1780 et
273 1727 371 1797 quanti
393 1733 421 1781 et
443 1733 555 1799 quanto
577 1732 731 1798 potuerunt
746 1734 774 1781 et
796 1731 955 1797 possunt,B
966 1724 1060 1794 hujus,
1073 1730 1102 1777 et
1117 1725 1244 1795 voluptas
1259 1725 1389 1779 universa
1403 1728 1602 1795 contemnitur,
1616 1734 1648 1782 ut
1662 1729 1768 1803 scilicet

123 1814 200 1886 quod
224 1832 254 1869 se
276 1833 357 1887 pesse
377 1817 517 1888 ‹lesperat
534 1817 612 1871 Unde
632 1817 671 1871 illi
686 1817 728 1870 vel
751 1816 804 1869 illae
826 1823 925 1887 potue·
965 1813 1074 1885 puritas
1088 1813 1179 1869 cordis
1189 1820 1326 1885 perpetua
1336 1821 1501 1870 retentetur.
1514 1817 1573 1871 Hac
1583 1818 1678 1891 itaque
1687 1819 1767 1874 nobis

122 1909 202 1972 runt,
218 1904 283 1959 inde
297 1923 328 1961 se
342 1922 423 1977 pesse
435 1907 555 1960 firmiter
564 1906 660 1960 credat
675 1910 752 1960 certa
767 1923 825 1976 spe,
841 1905 924 1976 spiri·
965 1902 1152 1957 destinatione
1165 1903 1307 1974 proposita
1318 1910 1516 1975 semperactus
1527 1907 1616 1961 nestri
1628 1908 1769 1980 etcogita-

122 1993 194 2048 talia
206 1993 364 2049 camelibus
378 2013 410 2050 ae
429 1995 550 2049 terrenis
566 1995 690 2050 coelestia
704 2000 733 2049 et
747 1995 842 2051 futura
855 2011 925 2066 prae·
965 1991 1056 2046 tiones
1064 1991 1100 2045 ud
1110 2008 1173 2045 eam
1183 1990 1362 2046 obtinendam
1372 1993 1526 2049 rectissime
1536 1996 1769 2070 dirigentur,quae

122 2081 251 2145 mutibus
263 2088 425 2156 anteponat.
966 2079 988 2134 si
997 2080 1146 2152 praeacutis
1154 2080 1480 2153 nostrisjugiterstatuta
1489 2100 1545 2138 non
1556 2084 1650 2152 fuerit,
1658 2103 1715 2141 nen
1724 2103 1770 2142 se·

159 2171 266 2228 Omnes
279 2173 382 2245 quippe
396 2178 471 2230 artes
486 2191 519 2228 ac
532 2173 686 2246 disciplinae
698 2189 814 2245 scopum
824 2187 924 2244 quem·
965 2169 1771 2245 lumcuncteslaboresnostrosvacuospariteratqueinsta-

122 2258 200 2328 dent,
216 2261 245 2316 id
261 2267 304 2316 est
317 2262 544 2330 destinationem,
560 2269 589 2318 et
604 2264 684 2327 telos,
702 2264 754 2317 hoc
769 2268 820 2323 est,
838 2263 924 2315 frnem
967 2256 1037 2312 biles
1048 2259 1178 2324 reddens,
1188 2258 1329 2313 incassum
1340 2276 1387 2315 eos
1398 2260 1499 2315 aesine
1511 2262 1568 2316 ulle
1579 2264 1770 2321 emolumento
1871 2264 1876 2269 “

122 2349 271 2422 proprium
282 2350 395 2417 habent,
403 2353 438 2406 ad
449 2369 533 2423 quem
543 2352 695 2423 respiciens
706 2351 926 2421 uniuscujusque
967 2348 1331 2419 compelleteffundi,xeluti
1341 2349 1452 2420 quinon
1461 2349 1770 2423 habeantapostolicam

124 2437 198 2497 attis
211 2438 368 2495 industrius
387 2442 527 2513 appetitur
544 2446 659 2496 cunctos
674 2442 784 2495 labores
809 2445 837 2495 et
851 2439 926 2510 peri·
967 2437 1134 2492 charitatem
1142 2444 1170 2492 et
1180 2454 1213 2492 ex
1223 2437 1353 2493 omnibus
1361 2438 1528 2497 infructuosi
1535 2441 1700 2513 sterilesque
1708 2442 1771 2497 red·

124 2528 192 2585 cula
202 2533 287 2599 atque
297 2528 442 2600 dispendia
452 2530 649 2601 aequanimiter
658 2530 834 2600 libenterque
845 2528 927 2582 susti·
967 2527 1080 2581 dantur.
1088 2526 1167 2591 Quod
1178 2527 1208 2580 in
1216 2527 1322 2598 Spiritu
1332 2527 1430 2582 beatus
1439 2529 1590 2600 Apostolus
1597 2530 1769 2601 praevidens:
1791 2529 1800 2589 .’

123 2624 183 2683 net,
200 2619 435 2690 quemadmodum
452 2620 481 2674 in
497 2620 598 2690 quibus
613 2637 680 2674 usus
700 2625 743 2672 est
756 2618 855 2672 bellica
869 2618 927 2671 tela
969 2634 982 2668 e
1003 2614 1038 2672 llt
1051 2617 1073 2670 si
1089 2616 1268 2683 distribuere,
1284 2617 1384 2689 inquit,
1400 2617 1430 2682 in
1445 2617 1520 2673 cibos
1535 2635 1691 2690 pauperum
1706 2637 1768 2676 em-

123 2706 275 2772 tractandi,
290 2723 354 2761 cum
369 2715 434 2763 ante
449 2725 545 2780 regem
559 2708 657 2763 mundi
676 2708 761 2778 hujus
781 2707 850 2763 artis
868 2722 926 2761 suae
968 2721 1017 2759 nes
1030 2705 1176 2759 facultates
1186 2721 1271 2771 meas,
1282 2711 1311 2759 et
1326 2705 1349 2759 si
1364 2705 1506 2760 tradidere
1517 2723 1618 2778 cerpus
1631 2725 1726 2764 meum
1736 2715 1769 2765 ut

123 2794 244 2867 eupiunt
263 2796 393 2867 peritiam
411 2798 604 2853 demonstrare
628 2798 656 2851 in
673 2796 839 2868 parvissima
858 2811 925 2866 qua·
967 2795 1092 2860 ardeam,
1105 2794 1272 2849 charitatem
1287 2800 1380 2849 autem
1393 2812 1449 2850 non
1464 2795 1599 2863 habuero,
1615 2797 1686 2851 nihil
1700 2798 1770 2853 milti

123 2882 194 2941 dam
215 2885 412 2956 scutataque
432 2888 541 2958 depicta
561 2888 589 2941 in
604 2904 634 2942 se
655 2886 780 2941 continet
798 2885 923 2956 praemia,
968 2884 1082 2954 prodest
1098 2885 1123 2951 (I
1136 2886 1197 2939 tbr.
1221 2900 1277 2947 xm,
1294 2881 1331 2954 3),
1348 2905 1362 2936 o
1381 2884 1454 2938 unde
1474 2884 1581 2955 liquido
1602 2886 1767 2958 comproba-

121 2972 230 3045 iscula,
250 2974 292 3028 vel
317 2975 444 3043 sagittas,
461 2976 622 3047 intorquere
651 2975 834 3040 contendunt,
859 2974 926 3028 certi
967 2978 1015 3027 tur
1024 2972 1225 3044 perfectionem
1235 2989 1292 3027 non
1301 2973 1397 3028 statim
1407 2973 1605 3041 aestimemus
1615 2976 1771 3047 priuatione

124 3062 202 3134 quod
217 3079 273 3117 nen
283 3063 347 3130 alia,
361 3064 415 3119 nisi
430 3066 625 3119 destinationis
636 3083 693 3120 suae
707 3066 781 3120 linea
790 3064 826 3118 ad
839 3064 924 3117 finem
936 3050 1094 3118 Cemnium
1106 3062 1271 3117 facultatum
1286 3079 1335 3116 seu
1350 3063 1519 3132 dignitatum
1536 3063 1692 3134 objectione
1704 3081 1771 3125 eou-

123 3151 236 3224 pomint
249 3152 400 3207 desiderati
416 3154 523 3225 praemii
544 3155 699 3225 pervenire,
718 3155 813 3225 itaque
830 3159 858 3207 et
872 3152 923 3208 xiae
965 3151 1045 3222 tingi,
1058 3150 1111 3205 nisi
1126 3150 1209 3206 fuerit
1225 3150 1348 3205 charitas
1362 3151 1411 3204 illa
1421 3152 1502 3221 cujus
1514 3152 1665 3223 Apostolus
1681 3170 1768 3209 mern·

124 3246 230 3297 neseae
251 3241 316 3296 linis
331 3242 445 3314 quidam
460 3250 503 3297 est
521 3260 639 3313 regnum
658 3243 717 3299 Ilei.
735 3244 788 3307 Qui
804 3259 868 3298 vero
888 3241 925 3296 sit
965 3239 1016 3295 bra
1031 3239 1172 3306 describit,
1188 3255 1250 3310 quae
1264 3239 1294 3294 in
1311 3239 1473 3294 selecerdis
1488 3240 1610 3311 puritate
1628 3242 1766 3299 consistit.

123 3344 226 3402 scopus
241 3329 325 3386 debet
339 3332 489 3403 diligenter
509 3333 622 3404 inquiri.
635 3333 687 3399 Qui
701 3333 725 3387 si
735 3333 816 3388 nobis
827 3332 925 3387 simili·
965 3330 1038 3385 Nam
1051 3329 1172 3401 quidest
1185 3328 1271 3396 aliud,
1284 3345 1361 3383 enen
1373 3329 1510 3395 temulari,
1522 3345 1579 3383 non
1594 3330 1766 3400 inflari,.non

78 3410 88 3419 ⁸
123 3421 922 3493 tercompertusnonfuerit,frnstranitendolatigabimur,
965 3418 1080 3483 irritari,
1092 3435 1148 3473 non
1160 3435 1243 3488 agere
1258 3434 1416 3489 perperam,
1433 3434 1489 3472 nen
1502 3435 1627 3489 quaerere
1643 3435 1705 3491 qua
1717 3438 1769 3477 sua

122 3506 192 3579 quia
206 3506 266 3565 sine
275 3508 320 3562 via
329 3510 509 3566 tendentibus
521 3510 600 3565 labor
610 3516 653 3565 est
666 3510 785 3576 itineriS,
796 3527 852 3564 nen
862 3528 925 3582 pro·
966 3514 1041 3573 sunt,
1060 3524 1115 3561 nen
1135 3524 1220 3578 super
1243 3506 1391 3576 iniquitate
1414 3507 1548 3577 gaudere,
1565 3525 1621 3563 non
1644 3509 1768 3579 cogitare

119 3581 227 3663 fectum
242 3595 305 3653 finis
328 3598 442 3669 quidem
464 3605 566 3654 nostras
588 3599 777 3670 professionis,
800 3604 833 3652 ut
852 3599 924 3653 dixi-
966 3596 1072 3650 malum
1089 3616 1100 3646 ι
1118 3602 1147 3649 et
1159 3601 1270 3663 caetera,
1284 3595 1337 3649 nisi
1351 3611 1400 3648 cor
1411 3595 1568 3666 perfectum
1583 3602 1667 3670 atque
1682 3615 1767 3654 mun-

122 3687 558 3759 mns,regnumDeiseuregnum
568 3689 701 3742 coelerum
711 3692 764 3753 est,
773 3687 924 3742 destinatio
966 3685 1113 3739 dissimum
1123 3686 1181 3739 Deo
1195 3700 1307 3755 semper
1319 3683 1464 3744 ollerre.et
1478 3684 1616 3740 intactum
1631 3688 1766 3744 acunctis

122 3789 201 3840 nere,
218 3772 248 3828 id
266 3780 310 3829 est
325 3791 434 3847 scopus,
451 3776 558 3847 puritas
576 3776 677 3843 cordis,
693 3776 753 3832 sine
769 3792 825 3846 qua
840 3776 874 3830 ad
889 3776 925 3830 il·
966 3771 1223 3844 perturbationibus
1230 3771 1490 3826 custodirelomnia
1501 3790 1622 3846 namque
1632 3775 1707 3831 dona
1716 3793 1767 3849 pro

123 3862 186 3921 lum
201 3862 286 3918 finem
299 3864 470 3936 impossibile
487 3872 529 3920 est
545 3866 705 3937 quempiam
721 3865 876 3936 pervenire.
892 3866 925 3920 In
966 3859 1765 3934 usuacnecessitatetribuunturadtempuscensummata.

123 3949 180 4007 laec
193 3967 261 4023 ergo
272 3952 458 4009 destinatione
473 3954 626 4025 defigentes
647 3960 749 4008 nese-a
764 3953 926 4008 directionis
966 3951 1174 4022 dispensatione
1190 3967 1254 4005 mex
1264 3951 1359 4022 procul
1376 3951 1460 4005 dubie
1472 3952 1627 4008 transitura
1636 3955 1766 4011 Charitas

126 4039 244 4097 ebenus
273 4044 309 4101 ad
334 4048 440 4097 certam
467 4043 569 4098 lineam
599 4059 711 4098 cursum
739 4043 924 4098 rectissimum
966 4056 1031 4094 xero
1042 4041 1119 4094 nullo
1129 4040 1323 4111 intercipietur
1332 4042 1540 4112 temporeNen
1550 4043 1641 4098 solum
1650 4045 1726 4100 onim
1736 4047 1765 4101 in
1844 4060 1848 4067 ·

123 4129 285 4203 dirigimus,
308 4149 340 4187 ac
359 4132 384 4187 si
410 4133 556 4203 paululum
574 4133 641 4203 quid
665 4131 700 4186 ab
728 4132 781 4187 hac
794 4133 926 4202 cogitatio
967 4129 1097 4200 praesenti
1108 4129 1213 4184 inundo
1221 4130 1331 4184 utiliter
1340 4135 1473 4201 operatur
1481 4130 1510 4185 in
1521 4131 1669 4199 nobis,sed
1679 4135 1765 4192 etiam
1811 4126 1815 4133 ⁶

123 4226 225 4277 metra
234 4222 387 4289 deflexerit,
398 4221 434 4275 ad
449 4221 714 4292 contemplationem
727 4221 789 4291 ejus
798 4221 872 4275 illico
884 4238 926 4276 ro·
967 4219 995 4273 in
1010 4220 1105 4274 future
1118 4219 1229 4274 sarcina
1242 4236 1382 4291 corporeae
1392 4220 1566 4275 necessitatis
1580 4221 1690 4293 abJecta
1703 4225 1765 4280 effi·

123 4316 281 4378 mmentes,
303 4323 418 4369 rursum
441 4326 504 4364 eam
527 4310 604 4364 velut
624 4310 775 4380 quamdam
795 4327 923 4364 normam
966 4309 1057 4364 cacier
1075 4310 1162 4365 multo
1185 4316 1270 4381 atque
1287 4309 1467 4365 excellentior
1485 4311 1668 4380 permanebit,
1686 4314 1763 4370 nullo

124 4398 281 4456 rectissime
301 4399 466 4472 corrigimus
481 4417 542 4472 qua
562 4416 672 4471 semper
687 4416 784 4455 omnes
806 4405 923 4455 cenatus
933 4375 1090 4471 D,unquam
1109 4399 1313 4470 corrumpenda
1327 4399 1446 4464 defectu,
1460 4398 1568 4470 sedper
1579 4398 1764 4472 incorruptio·

123 4494 238 4545 nostros
247 4489 284 4545 ad
293 4505 382 4545 unum
390 4491 442 4544 hec
452 4506 584 4544 revocans
595 4489 819 4560 signum,arguit
827 4490 924 4545 statim
964 4506 1029 4544 nem
1040 4494 1205 4560 perpetuam
1219 4486 1383 4558 flagrantius
1394 4489 1452 4542 Dee
1467 4493 1551 4558 atquc
1565 4488 1701 4544 intentius
1711 4491 1763 4547 ad·

123 4579 180 4635 sia
194 4579 337 4652 proposita
346 4579 500 4635 directione
514 4596 593 4634 niens
609 4584 706 4634 nostra
720 4579 763 4633 rel
776 4579 922 4651 paululum
963 4577 1074 4632 bersum
1083 4595 1089 4644 ;
1098 4577 1220 4631 charitas
1230 4593 1297 4647 ergo
1312 4582 1363 4642 est,
1376 4584 1409 4631 ut
1420 4576 1490 4629 mibi
1501 4576 1619 4644 ridetur,
1631 4583 1763 4636 rectave·

122 4667 277 4725 dermxerit
291 4686 297 4723 ε
313 4669 400 4740 igitur
421 4668 495 4724 sicut
513 4668 602 4724 nostri
623 4667 759 4740 propositi
781 4667 844 4723 fmis
859 4668 922 4740 qui·
964 4665 1056 4720 luntas
1070 4665 1105 4719 ab
1123 4663 1253 4719 omnibus
1266 4665 1386 4720 terrenis
1400 4681 1432 4719 ac
1445 4665 1631 4737 praesentibus
1647 4685 1762 4739 prorsus

122 4757 190 4813 dem
208 4759 362 4815 secundum
376 4758 542 4829 Apostolum
558 4782 571 4809 e
589 4758 645 4813 rita
658 4764 764 4813 aeterne
777 4762 828 4820 est,
853 4776 866 4811 n
882 4757 922 4811 ita
963 4770 1089 4821 accersa;
1102 4755 1202 4825 juncta
1219 4755 1277 4809 Deo
1301 4753 1535 4824 inseparabiliter,
1553 4762 1581 4810 et
1601 4757 1682 4813 unita
1695 4759 1760 4832 igne

122 4847 224 4903 eedem
234 4848 452 4920 pronuntiante,
472 4868 483 4898 ι
507 4846 641 4901 habentes
665 4847 777 4917 quidem
799 4847 920 4901 fructum
962 4843 1084 4916 quodam
1101 4843 1190 4897 sancti
1205 4842 1336 4913 Spiritus,
1352 4859 1369 4896 a
1384 4860 1438 4915 quo
1452 4849 1503 4912 ost,
1519 4847 1596 4900 etad
1612 4863 1696 4918 quem
1714 4867 1761 4905 re-

122 4942 249 4993 vestrum
263 4937 293 4993 in
307 4936 537 5003 sanctificatione,
557 4939 642 4996 linem
657 4953 721 4990 vero
739 4937 823 4990 uitam
839 4942 921 4990 zeter-
962 4933 1052 4988 fertur
1066 4933 1188 4998 incensa,
1205 4931 1411 5003 inquinamenti
1433 4935 1524 4990 omnis
1543 4941 1685 5006 exuanea,
1701 4955 1761 4997 cor·

122 5041 190 5089 nam
203 5027 291 5099 (ilem.
313 5042 349 5093 vr,
372 5025 428 5096 Ὦ),
448 5045 460 5078 »
477 5042 576 5097 scopus
595 5025 686 5079 cordis
709 5025 797 5080 nostri
814 5025 922 5096 puritas
962 5024 1055 5094 rumpi
1065 5022 1246 5090 nescia,nulli
1256 5021 1324 5077 sitio
1333 5022 1528 5078 mutabilitatis
1538 5025 1761 5100 obnoxia,super

122 5132 185 5173 esse
211 5114 295 5172 debet
319 5131 404 5187 quam
429 5114 679 5170 sanctificationem
701 5131 757 5170 nen
781 5115 922 5169 immerito
963 5113 1059 5168 omnia
1072 5128 1133 5184 quae
1152 5112 1302 5167 carnaliter
1318 5112 1476 5184 diliguntur
1495 5115 1611 5181 excelsa,
1633 5117 1759 5176 affectio·

122 5204 306 5276 nuncupavit,
313 5203 375 5260 sine
388 5220 444 5275 qua
454 5204 602 5276 praedictus
617 5204 747 5260 finisnon
758 5204 862 5275 peterit
875 5219 922 5276 ap·
962 5218 1030 5258 num
1053 5202 1179 5257 omnium
1200 5202 1377 5273 potissimum
1392 5201 1491 5259 dirinae
1515 5205 1759 5277 contemplationis

122 5293 270 5368 prehendi.
289 5295 330 5348 Ac
348 5294 372 5348 si
389 5293 504 5349 dixisset
522 5293 585 5347 aliis
600 5293 691 5347 verbis
713 5310 718 5346 :
745 5313 755 5345 ι
780 5293 922 5348 Habentes
963 5291 1051 5357 arida,
1067 5289 1095 5345 in
1106 5290 1357 5362 omnibussemper
1370 5291 1481 5360 invicta,
1492 5308 1602 5348 summa
1615 5295 1759 5364 actionum

122 5383 240 5456 quidem
255 5398 369 5455 scopum
390 5389 515 5437 vestrum
529 5382 558 5436 in
578 5382 670 5437 cordis
685 5382 818 5452 puritate,
835 5383 920 5438 finem
962 5379 1109 5445 bonarum,
1125 5381 1200 5434 salus
1220 5396 1340 5447 merum,
1355 5381 1420 5435 finis
1435 5382 1589 5438 celestium
1603 5393 1757 5459 praecepto·

121 5488 192 5529 sero
204 5472 290 5527 vitam
306 5477 451 5538 aternam,
466 5489 481 5524 a
499 5472 533 5526 de
546 5487 602 5543 qua
617 5470 804 5526 destinatione
818 5471 920 5525 docens
960 5485 1033 5535 aum,
1047 5485 1123 5524 mors
1136 5468 1294 5536 criminum,
1305 5469 1362 5524 rita
1375 5469 1520 5537 uirtutum,
1532 5471 1621 5527 virtus
1631 5490 1758 5546 pugnan-

121 5578 176 5619 nos
191 5561 267 5617 idem
281 5561 380 5617 beatus
400 5562 561 5633 Apostolus,
577 5562 670 5634 ipsum
684 5577 797 5626 nomen,
819 5560 846 5615 id
867 5564 917 5627 est,
961 5559 1042 5625 tium,
1058 5558 1153 5629 palma
1166 5560 1311 5627 victorum,
1329 5559 1422 5615 anima
1434 5566 1595 5630 sanctarum
1606 5564 1755 5633 mentium,

246 5662 376 5723 Pernen.
395 5661 473 5723 Cltll
1600 5663 1636 5723 n
