3772 6120
53 309 126 368 1469
572 311 619 365 DE
637 312 723 368 vlrs
741 314 772 367 B.
793 312 918 368 MARIAE
937 315 1180 373 MAGDALENAE.
1632 312 1697 370 ltro

53 439 176 507 lapidem
194 441 230 492 ab
245 432 312 492 ostio
328 440 519 492 nionrunenti?
534 439 601 491 Erat
619 443 717 505 qnippe
738 438 887 505 acroamata
899 443 1696 510 num,utMariadixeratdedierrmterqodiscipaliinsua,

53 529 143 581 ealdc.
161 528 274 581 Etcum
296 527 555 597 appropinquarent
568 534 759 590 monumenta,
775 531 858 596 reqii·
899 531 1193 586 undecueurreraute.
1207 535 1298 587 ,borda
1308 538 1410 589 irritem,
1421 531 1475 585 illis
1485 530 1700 589 abeuntibusin

54 619 155 670 cientes
169 618 296 669 erce-inu
308 620 461 669 resolutum
474 618 592 684 lapidem
606 619 712 677 (lluttb.
726 632 817 678 sarm,
829 616 856 677 2,
900 620 997 673 eodem
1014 622 1072 674 loco
1087 622 1217 675 tortiores
1231 622 1292 675 fixit
1311 622 1425 674 allectus
1436 621 1459 685 s,
1476 622 1616 688 stabatque
1630 622 1699 686 (bris
1772 611 1781 620 ”

54 702 81 770 3,
93 703 132 769 ll,
150 711 182 759 ut
192 705 366 759 Salvatorem
379 706 440 774 jam
455 721 599 774 egressum
613 723 673 760 esse
686 705 856 773 ostenderet,
900 711 935 775 orl
952 717 1172 773 rrrriaumculam,
1191 711 1337 764 tabescens
1350 708 1489 779 lacrymis,
1502 708 1701 762 anaiadeside-

53 794 151 849 clauso
168 794 240 848 ostio
259 793 443 858 monumenti,
465 794 574 863 integro
593 795 685 864 sigillo
699 795 857 866 pontilicis3
901 798 952 850 rio.
968 799 1101 861 Turbata,
1119 806 1212 854 mente
1234 807 1263 853 et
1285 799 1382 857 oculis,
1400 799 1496 851 dolore
1510 803 1540 850 et
1557 797 1698 867 lacrymls,

55 882 105 955 qui
121 883 261 937 mundum
276 882 418 952 ingressus
444 891 495 947 est,
513 882 607 937 clauso
630 889 710 937 utero
733 884 858 953 virginis
901 886 1044 941 Christum
1064 889 1215 958 quaerendo
1237 888 1335 942 llebat:
1351 896 1380 942 et
1391 887 1483 940 llendo
1499 886 1642 956 quaerebat
1656 902 1702 939 cu-

55 971 203 1043 signaculo
225 971 340 1041 pudoris
354 982 375 1026 ³.
394 972 484 1042 Hujus
504 972 544 1025 rei
557 972 651 1041 gratia
666 976 777 1026 revolvit
792 975 860 1040 lopi-
898 976 945 1044 jus
956 976 1093 1030 desiderio
1110 978 1269 1030 anhelabat.
1288 976 1549 1040 Quarebutsedulo,
1560 973 1702 1045 quaerebat

54 1062 119 1115 dem
134 1066 158 1113 et
174 1063 279 1114 sedebat
300 1075 381 1128 sicpcr
402 1077 474 1113 erarii.
502 1064 560 1114 Par
580 1064 678 1114 liniare
695 1067 785 1114 (tactem
803 1065 860 1129 ejus
902 1063 1006 1134 ubique
1020 1066 1258 1136 circumspiciens,
1271 1074 1299 1120 ct
1313 1067 1504 1134 interrogans:
1522 1064 1701 1117 elnoninre-

55 1153 189 1204 exterriti
207 1154 273 1203 sarit
290 1151 418 1212 custodes,
439 1155 462 1202 cl
486 1153 555 1216 lbi-li
574 1154 640 1203 scirit
656 1153 727 1202 relect
747 1152 859 1202 ritortai.
903 1153 993 1217 niens,
1009 1154 1037 1206 in
1060 1156 1187 1224 proprios
1213 1173 1242 1207 se
1268 1156 1371 1215 oeulos,
1389 1154 1518 1224 lacrymis
1532 1151 1700 1217 vindicabat,

54 1238 128 1292 Erat
146 1241 222 1291 eaba
239 1243 360 1306 aspectus
371 1242 427 1305 rp‘us
438 1241 507 1290 sr'curl
522 1241 622 1305 lirlpur
632 1237 861 1303 terribilis,ccstt·
904 1243 952 1312 qui
967 1242 1137 1297 desiderium
1153 1244 1254 1297 irrrimae
1264 1261 1320 1298 suae
1337 1244 1510 1314 quaerebant,
1518 1259 1568 1296 nec
1577 1242 1701 1295 invenie-

56 1333 153 1381 laento
165 1332 261 1380 autern
278 1328 396 1379 candida
411 1330 481 1379 sicut
499 1331 558 1379 nia
903 1331 978 1384 bant.
995 1331 1135 1385 Videbunt
1149 1333 1407 1402 necagaoscebant.
1426 1333 1480 1386 Sed
1504 1332 1556 1385 ho'c
1576 1338 1702 1400 postmo-

55 1426 125 1479 Cue.
151 1424 234 1478 XXV.
256 1454 282 1462 -
302 1425 350 1476 tbi
373 1426 463 1476 llario
480 1427 591 1477 Petrum
613 1430 637 1476 ct
661 1428 794 1478 Joarruem
810 1426 861 1477 ad-
903 1421 970 1475 dum
988 1421 1119 1474 adierunt
1135 1422 1293 1491 etreliqua
1309 1422 1702 1491 religiosrematronaemente

75 1497 174 1557 duffii
191 1501 215 1547 t'l
226 1497 342 1562 “bdellii
355 1497 433 1560 soris,
451 1499 566 1562 carpetas
583 1497 659 1549 intus
677 1498 842 1563 alloquitur.
903 1515 1098 1573 consternatae,
1112 1517 1141 1563 ct
1154 1511 1434 1580 lacrymisvacantes.
1452 1512 1508 1564 Nee
1522 1510 1628 1563 diutius
1638 1509 1704 1562 tulit

93 1592 219 1646 loannes
234 1608 239 1642 :
257 1592 350 1644 ,llario
372 1592 534 1658 ,lluqdoteau
557 1595 666 1646 cenans
693 1610 782 1658 tricae,
799 1609 862 1645 cren
904 1600 1029 1667 angelus,
1047 1599 1094 1668 qui
1118 1616 1203 1670 super
1226 1600 1347 1670 lapidem
1364 1616 1447 1670 quem
1462 1598 1496 1652 ab
1521 1599 1591 1652 ostio
1607 1615 1704 1652 monu-

56 1683 152 1737 adbuc
169 1682 862 1749 tenebracaseataeiri-ortaur-rntrun,cirb‘llapidem
905 1687 992 1741 menti
1018 1688 1182 1753 revolverat,
1200 1688 1277 1751 soris,
1295 1687 1346 1742 sub
1361 1689 1441 1748 cliro,
1459 1688 1594 1741 adextrls
1611 1687 1705 1756 ingre-

56 1772 232 1824 sublctrnna
244 1774 422 1822 scioccamente
440 1772 529 1833 (toan.
542 1784 586 1834 ux,
605 1770 642 1837 l).
655 1770 689 1823 Et
705 1753 894 1823 recitator-B
905 1776 1052 1841 dientium,
1070 1776 1203 1842 sedebat;
1221 1778 1268 1830 sed
1285 1778 1413 1830 rnoeroris
1440 1794 1537 1831 earum
1563 1776 1703 1842 misertus,

57 1874 113 1930 pus
129 1860 191 1928 ejus
205 1857 347 1912 sublatum
364 1874 434 1922 esse,
452 1858 536 1923 velut,
553 1858 621 1929 ipsis¹
632 1865 690 1912 lum
701 1859 778 1912 chari
788 1860 863 1930 capi-
905 1865 1067 1935 diligentius
1081 1882 1129 1919 cas
1144 1867 1292 1926 consolari,
1313 1872 1341 1919 et
1356 1883 1390 1919 ne
1415 1872 1535 1936 pareant
1553 1865 1704 1932 exhortari,

57 1949 107 2014 tis,
122 1948 256 2011 indicata,
272 1946 409 2016 reliquiis,
429 1954 522 2000 mente
534 1955 740 2013 consternatur,
752 1954 862 2013 aestuat,
905 1954 1080 2008 familiariter
1094 1955 1178 2026 erepit
1190 1955 1269 2008 ellari
1285 1967 1308 2007 a.
1319 1955 1468 2008 Matthaeus
1484 1955 1591 2022 (illotlb.
1609 1968 1704 2007 xxvnr.

58 2037 203 2093 anxiatur.
220 2039 424 2105 accurrensque
435 2037 499 2101 cito,
516 2041 590 2091 cerui
606 2039 642 2091 ud
656 2037 795 2090 Simonem
813 2041 863 2092 Pc-
906 2044 932 2113 5)
950 2062 955 2096 :
975 2045 1143 2112 ltcspam‘leus
1166 2050 1259 2097 autem
1279 2048 1396 2108 carpetas
1418 2045 1490 2097 dicit
1515 2045 1705 2096 cardinibus:

60 2132 151 2191 trum,
159 2130 183 2180 ct
194 2128 231 2180 cd
243 2127 510 2193 aliurndisca'palum
521 2143 599 2194 quem
613 2128 744 2194 rtiliqcbot
752 2130 828 2181 Jcsus
838 2127 860 2179 ¹1:
905 2134 993 2187 ,il-'alltc
1007 2136 1102 2186 linare
1114 2152 1120 2189 ;
1133 2135 1188 2185 ,ndo
1200 2135 1276 2185 caint
1296 2134 1369 2199 qaod
1382 2135 1486 2196 testem,
1500 2135 1549 2199 qui
1558 2134 1707 2197 cruciares

60 2224 103 2271 ut.
121 2221 172 2270 aut
185 2232 281 2270 secum
300 2220 465 2285 quaererent,
487 2222 536 2268 aut
561 2231 656 2269 secum
675 2216 812 2272 dolerent.
830 2219 862 2272 Et
904 2223 1164 2289 cst,queritisb'on
1175 2222 1282 2275 rstln'c:
1296 2224 1423 2274 ,currerit
1437 2223 1524 2285 enim,
1539 2221 1705 2283 staalda-in

60 2309 103 2360 ait
119 2326 126 2359 :
142 2306 277 2359 Tulcrant
298 2304 449 2358 Dominum
474 2320 569 2358 mcum
585 2307 616 2357 cte
635 2314 825 2374 riruriumcalo,
839 2315 865 2361 et
908 2310 1082 2381 Impossibile
1098 2310 1173 2363 enim
1197 2316 1249 2369 est,
1267 2326 1322 2363 non
1338 2309 1400 2362 lieri
1416 2308 1489 2379 quod
1510 2308 1586 2361 dixit
1605 2308 1639 2361 Et
1650 2309 1709 2377 jus·

63 2399 202 2449 nesciinus
216 2396 262 2448 ubi
272 2398 426 2462 posrrrruat
442 2411 502 2446 cain
516 2405 536 2445 ⁰.
554 2395 605 2447 llic
620 2393 667 2448 ubi
682 2395 770 2449 dicit:
791 2398 866 2450 Tale·
907 2401 944 2453 sit
966 2416 1012 2452 eas
1037 2399 1143 2452 intrare
1169 2399 1196 2451 in
1221 2405 1443 2461 monumentum,
1469 2404 1498 2450 et
1520 2396 1585 2451 inde
1605 2397 1632 2449 in
1647 2396 1708 2449 loco

64 2491 134 2539 rrrrrt
150 2485 340 2538 Dornbmmde
357 2489 553 2543 strueremque·
572 2483 600 2536 in
613 2485 711 2554 graecis
726 2485 867 2541 codicibus
909 2491 957 2542 ubi
965 2491 1069 2556 pos-ilus
1080 2493 1139 2540 erat
1156 2487 1307 2541 Dominus:
1321 2487 1382 2540 etsi
1399 2486 1469 2539 meis
1478 2485 1569 2539 verbis
1580 2501 1635 2539 uon
1646 2500 1707 2539 cre·

62 2572 197 2628 additur:
211 2573 311 2636 sileam,
320 2572 492 2642 propensiori
505 2572 650 2626 charitatis
663 2574 705 2626 rel
715 2575 867 2629 tamulatus
908 2576 984 2639 ditis,
993 2576 1079 2630 oculis
1091 2576 1189 2629 restris
1201 2577 1306 2629 credite
1315 2575 1458 2629 ¹¹.Marcus
1470 2576 1567 2639 ellare.
1579 2589 1635 2635 xri,
1657 2575 1683 2642 5)
1701 2592 1707 2626 ε

65 2662 170 2716 ellectu
187 2659 210 2712 d,
227 2661 302 2714 Dedit
333 2664 430 2715 Sabaon
453 2677 515 2727 erpo
539 2664 645 2726 Petras,
669 2669 692 2715 ct
720 2665 767 2717 ille
793 2668 867 2719 atim
910 2668 941 2720 lit
959 2669 1127 2720 laborantes
1146 2668 1176 2718 ia
1196 2671 1422 2729 erronumcntum,
1440 2665 1570 2716 ciderunt
1580 2667 1711 2730 jrccerrem

64 2753 239 2819 discipulus;
256 2754 285 2803 et
299 2749 429 2803 abierunt
440 2749 534 2803 ridere
545 2751 618 2819 quod
635 2751 868 2808 audierantCur-
909 2757 1043 2808 sedentem
1063 2756 1094 2807 in
1112 2754 1226 2817 clastris,
1252 2753 1287 2806 ad
1312 2752 1498 2805 meridianam
1523 2758 1629 2822 partem
1658 2750 1711 2804 loci

65 2846 135 2894 runt
157 2838 296 2910 discipuli,
313 2837 402 2893 Maria
417 2839 552 2908 sequitur.
569 2839 693 2910 Uterque
716 2841 868 2913 discipulus
910 2845 994 2907 illiue,
1013 2842 1061 2896 ubi
1076 2841 1197 2912 positum
1221 2842 1313 2895 luerat
1328 2858 1429 2912 eorpus
1443 2842 1509 2894 lesu
1523 2840 1540 2906 i,
1556 2845 1712 2908 coopertam

67 2928 229 2995 increditus·
250 2932 471 2992 reconciliaturus,
483 2933 602 2982 cernunt
622 2931 799 2993 lintamina,
812 2948 870 2986 cer·
910 2938 979 2986 stota
994 2933 1123 2996 cassilide,
1140 2936 1163 2983 et
1179 2933 1379 2997 obstupuerunt
1396 2950 1402 2983 .-
1418 2934 1467 2998 qui
1481 2933 1521 2982 ait
1539 2932 1613 2983 illis:
1624 2929 1713 2982 Nolite

66 3018 457 3086 nuntsudariunqscparalbn
469 3020 627 3071 incolatum
633 3026 680 3081 ,·et
691 3019 870 3076 videruntra-
911 3037 1096 3090 caprucescrre:
1113 3034 1204 3090 neque
1228 3019 1303 3072 enim
1319 3035 1420 3089 parere
1435 3018 1543 3072 debetis
1563 3037 1568 3071 :
1587 3017 1714 3071 concives

67 3122 154 3161 cuum
174 3107 363 3177 sepulchrum,
380 3111 408 3159 et
421 3106 601 3160 crediderunt
618 3107 759 3164 sublatum
777 3111 871 3166 Domi·
912 3110 998 3165 vestri
1017 3116 1084 3164 sunt
1098 3124 1167 3179 quos
1183 3107 1311 3162 videtisl.
1329 3108 1385 3162 Vos
1395 3106 1512 3172 celibes
1537 3123 1588 3161 nos
1603 3106 1728 3160 coelico·

544 3220 629 3265 NOTAE
653 3223 839 3271 Porlssluurt
863 3229 904 3273 EX
926 3223 1049 3270 assant
1071 3224 1247 3268 DESUHPTAE.
1793 3187 1796 3191 ι

105 3322 118 3350 ⁸
131 3312 256 3382 Angelus
270 3312 385 3364 revolvit
399 3314 494 3364 autem
515 3311 648 3381 lapidem,
664 3328 720 3366 non
733 3319 765 3368 ut
779 3330 876 3384 egres·
918 3317 1109 3369 adnotat-tenes
1124 3315 1247 3380 uppom't,
1265 3317 1294 3365 at
1306 3318 1366 3380 pote
1379 3316 1538 3365 litterarum
1558 3324 1713 3377 pracerum

69 3399 136 3438 suro
152 3383 272 3437 Domino
285 3384 401 3453 januam
414 3382 527 3452 pandat.
541 3383 588 3435 sed
601 3400 730 3452 egressus
741 3387 801 3451 ojus
814 3389 876 3456 jam
917 3401 1036 3453 priores.
1057 3386 1236 3437 «clericerum
1256 3388 1360 3450 tempus
1384 3384 1567 3443 resolutionis,
1584 3383 1626 3433 vel
1642 3382 1713 3435 utin

69 3455 136 3508 facti
153 3454 313 3507 hominibus
330 3460 443 3523 praestet
458 3453 600 3506 indicium.
619 3453 672 3517 Qui
687 3457 761 3508 enim
774 3460 876 3510 morta-
917 3455 1015 3526 graecis
1025 3453 1166 3508 codicibus
1178 3454 1296 3523 legimus
1312 3456 1474 3506 rcrcrnonis
1490 3456 1583 3505 instat.
1599 3475 1612 3503 s
1631 3453 1714 3506 liuba·

70 3525 309 3581 lisadhucclauso
325 3524 439 3595 virginis
449 3530 529 3578 utero
540 3525 632 3594 potuit·
640 3527 781 3580 nascendo
793 3544 876 3583 mun·
919 3530 951 3581 ni
964 3530 996 3580 in
1006 3527 1135 3585 :llum-e,
1149 3523 1197 3577 lib.
1214 3538 1249 3583 rr,
1266 3540 1326 3593 cap.
1344 3525 1367 3576 l.

72 3596 141 3651 dum
156 3595 276 3666 ingredi,
290 3597 347 3665 ipse
363 3595 468 3665 absque
485 3595 543 3647 ulla
553 3596 697 3650 dubietate
711 3598 770 3665 jam
786 3600 877 3653 tactus
953 3614 965 3636 ‹-
979 3597 1116 3649 abierunt
1139 3611 1205 3663 ergo
1230 3595 1330 3647 ilerum
1346 3594 1474 3664 discipuli
1487 3593 1521 3646 ad
1536 3593 1712 3662 semetipsos,

71 3667 241 3721 immortalis
262 3667 356 3721 clauso
377 3666 441 3719 licet
455 3667 582 3736 sepulcro
599 3667 690 3736 potuit
704 3671 877 3739 resurgendo
918 3668 946 3721 id
962 3674 1013 3727 est,
1025 3666 1073 3720 ubi
1088 3664 1262 3730 babitabant,
1273 3665 1383 3718 etuude
1396 3665 1430 3717 ad
1446 3670 1658 3717 monumentum
1668 3678 1715 3717 eu·

71 3738 148 3792 exire
172 3739 207 3792 de
223 3739 337 3791 munda.
360 3739 467 3792 llulmni
482 3741 511 3789 in.
532 3739 630 3792 ,llattb
650 3741 706 3791 cod.
724 3742 785 3805 ltcp.
803 3743 871 3795 lb'bl.
918 3745 1073 3792 currerent.
1096 3739 1202 3791 liebuni
1219 3737 1319 3789 lloun't.
1335 3738 1436 3788 sabbat.
1457 3738 1486 3787 in
1505 3735 1713 3798 actitabant,

72 3808 158 3873 elta
176 3811 284 3864 ltcbani
297 3810 401 3863 llari-it.
417 3812 446 3861 tu
459 3810 536 3874 rr'pit.
552 3810 672 3871 Paccium
689 3827 721 3862 ex
743 3814 822 3868 beuta.
840 3842 872 3852 -
915 3826 947 3863 ex
960 3812 988 3864 S.
1005 3813 1133 3874 linquet,
1152 3808 1229 3862 ibid..
1248 3811 1328 3859 tract.
1345 3821 1415 3867 asxr,
1432 3816 1462 3858 n0
1477 3805 1499 3857 l.

71 3880 143 3934 Vide
159 3882 267 3935 Badara.
949 3879 959 3920 l
974 3879 1150 3933 Pensandum
1166 3883 1208 3931 est
1229 3878 1312 3946 huius
1331 3876 1457 3930 mulieris
1471 3880 1593 3929 ruentem
1609 3881 1716 3946 quanta

110 3956 124 3990 Ι)
139 3951 224 4005 Venit
238 3956 343 4013 crutam,
355 3950 427 4003 sicut
441 3951 563 4003 ioannes
572 3950 648 4013 dicit,
663 3952 751 4006 llaria
762 3954 873 4022 blagda·
913 3951 955 4004 ris
976 3951 1080 4004 amoris
1104 3949 1277 4008 accenderat,
1300 3965 1361 4018 qua
1375 3966 1392 4002 a
1406 3952 1589 4001 monumento
1603 3945 1716 4001 Domini

73 4023 138 4077 lena
152 4023 214 4076 sine
227 4022 311 4076 dubio
325 4022 433 4075 crateris
445 4020 607 4075 rrrcrlicribus
623 4038 684 4092 qua
695 4025 813 4077 licutino
824 4025 874 4077 mi·
917 4022 1001 4076 ctiam
1016 4021 1160 4091 discipulis
1175 4019 1371 4073 recedentibus
1381 4036 1437 4073 non
1452 4017 1608 4080 recedebat,
1623 4016 1716 4087 exqui-

74 4094 267 4148 nistrarerant
282 4092 805 4163 plurimumdevotioneserrcntior,ut
820 4112 874 4149 nitu
918 4093 997 4147 rclmt
1021 4109 1103 4162 quem
1126 4107 1181 4145 non
1200 4091 1354 4153 invement,
1379 4092 1464 4144 llebat
1487 4089 1662 4159 inquirendo,
1688 4092 1717 4141 ot

76 4165 218 4219 immerito
238 4167 359 4219 loannes
382 4164 469 4216 solrun
493 4170 703 4227 commemoret,
720 4166 812 4219 meltis
835 4167 876 4219 eis
918 4165 1021 4217 cissimis
1032 4164 1074 4218 sui
1088 4164 1150 4231 igue
1161 4164 1452 4233 succensaejusqucm
1465 4158 1717 4214 ablatumcredidit

76 4253 138 4308 quae
159 4252 223 4289 curn
250 4236 299 4289 illa
322 4237 444 4293 luerunt,
460 4235 533 4288 sicut
556 4235 603 4287 alii
627 4241 775 4290 testantur.
796 4236 877 4290 Venit
919 4235 1034 4288 ardebat
1048 4235 1197 4287 ‹lesidcrio
1216 4236 1323 4288 llrrlnrar'
1337 4237 1439 4288 llonu'l.
1454 4237 1507 4297 scr.
1520 4247 1536 4284 r
1552 4229 1716 4285 Posthabi-

77 4324 155 4378 ergo,
168 4316 198 4361 et
219 4313 250 4360 ut
270 4306 338 4360 vidit
353 4306 472 4376 lapidem
491 4305 632 4359 sublatum
653 4323 670 4359 a
692 4313 875 4361 monumento
918 4306 956 4360 ris
966 4306 1159 4369 redeuntibus,
1176 4305 1370 4369 inlirrniorern,
1385 4322 1481 4358 sexum
1500 4303 1528 4356 in
1543 4304 1642 4355 eodem
1657 4301 1716 4353 loco

77 4386 231 4448 antequam
247 4376 353 4448 aliquid
367 4376 529 4446 diligentius
550 4377 708 4447 inspiceret,
726 4396 781 4432 uon
795 4379 876 4433 dubi·
918 4378 1016 4431 lor’tior
1027 4377 1130 4445 ligabat
1143 4377 1268 4429 siliculus.
1288 4378 1355 4429 beda
1372 4379 1402 4427 in
1415 4378 1506 4434 lucin..
1520 4390 1580 4442 cap.
1598 4372 1642 4426 illl.

76 4454 140 4503 tans
152 4448 294 4503 sublatum
306 4464 367 4502 esse
382 4448 446 4501 inde
464 4464 564 4518 corpus
578 4449 653 4509 lesu,
666 4450 798 4512 cucurrit,
807 4451 879 4504 sicut
955 4461 969 4500 s'
986 4447 1184 4517 lilrrgelusquil
1199 4446 1312 4498 sedebat
1325 4463 1408 4514 super
1423 4445 1542 4514 lapidem
1560 4443 1717 4497 revolutum

75 4520 152 4574 idem
164 4520 232 4574 dicit
245 4522 377 4585 loannes,
401 4525 430 4573 ot
453 4519 591 4573 nuntiarit
611 4520 693 4573 Petro
716 4527 800 4592 atque
825 4521 878 4591 ipsi
921 4537 976 4589 quo
996 4519 1098 4572 ostium
1120 4517 1293 4571 moriurueuti
1315 4515 1529 4584 clerudebatur...
1551 4513 1716 4567 visitatrices

75 4592 189 4645 loanni.
209 4593 315 4645 bubulci
331 4594 363 4649 ia
377 4591 473 4644 blattis.
491 4592 548 4642 cod.
566 4593 634 4644 lb'bl.
651 4593 712 4655 aaa.
920 4590 1046 4659 ejusdcm
1059 4589 1178 4659 sepulcri
1198 4588 1336 4657 piissimas
1346 4586 1466 4655 benigna
1478 4585 1718 4639 consolationem·

111 4674 122 4702 e
138 4663 272 4717 Cucurrit
286 4679 352 4732 ergo
367 4668 395 4715 et
411 4661 487 4714 venit
501 4661 535 4713 ad
556 4661 699 4715 Simonem
716 4663 830 4716 Petrum
849 4668 877 4716 ct
917 4661 1000 4719 leret.
1017 4678 1048 4712 ac
1059 4678 1095 4713 ne
1109 4670 1228 4729 paveant
1242 4659 1392 4722 contestat,
1410 4657 1524 4728 insuper
1539 4657 1623 4709 etiam
1638 4655 1718 4708 iami-

75 4733 109 4788 ad
126 4734 215 4798 alium
227 4734 393 4815 discipulum
406 4731 607 4803 quernamabat
617 4734 698 4786 lesus
709 4739 736 4786 et
743 4733 810 4786 dicit
820 4734 872 4786 eis:
918 4731 980 4784 llari
995 4733 1080 4784 allatu
1096 4731 1173 4800 prior
1187 4729 1245 4799 ipsc
1256 4729 1323 4798 quia
1332 4729 1415 4782 sciret
1426 4730 1523 4782 lesum
1538 4744 1663 4798 quaerere
1673 4725 1716 4778 di-

73 4804 420 4859 'l'uleruntDommurnde
432 4812 622 4857 monumento:
635 4811 664 4857 et
678 4803 876 4858 nescimusubi
916 4803 962 4863 cit,
980 4810 1007 4856 et
1029 4801 1167 4871 quiajam
1190 4800 1310 4853 sirrrexit
1331 4799 1416 4853 addit.
1436 4801 1542 4854 llabcai
1567 4802 1597 4851 ia
1619 4797 1717 4852 laub.

73 4882 231 4947 posuerunt
254 4893 327 4930 cum,
343 4874 547 4928 Arncnauimio
563 4874 685 4934 turbat-t,
710 4875 777 4930 dum
792 4890 876 4945 quem
918 4875 1045 4926 coddb‘bt
1072 4875 1130 4939 llrp.
1147 4872 1355 4927 llobuuillurnil
1383 4874 1412 4924 in
1432 4873 1531 4933 utilitia
1546 4870 1666 4925 Pascha:
1683 4883 1716 4919 cx

73 4948 204 5018 quaesivit
227 4963 282 5001 non
299 4947 403 5000 invenit
417 4945 549 5005 cucurrit,
570 4946 714 5015 discipulis
735 4947 874 5007 nuntiare,
920 4947 998 4998 Dedit.

72 5017 873 5088 utautsecumqurercrent,autsecumdolerentablatum.
953 5013 1123 5076 hSurrexit,
1148 5013 1247 5083 iuquit,
1274 5013 1345 5065 sicut
1366 5010 1441 5065 vobis
1466 5009 1593 5081 promisit
1618 5028 1623 5062 :
1650 5008 1718 5078 quia

71 5090 226 5143 Dominum
242 5091 344 5144 liuban.
360 5091 452 5142 llonn't
479 5088 592 5141 ¹S'abbnti
612 5092 641 5141 iu
662 5095 746 5141 ortae.
759 5091 873 5143 Pascha.
918 5085 1088 5156 impossibile
1103 5091 1146 5137 cst
1160 5101 1215 5138 non
1229 5084 1323 5136 venire
1335 5082 1406 5152 quod
1424 5080 1561 5151 praedixit.
1575 5080 1672 5133 Venite
1688 5083 1717 5132 et

72 5160 185 5215 Similia
200 5160 273 5230 apud
290 5163 452 5223 licerinum,
470 5176 503 5212 cx
516 5161 543 5211 δ’.
561 5163 674 5224 ,ίιιζμιςίΙ
916 5157 1007 5210 ridete
1021 5157 1112 5210 locum
1130 5156 1175 5209 ubi
1191 5155 1298 5226 positus
1313 5161 1374 5206 erat
1396 5152 1541 5205 Dominus.
1559 5151 1592 5203 Et
1608 5150 1717 5204 simois

107 5230 121 5271 d
137 5231 272 5286 Nonnulli
288 5231 396 5284 codices
410 5231 495 5283 etiarn
507 5229 595 5283 Graeci
610 5230 726 5284 liabent:
740 5232 873 5283 Tubrttnt
916 5228 1007 5282 verbis
1020 5244 1076 5280 nort
1091 5226 1214 5292 creditis,
1222 5242 1307 5278 vacuo
1328 5223 1448 5277 credatis
1465 5223 1715 5292 sepulcrollubuu.

72 5305 226 5357 Donucam
243 5319 344 5364 rricrnn,
362 5303 433 5372 quod
456 5301 543 5353 rideri
567 5301 673 5354 (lictum
698 5308 789 5371 potest
812 5316 873 5369 pro
917 5302 948 5352 in
963 5299 1050 5352 llaub
1076 5299 1130 5349 erl
1151 5300 1220 5351 llibl.
1238 5299 1296 5359 llrp.

71 5374 207 5445 pensione
217 5373 363 5426 charitatis
375 5373 415 5425 rel
425 5372 577 5425 famulatus
592 5374 692 5425 ellectu
706 5391 712 5427 ι
724 5371 772 5423 sed
783 5372 833 5423 boc
846 5371 873 5423 iu
951 5368 956 5408 l
973 5369 1121 5423 Sedeutern
1138 5368 1172 5421 ad
1186 5367 1370 5420 meridianam
1383 5372 1491 5434 partem
1503 5363 1554 5417 loci
1571 5363 1656 5422 illius.
1671 5361 1717 5416 ubi

71 5444 363 5527 pluribuscodicibus,
374 5461 442 5514 quos
455 5443 482 5496 in
500 5450 630 5512 promptu
642 5442 800 5503 babuimus,
817 5457 872 5493 non
915 5440 1037 5510 positum
1051 5440 1142 5491 luerat
1160 5455 1260 5509 corpus
1271 5439 1346 5490 lesu.
1367 5438 1434 5488 lacto
1451 5440 1481 5489 in
1498 5437 1595 5500 .llarc.,
1613 5435 1663 5490 lib.
1678 5449 1716 5498 rr,

70 5516 242 5570 invenimus.
256 5518 284 5570 S.
301 5519 406 5581 ,inqiut
434 5518 464 5567 iu
478 5517 559 5568 duaa.
578 5530 638 5582 cap.
655 5513 697 5577 ab,
716 5518 797 5565 macl.
815 5526 873 5575 ccx,
917 5528 979 5581 cap.
1001 5512 1040 5572 lb',
1057 5519 1086 5563 et
1099 5511 1201 5563 llouu'l.
1217 5513 1247 5561 iu
1261 5511 1304 5561 dre
1320 5508 1435 5561 Pascite.

71 5600 103 5643 ιι0
120 5591 146 5641 li.
162 5587 437 5654 Etsiearluquslino
457 5586 510 5638 trac
525 5586 664 5637 dcsrnncrr
681 5585 807 5636 tertiatur
822 5584 875 5637 lla-
951 5582 1105 5642 lPareaut.
1147 5580 1194 5650 qui
1215 5578 1373 5633 carnalibus
1397 5576 1543 5631 desideriis
1568 5577 1656 5648 pressi
1682 5576 1717 5631 ad

72 5662 171 5723 mirus,
195 5662 318 5712 attamen
334 5673 390 5712 iton
408 5660 488 5711 serrat
512 5659 544 5709 ia
566 5657 625 5709 sais
639 5657 750 5723 scriptis
771 5655 875 5709 sinales
919 5653 1114 5724 (supernorum
1125 5651 1237 5721 civium)
1249 5668 1279 5706 se
1293 5650 1456 5706 societatem
1462 5648 1622 5723 pertingere
1636 5662 1718 5719 posse
