3772 6120
115 310 169 370 111
366 310 809 379 mmmhononmset.
830 307 1025 383 enotatis.
1048 316 1109 383 1111.-
1129 302 1507 381 summersos.
1708 306 1760 382 tto

115 452 181 508 ugo
196 438 240 492 illi
259 441 435 498 utineam
447 446 522 516 quod
533 447 715 518 Evangelium
733 466 789 505 non
800 451 835 505 nd
848 468 917 523 aup—
927 457 950 516 A
962 460 1071 510 morum
1087 452 1204 523 collegio
1216 462 1276 506 csse
1286 450 1486 523 pronuntiavit,
1496 452 1561 505 cdrn
1568 444 1668 505 essetis
1675 446 1760 504 tlienl

117 533 243 582 mlum
257 531 335 600 apud
351 547 448 587 omnes
463 537 646 608 consequitur
659 539 755 609 adjicit
772 558 777 592 :
795 540 916 596 Stantia
961 545 1091 615 apieuste
1116 548 1144 596 et
1158 542 1299 596 idolorum
1313 541 1399 595 eratis
1411 544 1573 594 sectatores.
1590 538 1662 594 Nam
1686 534 1760 610 quod

119 617 272 671 narsem
281 621 326 672 die
336 635 393 689 poa
403 624 522 677 audistis
533 630 556 678 et
569 630 730 693 copnaotstis
741 633 861 695 pretinm
874 632 920 684 lter·
961 632 1028 687 dixit
1040 633 1069 686 in
1084 630 1199 691 lumine,
1213 633 1245 685 ut
1255 627 1330 684 dicat
1344 645 1394 700 per
1415 644 1496 682 suam
1514 627 1713 699 cognitionem,
1731 632 1759 681 et

119 707 150 758 ia
161 707 289 759 acritate.
307 708 496 778 Cognrnistis,
513 712 613 783 inquit,
631 728 680 769 sos
694 717 827 787 pietatem
846 718 919 773 sicut
961 720 1035 794 qaod
1047 718 1116 774 dixit
1125 719 1172 790 qui
1184 720 1337 790 dignosvos
1346 715 1452 783 hahuit,
1461 719 1513 771 hoc
1526 720 1577 782 est,
1593 715 1758 787 dignose'sse

121 801 148 848 ct
159 810 269 860 omnes,
287 804 472 867 augmentum
485 801 571 857 etiarn
587 805 711 875 suscepit
724 807 800 860 omni
816 806 843 861 in
858 808 919 862 loco
961 808 1161 882 pronuntiarit,
1180 810 1209 862 et
1224 806 1298 880 qaod
1314 806 1383 862 illud
1407 813 1450 860 est
1471 804 1581 861 lucrum
1596 806 1759 860 sanctorum

120 883 306 954 persingulas
317 886 377 940 dies
390 907 395 941 :
408 888 481 943 sicut
491 898 520 944 et
534 892 608 962 apud
623 908 670 947 ros
680 894 720 948 sic
731 896 806 949 omni
818 896 846 950 in
858 897 919 951 loco
958 900 1116 971 iungantur
1129 897 1255 967 collegio.
1272 898 1436 965 Ontertpnlt
1449 910 1497 948 nos
1505 896 1536 948 ele
1546 894 1675 964 potestate
1685 890 1756 948 lent·

124 971 304 1041 Evangelium
327 975 383 1029 sim
405 993 485 1031 suam
509 979 617 1034 obtinet
630 986 657 1035 et
673 991 855 1053 augmentum
870 990 921 1056 pe'r
962 991 1077 1043 brorum
1090 988 1306 1042 attronstnlr‘tr'n
1323 1000 1439 1053 reparam-
1456 984 1512 1051 nra
1522 982 1677 1038 dilectionis
1692 996 1756 1037 sua.

123 1060 245 1130 ³¹⁰8U¹⁰⁸
260 1064 364 1135 millii
378 1062 448 1123 diet·
459 1072 488 1121 tl
498 1070 571 1138 opud
581 1086 629 1125 t‘08
644 1074 755 1142 etapud
766 1074 920 1145 omnesqui
961 1076 1132 1141 sensatum,
1142 1074 1243 1147 inquit.
1256 1073 1371 1128 abstulit
1384 1090 1432 1127 vos
1449 1072 1484 1126 oh
1494 1076 1590 1127 errore
1605 1076 1633 1127 et
1650 1070 1757 1126 doema-

124 1157 183 1203 sant
197 1150 228 1203 in
240 1151 920 1219 maetsnammnoeautemsumeiensemanas
962 1171 1028 1220 num
1051 1164 1185 1236 potentia,
1206 1165 1255 1217 sed
1279 1169 1308 1217 et
1325 1161 1475 1234 participes
1494 1170 1541 1216 tos
1567 1156 1758 1233 pronuntiarit

124 1238 304 1294 etadhortari
315 1250 344 1295 et
351 1244 470 1298 suadere
481 1252 512 1299 ut
521 1247 550 1300 in
562 1248 616 1301 tide
626 1256 782 1316 tumerent,
791 1251 815 1304 si
824 1256 920 1306 tramea
961 1256 1040 1325 regni
1055 1270 1115 1308 csse
1123 1252 1235 1309 Christi.
1247 1252 1318 1307 Nam
1330 1250 1403 1322 quod
1413 1248 1489 1317 dicit,
1504 1250 1651 1304 transtulit
1664 1250 1694 1304 ln
1714 1258 1756 1302 re-

123 1342 179 1382 um
192 1344 338 1384 comerrsu
358 1348 456 1388 omnes
476 1335 535 1390 haec
555 1353 622 1391 sera
642 1354 703 1392 esse
715 1340 918 1409 cognovissent.
958 1358 1046 1411 pnam
1060 1346 1114 1411 ntra
1124 1342 1339 1405 charltatr'ssua,
1351 1338 1732 1397 hoodicit,sicutetulioloto
1749 1357 1754 1391 :

127 1415 226 1470 llmnde
247 1417 358 1473 indicat
372 1426 401 1475 et
414 1440 431 1476 a
446 1440 501 1493 quo
521 1426 578 1479 sint
592 1427 675 1481 docti.
694 1428 770 1482 sacen
784 1430 922 1485 didicistis
963 1434 1217 1488 teruennenses
1236 1431 1466 1499 conrepaattmtts
1478 1426 1518 1491 (ll
1537 1426 1605 1481 Tim.
1624 1434 1663 1494 rr).
1679 1422 1759 1481 Unde

126 1506 153 1558 ct
163 1505 300 1574 Ir‘paplrra
314 1509 475 1565 chorosam
485 1528 611 1568 corrueras
620 1522 711 1569 nostro
727 1521 776 1585 prat
788 1524 824 1571 etl
834 1520 921 1586 tidelis
962 1521 1107 1591 heneqaia
1116 1535 1172 1574 non
1183 1518 1262 1583 dixit,
1274 1517 1324 1572 lrlii
1347 1514 1530 1582 natumsed
1545 1514 1599 1583 nete
1614 1514 1759 1569 eharitatis

129 1596 920 1675 procotisrnirristerdtrr'stitcsmpratellumrrranr'fmtaeit
962 1624 1032 1681 spa:
1049 1609 1184 1664 necenim
1195 1606 1433 1680 porticipcsregni
1447 1605 1498 1661 Dei
1520 1600 1596 1659 vorbi
1611 1600 1758 1669 cllichnur,

130 1684 195 1735 nobis
205 1686 384 1741 ditectionem
394 1695 512 1743 cestram
523 1695 554 1744 r'n
564 1695 676 1761 spiritu.
690 1694 921 1750 Evidenterenim
963 1714 1017 1769 quo
1035 1698 1110 1751 enim
1124 1697 1183 1751 lieri
1195 1699 1328 1767 potestat
1347 1693 1539 1750 universitatis
1555 1688 1647 1764 opifici
1659 1692 1760 1762 junga-

131 1772 240 1825 irrlrisce
255 1776 390 1835 ostendit,
403 1779 534 1847 quoniam
552 1780 587 1834 ab
602 1782 731 1855 Epaphra
743 1768 952 1853 lhanpeliumfl
962 1785 1048 1839 mur?
1062 1785 1109 1839 sed
1125 1790 1253 1855 suscepto
1267 1782 1373 1837 homini
1386 1782 1462 1841 dicit,
1479 1783 1561 1852 cujus
1572 1787 1601 1834 ct
1611 1778 1760 1852 participo-

132 1872 318 1931 ‘ltoellefflltls
331 1879 414 1934 quem
425 1872 453 1920 et
462 1870 540 1938 justa
549 1872 657 1925 ratione
667 1872 799 1939 laudauit,
809 1890 922 1928 senera—
962 1874 1053 1928 blmus
1062 1874 1158 1927 honori
1170 1879 1284 1945 propter
1293 1876 1400 1926 naturae
1415 1870 1630 1925 similitudinem
1647 1866 1758 1940 quando

132 1946 204 2002 bilem
218 1950 277 2003 illis
293 1952 435 2020 exhibens,
446 1973 529 2026 quem
543 1959 627 2013 etiam
641 1962 847 2017 commendarit
856 1962 920 2025 illis,
962 1960 1092 2018 allectum
1101 1979 1239 2032 argaeum
1250 1960 1317 2033 ipsis
1331 1958 1462 2032 operibus
1480 1959 1628 2013 ostendere
1642 1954 1760 2013 salderi-

134 2053 157 2090 so
173 2040 248 2108 quod
274 2050 343 2095 nota
367 2043 420 2096 sibi
440 2046 548 2101 fecisset
568 2048 617 2102 illa
631 2066 692 2120 qum
711 2050 745 2103 dc
760 2051 815 2105 illis
830 2058 919 2115 erant,
962 2068 1034 2106 mus.
1052 2052 1147 2121 (lup.)
1159 2049 1238 2114 Quod
1259 2050 1365 2104 dictum
1390 2050 1434 2102 est
1446 2049 1503 2115 nter
1524 2046 1671 2102 clau-italis
1693 2049 1756 2101 aad.

135 2127 210 2181 adens
224 2132 362 2199 quoniam
377 2136 565 2190 necessarium
576 2139 690 2208 quidem
705 2146 733 2194 et
747 2140 815 2194 utile
831 2144 873 2195 cst
887 2138 921 2195 ad
962 2140 1032 2195 nihil
1041 2140 1223 2210 intelligatur,
1235 2156 1320 2210 quam
1329 2138 1380 2193 lilii
1389 2139 1433 2191 sui
1442 2134 1545 2195 dilecti.
1561 2135 1628 2206 quia
1642 2133 1692 2189 lilii
1707 2140 1758 2205 pttss

137 2216 246 2286 plenum,
258 2226 291 2272 ut
301 2222 468 2277 venerabilis
478 2229 507 2279 et
520 2226 712 2282 desiderabilis
728 2230 765 2282 sit
780 2229 922 2302 discipulis
962 2234 1066 2285 stremo
1081 2228 1244 2283 substantiae
1254 2245 1320 2282 suae.
1332 2226 1461 2282 Charitas
1477 2226 1581 2298 quippe
1594 2221 1681 2296 petris
1697 2224 1759 2294 qne·

138 2305 258 2375 nrgister
268 2326 273 2359 :
285 2310 409 2365 maxime
423 2320 518 2367 autem
533 2332 600 2385 erga
610 2317 683 2371 hunc
695 2317 838 2388 aptissime
852 2316 921 2373 illud
963 2320 991 2373 in
1010 2324 1112 2373 natura
1127 2322 1169 2372 est
1184 2314 1363 2372 ineffabiliter
1382 2313 1511 2387 simplici,
1529 2312 1599 2367 nihil
1624 2310 1668 2365 est
1682 2306 1758 2365 aliud
1821 2322 1825 2329 ·

137 2391 217 2448 iecisse
230 2396 354 2463 videtur,
367 2400 408 2454 ita
421 2412 453 2455 ut
468 2403 565 2457 deceat
578 2421 625 2459 eos
640 2423 703 2460 cum
719 2407 807 2461 multo
821 2408 922 2462 allecta
962 2424 1046 2479 quam
1058 2410 1118 2479 ejus
1132 2406 1194 2479 ipsa
1208 2414 1317 2460 natura.
1335 2422 1366 2459 ac
1381 2420 1431 2475 per
1446 2402 1497 2458 hoc
1521 2402 1595 2456 filius
1615 2398 1760 2454 charitatis

140 2486 274 2553 persistere
288 2488 388 2559 iaejus
400 2492 527 2547 doctrina
541 2494 569 2548 in
578 2496 631 2561 his,
640 2502 668 2549 ct
677 2501 852 2568 sequestrato
861 2497 922 2567 lege
963 2499 1032 2569 eJus,
1043 2497 1136 2551 nullus
1146 2504 1189 2550 est
1199 2496 1270 2550 alius
1281 2500 1365 2566 quand
1374 2494 1421 2564 qni
1435 2490 1469 2553 de
1478 2486 1704 2560 substantiecjus
1718 2494 1760 2543 e‘st

140 2573 279 2630 tradiderat
293 2577 350 2631 illis
367 2580 549 2650 Evangelinm
567 2603 572 2636 :
597 2584 691 2655 ltaque
710 2601 766 2639 non
781 2580 923 2639 laudasset
962 2585 1083 2658 genitus,
1100 2584 1174 2640 undo
1198 2585 1328 2639 etlilium
1343 2581 1488 2637 eharitatis
1503 2596 1572 2651 ‚eum
1596 2578 1712 2644 vocarit,
1727 2588 1760 2632 eo

143 2660 188 2730 tius
198 2661 368 2729 doctrinam,
379 2668 403 2720 si
413 2686 469 2724 non
480 2671 532 2725 hoc
544 2672 627 2727 modo
636 2674 735 2728 luisset
748 2674 859 2728 affecta:
868 2690 922 2745 quo
964 2677 1038 2747 quod
1048 2691 1103 2729 non
1112 2675 1265 2729 secundum
1281 2678 1412 2728 naturam
1422 2677 1465 2726 est
1474 2664 1558 2733 filius,
1575 2664 1623 2723 sed
1638 2665 1760 2722 charita-

144 2750 202 2805 ain
216 2753 278 2807 lieri
293 2762 405 2825 poterat
419 2758 446 2812 in
458 2760 501 2813 his
512 2761 560 2831 qui
574 2761 746 2817 docebotilla
755 2779 811 2817 non
822 2761 923 2818 debere
964 2764 1021 2819 tem
1034 2765 1156 2819 filiorum
1167 2763 1325 2835 adoptionis
1337 2766 1380 2816 est
1398 2767 1551 2816 assecutus.
1570 2756 1687 2830 (dante.)
1708 2746 1761 2810 Per

145 2840 274 2895 annone
289 2843 397 2899 Deinde
413 2849 486 2917 quod
500 2849 570 2903 dixit
582 2866 687 2919 semper
696 2868 747 2920 pro
760 2852 831 2904 roba
842 2866 925 2906 oran·
965 2851 1058 2909 omniu
1078 2854 1153 2907 enim
1172 2851 1346 2924 propositum
1361 2844 1447 2905 habet
1468 2848 1516 2903 illa
1531 2860 1592 2919 quse
1606 2843 1760 2901 secundam

147 2930 178 2987 ln,
188 2938 249 2998 cte,
261 2948 410 2989 resumens
419 2936 504 2991 dicit:
519 2938 579 2992 ideo
593 2941 618 2992 ct
628 2944 676 2993 nos
686 2956 717 2993 es
727 2955 781 3009 pero
792 2942 835 2994 dte
844 2941 924 2995 audi·
965 2942 1108 2998 Christum
1124 2948 1190 2997 sunt
1204 2942 1351 2996 ostendere
1371 2950 1482 3010 inagna,
1499 2938 1573 2992 sicut
1591 2932 1620 2991 e't
1634 2935 1661 2989 in
1676 2946 1760 3005 argu-

148 3018 216 3071 n'nur
231 3036 287 3074 noa
299 3038 435 3077 cessaanrs
445 3040 497 3094 pro
511 3029 583 3080 eoois
597 3034 705 3082 ornrrtm
720 3032 744 3082 ct
756 3032 924 3097 postulantes
965 3039 1060 3086 mento
1075 3030 1253 3102 prediximus
1263 3037 1292 3084 et
1304 3022 1626 3100 comprober-epropcrat
1636 3023 1759 3078 illorum.

148 3111 169 3155 11
178 3109 351 3177 impleamini
362 3117 503 3181 aperitione
513 3118 664 3170 eolrratatr's
677 3121 735 3186 ejas
746 3118 775 3171 ln
791 3120 869 3172 omni
882 3114 955 3174 stt-[l
965 3120 1188 3191 magnitudinem
1203 3134 1263 3190 quae
1273 3119 1307 3172 atr
1323 3134 1355 3172 eo
1365 3120 1491 3172 correcta
1505 3122 1580 3169 sunt.
1598 3108 1678 3169 Unde
1689 3106 1763 3166 etde,

146 3196 230 3259 atentia
243 3204 267 3252 et
282 3202 423 3256 intellecta
434 3207 566 3271 spiritati,
581 3210 614 3259 at
623 3208 768 3260 arnbalclts
780 3208 862 3275 dr'pnc
872 3202 923 3262 ilco
964 3215 1092 3281 suscepto
1102 3209 1215 3263 homine
1224 3208 1348 3280 disputat
1358 3206 1438 3279 qussi
1449 3204 1484 3260 de
1494 3203 1626 3276 primitiis
1646 3200 1758 3267 nostris,

147 3292 468 3357 metamaucensem
478 3295 923 3364 orantoperetonofrncltncontes
964 3299 1067 3370 etquis
1081 3296 1207 3370 provisor
1217 3292 1441 3352 nabisbonorum
1451 3292 1589 3349 exstiterit
1595 3288 1759 3357 multorum,

147 3374 303 3432 censentes
313 3381 344 3431 tn
354 3383 468 3435 scientia
478 3383 535 3445 aet,
543 3386 573 3436 tn
583 3386 660 3437 omrai
668 3386 769 3438 cirtrrtc
776 3384 924 3452 confortati
964 3382 1044 3442 Unde
1058 3393 1086 3441 et
1100 3384 1217 3457 adjicit:
1236 3390 1267 3440 ta
1286 3400 1339 3456 prro
1361 3384 1492 3438 trahemus
1508 3383 1722 3451 redemptionem
1738 3386 1762 3434 et

146 3466 273 3520 samum
280 3472 435 3535 potentiam
446 3473 584 3525 claritatis
595 3475 923 3542 ejusinamntpatr'catia
964 3478 1151 3530 rernlssr'oncm
1174 3480 1357 3544 peecatorum.
1378 3470 1432 3527 Per·
1450 3472 1542 3542 ipsunt
1558 3470 1633 3524 enirn
1650 3480 1763 3524 ornnem

145 3553 373 3622 tttonpantrnttnte
385 3574 447 3612 erran
458 3563 569 3627 parratio.
583 3560 636 3615 Per
645 3560 740 3617 omnia
750 3568 861 3633 optasse.
870 3562 923 3615 illis
963 3568 1143 3636 peccatorum
1153 3564 1333 3619 securitatem
1344 3577 1440 3617 surnus
1451 3559 1579 3614 assecuti.
1588 3557 1661 3613 Dicit
1667 3558 1763 3611 autern

146 3634 201 3694 bona
212 3645 322 3699 ridetur
334 3646 386 3699 suh
404 3650 496 3717 speeie
518 3650 660 3707 orationis.
678 3650 796 3706 edocens
816 3666 863 3705 cos
877 3650 925 3706 illa
965 3652 1216 3711 lutrrrumstatum,
1234 3653 1263 3705 in
1280 3666 1334 3721 quo
1346 3666 1396 3722 per
1412 3648 1647 3702 resurrectionem
1673 3642 1762 3699 ellectl

144 3732 240 3796 queis
253 3735 475 3791 conveniebant:
488 3737 555 3791 dicit
568 3744 663 3793 autern
679 3741 810 3810 quoniam
823 3758 855 3794 ex
871 3756 925 3811 quo
966 3747 1068 3798 natura
1088 3746 1183 3795 nostra
1203 3740 1355 3794 immortali
1374 3742 1500 3792 exstante
1513 3742 1628 3807 peccare
1643 3723 1763 3789 alterins

145 3815 251 3892 1111111111
266 3823 301 3878 de
317 3824 393 3878 votas
403 3834 469 3880 sunt
481 3828 638 3883 audivimus
652 3828 711 3883 sine
722 3828 856 3883 dilatione
866 3846 926 3883 ara
967 3838 1022 3886 non
1030 3830 1194 3902 poterimus,
1206 3829 1262 3883 tate
1274 3833 1316 3882 est
1332 3833 1359 3881 ct
1374 3824 1441 3880 illud
1457 3818 1529 3897 quod
1542 3812 1764 3896 adEpheslosdl-

144 3904 236 3981 lamus,
256 3924 288 3966 111
308 3915 386 3967 omni
408 3931 491 3969 sensu
506 3916 624 3987 spiritali
646 3918 744 3989 repleti
759 3932 926 3990 cognoscere
966 3922 1100 3985 domest,
1111 3921 1150 3972 lta
1160 3916 1376 3972 rrtslmussaneti
1382 3914 1595 3969 etr'nnnatulati.
1603 3906 1709 3967 Deinde
1723 3908 1764 3964 rti-

144 3999 241 4065 possitis
249 4001 300 4055 Dei
310 4003 491 4077 uoluntatem
500 4004 584 4075 digne
595 4006 621 4060 ei
632 4013 828 4062 conversantes·
839 4011 867 4061 et
877 4019 927 4079 per
967 4008 1004 4064 eit
1025 4010 1053 4063 et
1064 4009 1142 4062 illam
1162 4006 1328 4078 dignitatern
1353 4021 1413 4077 quae
1428 4014 1494 4075 erge
1510 4016 1575 4057 eum
1591 4008 1642 4057 est.
1661 4002 1714 4068 Qut
1726 4005 1764 4053 est

141 4089 224 4143 omnis
245 4091 356 4161 placere
377 4093 402 4146 ei
429 4098 632 4164 properantes:
658 4096 739 4150 itaet
762 4094 826 4151 boni
847 4104 926 4151 actus
969 4101 1059 4163 irrrapo
1078 4100 1126 4153 lter·
1157 4098 1308 4153 tn-er'n'otta
1333 4096 1535 4164 prr'rnaprnilaa
1568 4094 1658 4146 arants
1687 4104 1763 4144 area-

141 4177 352 4249 raultiplicantur
371 4182 399 4236 in
420 4181 495 4237 robis
509 4199 559 4254 per
577 4185 702 4255 singulos
721 4182 780 4239 dies
795 4200 858 4241 cura
879 4184 926 4240 Dei
969 4190 1046 4242 tarra.
1066 4186 1148 4241 Fides
1177 4194 1241 4240 veto
1265 4178 1402 4239 catholica
1426 4198 1488 4255 quae
1512 4181 1586 4236 intel
1609 4184 1763 4235 creatorem

140 4265 296 4336 mamone,
308 4271 356 4340 qui
372 4273 476 4342 poterit
490 4288 537 4326 eos
554 4275 708 4329 secundum
719 4290 798 4328 suam
828 4278 926 4347 poten·
968 4282 1183 4347 creaturamque
1198 4270 1346 4346 distinguit
1356 4273 1460 4328 nullam¹
1476 4271 1582 4343 patitur
1595 4266 1624 4325 lh
1635 4264 1679 4323 his
1693 4260 1765 4322 ‹ido-

138 4351 199 4407 tiam
213 4358 395 4428 respicientes
408 4362 443 4415 ud
460 4368 489 4415 se
499 4379 550 4416 saa
565 4364 672 4434 replere
688 4364 833 4434 patientia,
845 4365 884 4419 ita
897 4368 929 4418 ut
968 4362 1021 4419 bas
1034 4362 1195 4420 nominibus
1215 4358 1388 4433 intelligendi
1405 4356 1609 4421 difficultatem,
1635 4352 1764 4425 unigeni-

139 4444 332 4511 macrescere
348 4450 487 4519 patienter
506 4452 636 4506 universa
650 4450 698 4506 illa
725 4466 786 4523 quae
805 4422 1026 4510 tetsttdslltum
1037 4470 1101 4508 eam
1117 4452 1417 4525 accipienssecundum
1431 4448 1458 4502 id
1474 4444 1695 4519 quodscriptum
1706 4447 1761 4498 est:

139 4544 206 4599 sunt,
221 4535 260 4589 ita
277 4542 309 4590 ut
322 4539 594 4607 gaudiumhabcatis
608 4540 637 4594 in
651 4539 705 4595 illis
722 4548 836 4613 propter
850 4542 925 4596 illam
968 4544 999 4599 In
1019 4546 1243 4613 principiorem
1270 4538 1385 4594 Ver-brun·
1414 4542 1438 4591 ct
1470 4536 1582 4590 Verbum
1604 4539 1663 4585 erat
1689 4530 1765 4600 apud

139 4624 286 4679 mercedem
308 4636 371 4697 tprae
387 4628 465 4682 rolris
478 4628 506 4683 in
519 4628 614 4683 futuro
630 4630 730 4684 sreeulo
741 4642 791 4702 pro
814 4630 857 4685 his
885 4636 927 4685 est
967 4634 1063 4696 11111111,
1081 4636 1105 4685 et
1121 4633 1189 4685 lteris
1204 4634 1263 4684 erat
1280 4628 1390 4683 l'crbran
1400 4627 1529 4698 (loona).
1541 4614 1764 4691 primogenitam·

139 4711 320 4782 mentuenda,
336 4717 389 4770 hoc
400 4717 522 4788 quidem,
532 4717 635 4785 melini,
649 4726 795 4791 optasscse
811 4720 923 4786 ordint,
967 4720 1346 4776 autemuniversacreaturee
1356 4706 1545 4770 secundumld
1555 4711 1628 4783 quoti
1644 4708 1764 4782 Aposto-

137 4800 196 4854 etlu
210 4816 243 4856 co
252 4804 321 4858 dum
336 4806 405 4859 dicit
412 4806 460 4860 illa
476 4824 539 4878 quse
553 4809 687 4862 orationis
697 4814 764 4864 sunt
776 4808 857 4863 docet
879 4824 926 4863 cos
967 4812 1010 4865 lus
1021 4809 1078 4863 ait:
1093 4808 1124 4862 ra
1137 4810 1172 4861 sit
1189 4811 1243 4876 ipse
1251 4808 1454 4875 prtrnopenttas
1468 4806 1499 4857 ta
1517 4798 1613 4856 ratrllls
1626 4796 1765 4868 [intritus

138 4886 302 4960 diligentiam
314 4896 540 4950 convenientium
550 4896 814 4964 adhibere‚sumerrs
824 4903 888 4952 vero
899 4902 927 4952 et
968 4900 1053 4966 (llonn
1071 4899 1137 4967 sm),
1160 4908 1229 4967 quos
1240 4896 1266 4948 ei
1281 4894 1361 4965 pater
1375 4890 1420 4949 ad,
1428 4892 1583 4947 fraternam
1602 4888 1765 4944 societatem

137 4979 283 5045 gutiarum
293 4984 433 5038 actionem
441 5002 525 5055 quom
533 5004 582 5057 pro
592 4987 632 5041 eis
643 4987 806 5058 impleverat
817 4987 928 5040 initium
968 5002 1024 5042 non
1035 4985 1195 5056 aeqtrrrlitate
1204 4982 1376 5045 substantie,
1387 4982 1435 5035 scd
1447 4980 1596 5053 adoptione
1605 4976 1703 5049 gratis
1715 4982 1764 5045 ge-

137 5068 353 5126 mmitdoctrinre
369 5072 442 5127 sieut
456 5075 484 5127 in
499 5074 683 5146 Ephesiorum
709 5077 774 5131 serit
799 5074 925 5147 epistola,
970 5076 1078 5131 nerant
1094 5095 1099 5127 :
1113 5078 1144 5129 ut
1152 5075 1233 5129 lesus
1252 5068 1380 5126 Christus
1390 5077 1418 5125 ct
1427 5066 1593 5139 {inigenitus
1611 5067 1649 5120 sit
1666 5074 1766 5119 securr-

138 5154 179 5209 ohi
195 5159 247 5213 suh
259 5162 353 5234 specie
364 5163 521 5232 gratiarum
533 5165 649 5219 actionis
664 5166 712 5219 illu
732 5171 867 5237 quaesunt
881 5166 929 5220 ‹lo—
969 5164 1037 5219 dum
1047 5162 1075 5217 id
1086 5160 1159 5235 quod
1172 5160 1294 5216 Verbum
1305 5152 1354 5215 llel
1366 5164 1418 5221 est,
1438 5159 1512 5213 Deus
1523 5154 1597 5228 apud
1614 5152 1704 5209 Deum
1719 5164 1767 5224 pa-

136 5252 253 5313 gmntum
269 5267 317 5305 eos
328 5249 403 5305 visus
419 5256 462 5306 est
473 5253 645 5320 instruxisse,
675 5262 790 5326 propter·
804 5254 877 5326 quod
888 5254 928 5309 di·
969 5246 1281 5308 nitetirnomnrutabilis
1293 5255 1321 5304 et
1330 5241 1773 5320 pariteructcrnusatonrapindtr't

136 5334 170 5388 etl
184 5356 189 5389 τ
206 5337 315 5394 Gratias
329 5346 439 5409 apentes
449 5342 587 5397 Itcol'otri
596 5347 645 5412 put
655 5346 752 5412 dlpnm
763 5360 810 5398 ran
819 5348 882 5412 feeit
897 5348 924 5398 ta
968 5342 1108 5398 arbitrans
1116 5358 1176 5395 esse
1187 5356 1215 5394 sc
1226 5340 1363 5411 aequalem
1373 5338 1440 5399 ileo,
1452 5342 1479 5391 et
1489 5332 1695 5409 primogenitus
1711 5342 1768 5389 om·

134 5430 331 5492 metensem
352 5436 509 5485 sanctornm
528 5436 557 5485 tn
587 5436 714 5487 lerau'nc:
733 5426 807 5500 hec,
825 5434 924 5506 inquit,
968 5434 1011 5487 nis
1034 5436 1169 5486 creaturae
1191 5425 1345 5484 secundam
1371 5426 1399 5481 id
1422 5418 1496 5497 quod
1517 5422 1547 5480 ln
1570 5420 1631 5499 lp'so
1657 5418 1769 5479 condite

132 5516 302 5583 misnae
315 5524 384 5574 ante
396 5521 491 5574 omnia
500 5522 606 5592 gratias
618 5528 734 5594 agentes
747 5520 806 5577 Deo
816 5536 867 5594 pro
882 5531 927 5578 to·
967 5527 1033 5577 sunt
1055 5520 1150 5575 omnia
1174 5520 1203 5573 ia
1224 5516 1299 5573 caelis
1325 5518 1353 5572 et
1369 5516 1398 5570 la
1411 5520 1497 5581 terra,
1514 5508 1634 5570 risibilia
1649 5515 1678 5569 ct
1695 5508 1768 5569 invi·

133 5602 178 5671 ltlt
192 5606 328 5679 ammam
338 5606 440 5680 dignos
453 5624 501 5666 ros
510 5626 561 5682 per
574 5624 655 5668 suam
669 5612 927 5686 cognltlonctnsau·
966 5608 1066 5667 sibilia.
1090 5606 1165 5675 Bene
1180 5606 1331 5663 r‘rtvitilitts
1354 5602 1461 5677 adjicit,
1471 5602 1529 5661 iton
1543 5598 1618 5677 quod
1630 5600 1669 5658 stt
1683 5598 1713 5658 n
1725 5600 1767 5655 ti-
