3772 6120
126 313 176 369 5⁴27
417 313 448 366 B.
469 312 604 367 RABANI
628 312 744 367 MAURI
763 311 931 367 ARCHIEP.
954 311 1115 373 MOGUNT.
1138 316 1288 372 OPERUM
1306 314 1398 370 etus
1416 314 1480 371 111«

124 441 240 492 scicntia
256 439 293 503 til
305 440 366 491 Cor.
375 447 607 508 xi),nequaqua1n
622 438 741 491 Paulum
755 437 789 491 de
804 436 951 496 humili-A
961 439 1116 502 Quaerimus
1127 442 1193 512 quid
1204 442 1296 495 dicere
1307 441 1467 496 volueritin
1477 441 1659 497 humilitates

124 532 182 582 tate
193 527 241 581 sed
252 526 285 579 de
296 526 472 580 conscientiis
481 526 809 584 veritatedixisse.etiam
819 527 920 581 dixisse
961 528 1045 596 gione
1055 531 1220 600 angelorum
1230 531 1242 582 ’ἲ
1257 535 1308 584 aut
1321 546 1406 600 quem
1420 546 1534 584 sensum
1552 528 1640 585 habet

123 614 320 686 approbamus.
337 613 495 669 Profuudos
511 614 586 668 enim
602 619 631 669 et
651 614 808 669 reconditos
821 631 920 669 sensus
963 617 1098 673 Dominus
1107 620 1216 673 loeutus
1223 619 1307 673 estad
1318 618 1487 689 discipulos:
1505 619 1659 688 Seruatum

123 704 219 775 lingua
230 720 287 757 non
300 703 427 774 explicat,
444 709 473 757 et
495 720 558 758 cum
573 703 633 775 ipse
647 703 759 769 sentiat,
777 703 843 774 quia
854 721 919 757 eum
962 706 1073 761 dioclet
1081 709 1659 777 relinqueturuubisdomusoestrodesertai

123 809 177 863 quo
186 792 355 865 loquaturin
366 792 472 847 alienas
482 809 564 847 aures
574 808 644 863 puro
660 808 716 846 non
729 798 822 863 potest
831 798 921 846 trans·
961 798 1086 861 amittet
1095 791 1172 850 Iocus
1181 797 1211 851 in
1219 814 1274 867 quo
1281 796 1428 851 crucifixus
1436 803 1479 850 est
1485 797 1624 852 Dominus
1630 814 1659 869 sp

122 881 195 936 ferre
204 898 343 948 sermone,
353 898 436 952 quern
446 898 510 935 cum
520 881 703 935 invemacula
715 880 812 951 lingua
821 880 921 935 debeat
961 888 1005 936 ter
1014 884 1149 955 AEgyptus
1159 885 1364 956 appellaturvel
1376 885 1507 939 Sodoma.
1521 884 1623 940 Omnis
1632 885 1659 941 Ji

122 970 346 1034 disertissimum,
365 971 468 1042 quippe
484 976 516 1023 ut
529 969 663 1025 Hebraeus
682 986 714 1023 ex
737 968 871 1036 Hebraeis,
892 975 921 1024 et
961 958 1659 1045 rumobservationumculturadestruetaestetqu:

123 1059 384 1131 eruditusadpedes
394 1057 917 1128 Gamalielisvirilegedoctissimitdct.
961 1076 1015 1129 que
1023 1060 1144 1113 offerunt
1152 1060 1288 1125 victimas,
1303 1076 1359 1114 non
1372 1061 1430 1116 Deo
1444 1062 1577 1130 offerunt,
1588 1062 1640 1117 sed
1657 1106 1659 1110 Α

122 1152 181 1218 xn),
202 1155 231 1203 et
249 1149 342 1220 ipsum
357 1148 537 1220 interpretari
559 1146 674 1218 cupiens
697 1147 855 1214 involvitur,
876 1149 919 1203 sin
962 1148 1066 1218 refugis
1086 1154 1115 1202 et
1136 1148 1281 1219 spiritibus
1296 1149 1465 1217 immundis3
1482 1167 1533 1205 nec
1545 1151 1659 1219 mirum,

122 1243 218 1292 autem
232 1237 262 1292 in
276 1238 373 1292 Graeca
386 1237 484 1308 lingua
496 1237 549 1290 hoc
563 1235 589 1290 ei
604 1235 718 1301 aceedit,
729 1252 813 1307 quam
828 1238 919 1291 nutri·
961 1242 1024 1307 post
1033 1237 1191 1308 passionem
1202 1237 1313 1292 Domini
1324 1238 1511 1303 faciunt,cum
1525 1256 1575 1310 per
1591 1242 1659 1295 Ami

122 1333 169 1381 tus
182 1328 211 1382 in
226 1327 334 1397 Tharsa
349 1326 452 1382 Cilicia
465 1342 482 1380 a
493 1341 579 1397 parve
592 1329 674 1379 atate
683 1324 842 1393 imbiberat,
852 1326 919 1397 quid
962 1342 1015 1395 que
1025 1326 1191 1397 prophetam
1205 1326 1316 1382 dicatur
1336 1327 1371 1399 ad
1388 1344 1453 1382 eos:
1473 1329 1611 1398 Nunquid
1622 1329 1659 1384 bo

123 1416 157 1471 de
167 1416 263 1471 latinis
278 1416 427 1470 dicendum
444 1413 551 1486 estqui
562 1413 677 1469 verbum
691 1413 726 1468 de
737 1413 821 1469 verbo
831 1416 920 1486 expri-
960 1417 1086 1469 uictimas
1094 1417 1231 1470 obtulistis
1247 1417 1318 1470 uu'iri
1325 1419 1516 1485 quadrag-into
1526 1420 1654 1473 auuirin

123 1520 199 1560 mere
218 1510 352 1559 conantes
364 1503 539 1558 obscuriores
554 1502 659 1557 faciunt
673 1504 734 1572 ejus
747 1504 921 1558 sententias?
962 1505 1373 1573 douztuIsrueietosruiuprirtir
1388 1507 1601 1560 tabernaculum
1616 1507 1659 1562 Mo

123 1594 212 1648 Nemo
227 1609 294 1664 ergo
306 1610 353 1647 vos
362 1598 477 1664 superet
486 1597 571 1662 atque
581 1591 711 1645 devincat
726 1592 820 1647 volens
831 1593 921 1647 humi·
961 1594 1038 1646 sidus
1047 1594 1094 1646 dei
1100 1596 1186 1649 uestri
1194 1594 1351 1662 demptum,
1361 1597 1468 1662 figuras
1479 1596 1647 1663 quassastis

122 1681 232 1737 litatem
246 1682 346 1737 litterar
356 1681 436 1753 sequi
446 1686 474 1735 et
487 1681 652 1751 angelorum
666 1680 829 1750 religionem
836 1688 920 1754 atque
962 1683 1097 1734 reticeas?
1112 1682 1212 1743 (rimor.
1224 1691 1261 1749 r.)
1273 1682 1352 1746 Quod
1362 1683 1473 1754 plenius
1483 1683 1512 1737 in
1528 1683 1659 1739 contenti«

123 1772 283 1827 culturam:
299 1776 332 1825 ut
352 1787 408 1825 non
423 1770 550 1824 serviatis
574 1768 694 1840 spiritali
718 1769 1040 1841 intelligentiae‚ssdaica
1054 1770 1213 1841 Stephanus
1222 1777 1331 1842 ruartpr
1340 1778 1515 1842 exponenset
1522 1773 1659 1829 revolvem

123 1860 173 1914 sed
184 1860 387 1932 exemplaribus
395 1859 565 1923 futurorum,
573 1875 635 1930 quae
644 1874 695 1913 nee
704 1858 764 1929 ipse
779 1859 863 1922 videt,
873 1863 920 1932 qui
962 1858 1032 1912 riam
1048 1865 1171 1913 veterem
1182 1860 1222 1913 sic
1231 1860 1341 1915 locutus
1348 1867 1390 1914 est
1400 1863 1467 1929 (ici.
1480 1867 1537 1929 vn).
1550 1863 1584 1916 lit
1596 1865 1658 1917 citu

123 1966 171 2004 vos
185 1948 312 2020 superari
326 1949 475 2012 desiderat,
496 1947 553 2002 sive
569 1947 653 2011 videt,
670 1953 822 2019 utrumque
844 1949 920 2004 euim
961 1954 1059 2002 cerunt
1073 1951 1104 2002 in
1120 1951 1214 2002 diebus
1229 1952 1297 2014 illis,
1315 1955 1340 2003 et
1354 1951 1513 2004 obtuleruut
1528 1952 1659 2007 bestiast

124 2036 210 2092 habet
221 2038 251 2092 in
266 2038 380 2103 Graeco3
396 2037 551 2108 prasertim
562 2042 746 2090 cumtumens
760 2035 922 2092 ambulatet
962 2039 1129 2091 letabuntur
1140 2041 1171 2091 iu
1187 2040 1312 2106 operibus
1323 2054 1461 2092 erroneum
1475 2040 1659 2095 recreandos

122 2126 234 2181 incedat
243 2127 358 2181 inflatus
373 2127 530 2196 mentisque
545 2123 677 2195 snperbia
684 2131 713 2179 et
726 2129 808 2195 gestu
822 2142 921 2198 corpo·
961 2130 1054 2178 eutem
1067 2130 1103 2178 cst
1118 2128 1188 2179 Deus
1203 2132 1226 2181 ct
1245 2128 1362 2181 tradidit
1373 2144 1423 2191 cor,
1444 2132 1476 2180 ut
1496 2132 1658 2183 colerentur

121 2215 161 2270 ris
175 2216 313 2288 praeferat,
328 2215 380 2270 hoc
398 2215 475 2269 euim
499 2214 639 2284 significat
651 2205 803 2280 ἐμίατεύων
817 2215 920 2270 frustra
962 2217 1030 2276 culi,
1046 2217 1117 2268 sicut
1130 2218 1266 2283 scriptum
1279 2221 1317 2269 est
1332 2219 1363 2270 iu
1377 2218 1448 2271 libro
1461 2219 1659 2286 prophetorum

122 2310 217 2359 autem
231 2305 356 2371 infletur,
372 2310 402 2358 et
413 2308 523 2358 tumeat
540 2320 624 2357 seusu
638 2303 731 2357 carnis
751 2321 807 2359 sua
821 2321 920 2359 carna-
962 2303 1031 2357 tiam
1046 2309 1140 2357 autern
1151 2304 1212 2357 cmii
1228 2321 1283 2359 non
1299 2309 1410 2358 tantum
1425 2305 1466 2359 sol
1481 2306 1651 2376 appellatur,

121 2394 187 2449 liter
198 2399 299 2450 cuncta
312 2394 482 2464 intelligens,
499 2398 528 2446 et
540 2392 726 2447 traditionum
740 2393 921 2448 ludaicarum
963 2397 991 2445 et
1004 2398 1080 2446 astra
1095 2393 1249 2459 rutilantia,
1259 2394 1309 2447 sed
1317 2399 1346 2447 et
1356 2394 1447 2448 omnis
1463 2395 1590 2465 angelica
1598 2396 1659 2451 mul

122 2482 920 2554 deliramentaperquirens,etnontenenseaputomnium
962 2498 1114 2552 eorumque
1135 2482 1273 2536 exercitus
1302 2483 1349 2553 qui
1377 2482 1513 2537 Hebraico
1532 2485 1658 2556 appellat

124 2573 331 2642 Scripturarum
348 2571 427 2636 illud,
444 2571 478 2625 de
493 2587 548 2642 quo
561 2570 667 2625 dictum
680 2577 724 2624 est
739 2589 745 2623 :
764 2573 851 2640 Caput
865 2575 922 2626 oiri
962 2568 1057 2635 booth,
1068 2571 1098 2624 id
1118 2577 1169 2635 est,
1183 2571 1318 2625 virtutum
1333 2571 1391 2625 sire
1405 2573 1587 2638 exercituum,
1603 2573 1659 2629 und

123 2660 248 2714 Christus
258 2665 295 2714 est
309 2662 333 2725 ti
344 2661 405 2716 Cor.
424 2660 473 2728 xi),
490 2665 575 2730 caput
594 2664 688 2712 autem
709 2666 793 2730 atque
816 2660 921 2731 princi·
963 2659 1112 2729 Evangelio
1124 2661 1205 2729 juxta
1213 2661 1317 2714 Lucam
1332 2661 1451 2731 legimus
1468 2680 1474 2728 3
1491 2662 1524 2715 Et
1537 2663 1660 2732 subitati

122 2748 200 2820 pium
213 2748 430 2820 totiuscorporis
443 2763 597 2818 eorumque
605 2747 653 2818 qui
663 2748 789 2812 credunt,
797 2751 921 2804 ctomnis
962 2764 1024 2802 cuni
1039 2753 1136 2816 eripete
1155 2751 1305 2803 multitudo
1326 2753 1435 2804 rii-iidie
1458 2753 1568 2804 celestis
1583 2753 1659 2813 laudi

121 2836 314 2908 intelligentiae
324 2836 468 2909 spiritalis,
485 2852 518 2890 ex
533 2852 588 2906 quo
602 2835 693 2907 capite
707 2853 809 2908 corpus
824 2837 920 2893 Eccle-
962 2838 1047 2891 iterim
1068 2842 1090 2890 et
1107 2839 1258 2892 dicentium
1275 2858 1283 2891 :
1299 2839 1393 2894 Gloria
1409 2842 1440 2892 in
1462 2841 1609 2893 ultissimis
1623 2841 1659 2895 De

121 2926 170 2981 siae
193 2942 244 2998 per
263 2942 329 2981 suos
352 2942 501 2997 compages
526 2930 610 2995 atque
634 2926 791 2994 juncturas,
807 2926 920 2981 vitalem
962 2932 1036 2981 terro
1047 2943 1103 2995 pior
1117 2927 1276 2981 lvorniuibus
1291 2928 1365 2980 bona
1378 2929 1529 2980 voluntatis
1544 2929 1618 2994 (luc.
1629 2931 1659 2997 ιι)

122 3014 255 3070 doctrinae
265 3013 385 3068 coelestis
395 3013 496 3085 accipit
505 3029 629 3079 succum,
641 3018 673 3067 ut
682 3013 778 3067 omnia
784 3015 920 3085 paulatim
961 3015 1036 3068 enim
1049 3016 1124 3069 Deus
1141 3016 1256 3085 angelos
1271 3031 1336 3068 suos
1360 3015 1476 3085 spiritus
1491 3021 1519 3069 et
1533 3016 1659 3071 ministri

121 3102 249 3158 membra
257 3109 423 3174 vegetentur
431 3108 459 3156 et
464 3119 515 3174 per
527 3102 650 3157 occultos
663 3118 797 3156 venarum
808 3109 918 3158 meatus
927 3095 949 3154 C
959 3096 1053 3173 ignem
1064 3110 1202 3170 urentem,
1219 3109 1248 3157 et
1261 3110 1292 3157 ut
1306 3104 1425 3159 sciamus
1437 3121 1548 3175 semper
1562 3122 1610 3159 eos
1625 3121 1659 3178 qu

120 3193 255 3255 fundetur
268 3192 409 3247 defecatus
422 3190 537 3262 sanguis
547 3190 683 3255 ciborum,
695 3196 724 3244 et
733 3190 917 3259 ministretur,
960 3191 1029 3247 bant
1049 3191 1131 3257 idola,
1153 3192 1217 3246 licet
1244 3192 1392 3263 intemplo
1415 3193 1520 3247 hostias
1542 3193 1659 3250 videren

120 3280 288 3348 subcrescat,
300 3281 357 3336 imo
364 3286 495 3335 teneatur
503 3279 690 3351 temperantia
701 3280 833 3351 corporis,
844 3287 876 3335 ut
885 3282 920 3336 de
960 3281 1043 3348 ferre,
1060 3298 1115 3335 non
1131 3282 1187 3335 Deo
1198 3299 1246 3335 eas
1261 3280 1404 3348 obtulisse,
1420 3281 1469 3336 sed
1485 3283 1610 3353 Angelis,
1628 3300 1659 3355 pe

120 3371 196 3426 fonte
209 3371 308 3442 capitis
327 3370 411 3441 rigati
434 3375 513 3424 artus
528 3374 655 3423 crescant
676 3369 705 3422 in
721 3369 920 3439 perfectionem
961 3370 1033 3424 chiel
1047 3371 1158 3441 plenius
1172 3370 1323 3425 discimus:
1341 3373 1408 3425 dedi
1423 3374 1461 3424 eis
1475 3374 1659 3439 justificatior

120 3460 180 3528 Dei,
195 3466 229 3515 ut
241 3460 392 3533 impleatur
407 3458 560 3513 Salvatoris
575 3457 664 3512 oratio
682 3477 687 3511 :
704 3459 796 3523 Peter,
808 3463 875 3525 uoto,
888 3466 919 3513 ut
961 3461 1054 3524 boreus,
1065 3464 1090 3513 ct
1100 3465 1234 3528 precepto
1253 3477 1309 3514 nou
1320 3462 1392 3515 boue
1402 3460 1508 3531 (drach.
1526 3464 1594 3527 mu),
1607 3476 1659 3516 nor

119 3553 425 3618 sicutegoettuunum
440 3548 919 3612 rirrjiuasicetistiiuuobisunum
960 3547 1124 3618 sanguinem
1155 3548 1295 3603 hircorum
1323 3553 1352 3602 et
1375 3554 1522 3602 taurorum
1554 3549 1659 3619 quaerit

119 3643 177 3695 sint
193 3639 412 3706 (loou.xv11),ut
425 3642 574 3709 postquam
589 3651 639 3689 nos
650 3635 780 3690 Christus
792 3636 917 3690 tradide-
960 3637 1008 3691 sed
1025 3637 1192 3691 sacrificium
1216 3637 1329 3690 Domini
1353 3644 1395 3691 est
1410 3637 1526 3709 spiritus
1547 3638 1658 3693 contr-ib

120 3727 158 3783 rit
167 3727 254 3794 Patri,
269 3727 306 3782 sit
318 3728 390 3782 deus
416 3728 513 3780 onznia
527 3729 560 3779 in
574 3726 702 3779 erunibus
719 3725 822 3794 (luia).
840 3726 918 3780 Unde
960 3743 1009 3779 cor
1023 3726 1175 3780 contritum
1199 3732 1228 3779 et
1253 3726 1434 3780 humiliatum
1457 3727 1532 3780 Deus
1553 3743 1611 3781 non
1627 3728 1659 3783 de

119 3822 148 3873 et
161 3834 247 3890 supra
264 3817 368 3871 Paulus
383 3815 442 3870 ait:
459 3815 543 3870 Neruo
563 3830 607 3867 uos
626 3815 739 3882 judicet,
757 3813 791 3867 de
810 3813 855 3869 his
871 3814 918 3884 qui
962 3815 1043 3876 (Psoi.
1060 3818 1098 3879 a).
1114 3815 1266 3885 Propterea
1278 3814 1325 3885 qui
1347 3815 1464 3868 vitulum
1485 3814 1615 3869 fecerunt
1628 3816 1659 3871 in

118 3907 269 3977 magistros
289 3905 360 3976 legis
374 3921 434 3959 esse
454 3919 484 3957 se
502 3904 620 3972 jactant,
635 3903 669 3956 iu
687 3903 745 3956 cibo
759 3907 784 3955 ct
802 3905 834 3956 in
849 3909 916 3972 potu
959 3909 987 3956 et
1006 3903 1154 3958 coluemnt
1176 3903 1253 3957 sidus
1268 3903 1320 3957 Dei
1336 3903 1502 3974 liempham,
1520 3903 1554 3956 de
1575 3919 1632 3975 quo
1652 3904 1659 3959 i

121 3996 214 4061 (ICor.
222 3995 280 4064 xv),
289 3993 364 4064 quod
377 3993 433 4046 alia
443 3992 550 4046 rnunda
563 3992 630 4053 siut,
640 3990 696 4044 alia
706 3991 860 4056 immunda,
868 3998 918 4046 aut
958 3991 1044 4061 pheta
1056 3993 1142 4044 Amos
1152 3991 1261 4062 plenius
1272 3991 1465 4056 disseruimus,
1481 3991 1659 4048 adoraverun

119 4082 148 4136 in
164 4088 243 4153 parbe
257 4080 313 4135 diei
327 4081 459 4145 festi,aut
468 4081 537 4134 alios
550 4079 610 4133 dies
625 4078 710 4133 festos
724 4085 833 4150 putent,
847 4081 917 4134 alios
958 4096 1004 4133 ras
1015 4096 1084 4151 quas
1092 4080 1145 4151 ipsi
1155 4080 1290 4146 fecerunt,
1305 4086 1334 4133 et
1347 4081 1466 4134 tradidit
1477 4097 1524 4134 eos
1535 4080 1659 4146 [leusut

119 4170 280 4236 noniestos,
298 4167 378 4224 nobis
398 4170 473 4223 enim
498 4169 546 4239 qui
565 4168 594 4221 in
619 4167 763 4222 Christum
776 4169 917 4223 credimus
957 4168 1136 4222 rentmilitiae
1147 4169 1208 4222 coeli
1219 4185 1280 4239 quie
1295 4185 1369 4222 nune
1379 4168 1414 4222 ab
1429 4169 1562 4240 Apostolo
1576 4169 1659 4240 religi

118 4265 313 4330 resurgentem
321 4257 399 4331 jugis
413 4264 441 4312 et
450 4263 556 4312 aeterna
569 4255 725 4310 festivitatis
736 4262 787 4322 est,
804 4263 854 4311 aut
863 4258 917 4312 Ka·
957 4261 1004 4311 tur
1018 4257 1182 4327 angelorum
1193 4274 1243 4328 pro
1249 4257 1418 4323 humilitate,
1431 4256 1460 4311 in
1469 4258 1659 4323 Graecumue

119 4350 267 4405 lendarnm
282 4353 311 4402 et
330 4347 433 4402 mensis
447 4346 527 4421 novi,
541 4345 653 4416 quando
672 4345 835 4400 decrescens
849 4347 916 4401 luna
958 4336 1020 4417 σῦνῃ
1032 4346 1206 4416 intelligitur,
1219 4346 1309 4412 idest,
1320 4346 1488 4399 humilitatis
1499 4346 1612 4407 mentis,
1624 4347 1659 4401 sii

119 4440 217 4495 finitur
231 4444 260 4494 et
278 4437 367 4493 noctis
381 4435 489 4491 umbris
512 4433 672 4505 detegitur:
691 4434 1013 4518 ChristianorumDsus,
1031 4440 1060 4489 et
1080 4435 1241 4488 miseranda
1258 4435 1430 4505 superstitio,
1447 4435 1537 4489 Deum
1561 4434 1659 4490 credar

120 4529 196 4584 euim
211 4529 306 4583 lumen
320 4533 457 4583 aeternum
467 4530 519 4590 est,
537 4531 566 4578 et
586 4540 697 4594 semper
717 4523 784 4578 solis
799 4525 916 4594 justitiae
957 4541 1054 4578 eorum
1067 4531 1152 4594 atque
1167 4530 1313 4577 taurorum
1334 4523 1472 4593 sanguine
1490 4523 1637 4590 delectari,

120 4617 207 4671 radiis
220 4618 387 4671 illustratur.
403 4618 460 4670 Aut
469 4615 498 4669 in
508 4618 588 4685 parte
604 4612 799 4679 Sabbatorum,
814 4620 916 4669 utnon
957 4612 1024 4665 dore
1038 4612 1240 4683 thymiamatis,
1249 4628 1332 4682 quem
1342 4629 1415 4683 saepe
1430 4611 1557 4665 homines
1570 4611 1659 4668 declin

120 4705 224 4759 faciant
237 4705 336 4759 servile
349 4722 419 4776 opus
429 4710 457 4759 et
473 4720 559 4758 onera
578 4720 634 4757 non
648 4709 769 4774 portent,
786 4704 852 4775 quia
866 4720 917 4758 nos
957 4701 1036 4765 Quod
1052 4708 1146 4755 autem
1161 4701 1307 4771 sequitur:

121 4792 226 4848 Christi
234 4808 332 4846 sumus
343 4792 472 4847 libertate
482 4793 588 4858 donati,
598 4798 627 4847 et
639 4809 726 4847 onera
739 4797 917 4863 peccatorum
993 4791 1025 4846 Si
1047 4793 1151 4844 inertui
1165 4793 1226 4844 estis
1237 4807 1300 4844 curu
1317 4790 1424 4844 Christo
1439 4792 1470 4843 ob
1486 4793 1627 4845 clementie
1645 4808 1659 4844 a

120 4889 232 4954 gestare
246 4879 489 4946 desivimusHaee,
503 4881 605 4953 inquit,
623 4883 717 4936 omnia
732 4880 837 4935 umbra
853 4887 919 4936 sunt
959 4881 1027 4948 quid
1040 4881 1129 4934 avliiuc
1148 4881 1412 4948 frequentamenta
1425 4880 1457 4931 iu
1473 4880 1578 4933 ariundo
1588 4881 1659 4936 decet

120 4974 279 5027 futurorum
286 4968 809 5038 otimaginesventumfelicitatis,utin
817 4968 918 5039 quibus
960 4968 997 5021 Ne
1013 4971 1164 5035 tetigeritis,
1176 4985 1260 5037 usquc
1274 4969 1461 5035 portaveritis,
1480 4974 1659 5037 stupescenti

120 5062 209 5117 Judaei
222 5061 303 5132 juxta
317 5056 439 5112 litteram
455 5056 616 5113 haesitantes
637 5063 770 5112 tenentur
785 5057 813 5111 in
830 5063 916 5123 terra,
959 5059 1273 5125 ritis,qumruutoninio
1281 5060 1312 5109 in
1319 5058 1467 5109 interitum
1479 5059 1536 5125 ipso
1543 5074 1659 5124 erupere

121 5167 172 5206 nos
184 5152 265 5220 juxta
278 5145 420 5204 Christum
433 5149 609 5200 transeamus
624 5147 659 5201 ad
683 5146 835 5211 Christum,
850 5146 918 5216 quia
956 5150 1123 5214 preceptori
1144 5149 1284 5200 doctrinas
1294 5146 1457 5199 lroiuiuuuc:
1468 5162 1527 5215 pita
1542 5151 1606 5201 suiit
1620 5161 1657 5201 ru

122 5239 156 5293 ad
166 5239 375 5294 distinctionem
381 5232 545 5288 umbrarum
556 5252 630 5290 nunc
639 5252 740 5307 corpus
749 5235 914 5307 appellatur:
958 5236 1068 5302 quidun.
1082 5236 1211 5289 delicatio
1225 5237 1366 5302 sapientia
1376 5237 1407 5288 in
1419 5238 1613 5304 superstitione
1621 5239 1649 5290 et

123 5328 263 5399 quomodo
278 5327 353 5382 enim
368 5324 642 5396 incorporaremus
658 5330 709 5389 est,
718 5324 783 5379 etin
793 5323 918 5396 corporis
958 5325 1044 5389 litate,
1056 5328 1081 5377 ct
1096 5325 1197 5379 iiouod
1209 5325 1381 5392 percendum
1397 5326 1514 5391 corpori,
1532 5339 1587 5377 nou
1608 5326 1642 5379 in
1658 5365 1659 5376 ,

122 5412 917 5485 umbramendaeium,sicinspiritaliintelligentiamun-
958 5414 1052 5481 aliquo
1073 5415 1109 5465 od
1132 5416 1309 5466 satientatem
1335 5413 1543 5479 carniafflsal
1567 5413 1651 5469 Hune

123 5505 176 5560 dus
190 5503 282 5558 omnis
294 5500 373 5556 cibus
387 5509 416 5557 et
428 5507 520 5574 potus,
537 5507 565 5555 et
578 5507 638 5556 tota
650 5501 795 5568 festivitas,
811 5507 840 5556 et
851 5517 916 5573 per·
957 5499 1060 5554 habere
1088 5517 1202 5554 sensum
1225 5501 1344 5567 ridetur,
1360 5518 1505 5556 curramus
1517 5518 1568 5572 per
1591 5501 1659 5576 sing

121 5597 213 5668 petua
227 5590 359 5647 Kalendae
373 5596 402 5645 et
414 5597 520 5646 aeterna
540 5590 651 5662 requies
664 5589 850 5663 exspectanda
863 5595 915 5644 est.
959 5588 1156 5645 obscuritatem
1169 5606 1304 5646 sensuum
1318 5598 1403 5662 atque
1415 5590 1562 5645 verborum
1579 5591 1659 5648 Chris
