3772 6120
118 272 183 330 reor
848 276 1038 333 rrrsroura.
1352 243 1357 246 ’
1688 279 1756 336 isse

116 415 131 451 ι
146 399 162 452 1
176 401 255 466 seq).
270 415 282 448 l
300 398 333 453 Et
348 399 451 453 iterum
469 418 474 452 :
494 400 660 454 ‹Custodite
674 416 740 471 ergo
754 405 973 464 rimamur-Ac
991 402 1057 473 quia
1067 401 1144 456 mitis
1154 419 1216 457 sum
1226 407 1255 457 et
1270 396 1384 458 humilis
1395 404 1492 470 corde;
1513 409 1541 459 et
1551 403 1700 460 invenietis
1714 421 1758 462 re·

117 506 130 538 ι
148 486 319 553 runcatione,
337 505 398 559 quce
423 487 492 542 nihil
516 490 640 560 prodest,
653 497 682 544 et
704 508 722 543 a
745 491 917 545 detractione
960 491 1084 561 «quiem
1099 482 1473 562 ani1·nabusrcstr1‘s.lugum
1484 493 1559 547 enim
1570 509 1756 551 meumsuave

117 596 129 628 ι
146 574 254 647 parcite
263 575 366 646 linguae
383 596 388 630 :
405 578 539 648 quoniam
553 595 721 650 responsum
730 578 878 634 obscurum
888 580 917 634 in
960 584 1040 642 cest,
1058 585 1086 633 et
1100 596 1170 634 onus
1200 596 1293 634 meum
1319 582 1377 635 lere
1402 588 1445 635 est
1457 582 1565 650 (illotth.
1586 597 1624 650 xr,
1637 583 1682 649 lt,
1700 580 1754 652 30).

116 683 131 719 ι
146 681 267 719 vacuum
283 682 339 719 non
351 664 420 735 ibit;
438 684 468 722 os
483 676 578 722 autem
590 669 664 738 quod
676 669 918 723 mentituroccidit
960 685 971 717 c
991 667 1078 721 Filius
1087 669 1162 722 enirn
1184 669 1306 723 hominis
1317 676 1451 725 venturus
1462 678 1505 725 est
1514 671 1544 724 in
1558 671 1649 741 gloria
1664 671 1757 727 Patris

115 771 129 808 ι
145 754 282 809 animam.
299 756 393 810 Nolite
407 757 496 811 zelare
512 764 632 812 mortem
647 758 677 811 in
691 775 786 812 errore
798 759 859 812 vitae
869 774 916 812 ve·
959 774 972 808 o
989 758 1106 811 sulcum
1117 759 1225 828 angelis
1240 759 1308 826 suiS,
1326 765 1430 814 ettunc
1440 760 1539 814 reddet
1549 759 1700 832 unicuique
1715 777 1755 817 se·

116 851 223 911 rstrae,
251 860 343 916 neque
372 847 524 916 acquiratis
540 847 726 918 perditionem
741 848 769 901 in
785 847 917 918 operibus
959 862 972 896 «
989 846 1111 900 cundum
1127 848 1404 918 operaeJus.Dedie
1418 849 1757 910 autemillavelhorane·

116 951 130 988 ι
147 950 284 988 manuum
295 940 462 1003 vestrarum,
481 937 614 1007 quoniam
629 938 704 991 Deus
724 941 845 991 mortem
859 953 916 991 non
959 953 972 985 e
984 951 1030 988 mo
1046 935 1107 1002 scit,
1125 952 1215 1007 neque
1233 937 1326 1006 angeli
1339 937 1368 991 in
1383 939 1462 1003 coele,
1484 955 1575 1009 neque
1590 937 1686 1008 Filius,
1702 939 1757 995 nisi

116 1041 130 1077 ι
145 1023 221 1091 tecit,
233 1040 285 1078 nec
296 1024 453 1079 delectatur
466 1025 496 1079 in
507 1025 665 1096 perditione
677 1025 813 1079 virorum.
830 1025 916 1079 Orea·
960 1041 971 1072 ι
986 1024 1079 1077 Pater.
1104 1025 1213 1090 Videte,
1240 1025 1362 1096 vigilate,
1381 1033 1409 1081 et
1437 1032 1525 1082 orate.
1545 1027 1665 1083 Nescitis
1679 1027 1757 1084 enim

117 1131 131 1165 a
148 1113 273 1167 vitenim
287 1120 319 1167 ut
329 1119 424 1168 essent
435 1113 539 1180 omnia,
557 1121 585 1169 et
595 1114 734 1169 sanabiles
748 1114 916 1168 facitnatio·
960 1132 972 1162 ι
987 1113 1269 1184 quandotempussit.
1288 1115 1457 1170 Sicuthomo
1469 1117 1517 1188 qui
1533 1133 1650 1188 peregre
1664 1117 1757 1190 profe·

117 1217 200 1255 «nes
214 1200 290 1256 orbis
314 1207 463 1267 terrarum,
482 1208 511 1257 et
525 1220 580 1257 non
595 1209 638 1258 est
663 1205 693 1258 in
713 1204 768 1258 illis
783 1203 916 1274 praedica-
960 1219 973 1251 «
987 1208 1051 1255 ctus
1067 1203 1180 1272 reliquit
1209 1204 1324 1258 domum
1345 1221 1436 1272 suam,
1461 1210 1489 1259 et
1507 1205 1586 1260 dedit
1599 1205 1685 1262 servis
1698 1205 1757 1262 suis

116 1295 277 1345 «mentum
298 1292 466 1360 exterminii,
489 1309 541 1347 nec
563 1293 718 1347 inferorum
746 1308 864 1362 regnum
889 1293 918 1346 in
961 1296 1159 1362 «potestatem
1178 1293 1313 1362 cujusque
1328 1293 1430 1364 operis,
1448 1300 1476 1348 et
1487 1294 1603 1365 janitori
1624 1294 1759 1368 precepit

118 1386 226 1435 «terra
254 1379 331 1450 (Sap.
348 1395 368 1447 1,
393 1382 424 1436 11
457 1382 533 1454 seq).
552 1401 564 1435 »
591 1381 727 1436 Similiter
751 1387 779 1435 et
802 1382 830 1436 in
846 1381 917 1436 libro
961 1400 973 1431 o
990 1388 1022 1433 ut
1038 1379 1175 1450 vigilaret.
1192 1381 1314 1450 Vigilate
1324 1398 1409 1453 ergo:
1426 1383 1538 1438 nescitis
1549 1384 1660 1455 quando
1670 1383 1759 1440 domi·

115 1469 184 1524 Jesu
195 1469 245 1522 lilii
262 1469 370 1535 Sirach,
394 1471 539 1541 Sapientia
552 1471 635 1525 docet
647 1471 715 1543 quid
730 1471 874 1525 vitandum
890 1478 919 1525 et
961 1487 974 1520 o
991 1468 1154 1522 nusdomus
1165 1468 1266 1535 reniet,
1289 1487 1351 1524 sero
1366 1488 1402 1524 an
1418 1472 1512 1526 media
1533 1479 1623 1539 nocte,
1641 1473 1758 1545 angelii

117 1558 187 1628 quid
208 1558 367 1612 faciendum
381 1558 437 1613 sit:
457 1580 468 1610 ι
494 1559 548 1623 Qui
567 1559 683 1626 timetis,
699 1560 800 1631 inquit,
826 1560 919 1614 Douri-
962 1562 1084 1619 ocantu,
1101 1574 1138 1611 an
1154 1575 1247 1626 mane,
1266 1576 1301 1613 nc
1311 1577 1376 1614 cum
1388 1561 1496 1615 venerit
1504 1567 1620 1633 repente
1633 1563 1759 1620 inveniat

118 1664 132 1697 ι
150 1662 228 1711 num,
240 1647 345 1700 credite
358 1647 408 1712 illi,
425 1653 453 1702 et
477 1648 506 1702 in
529 1648 713 1703 oblectatione
736 1648 829 1702 veniet
844 1647 919 1702 robis
962 1663 975 1696 n
987 1663 1033 1700 ros
1047 1647 1229 1702 dormientes
1242 1649 1322 1713 Quod
1338 1655 1433 1704 autem
1448 1648 1523 1706 vobis
1538 1651 1611 1719 dico,
1629 1651 1759 1708 omnibus

119 1752 134 1788 ι
151 1735 353 1789 misericordia.
363 1737 415 1800 Qui
424 1736 531 1791 timetis
539 1737 700 1803 Dominum,
709 1737 818 1807 diligite
828 1737 916 1802 illum,
928 1725 974 1786 Bo
990 1734 1061 1801 dico,
1074 1735 1186 1805 vigilate
1203 1739 1311 1804 (Mattio.
1329 1740 1411 1807 xxiv).
1431 1758 1443 1791 »
1456 1738 1675 1796 HincetPaulus
1694 1756 1760 1812 apo-

119 1842 133 1877 «
151 1830 181 1879 et
192 1824 428 1880 illuminabuntur
455 1826 540 1880 corda
563 1832 664 1881 vestra.
689 1826 838 1897 Respicite,
856 1826 916 1892 filii,
959 1824 1047 1878 stolus
1055 1824 1091 1878 ad
1101 1825 1241 1880 Romanos
1253 1826 1378 1880 scribens
1387 1827 1441 1882 ait:
1459 1829 1761 1885 ·Revelaturenimira

119 1933 132 1965 c
146 1913 277 1968 nationes
289 1915 446 1981 hominum,
458 1920 487 1969 et
496 1916 593 1970 scitote
609 1916 675 1987 quia
689 1915 783 1970 nullus
797 1914 920 1986 speravit
961 1931 974 1966 c
990 1913 1039 1967 Dei
1048 1914 1083 1968 de
1092 1915 1160 1968 coelo
1167 1930 1368 1985 superomnern
1376 1915 1551 1986 impietatem
1558 1917 1761 1988 etinjustitiam

119 2021 132 2054 s
153 2002 182 2056 in
195 2003 324 2071 Domino,
336 2007 365 2057 et
375 2003 506 2059 confusus
522 2009 573 2058 est.
591 2005 660 2069 Quis
674 2005 749 2059 enim
764 2003 920 2076 permansit
962 2020 975 2053 n
989 2002 1133 2057 hominum
1148 2020 1256 2070 corum,
1273 2005 1320 2075 qui
1339 2005 1489 2060 veritatem
1504 2005 1555 2060 Dei
1576 2006 1606 2060 in
1621 2006 1761 2078 injustitia

119 2109 134 2145 c
153 2092 183 2146 in
192 2093 400 2164 mandatisejus
411 2099 439 2147 et
448 2094 598 2148 derelictus
609 2100 661 2161 est,
677 2100 727 2148 aut
740 2094 803 2165 quis
812 2093 920 2148 invoca-
963 2110 975 2143 o
988 2091 1125 2147 detinent.
1135 2093 1288 2147 Hisautcm
1297 2093 1344 2164 qui
1355 2099 1421 2148 sunt
1432 2111 1464 2147 ex
1476 2095 1665 2163 contentione,
1674 2095 1760 2168 etqui

119 2198 135 2233 a
152 2180 193 2235 vit
206 2182 295 2248 illum,
307 2188 336 2236 et
347 2181 474 2253 desperit
488 2184 571 2237 eum?
586 2183 725 2247 Quoniam
741 2184 803 2254 pius
822 2190 851 2236 ct
865 2183 919 2237 mi·
962 2201 973 2231 ι
988 2181 1365 2253 nonaequiescuntreritati‚
1375 2183 1494 2237 credunt
1504 2183 1758 2256 auteminiquitati,

120 2288 135 2322 ι
154 2271 274 2335 sericors
287 2278 330 2325 est
340 2272 425 2336 Deus,
435 2277 464 2324 et
472 2272 599 2326 remittet
614 2273 642 2325 in
657 2277 784 2343 tempore
798 2271 918 2326 tribula·
961 2289 973 2321 c
990 2269 1069 2324 iraet
1079 2270 1245 2341 indignatio,
1263 2271 1410 2326 tribulatio
1422 2276 1450 2325 et
1461 2272 1593 2343 angustia
1602 2272 1632 2327 in
1646 2288 1760 2328 omnem

119 2379 132 2411 ι
149 2360 235 2415 donis
261 2366 384 2432 peccata,
401 2366 430 2414 et
456 2366 598 2432 protector
612 2365 656 2415 est
678 2361 808 2415 omnibns
821 2361 918 2432 exqui·
961 2379 973 2410 ι
990 2359 1113 2413 animam
1124 2359 1395 2432 hominisoperantis
1405 2362 1520 2429 malum,
1532 2361 1621 2417 Judaei
1636 2361 1759 2434 primum

119 2466 133 2499 c
150 2447 277 2503 rentibus
290 2465 320 2502 se
332 2448 361 2502 in
376 2449 503 2503 veritate.
516 2450 564 2502 Vae
576 2448 779 2520 duplici‘corde
796 2457 824 2504 et
837 2449 919 2503 labiis
962 2468 976 2500 n
992 2454 1020 2502 et
1031 2448 1119 2503 Graeci
1137 2466 1142 2501 :
1161 2448 1254 2519 gloria
1269 2454 1364 2503 autem
1377 2456 1406 2505 et
1419 2450 1507 2506 virtus
1519 2456 1547 2505 et
1558 2450 1655 2518 honor,
1664 2456 1693 2506 et
1706 2467 1759 2524 pax

118 2558 134 2587 ι
149 2537 303 2601 sceleratis,
320 2543 350 2591 et
364 2538 493 2592 manibus
508 2539 581 2592 male
594 2538 770 2605 iacientibus,
783 2544 812 2593 et
825 2554 920 2610 pecca·
963 2557 974 2588 r
992 2537 1066 2591 omni
1079 2537 1207 2608 operanti
1221 2537 1337 2604 bonum,
1354 2539 1449 2593 Judaeo
1470 2539 1592 2612 primum
1608 2544 1637 2595 et
1651 2539 1757 2597 Graeco.

121 2646 133 2678 c
152 2627 207 2681 tori
219 2631 324 2680 terram
335 2627 505 2696 ingredienti
520 2627 628 2681 duabus
644 2627 704 2683 viis.
715 2628 762 2682 Vae
777 2628 920 2683 dissolutis
964 2647 974 2677 r
990 2627 1053 2680 Non
1068 2633 1111 2681 est
1126 2627 1200 2681 enim
1215 2643 1399 2699 personarum
1421 2628 1544 2699 acceptio
1568 2628 1643 2700 apud
1657 2629 1759 2688 neum.

120 2736 136 2767 ι
154 2715 569 2786 cordc,quinoncreduntlleo,
582 2723 610 2770 et
623 2717 687 2770 ideo
701 2733 757 2771 non
767 2721 920 2788 protegun—
966 2734 977 2764 ι
993 2713 1158 2786 Quicunque
1174 2716 1250 2770 enim
1265 2716 1326 2771 sine
1341 2717 1402 2787 lege
1413 2721 1606 2788 peccaverunt,
1622 2718 1683 2773 sine
1698 2718 1760 2791 lege

122 2823 135 2854 a
154 2813 201 2858 tur
214 2803 250 2858 ab
265 2821 307 2858 eo.
325 2805 373 2860 Vae
392 2805 435 2858 his
446 2805 494 2877 qui
509 2806 695 2877 perdiderunt
709 2805 918 2872 sustinentiam,
963 2821 976 2855 o
991 2802 1124 2874 peribunt
1139 2824 1144 2858 :
1163 2810 1192 2859 et
1202 2803 1362 2877 quicunque
1376 2805 1405 2860 in
1420 2807 1482 2877 lege
1496 2813 1691 2878 peccaverunt,
1707 2823 1758 2879 per
1848 2854 1854 2868 .

122 2914 135 2946 ι
156 2899 184 2947 et
196 2894 244 2962 qui
254 2893 467 2964 dereliquerunt
491 2894 551 2948 rias
574 2899 675 2960 rectas,
692 2901 721 2949 et
745 2895 921 2949 diverterunt
962 2911 975 2947 c
992 2892 1081 2963 legem
1085 2894 1361 2964 judicabuntur.N0n
1377 2895 1452 2949 enim
1463 2895 1606 2951 auditores
1614 2895 1759 2967 legisjusti

121 3002 134 3034 ι
153 2982 182 3036 in
200 2983 256 3036 rias
265 2999 373 3053 pravas,
392 2982 497 3053 etquid
513 2983 620 3038 iacietis
635 3000 698 3038 cum
713 2983 849 3054 inspicere
863 2999 919 3038 coe·
963 3005 973 3031 ι
991 2988 1059 3036 sunt
1071 2983 1144 3054 apud
1151 2984 1307 3050 Deum,sed
1317 2984 1437 3039 suctores
1447 2985 1518 3055 legis
1529 2982 1760 3055 jusdllcabuntur

121 3090 134 3122 ι
153 3071 227 3143 perit
242 3071 400 3126 Dominus?
414 3073 467 3136 Qui
484 3073 585 3127 timent
598 3045 949 3138 Dominum,n0nen1ntC
962 3090 975 3123 a
993 3072 1078 3140 (lloru.
1102 3086 1121 3132 1,
1141 3070 1176 3128 lt
1200 3075 1277 3141 sep).
1304 3074 1366 3129 Non
1382 3090 1448 3144 ergo
1459 3080 1558 3144 regnet
1571 3078 1716 3147 peccatum
1729 3074 1759 3130 in

120 3177 134 3211 ι
152 3160 328 3214 incredibiles
351 3161 435 3215 verbo
450 3162 534 3226 illius,
552 3169 581 3216 et
605 3162 653 3232 qui
680 3162 801 3232 diligunt
826 3162 917 3229 illurn,
961 3179 974 3213 a
990 3166 1081 3215 restro
1101 3161 1213 3216 mortali
1228 3179 1344 3234 corpore
1360 3163 1394 3216 ad
1411 3162 1599 3218 obediendum
1613 3163 1759 3219 desideriis

120 3267 135 3300 e
152 3248 358 3304 conservabunt
372 3249 444 3303 riam
471 3250 555 3304 illius.
572 3251 626 3315 Qui
650 3250 752 3305 timent
767 3251 919 3305 Dominum
962 3251 1067 3319 ceJus:
1086 3251 1135 3305 sed
1150 3267 1241 3322 neque
1257 3250 1411 3306 exhibeatis
1426 3251 1553 3306 membra
1576 3257 1668 3307 vestra
1679 3267 1759 3308 arma

118 3357 135 3388 ι
153 3336 297 3409 inquirent
314 3355 375 3409 quae
392 3338 566 3410 beneplacita
576 3339 787 3410 suntilli,ctqui
798 3339 920 3409 diligunt
962 3358 974 3390 o
992 3339 1149 3410 iniquitatis
1159 3347 1281 3410 peccato,
1296 3341 1345 3394 scd
1360 3340 1488 3394 exhibete
1502 3357 1549 3394 vos
1559 3341 1758 3413 Deotanquam

120 3446 133 3477 c
150 3426 420 3498 illumreplebuntur
430 3428 918 3499 legeipsiusQuitimentDominum
963 3447 974 3478 c
992 3444 1025 3481 ex
1040 3428 1298 3494 mortuisrirentes,
1311 3434 1338 3482 et
1349 3428 1475 3482 membra
1485 3434 1577 3483 restra
1589 3445 1669 3483 arma
1675 3430 1758 3501 justi·

120 3536 133 3567 c
152 3516 351 3587 preparabant
366 3517 450 3571 corda
459 3534 519 3583 sua,
528 3523 556 3571 et
571 3518 600 3571 in
609 3523 758 3589 conspectu
773 3517 847 3572 illius
858 3533 920 3571 san·
963 3536 973 3566 ι
991 3516 1038 3570 tiae
1046 3516 1347 3571 Deopeccatumcniin
1361 3516 1389 3571 in
1400 3516 1477 3570 robis
1487 3533 1543 3572 non
1554 3517 1758 3577 dominabitur·

119 3605 426 3660 «ctificabuntanimas
440 3622 515 3661 suas.
527 3607 580 3672 Qui
596 3606 699 3661 timent
712 3606 863 3662 Dominum
873 3622 919 3659 cu·
962 3628 973 3655 c
988 3605 1049 3660 {ion
1056 3605 1130 3659 enirn
1145 3605 1269 3675 sublege
1288 3605 1363 3671 estis,
1378 3605 1427 3660 scd
1444 3605 1495 3660 sub
1510 3604 1701 3677 gratiamque.
1718 3621 1756 3676 rr,

118 3711 134 3747 ι
151 3694 919 3766 stodiuntmandatailliusptpatientiamhabentusque
962 3692 1024 3748 «12
1038 3694 1138 3762 scal.»
1158 3693 1229 3746 llinc
1244 3699 1272 3747 ct
1285 3693 1404 3749 lacobus
1415 3695 1457 3748 ait
1473 3714 1480 3748 :
1496 3715 1506 3746 ι
1525 3695 1622 3750 Estote
1637 3694 1757 3752 factores

117 3799 136 3836 ι
151 3783 187 3837 ad
209 3782 412 3855 inspectionem
439 3784 514 3839 illius
531 3786 625 3852 (Ereti.
645 3775 708 3852 11,8
730 3788 804 3854 seq).
822 3804 834 3837 a
853 3784 918 3838 llaee
961 3781 1758 3857 cverbictnonauditorestantum,fallentesrosmetip-

116 3888 187 3943 ergo
196 3874 293 3927 omnia
301 3874 430 3943 regulam
444 3890 519 3928 sance
529 3873 596 3928 srdei
606 3873 716 3940 docent,
734 3877 918 3945 autpeecato-
961 3889 973 3923 c
990 3887 1035 3925 sos
1052 3873 1117 3938 lloc.
1136 3885 1155 3935 1,
1181 3869 1238 3939 22).
1257 3889 1268 3921 ι
1295 3871 1329 3925 Et
1347 3871 1431 3925 item:
1450 3893 1460 3923 ι
1477 3871 1550 3936 Quid
1564 3872 1687 3944 prodest,
1702 3872 1758 3928 fra·

116 3961 342 4033 ribuspromalis
351 3962 483 4033 operibus
491 3980 588 4034 poenas
599 3963 763 4034 praedicunt,
776 3967 825 4017 aut
833 3962 918 4033 justis
961 3977 974 4012 a
991 3966 1049 4014 tres
1056 3960 1153 4025 mei,si
1167 3960 1250 4014 fidem
1267 3960 1416 4031 quisdicat
1427 3977 1457 4015 se
1472 3959 1586 4028 habere,
1609 3976 1695 4033 opera
1709 3978 1757 4017 au·

117 4068 170 4121 pro
180 4049 332 4105 benefactis
346 4052 463 4121 praemia
481 4053 628 4123 spondent.
646 4053 680 4106 Et
690 4052 828 4123 quomodo
843 4051 918 4122 quis·
961 4053 1048 4102 ntem
1066 4065 1121 4103 non
1144 4048 1264 4104 habeat?
1286 4049 1420 4120 Nunquid
1447 4049 1550 4121 poterit
1564 4050 1634 4106 sides
1648 4050 1758 4107 salvare

117 4155 173 4210 que
180 4141 326 4210 praesumit
347 4141 450 4208 dicere,
466 4143 622 4213 nonjustae
641 4140 715 4196 bona
725 4141 826 4195 merita
839 4140 918 4210 adju·
962 4160 972 4190 ι
991 4155 1054 4193 eum
1070 4138 1162 4211 ?(Jac.
1184 4153 1214 4206 11,
1237 4140 1293 4204 14)
1313 4159 1325 4191 u
1357 4140 1391 4193 Et
1410 4157 1508 4194 rursus
1526 4159 1531 4192 :
1548 4139 1658 4195 Subditi
1671 4140 1759 4212 igitur

116 4243 293 4299 vacansque
309 4228 419 4299 iniquos
427 4235 540 4301 peccata
549 4231 659 4296 laedere,
674 4231 723 4285 sed
733 4245 918 4299 unumquem·
960 4233 1080 4282 «estote
1095 4228 1163 4292 Deo,
1192 4228 1312 4282 resistite
1339 4235 1434 4282 autem
1463 4228 1583 4295 diabolo,
1597 4228 1726 4299 etfugiet
1740 4245 1759 4284 a

119 4333 174 4388 quc
199 4318 454 4387 praedestinationis
473 4322 639 4375 necessitate
663 4326 712 4374 aut
726 4318 853 4373 coronari
868 4324 919 4372 aut
962 4336 973 4369 n
989 4317 1077 4370 vobis.
1091 4316 1320 4388 Appropinquntc
1335 4318 1464 4384 Domino,
1479 4322 1507 4371 et
1522 4316 1758 4390 appropinquabit

117 4407 214 4479 puniri
225 4407 237 4460 l
250 4407 404 4462 Videamus
414 4425 481 4478 ergo
501 4409 617 4479 quidde
635 4410 687 4463 hoc
700 4410 808 4463 Novum
823 4408 918 4461 Testa·
964 4426 974 4457 c
992 4405 1080 4462 robis,
1098 4405 1256 4460 Emundatc
1281 4423 1390 4470 inanire,
1408 4412 1579 4477 peccatores
1604 4411 1633 4460 et
1660 4405 1757 4478 purifi-

118 4501 246 4551 mentum
262 4496 342 4552 nobis
357 4498 489 4552 insinuet.
506 4499 581 4553 Dicit
594 4499 669 4551 enim
687 4498 748 4568 ipsa
762 4497 873 4551 l'critas
889 4497 918 4550 in
962 4516 973 4542 ι
991 4500 1051 4547 cate
1066 4493 1162 4561 corda,
1178 4493 1302 4565 duplices
1318 4493 1422 4548 animo.
1448 4493 1542 4547 Miseri
1559 4499 1657 4561 estote,
1674 4500 1703 4550 et
1716 4494 1758 4550 lu·

118 4584 269 4656 Evangelio
280 4587 638 4658 :‹1ntrateperangustam
648 4593 769 4658 portani,
782 4586 849 4657 quia
860 4586 919 4641 lata
961 4588 1058 4652 «gete,
1076 4588 1104 4636 et
1113 4583 1221 4653 plorate
1234 4601 1239 4648 ;
1257 4583 1329 4636 risus
1343 4588 1435 4637 vester
1449 4583 1477 4637 in
1490 4582 1597 4638 luctum
1612 4589 1757 4640 converta-

120 4693 132 4724 ι
148 4679 230 4744 porta
240 4676 399 4747 etspatiosa
408 4677 452 4730 via
461 4681 503 4731 est
512 4694 573 4747 quae
585 4676 663 4730 ducit
673 4675 708 4728 ad
719 4675 915 4746 perditionem,
961 4689 974 4723 a
990 4677 1046 4735 tur,
1063 4679 1091 4724 ct
1101 4670 1235 4741 gaudium
1247 4671 1275 4725 in
1285 4688 1443 4726 moerorem.
1455 4671 1758 4730 llumiliaminiincon·

121 4764 273 4818 «etmulti
296 4766 682 4837 suntquiintrantpeream:
701 4770 920 4835 quamangusta
962 4765 1088 4831 «spectu
1102 4760 1224 4827 Domini,
1247 4767 1276 4815 et
1289 4760 1422 4816 exaltabit
1437 4779 1484 4817 vos
1509 4763 1540 4839 in
1563 4766 1690 4835 tempore
1703 4763 1757 4817 tri-
1818 4801 1821 4804 -

120 4859 243 4924 «porta,
259 4859 380 4908 etarcta
395 4855 513 4926 viaque
538 4855 615 4909 ducit
629 4854 664 4907 ad
678 4855 774 4918 vitam,
792 4859 820 4906 ct
839 4853 918 4923 pauci
963 4848 1144 4902 ‹bulationis
1162 4852 1228 4916 (doc.
1253 4864 1283 4915 11,
1307 4847 1422 4920 7·l0).s
1450 4851 1578 4916 Qualiter
1591 4857 1686 4907 autem
1699 4841 1757 4907 vir-

120 4943 378 4997 ‹inveniunteam
405 4945 512 5010 (Mallia.
542 4957 590 5007 vu,
605 4942 651 5009 13,
683 4942 734 5005 11)·
753 4941 919 4996 Contendite
959 4944 1006 4992 tus
1018 4939 1080 4993 fidei
1093 4939 1180 4992 salvet
1190 4939 1343 5006 hominem,
1361 4947 1389 4995 et
1399 4941 1472 5011 quod
1488 4941 1570 4995 ruina
1584 4944 1682 4996 nostra
1699 4956 1757 4997 non

121 5051 132 5084 ι
150 5048 202 5103 per
213 5038 368 5103 angustam
383 5039 493 5103 portam
505 5033 610 5087 intrare
620 5035 692 5098 (Lac.
709 5046 769 5097 x111,
786 5030 839 5100 20).
857 5032 919 5086 Non
960 5027 997 5082 sit
1010 5028 1068 5082 Deo
1082 5028 1253 5099 deputanda,
1269 5045 1286 5082 a
1301 5046 1355 5099 quo
1371 5035 1413 5082 est
1432 5046 1513 5084 omne
1528 5028 1643 5097 bonum,
1658 5029 1757 5102 praedi·

119 5140 133 5176 ι
151 5121 243 5175 onirris
251 5121 298 5193 qui
309 5122 377 5176 dicit
387 5122 465 5186 mihi,
478 5122 605 5186 Domine,
614 5122 741 5188 Domine,
758 5120 876 5175 intrabit
889 5121 919 5175 in
960 5121 1021 5171 ctus
1036 5118 1179 5188 apostolus
1194 5117 1223 5171 in
1238 5117 1336 5170 cadem
1352 5117 1474 5189 Epistola
1489 5118 1622 5186 ostendit,
1632 5119 1732 5197 dicens
1747 5137 1753 5172 :

119 5231 130 5263 ι
149 5225 271 5280 regnum
280 5212 414 5266 coelorum
429 5230 435 5265 2
453 5211 502 5266 sed
517 5211 919 5281 quisacitvoluntatemPatris
962 5224 975 5258 o
991 5207 1020 5261 Si
1034 5206 1097 5277 quis
1107 5212 1202 5261 autem
1217 5211 1340 5260 restrum
1354 5206 1463 5276 indiget
1472 5207 1621 5278 sapientia,
1634 5208 1755 5279 postulet

117 5320 130 5353 ι
148 5299 205 5353 mei
221 5300 308 5371 quiin
326 5301 402 5356 ecelis
416 5307 468 5367 est,
480 5301 540 5372 ipse
554 5300 673 5355 intrabit
686 5300 714 5354 in
734 5316 853 5370 regnum
863 5316 918 5353 coe-
962 5315 974 5347 c
991 5313 1007 5350 a
1022 5297 1089 5362 Deo,
1108 5296 1154 5366 qui
1170 5296 1219 5349 dat
1231 5294 1360 5350 omuibus
1376 5295 1534 5363 affluenter,
1547 5302 1576 5351 et
1590 5296 1753 5370 nonimpro·

99 5386 132 5443 ἰ
149 5389 242 5444 lorum
259 5391 366 5455 (llattlc
392 5404 440 5456 ru,
468 5389 523 5458 21).
538 5389 637 5444 Venite
652 5389 687 5444 ad
703 5405 747 5442 mc
758 5405 855 5442 omnes
871 5388 918 5458 qui
963 5404 976 5437 o
993 5392 1082 5457 perat,
1095 5393 1124 5440 ct
1138 5384 1252 5439 dabitur
1262 5385 1297 5440 ei.
1323 5385 1451 5439 Postulat
1465 5390 1561 5440 autem
1575 5386 1605 5441 iu
1619 5387 1674 5441 fide
1686 5387 1734 5442 nil.
1750 5391 1755 5442 l

116 5478 284 5534 «laboratis
314 5484 343 5534 et
357 5480 469 5535 onerati
483 5479 559 5545 estis,
589 5484 618 5532 ct
641 5495 692 5549 ego
723 5477 848 5531 reficiam
858 5493 917 5532 vos.
964 5475 1134 5532 chaesitans.
1153 5474 1206 5538 Qui
1232 5479 1325 5528 autem
1352 5474 1461 5528 haesitat
1487 5474 1587 5531 similis
1601 5477 1724 5533 estiluct
1750 5481 1755 5531 i

117 5594 131 5619 a
149 5568 252 5624 Tollite
266 5571 368 5639 jugum
385 5586 479 5625 meum
503 5585 588 5640 super
605 5585 662 5637 voe,
682 5573 709 5621 ct
725 5566 821 5621 discite
845 5585 861 5621 a
875 5584 920 5621 me
965 5588 975 5618 r
992 5566 1077 5626 rearis
1088 5565 1164 5636 quia
1185 5568 1266 5619 vento
1280 5570 1409 5620 rueretur
1429 5570 1457 5620 et
1471 5564 1677 5626 circumfertur.
1692 5567 1717 5625 N
1740 5589 1753 5621 ,ι
