3786 6128
127 304 178 364 aa
424 300 453 355 a.
476 295 610 355 maim
631 300 746 356 nuum
767 299 934 356 necuim.
955 277 1117 352 monne.
1140 292 1289 348 ornauit
1307 292 1400 348 enas
1417 292 1469 348 m.
1546 266 1549 271 ’

125 429 248 485 uinctos
260 429 355 481 oculos
370 424 469 478 cordis.
487 424 560 477 Etex
575 422 665 476 verbie
679 424 862 493 presentibus
876 440 923 492 ap
929 423 954 481 A
964 438 980 473 a
995 417 1121 472 mortuis.
1138 423 1166 470 et
1180 416 1244 469 secit
1265 433 1329 495 enm
1352 417 1382 470 in
1398 416 1516 471 mortuis
1532 416 1607 472 libem

124 512 922 591 piabatursecondumexteriorismemhmhorninis,etiom
965 508 1062 561 mortis
1069 506 1233 574 contagione
1246 507 1416 559 maculatum
1427 525 1433 567 ς
1445 507 1571 577 quotidie
1579 507 1607 562 Ol

123 605 264 664 interioris
279 603 401 657 hominis
416 601 542 654 membra
557 601 611 653 dici
629 621 634 654 ι
656 618 717 654 ecce
736 601 810 655 enim
831 602 922 654 mnni-
964 595 1200 663 surgitamortuis
1212 595 1345 664 ;quotidio
1353 595 1381 648 in
1389 595 1607 665 poenitentibus

123 693 293 750 feeteoordis
308 691 403 745 oculos
422 690 582 762 appellarit,
595 707 664 759 quos
679 674 784 761 absipuc
794 708 877 744 sensu
892 697 921 743 et
963 703 1018 740 non
1035 703 1088 756 quo
1104 703 1159 738 non
1174 684 1305 737 hahuerit
1315 685 1399 738 etiam
1412 686 1493 756 juxto
1507 702 1607 740 caraea

123 788 217 838 mente
231 780 389 850 intelligere
404 796 459 833 non
475 795 632 850 possumus.
660 779 731 832 lluic
748 780 817 832 illud
841 779 918 832 Psal—
960 782 1019 828 tum
1040 775 1141 829 irnimae
1163 791 1220 827 suae
1240 775 1376 843 ponenda.
1399 779 1427 827 et
1454 775 1558 828 iterum
1583 791 1607 829 r(

122 872 213 927 mistro
227 869 377 942 congruit:
396 872 533 923 Illumiao
546 872 636 922 certios
651 885 730 933 nicus,
746 884 916 936 rreanqaom
962 867 1051 930 (lirun.
1067 877 1105 930 x),
1125 880 1208 916 nemo
1231 864 1332 933 quippe
1349 863 1415 917 tulit
1432 880 1505 931 eain,
1518 864 1573 918 nisi
1590 880 1607 935 p

122 964 293 1016 obdormiam
309 963 340 1014 in
358 964 444 1012 morte
460 959 542 1024 (Ptol.
555 960 612 1019 xnl.
629 957 663 1010 Et
677 955 743 1010 alibi
760 974 766 1009 τ
781 958 919 1025 Sapientis·
961 970 976 1005 a
992 953 1161 1022 seuietips0;
1179 953 1226 1005 sed
1252 969 1307 1022 quo
1318 954 1400 1021 juxta
1413 953 1605 1023 dispensation

121 1053 235 1105 oculiin
258 1051 345 1117 capite
364 1051 422 1116 ojus
449 1044 595 1114 (declani.
617 1046 645 1099 Si
661 1045 734 1099 enim
755 1046 919 1116 simpliciter
959 1048 987 1095 et
1006 1043 1064 1103 lilii,
1081 1043 1164 1095 horno
1179 1050 1207 1095 et
1218 1042 1395 1095 Filinsalleo
1403 1042 1486 1096 Patre
1498 1042 1607 1097 resusci‘

122 1140 217 1195 aculus
229 1137 322 1192 omnis
329 1135 490 1207 accipimus,
503 1134 663 1204 utiquenon
671 1136 761 1188 solum
772 1135 915 1204 sapientis,
958 1131 1076 1185 dicatur.
1094 1132 1125 1184 El
1136 1135 1303 1186 coraliticus
1316 1133 1353 1183 od
1363 1133 1502 1185 createrem
1510 1148 1591 1186 strom
1603 1150 1607 1184 r

121 1229 171 1283 sed
184 1227 272 1281 edem
283 1224 442 1296 insipientis
452 1223 525 1277 oculi
533 1223 561 1277 in
570 1223 661 1293 capite
670 1225 731 1293 ejus
746 1230 820 1277 sunt.
828 1226 919 1293 Caput
960 1222 1008 1273 bus
1021 1237 1106 1288 supro
1117 1237 1224 1273 ornnem
1231 1223 1422 1288 primipotam
1433 1226 1456 1273 et
1465 1224 1607 1289 potestator.

121 1317 216 1388 itaque
234 1314 379 1388 sapientis,
393 1329 492 1367 sensus
507 1312 651 1382 accipitur,
673 1313 740 1383 quia
759 1313 815 1366 alio
834 1312 917 1366 verbo
959 1313 1048 1371 tenaci
1059 1312 1288 1367 dirrrrinotr'oncm.
1305 1314 1330 1362 et
1343 1323 1422 1362 oniae
1434 1325 1532 1362 riniaco
1543 1325 1607 1378 quoi

121 1422 210 1471 mens,
226 1411 255 1458 et
271 1403 393 1467 animus,
414 1407 443 1455 et
465 1402 618 1474 principale
639 1401 730 1455 cordis
747 1402 914 1473 appellatur.
959 1404 1007 1450 tar
1023 1414 1077 1451 noa
1092 1403 1181 1451 solnm
1194 1401 1224 1450 in
1235 1398 1452 1461 demetriano
1465 1403 1490 1451 ct
1501 1401 1607 1465 iri-satin

120 1495 201 1559 Quod
215 1492 339 1553 reiecit,
355 1492 385 1545 in
399 1489 571 1561 agnitionem
587 1491 658 1560 ejus,
674 1491 702 1543 id
716 1496 759 1544 est
773 1492 915 1569 {stipitem
958 1487 1121 1556 Exemplum
1137 1486 1236 1540 solutis
1250 1486 1425 1540 credentium
1440 1494 1468 1541 et
1481 1487 1607 1557 gloriaeir

120 1584 210 1648 adest,
221 1581 337 1653 quidam
352 1580 392 1632 sic
409 1578 805 1655 intelliguntutinterpodon
821 1585 849 1632 et
859 1583 914 1638 tar·
956 1576 1048 1629 ctione
1064 1576 1214 1629 Salvatoris
1238 1576 1390 1629 consistere
1407 1579 1563 1646 profitetur,
1576 1582 1607 1631 at

121 1670 231 1749 γνώσιν,
245 1671 298 1724 hoc
312 1675 355 1723 eet
367 1667 441 1722 inter
455 1668 598 1721 notionem
614 1673 643 1721 et
656 1667 837 1736 agnitionem.
847 1668 915 1723 illud
955 1671 1092 1732 grioscont
1103 1665 1198 1717 fideles
1211 1664 1277 1735 quid
1288 1665 1328 1717 eis
1337 1665 1505 1734 promissum
1516 1672 1568 1732 est,
1581 1663 1607 1719 ei

121 1759 241 1826 intersit,
257 1759 332 1830 quod
347 1757 424 1812 notio
434 1757 491 1810 sive
506 1757 607 1810 notitia
616 1773 715 1810 eorum
726 1757 763 1810 sit
776 1774 837 1827 quie
852 1740 1042 1810 onteBmodo
1057 1754 1226 1807 extollentur
1240 1771 1327 1824 supra
1346 1755 1429 1807 coelos
1444 1755 1531 1808 futuri
1552 1770 1607 1808 ou!

122 1864 177 1903 non
192 1847 358 1912 sciebamus,
371 1853 398 1900 ct
408 1863 441 1901 eo
455 1853 553 1916 postea
564 1845 635 1899 scire
649 1845 798 1916 coepimus3
813 1845 918 1915 agnitio
959 1842 1101 1913 sicutipse
1116 1842 1185 1896 dicit
1201 1861 1206 1894 :
1220 1845 1311 1907 Pater,
1331 1847 1388 1898 nolo
1407 1849 1436 1895 ut
1457 1846 1505 1896 abi
1518 1860 1564 1911 epo
1583 1845 1607 1911 si

120 1952 186 1992 rere
200 1952 307 2002 mm,
325 1952 386 2007 quae
400 1935 477 2006 prius
493 1934 620 1995 scientes,
635 1935 765 2005 deinceps
783 1934 854 1988 scire
868 1935 917 1987 de-
961 1935 1144 1995 incitamenti,
1164 1937 1189 1985 ct
1203 1933 1314 1987 videant
1328 1935 1445 1999 pluriam
1458 1948 1545 1985 nicom
1565 1932 1607 1997 (do

121 2025 246 2090 sivimus,
258 2040 412 2095 eorumque
429 2030 527 2096 posteo
546 2024 734 2087 recordamur,
752 2028 780 2077 et
795 2023 917 2093 priorem
960 2020 1012 2074 hoo
1027 2025 1141 2090 propter
1153 2020 1375 2074 incarnationem
1389 2020 1452 2074 Filii
1466 2020 1526 2086 Dei.
1536 2027 1607 2074 utet

121 2115 366 2186 quatudamritam
376 2113 405 2167 in
414 2112 573 2167 coelestibus
582 2112 918 2183 auspicamunpostquam
959 2108 1058 2167 factus,
1076 2126 1160 2179 super
1188 2126 1286 2163 ornnes
1301 2110 1385 2162 melos
1406 2126 1466 2162 case
1488 2110 1607 2172 dicatam,

121 2204 151 2258 in
173 2219 290 2274 corpora
303 2203 358 2257 ista
379 2201 481 2272 dejecti
496 2207 525 2255 ct
547 2201 626 2255 obliti
650 2201 700 2255 Dei
721 2201 821 2266 Patris,
847 2217 920 2255 nunc
961 2206 1089 2250 cunctam
1103 2206 1260 2252 creaturam
1273 2199 1607 2254 sedensaddexteramll

120 2308 185 2348 eam
200 2308 251 2364 per
259 2291 458 2346 revelationem
468 2291 657 2361 cognovimus,
668 2290 822 2345 secundum
832 2290 916 2343 illud:
961 2303 1062 2339 nonum
1079 2287 1127 2340 Dei
1149 2304 1199 2356 por
1215 2294 1356 2345 naturam.
1374 2304 1429 2340 non
1454 2304 1504 2358 per
1526 2287 1607 2358 adopt

121 2384 341 2438 demiorcccntur
354 2386 379 2436 ot
402 2386 594 2435 conterimini·
608 2381 646 2433 od
666 2382 812 2433 Donrr'nnm
829 2396 920 2432 omnes
961 2382 1129 2443 cognoscant
1144 2393 1204 2430 esse
1220 2377 1298 2430 illurn
1317 2377 1418 2430 Filium
1434 2377 1493 2430 Dei.
1512 2377 1558 2447 qui
1577 2377 1607 2431 ill

121 2474 188 2536 llaec
202 2476 281 2525 terra
295 2472 378 2537 (Psoi.
393 2473 457 2535 xxi),
481 2474 510 2523 et
532 2475 633 2522 caetere
649 2469 692 2522 his
715 2468 819 2523 similia
835 2469 919 2538 repli-
962 2449 1095 2521 riserunt:
1115 2466 1302 2531 honoratim,
1317 2482 1399 2535 quem
1415 2467 1455 2518 illi
1465 2466 1543 2519 dedit
1554 2467 1607 2519 Pet

122 2564 227 2614 mins,
763 2549 766 2557 '
962 2554 1146 2614 ncrotionum,
1158 2561 1225 2608 tunc
1235 2555 1430 2609 inanifestatus
1441 2560 1492 2618 est,
1502 2571 1566 2608 cum
1577 2571 1607 2609 as

160 2649 191 2702 dt
201 2650 295 2701 aciatis
305 2649 409 2715 quasit
418 2662 474 2714 spes
485 2649 633 2699 vocationis
646 2649 740 2714 ipseo
750 2664 809 2714 pire
818 2649 921 2700 dr'citr'u
962 2660 1062 2712 pansus
1078 2650 1129 2708 est,
1148 2651 1184 2702 et,
1214 2645 1285 2698 ricta
1309 2651 1408 2707 morte,
1432 2645 1607 2709 resonarit,¹

122 2738 217 2804 cloria
230 2735 396 2789 haereditatis
408 2738 466 2802 rjais
482 2738 514 2787 in
528 2737 640 2799 salictis,
657 2741 681 2788 rt
701 2751 760 2803 quc
774 2738 808 2788 sit
829 2752 921 2802 mper-
963 2734 1036 2785 unde
1049 2734 1240 2793 descenderat,
1254 2751 1338 2804 supra
1354 2749 1451 2787 omnes
1463 2735 1555 2788 coelos.
1567 2732 1607 2788 Ua

123 2826 246 2879 arciacas
256 2824 419 2891 mepailado
430 2825 543 2876 uirtutis
551 2827 610 2891 ejice
621 2826 653 2876 iri
664 2826 774 2892 rios,qur'
783 2826 920 2877 crcdirrms
962 2826 1014 2886 est,
1027 2823 1094 2892 quia
1107 2826 1247 2876 orm'tosclr
1258 2829 1334 2876 terro
1342 2829 1403 2876 orla
1417 2829 1453 2875 rat
1468 2826 1550 2890 (Psoi.
1560 2837 1607 2877 ixi

122 2914 273 2968 occandum
288 2913 470 2980 operationem
484 2914 611 2978 potentior
627 2914 740 2964 uirtutis
755 2916 822 2980 ojus,
836 2929 918 2980 qrrcm
962 2910 1037 2964 enim
1067 2928 1149 2963 ornae
1181 2912 1319 2979 judicium
1343 2912 1427 2965 Pater
1450 2912 1520 2965 Filio
1547 2908 1607 2966 dedi

122 3006 293 3071 opnotascst
304 3002 335 3055 in
351 2999 699 3059 Christo.criscitoasr'llam
709 3002 921 3055 arnor·tm's.Cui
962 2999 997 3053 ad
1011 3001 1153 3053 dexteram
1170 3001 1217 3053 lici
1235 3002 1331 3054 sedere
1345 3001 1449 3053 dicitur
1462 3001 1541 3071 quam
1554 3000 1605 3070 jud

123 3089 210 3144 semel
221 3090 304 3160 juxta
323 3087 479 3142 orationem
503 3089 582 3142 Pauli
598 3090 681 3143 datus
704 3089 789 3143 suerit
804 3089 919 3159 spiritus
931 3061 952 3119 C
963 3089 1016 3142 Per
1025 3089 1176 3142 humanam
1188 3090 1402 3143 similitudinem
1409 3090 1458 3143 liei
1469 3090 1607 3159 potentior.

122 3178 266 3250 sapientire
277 3184 305 3232 et
318 3177 546 3243 revelationis‚ut
555 3179 660 3248 apertis
672 3178 758 3232 oculis
772 3180 864 3232 cordis
878 3198 920 3232 us·
960 3179 1053 3237 travit.
1066 3195 1121 3231 non
1142 3195 1197 3247 quo
1212 3180 1311 3233 solium
1328 3184 1449 3249 ponatur
1464 3185 1492 3232 ot
1501 3179 1607 3233 DousP

123 3266 215 3340 piciat3
232 3266 285 3321 iste
308 3267 377 3321 sciet
391 3283 452 3337 qum
469 3268 591 3337 reposita
605 3275 671 3321 sunt
685 3268 798 3331 vocatis,
816 3274 844 3320 ot
859 3286 919 3338 qum
960 3268 1066 3320 sedent.
1076 3285 1225 3338 secumque.
1243 3268 1330 3321 lilium
1344 3268 1445 3321 haheat
1455 3268 1607 3321 residentes

122 3356 263 3428 spmende
274 3355 377 3409 sanctis
389 3356 438 3409 liei
453 3375 458 3420 ς
472 3372 533 3426 qum
549 3355 728 3410 abundante-r
737 3362 766 3410 ct
776 3357 853 3426 leupo
864 3357 916 3418 his,
961 3373 1011 3409 nos
1027 3357 1109 3410 aliter
1119 3357 1292 3426 judicantem
1303 3365 1387 3427 utque
1399 3357 1607 3426 regnantermni

123 3444 170 3516 qul
185 3443 377 3499 haereditatem
397 3445 485 3515 ipsius
508 3445 657 3510 sustinent,
671 3451 714 3499 cst
728 3445 864 3499 daturus:
884 3447 916 3499 od
960 3445 1108 3498 erraverim
1121 3446 1277 3513 intelligere
1293 3463 1474 3516 nequeamus.
1484 3447 1524 3499 dd
1537 3447 1607 3518 hoc]

120 3550 207 3606 qaam
220 3533 350 3588 notitiam
359 3534 523 3604 magnitudo
534 3534 700 3588 virtutisllei
713 3540 756 3588 est
765 3536 921 3588 neccssaria
960 3535 1029 3588 illud
1046 3536 1117 3605 quod
1136 3535 1163 3589 in
1175 3537 1327 3588 rentes-imo
1338 3552 1412 3588 nono
1428 3537 1535 3605 psalmo
1550 3535 1607 3606 scrij

122 3614 917 3695 hisquijuntasimilitudineml’anlicred'entcsvocantur:
963 3625 1036 3676 hirii
1052 3626 1186 3677 horninur
1205 3627 1319 3678 homino
1341 3642 1424 3677 ineo:
1447 3626 1511 3679 Srdr
1530 3627 1607 3678 odeo

122 3728 171 3784 per
183 3728 268 3783 quam
282 3718 415 3784 operatus
423 3718 467 3766 est
479 3713 554 3765 Deus
562 3713 590 3765 in
601 3712 712 3766 Christo
727 3713 792 3766 lesu
802 3713 919 3767 Domino
960 3719 1012 3765 etc.
1026 3713 1054 3765 Si
1064 3713 1139 3766 enim
1148 3715 1228 3782 juxta
1237 3713 1381 3779 regnantis
1392 3714 1518 3766 habitum
1527 3712 1607 3767 Filius

121 3808 329 3873 nechaonem
350 3818 367 3855 a
388 3801 506 3856 mortuis
528 3802 681 3855 suscitarit.
699 3802 855 3872 Dupliciter
868 3820 917 3856 nu·
960 3801 1607 3872 dextoramsedetmecessecstutjuxtaeamden

121 3897 179 3945 tem
193 3890 375 3962 intelligenda
390 3891 547 3950 haereditas,
565 3892 620 3944 sire
632 3891 704 3961 quod
716 3891 918 3961 primogenitus
959 3890 1053 3944 dinem
1070 3893 1160 3961 major
1169 3892 1205 3944 sit
1215 3892 1249 3944 ah
1261 3909 1293 3945 co
1309 3892 1356 3961 qui
1373 3893 1401 3945 in
1417 3893 1574 3962 laevaparte
1589 3908 1607 3945 e

121 3980 213 4033 omnis
228 3987 362 4033 creaturae
376 3979 523 4033 hareditas
538 3980 575 4033 sit
587 3980 687 4033 animm
702 3978 813 4033 Domini
830 3982 918 4034 nostri
960 3979 1038 4041 Quod
1050 3980 1520 4049 utseimnusaliterintelligiquam
1530 3980 1607 4034 litter

121 4069 188 4121 lesu
200 4067 314 4130 Christi,
323 4073 353 4119 et
367 4068 428 4136 ejus
440 4067 528 4137 quiex
539 4082 654 4136 corpore
665 4071 694 4119 et
703 4066 797 4120 anima
812 4084 918 4121 assum-
960 4067 1034 4120 idem
1045 4069 1169 4137 psalmus
1180 4070 1208 4121 in
1219 4068 1454 4138 consequentibus
1465 4069 1554 4132 docet,
1563 4069 1607 4122 dic

119 4160 184 4224 ptus
196 4160 240 4208 cst
251 4153 384 4219 hominis,
394 4171 570 4228 posquecum
581 4154 745 4208 immeditate
754 4155 854 4209 animae
865 4157 918 4209 hae-
959 4159 1080 4210 sorrrdor
1088 4161 1114 4210 in
1122 4158 1607 4215 alrrrmm,homimisodorlristnis.

122 4243 274 4298 reditemus
289 4242 413 4297 Verbum
429 4263 434 4297 :
452 4243 509 4295 sire
521 4243 593 4312 quod
606 4242 635 4295 in
647 4243 758 4297 Christo
770 4245 917 4299 limentes
959 4245 1044 4310 eninr,
1059 4263 1122 4299 curn
1131 4246 1218 4300 lilius
1230 4246 1456 4299 Patrisadextris
1466 4247 1570 4311 sedeat,
1579 4263 1607 4300 ru

120 4332 264 4386 austrasii
279 4330 369 4385 Patris
384 4336 412 4384 ct
427 4330 490 4384 Filii
504 4337 532 4383 et
548 4330 667 4400 Spiritus
681 4332 769 4384 sancti
783 4349 838 4386 una
848 4334 917 4387 divi-
959 4340 1003 4387 ter
1018 4352 1035 4387 a
1050 4334 1154 4388 dextris
1169 4336 1230 4404 ejus
1245 4352 1305 4388 csse
1316 4335 1496 4405 perhibetur?
1514 4342 1563 4388 aut
1577 4352 1607 4406 qt

121 4421 204 4487 nites,
217 4426 250 4475 ut
262 4420 401 4492 quomodo
411 4419 703 4473 vocanturheercditas
711 4420 859 4475 domorum
874 4428 917 4476 at-
959 4428 1035 4476 nerra
1050 4424 1201 4477 scabellum
1217 4430 1261 4478 est
1275 4424 1377 4494 pedum
1394 4425 1462 4492 ejus,
1481 4433 1509 4477 et
1524 4424 1606 4479 coelia

121 4527 175 4582 que
190 4510 330 4576 villarum,
347 4526 380 4563 co
395 4509 456 4580 ipsa
471 4525 532 4579 quie
550 4508 586 4562 ab
601 4509 757 4564 haercdilrus
773 4511 917 4580 praesideri·
959 4513 1607 4583 ipsiuscumterramsecundumleniampugillo

121 4607 177 4665 tan,
193 4600 233 4653 sio
247 4601 307 4670 ipsc
321 4601 396 4653 Deus
419 4598 567 4654 hareditas
585 4599 760 4653 credentium
783 4600 917 4671 sitiatque
959 4600 1489 4672 diminuetcrelampalmarextcnsione
1501 4603 1607 4656 metiril

120 4695 291 4742 sanctornm.
309 4689 451 4760 Scriptum
466 4693 509 4743 est
519 4694 547 4742 ot
562 4687 590 4741 in
606 4688 699 4742 Veturi
718 4689 916 4744 Testamenta:
959 4697 1051 4760 potest
1062 4691 1136 4744 intra
1151 4691 1177 4743 id
1190 4708 1260 4749 esse,
1277 4692 1351 4761 quod
1366 4692 1401 4744 ab
1415 4692 1512 4744 eodem
1526 4692 1607 4746 contii

121 4778 306 4831 attinentem
322 4780 383 4830 troi
393 4795 448 4832 noo
463 4779 564 4831 (labilis
584 4778 766 4832 hereditatam
784 4782 813 4832 ia
832 4781 917 4831 raalio
959 4779 987 4831 in
999 4796 1084 4832 manu
1099 4780 1236 4834 inclusum
1252 4786 1356 4839 tenere,
1375 4798 1392 4832 a
1408 4797 1462 4850 quo
1475 4780 1534 4851 ipsc
1543 4782 1607 4850 juxt

121 4865 247 4931 fratrum
260 4870 461 4934 enormitatem
472 4883 589 4936 cpopors
605 4883 698 4920 eornm
716 4867 811 4934 (Nicia.
830 4871 914 4932 xt'rrrjt.
959 4867 1087 4921 habitum
1110 4869 1308 4922 circumdetur.
1327 4870 1405 4923 Sicut
1419 4886 1485 4941 ergo
1510 4869 1607 4939 proxin

122 4952 156 5009 Et
181 4952 247 5007 alibi
263 4973 269 5006 ι
288 4955 422 5008 dominas
449 4956 591 5010 increditus
612 4973 716 5010 ruram.
741 4956 775 5010 Et
793 4962 914 5023 sanctus,
959 4957 1026 5017 Deo,
1038 4958 1082 5010 vel
1097 4957 1131 5010 ah
1146 4974 1178 5011 eo
1194 4960 1289 5028 procul
1302 4958 1440 5022 recedere,
1452 4975 1507 5011 non
1518 4974 1607 5013 secani

121 5042 169 5114 qui
183 5049 262 5097 entra
272 5043 361 5097 Deum
373 5043 442 5098 nihil
458 5043 560 5098 habere
578 5045 664 5110 novit,
682 5045 815 5099 audacter
827 5046 917 5116 loqui·
959 5062 1021 5099 rum
1036 5048 1136 5117 spatia,
1152 5048 1200 5100 sed
1211 5049 1292 5115 Juxta
1307 5047 1408 5101 ruerita
1420 5048 1598 5101 sentiendum

120 5139 181 5188 tur:
194 5135 846 5202 Porsrneollominuset:tacrporeineruditata
857 5152 919 5189 mae
960 5137 1046 5189 sanciti
1060 5138 1141 5205 Juxta
1155 5154 1218 5191 cunr
1237 5137 1293 5191 sint
1310 5156 1315 5190 ;
1337 5144 1496 5207 peccatores
1511 5153 1585 5199 vero,
1605 5163 1607 5183 ι

121 5225 250 5277 cicolioir
262 5226 315 5276 inci
326 5224 408 5288 (Pron
427 5225 483 5289 xi).
503 5223 564 5275 Non
582 5238 648 5292 ergo
669 5223 747 5293 parri
762 5223 848 5277 studii
864 5232 915 5288 est,
959 5226 999 5278 ait
1014 5226 1170 5297 Propheta:
1190 5228 1253 5280 dccc
1271 5230 1319 5295 qui
1341 5230 1470 5292 elonpcnt
1483 5244 1509 5279 sc
1527 5242 1545 5280 o
1570 5231 1604 5291 te,

122 5315 154 5363 ut
167 5311 288 5365 sciamus
301 5328 380 5381 spem
393 5309 546 5364 vocationis
556 5318 585 5365 et
598 5311 709 5365 divitias
722 5312 917 5382 gloriabare·
960 5315 1041 5378 (lirul.
1055 5319 1148 5383 cxxii),
1167 5315 1201 5368 ab
1213 5318 1288 5368 omni
1304 5317 1365 5384 ejus
1376 5314 1476 5369 ricinia
1489 5314 1607 5369 submoe

122 5397 218 5452 ditatis
225 5399 276 5454 Dei
283 5398 314 5453 in
322 5399 434 5454 sanctia.
445 5399 484 5453 Ea
492 5399 759 5471 quippeindigemus
767 5401 866 5456 adhaec
875 5419 918 5456 co·
960 5403 1031 5457 etin
1048 5404 1152 5458 dextris
1167 5409 1216 5457 aut
1235 5405 1263 5457 in
1278 5403 1400 5457 sinistris
1417 5404 1467 5457 Dei
1487 5421 1548 5458 esee
1562 5420 1607 5458 aoc

120 5488 791 5559 gnesnendarirtute,quaetiaminlihosuoBeus
802 5499 919 5545 usasest
960 5497 1011 5557 est,
1029 5494 1102 5564 quod
1118 5494 1206 5547 sancti
1221 5510 1238 5547 a
1252 5493 1357 5547 dextris
1372 5494 1433 5563 ejus
1447 5493 1512 5558 sint,
1524 5508 1607 5565 pecca

121 5575 292 5642 suscitando,
310 5591 394 5649 quern
407 5576 554 5632 mediavit
563 5593 619 5633 non
634 5580 731 5647 semel,
742 5580 792 5636 sed
806 5596 918 5653 semper
959 5583 1125 5648 osinistris3
1143 5583 1287 5638 salvatore
1296 5597 1407 5653 quoqne
1421 5581 1450 5637 id
1465 5583 1560 5654 ipsum
1567 5582 1607 5637 in·-
