3786 6128
78 322 152 389 ills
503 318 550 384 ud
569 317 845 389 daphnensium
863 322 1079 389 ursoirumn.
1096 348 1128 374 a
1148 324 1216 386 uis.
1238 322 1287 386 ur.
1650 324 1717 388 uls

77 462 162 512 buain
173 456 301 512 anatem
321 455 408 511 hahet
423 456 518 522 (docta.
536 462 563 522 i,
575 448 613 523 a).
630 457 778 512 thnariiia
791 459 967 526 animaru,
985 456 1042 527 ilii).
1061 480 1074 508 a
1094 452 1143 512 lile
1154 458 1228 510 enim
1243 468 1358 511 uxorem
1375 457 1480 512 hahens
1500 456 1581 528 quael
1593 466 1650 510 non
1667 459 1718 509 ha-

78 558 164 617 qusm
172 546 260 601 Greci
272 546 475 618 philargyriam
489 551 599 611 vocant,
616 546 703 599 nimia
713 551 756 601 est
769 549 879 619 cupidi·
919 546 975 612 bet,
993 548 1039 618 qui
1056 540 1197 600 sirstudet
1207 548 1316 617 placere
1326 548 1448 616 conjugi,
1460 550 1557 600 utnon
1572 542 1719 616 displicent

75 638 122 690 tas
135 633 298 690 divitiarum
322 635 486 705 acquirendi
505 634 548 688 vei
568 635 692 690 tenendi.
710 636 777 700 Qua
792 636 879 708 pestis
920 637 1063 707 conditori
1074 656 1078 692 :
1089 635 1715 706 lietquoqne,sedtnnqnnmnonileat,quisic

75 722 253 796 inexplebilis
261 728 312 788 est,
322 729 351 778 et
358 723 477 795 hydropi
489 720 587 777 morbo
604 723 754 779 simulatur
763 729 791 780 et
800 736 876 780 eom·
919 724 1121 796 terirpornlibus
1131 725 1241 778 damnis
1253 725 1397 793 affligitur,
1408 732 1440 778 nt
1452 727 1548 777 tamen
1559 724 1594 777 de
1604 724 1717 777 aeternis

75 816 203 885 paratur.
221 812 301 867 Sicut
323 812 398 866 enim
414 813 584 884 hydropicus
596 818 701 884 quanto
715 815 778 884 plus
796 814 874 881 bibit,
918 814 1256 884 lucrlssemperaninmm
1268 814 1437 866 ‹ronsnletur
1455 813 1649 870 [laudatiora.
1667 813 1714 866 sed

74 904 156 955 taum
168 902 230 972 plns
240 900 309 966 sitit,
318 902 357 955 sic
368 907 512 967 erasurus,
526 903 771 971 quantornajorem
790 910 876 974 pecu·
917 907 1053 973 tanquam
1068 914 1124 956 non
1139 903 1270 972 gaudeat,
1287 902 1334 972 qui
1350 902 1389 955 sic
1404 902 1438 954 de
1454 901 1655 972 temporalibus
1669 902 1716 956 bo

75 989 153 1044 niam
161 990 290 1062 acquirit,
300 991 523 1060 tantomajorem
532 989 637 1043 habere
645 991 762 1060 appetit,
773 992 875 1045 ettinm
917 991 960 1044 nis
969 991 1161 1052 hilarescitis
1170 1004 1281 1061 semper
1290 996 1425 1062 perpetua
1436 994 1577 1044 tormenta
1587 991 1715 1044 conside-

75 1079 178 1132 modus
192 1079 219 1132 ei
236 1093 291 1133 non
306 1083 349 1133 est
359 1078 388 1132 in
400 1077 539 1136 habendo.
553 1078 653 1132 inodus
668 1079 708 1132 illi
724 1090 779 1133 non
802 1081 876 1134 desi-
918 1086 970 1139 ret,
982 1086 1010 1133 et
1026 1081 1053 1133 in
1074 1082 1125 1134 hoe
1145 1081 1217 1151 qnod
1237 1086 1357 1133 trientem
1371 1079 1475 1147 galidii)
1490 1079 1625 1143 sublevat,
1644 1079 1714 1132 horn

74 1162 210 1221 darando.
228 1167 300 1222 llinc
314 1172 468 1221 nascuntur
482 1167 603 1232 invidia,
615 1168 699 1233 turta,
719 1169 874 1232 latrocinia,
917 1169 1051 1222 contirmo
1067 1169 1174 1240 proi-idi
1184 1169 1295 1222 timoris
1310 1170 1433 1239 pondere
1445 1171 1562 1238 premat.
1576 1168 1651 1222 amn
1664 1182 1715 1221 au-

73 1255 236 1321 homicidia,
247 1256 542 1327 mendacia,perJuria,
556 1256 671 1327 rapina,
683 1255 876 1323 violentiaein-
917 1262 973 1310 tem
989 1258 1037 1311 sed
1054 1259 1135 1329 qnasi
1161 1269 1216 1311 uon
1239 1258 1393 1329 possidens,
1411 1257 1459 1327 qui
1475 1263 1503 1310 ct
1517 1256 1552 1310 ad
1568 1272 1649 1310 usum
1662 1260 1714 1311 ter·

73 1345 220 1416 quietudo,
242 1345 348 1415 injusta
358 1345 475 1415 judicia,
496 1349 673 1416 contemptus
685 1345 818 1409 veritatis,
836 1346 876 1400 iu·
916 1356 985 1400 rena
999 1353 1147 1418 praeparat,
1164 1354 1192 1400 ot
1205 1352 1299 1400 tamen
1310 1346 1569 1416 cnutatogitatione
1582 1343 1715 1416 praevidet

72 1440 146 1488 ture
155 1433 339 1488 beatitudinis
354 1433 467 1499 obliuio,
488 1433 635 1488 obduratio
651 1435 752 1499 cordis,
769 1451 830 1505 quae
840 1437 877 1489 sit
917 1437 989 1506 quod
1007 1436 1064 1490 haee
1088 1437 1170 1490 citius
1197 1437 1347 1507 relinquat.
1369 1436 1472 1490 Mundo
1488 1444 1598 1505 qunque
1613 1433 1711 1499 utlt'ur,

70 1523 217 1577 contraria
230 1523 429 1577 misericordia
444 1529 471 1576 et
486 1524 669 1594 eleemosynae
684 1525 714 1578 ln
727 1536 873 1596 pauperes,
916 1526 964 1578 sed
981 1526 1060 1596 quasi
1076 1538 1131 1580 non
1145 1526 1307 1595 utatur,qui
1318 1534 1347 1579 er
1356 1520 1515 1579 necessaria
1525 1530 1626 1577 eunom
1637 1527 1713 1578 exte·

71 1620 102 1664 et
127 1612 339 1683 tatiuspietatis
361 1612 471 1666 aemula.
489 1613 624 1666 Dominus
638 1628 704 1683 ergo
718 1618 813 1667 noster
828 1616 875 1686 qui
917 1613 976 1667 rius
985 1615 1019 1667 ad
1035 1615 1096 1668 nte
1106 1631 1164 1668 sum
1184 1614 1371 1668 ministerium
1383 1614 1494 1683 redigit,
1506 1617 1639 1667 ettamen
1655 1613 1715 1666 haec

71 1714 125 1754 nos
135 1699 342 1770 benignosesso
354 1701 389 1754 de
400 1705 497 1754 nostra
507 1701 876 1773 substantiapauperibuset
917 1703 1015 1757 eadem
1031 1714 1087 1756 non
1101 1703 1169 1757 sinit
1183 1704 1270 1757 monti
1285 1718 1342 1756 sua
1357 1702 1495 1755 dominari
1513 1719 1518 1753 ε
1544 1707 1575 1755 nt
1590 1700 1715 1771 subjecta

71 1789 185 1842 miseris
194 1789 342 1843 admonet:
356 1790 415 1860 ipse
430 1807 480 1843 nos
492 1789 527 1844 ah
541 1791 617 1844 omni
628 1791 745 1845 avaritia
758 1796 786 1846 et
798 1793 874 1862 inju-
884 1776 906 1840 ll
916 1792 983 1846 ioris
996 1792 1127 1851 sorsinnt,
1138 1798 1166 1846 et
1175 1792 1509 1862 nunquamintentlonem
1518 1791 1605 1844 animi
1614 1791 1713 1845 adalta

70 1883 117 1932 sta
127 1879 252 1949 pecuniae
260 1879 446 1950 acquisitione
457 1879 596 1951 prohibet.
605 1879 658 1943 Qui
670 1894 734 1934 vero
744 1883 785 1934 ait
794 1896 821 1933 :s
835 1882 874 1935 lle
914 1881 1056 1934 tendentis
1069 1881 1209 1950 frangant.
1226 1881 1392 1951 Quicunque
1404 1880 1491 1949 igitur
1502 1880 1572 1932 tales
1581 1885 1657 1941 sunt,
1673 1880 1713 1933 eis

68 1966 155 2037 justis
170 1966 312 2022 laboribus
325 1968 382 2021 tuis
405 1969 448 2022 iao
475 1968 722 2040 eleemosynam»
753 1970 875 2041 ipseper
915 1964 1162 2040 proiectu'mrrena
1186 1970 1280 2024 omnia
1297 1969 1397 2023 nonad
1414 1966 1593 2033 desiderium,
1611 1966 1658 2022 sed
1678 1968 1713 2022 ad

70 2057 320 2127 apostolumsnum
330 2057 460 2111 hortatur
470 2072 520 2111 nos
536 2058 648 2112 dicens:
665 2059 784 2113 «Nolite
795 2060 873 2114 fran—
914 2068 997 2113 usum
1016 2059 1127 2119 adsunt,
1143 2059 1210 2128 quia
1226 2058 1309 2112 rebus
1325 2057 1438 2128 quidem
1451 2056 1615 2110 necessariis
1630 2062 1713 2110 utun·

70 2144 235 2199 demiacere
242 2146 360 2201 invicem
371 2147 397 2214 tl
405 2147 466 2201 thr.
484 2162 529 2211 un,
547 2146 585 2215 5).
598 2167 611 2199 »
628 2148 759 2218 Numqui
773 2144 872 2203 haude
914 2153 969 2209 tur,
986 2148 1034 2201 sed
1045 2147 1114 2201 nihil
1132 2147 1234 2201 habere
1249 2162 1312 2202 cum
1329 2152 1442 2217 peccato
1453 2147 1579 2217 cupiunt.
1590 2147 1629 2199 lle
1645 2145 1712 2215 ipsis

71 2233 199 2305 qualibet
213 2234 318 2304 aliquid
331 2235 502 2305 acquisierit,
520 2236 611 2306 perdit
622 2237 740 2306 justitia
754 2238 872 2307 aequita-
913 2250 1024 2308 quoque
1039 2237 1122 2290 rebus
1133 2236 1236 2289 habitis
1245 2237 1370 2306 quotidie
1382 2236 1525 2289 mercedes
1540 2235 1689 2305 acquirunt
1704 2251 1709 2285 τ

70 2322 250 2394 tcmEtipse
258 2324 393 2378 Dominus
403 2326 431 2378 in
440 2325 588 2395 Evangelio
601 2325 684 2378 dicit:
699 2326 823 2379 «Cavete
837 2320 872 2379 ab
913 2332 941 2379 et
955 2326 1151 2396 plnsgandent
1164 2325 1330 2395 {nuncupere
1346 2340 1431 2395 qnam
1446 2323 1710 2394 honapossessione.

71 2412 416 2484 omniararitiaquianon
428 2414 455 2467 in
464 2413 636 2467 abundantia
653 2416 697 2483 cuj
703 2415 800 2468 usdam
815 2415 873 2468 vita
913 2414 963 2468 His
973 2426 1039 2484 ergo
1053 2415 1093 2467 sic
1109 2413 1221 2477 habitis,
1234 2419 1262 2466 et
1276 2414 1429 2468 secundnm
1441 2414 1586 2467 raritatem
1602 2411 1711 2482 itaper-

70 2501 226 2570 ejusestex
242 2501 286 2555 his
299 2518 360 2572 quoe
371 2501 505 2572 possidet:
519 2502 708 2572 nunquidnon
724 2502 823 2556 divites
837 2503 872 2557 si·
912 2504 1022 2574 spectis,
1040 2516 1114 2557 nunc
1139 2503 1374 2557 considerandum
1393 2507 1435 2557 est
1463 2503 1498 2555 de
1517 2499 1708 2572 corporalibus

71 2589 179 2644 militer
190 2591 351 2644 moriuntur
359 2591 430 2644 sicut
440 2597 467 2643 et
478 2608 622 2661 [arriperes
635 2592 709 2655 (Lar.
720 2609 784 2656 xxii,
798 2592 868 2660 thim
911 2585 1028 2653 delicus,
1045 2608 1129 2662 quam
1140 2593 1238 2661 gravia
1245 2591 1310 2645 sint.

71 2678 278 2750 Nonprodesse
295 2686 410 2751 possunt
424 2677 559 2732 diritiaein
574 2680 619 2732 dic
630 2679 753 2745 ultionis,
770 2696 822 2732 nec
836 2681 870 2733 li·

70 2766 212 2822 berabunt
231 2769 304 2822 male
318 2772 429 2822 utentes
444 2768 516 2821 eise
530 2767 619 2838 poenis
635 2768 823 2838 sempiternis.
841 2769 870 2822 Si

69 2858 200 2911 volumus
214 2872 296 2912 nosse
312 2870 395 2928 quam
413 2857 585 2928 perniciosus
599 2862 650 2919 est,
670 2870 755 2928 quam
769 2857 871 2911 noxius
948 2858 1155 2912 Primumenim
1164 2862 1207 2912 est
1216 2857 1360 2928 corporale
1368 2861 1512 2928 peceatum
1521 2857 1597 2926 gula,
1614 2854 1709 2920 idest,

69 2944 870 3016 iomesistc‚nislfueritdiligenterencisus,adejusinter-
912 2947 1103 3017 intemperans
1128 2947 1181 3000 cibi
1210 2947 1250 3000 sel
1273 2950 1356 3018 potus
1384 2946 1522 3017 uoluptas,
1548 2955 1599 3015 per
1625 2952 1709 3014 quam

71 3033 145 3088 itum
153 3035 274 3104 quicum
282 3035 746 3106 reperitfructificetetomnlgenis
753 3033 872 3105 pullulet
913 3036 997 3107 primi
1012 3041 1142 3106 parentes
1153 3037 1268 3090 humani
1283 3037 1395 3106 generis
1411 3034 1535 3106 paradisi
1550 3033 1711 3088 iblicitntem

72 3123 258 3177 ramuncullis
267 3124 409 3186 uitiorum,
421 3124 603 3193 respiciamus
611 3124 640 3177 ln
651 3124 752 3177 ludam
762 3129 872 3195 aposto-
882 3099 1107 3196 Cperdiderunt,
1120 3131 1149 3179 et
1159 3126 1188 3180 ln
1202 3127 1274 3179 hanc
1284 3132 1470 3180 aerumnosam
1480 3125 1565 3194 hujus
1580 3123 1642 3177 ritae
1659 3123 1712 3176 mi-

74 3210 168 3266 lorum
176 3223 295 3267 nurnero
306 3213 483 3283 deputatum,
496 3212 562 3282 quia
571 3222 627 3266 non
639 3212 727 3267 soluit
736 3212 873 3283 serpentis
914 3215 1015 3268 serium
1032 3214 1132 3284 dejecti
1149 3220 1225 3274 sunt,
1241 3214 1288 3267 ubi
1300 3215 1392 3267 omnis
1409 3214 1491 3267 homo
1501 3222 1551 3284 per
1566 3217 1710 3283 peceatum

73 3298 873 3372 hujusuaputlethalecontererequalitercumsnoreneno
914 3305 1047 3370 nascitur,
1064 3318 1114 3374 por
1130 3304 1253 3358 laborem
1269 3303 1343 3368 vivit,
1369 3316 1419 3373 per
1436 3302 1562 3355 dolorem
1581 3301 1710 3354 moritur.

71 3389 873 3460 peremerit:eteun'cuplaeenilaelnqnelsirietltutnadtam
915 3393 982 3456 Quis
995 3393 1069 3446 enim
1086 3392 1259 3446 sufficienter
1274 3396 1420 3444 enumeret
1435 3400 1496 3460 quie
1511 3395 1539 3443 et
1553 3394 1659 3459 quanta
1671 3388 1711 3442 illi

73 3477 188 3549 abrupti
197 3479 618 3551 praecipitiicrimenimpegerlt,
626 3484 658 3531 ut
666 3479 871 3548 redemptorem
914 3482 1085 3551 protoplasto
1093 3479 1555 3548 nostroabstinentlaecnhtemptus
1563 3478 1710 3536 ademerit.

72 3568 173 3622 mundi
189 3573 219 3622 et
233 3568 361 3621 humanae
376 3569 474 3622 salutis
488 3574 631 3622 auctorem
647 3568 681 3619 ob
696 3568 812 3637 triginta
826 3583 872 3620 ar·
914 3569 987 3639 quod
1002 3569 1200 3622 intellectualis
1217 3569 1318 3621 mentis
1333 3567 1597 3637 dignitatedonatns
1611 3565 1711 3634 imagi-

70 3662 190 3728 gehteos
199 3657 569 3729 persuaseritsendereQui
580 3665 757 3727 nequaquam
769 3656 804 3709 ad
812 3661 871 3709 tam
914 3668 978 3712 nem
992 3659 1036 3711 sul
1047 3657 1189 3711 Crantoris
1199 3657 1313 3727 accepit,
1332 3656 1405 3727 quod
1421 3656 1471 3708 soli
1488 3656 1545 3709 lieo
1560 3672 1610 3708 suc
1620 3646 1713 3724 subja·

71 3747 222 3802 sociennm
229 3746 394 3818 proditionis
408 3745 596 3799 facinusesset
610 3744 766 3809 devolutus,
782 3746 805 3798 si
817 3754 872 3799 nun
913 3752 974 3801 ctus
985 3747 1080 3801 omnia
1093 3745 1215 3799 visibilia
1225 3745 1277 3797 sibl
1291 3744 1416 3813 subjecta
1431 3743 1582 3813 conspexit,
1599 3743 1673 3813 quod
1686 3742 1711 3796 ei

72 3835 254 3907 philargyriae
283 3835 380 3890 morbo
400 3835 500 3889 suisset
514 3835 641 3897 iniectus,
659 3833 873 3888 neeDomiuica
914 3835 949 3890 ad
964 3828 1073 3889 visendi
1103 3846 1185 3889 usum
1216 3834 1321 3887 aliatim
1348 3834 1488 3903 lignorum
1509 3832 1635 3885 omnium
1650 3847 1730 3903 qure-

72 3924 234 3995 negationis
248 3936 313 3978 reus
329 3940 360 3978 se
378 3923 530 3993 sacrilegus
550 3922 710 3987 exstitisset,
727 3922 781 3975 nisi
796 3922 873 3993 prius
914 3929 995 3979 erant
1009 3925 1037 3977 in
1053 3924 1183 3995 paradiso
1191 3923 1321 3977 feracitas
1334 3920 1428 3976 divina
1435 3913 1561 3993 jussione
1574 3921 1688 3974 servivit
1704 3939 1710 3985 ;

73 4013 172 4067 solitus
187 4012 286 4067 luisset
299 4013 419 4067 creditos
433 4012 485 4066 sibi
507 4004 612 4066 loouios
634 4012 795 4083 compllare.
818 4012 871 4065 Sed
914 4013 987 4085 quod
1000 4013 1084 4066 arbor
1095 4013 1156 4066 ritae
1167 4012 1315 4084 mysticum
1331 4011 1423 4065 cibum
1439 4022 1494 4064 non
1508 4007 1582 4064 unde
1597 4010 1709 4071 sineret,

72 4100 139 4156 licet
153 4101 236 4155 multi
247 4101 423 4156 detestentur
430 4102 615 4164 meinsinde,
632 4102 713 4172 pauci
725 4108 819 4154 tamen
835 4101 872 4153 ri·
914 4103 961 4157 sed
979 4101 1052 4156 unde
1067 4103 1152 4155 ritum
1167 4102 1291 4172 corporis
1314 4116 1369 4153 non
1392 4092 1496 4164 liniret,
1512 4100 1556 4153 sni
1571 4099 1713 4152 Creatoris

1247 2737 1281 2787 irc
1299 2735 1376 2799 prelo.

74 4194 135 4244 tare
150 4189 276 4244 student.
289 4190 341 4253 Qui
353 4204 419 4259 ergo
431 4204 494 4243 reus
506 4190 655 4244 Dominum
666 4190 872 4255 vendidit,reus
914 4200 1030 4245 munere
1045 4190 1224 4247 ministrarit.
1248 4191 1295 4260 qni
1311 4188 1403 4242 cibum
1418 4188 1541 4258 quandiu
1555 4187 1713 4259 percipere·
1808 4232 1811 4239 .

74 4296 134 4333 esse
145 4278 182 4333 ab
203 4279 333 4333 omnibus
348 4279 535 4349 adjudicatur,
551 4285 580 4331 ct
599 4279 647 4349 qui
661 4280 808 4334 veritatem
822 4290 873 4349 pro
914 4286 970 4341 tur,
985 4281 1025 4334 lta
1041 4281 1240 4351 percipientem
1269 4296 1299 4333 se
1321 4278 1348 4331 in
1373 4291 1429 4331 uno
1446 4283 1521 4330 statu
1545 4275 1712 4329 sacramenti

74 4367 219 4422 mendacio
232 4373 395 4433 commutat,
407 4368 449 4420 rix
461 4384 478 4420 a
492 4383 633 4437 quoquam
647 4367 872 4438 reprehenditur.
915 4370 1062 4440 cujusdam
1078 4370 1190 4423 latentis
1216 4368 1336 4436 liguram
1361 4366 1564 4431 signiiilootlone
1579 4370 1711 4428 seruaret,

74 4456 874 4529 Namquicunquapropteramorempecuniaeselcommo-
915 4464 948 4513 ut
970 4475 1034 4513 cum
1060 4474 1110 4511 neo
1134 4458 1189 4511 ulla
1213 4455 1376 4509 inlirrnitote
1399 4453 1549 4522 corrumpi,
1566 4464 1616 4505 nec
1631 4456 1713 4506 estate

74 4546 140 4599 dum
166 4551 311 4600 terrenum
328 4545 474 4599 veritatem
489 4546 592 4609 rendit,
611 4546 753 4599 Christum
769 4547 871 4616 perdit,
914 4546 1028 4607 mutari,
1043 4549 1092 4600 ant
1105 4553 1260 4609 senescere,
1277 4554 1327 4597 hec
1338 4542 1449 4596 dissolri
1465 4547 1555 4595 morte
1570 4541 1713 4613 permitte-

74 4635 190 4689 etJudae
204 4635 316 4689 sceleris
331 4637 374 4687 est
389 4635 545 4704 particeps,
564 4634 762 4704 altenhnipse
777 4635 872 4688 Domi·
914 4642 966 4690 ret.
985 4638 1046 4690 Non
1060 4633 1234 4704 inquietabat
1254 4634 1374 4686 molesta
1401 4622 1558 4684 sollicitudo
1574 4629 1711 4700 quietum,

74 4740 126 4778 nus
141 4743 147 4777 :
163 4743 175 4771 c
194 4725 252 4794 ligo
267 4734 329 4777 sum
346 4724 398 4788 sia,
415 4730 444 4776 et
464 4723 577 4789 veritas,
594 4728 622 4778 et
642 4723 698 4776 vitn
716 4725 806 4785 (loun
819 4734 872 4789 xrs,
915 4740 970 4778 non
985 4722 1313 4793 fatigabntlabcranxius
1325 4721 1456 4783 otiosum,
1473 4731 1528 4773 non
1543 4729 1713 4788 somnusup

74 4812 110 4879 b').
132 4831 143 4861 s
162 4813 256 4865 Vitam
280 4812 377 4881 utique
401 4812 514 4877 deserit,
532 4812 579 4882 qul
602 4813 746 4865 raritatem
776 4817 874 4866 contra
915 4812 1054 4884 primebnt
1064 4813 1191 4873 inritum,
1208 4826 1264 4864 non
1279 4809 1441 4863 amittenda
1457 4809 1518 4862 ritae
1532 4809 1617 4862 timor
1626 4819 1712 4878 arige-

75 4900 578 4974 pecuniamsendit,etindemereatu
593 4901 715 4954 infausto
723 4916 779 4954 non
788 4901 873 4955 sitam
915 4894 964 4955 hat
981 4898 1194 4955 immortalitate
1208 4896 1476 4955 secururnuabebat
1491 4897 1600 4950 facilem
1610 4897 1712 4951 rictum

75 4994 199 5045 meretur
213 4994 358 5056 aterum,
381 4990 429 5043 sed
443 4989 582 5042 mendacii
598 4989 722 5042 debitam
737 4990 875 5059 mergitur
915 5004 1015 5062 eorpus
1023 4988 1190 5043 ennnmibus
1205 4987 1331 5058 partibus
1341 4994 1453 5051 sarrunr,
1466 4985 1649 5055 tranquillum
1657 5000 1713 5039 mo

76 5079 102 5132 in
115 5090 240 5150 poenam.
263 5078 333 5132 ilino
357 5094 408 5131 nos
421 5079 526 5132 Paulus
541 5078 683 5148 apostolus
699 5078 831 5132 admonet
846 5085 874 5132 et
914 5085 985 5137 turn,
1002 5094 1050 5132 cor
1061 5078 1206 5142 mundum,
1224 5077 1338 5146 ignarus
1348 5076 1466 5146 poenalis
1482 5073 1558 5135 mali,
1571 5072 1712 5126 habitator

75 5167 159 5222 dicit:
183 5166 335 5237 «Tempus
360 5166 443 5221 branc
468 5172 519 5229 ast,
547 5167 687 5237 reliquum
711 5171 762 5232 est,
779 5169 873 5237 utqui
914 5168 1047 5239 paradisi,
1066 5182 1163 5238 expers
1177 5166 1292 5237 peucini,
1309 5176 1394 5236 cnpnn
1410 5164 1469 5218 Dei.
1487 5163 1632 5216 Postremo
1647 5162 1713 5232 quid

75 5256 180 5311 habent
194 5266 295 5309 uxores
316 5261 452 5326 tanquam
467 5271 523 5309 non
539 5255 673 5310 habentes
688 5257 753 5320 sint,
779 5260 807 5309 ct
825 5256 873 5326 qui
916 5272 948 5311 eo
964 5254 1071 5310 lbiiolus
1085 5257 1130 5322 sit,
1147 5255 1190 5309 eni
1207 5261 1268 5307 erat
1279 5255 1352 5307 orbis
1367 5254 1519 5322 sulnjectus,
1535 5251 1629 5304 nullus
1643 5250 1713 5303 inia-

76 5345 143 5399 lient
157 5351 294 5416 tanquam
314 5346 489 5405 nannenus,
504 5351 533 5398 et
546 5345 592 5414 qui
603 5345 873 5414 gaudentianquam
915 5353 986 5410 stus,
998 5345 1069 5399 liber
1085 5346 1204 5399 animus.
1220 5350 1246 5397 et
1257 5342 1476 5397 risibilislieus?
1487 5339 1712 5410 quandoquidem

76 5448 129 5487 non
145 5434 311 5503 gaudentes,
330 5439 359 5486 et
373 5433 419 5503 qui
443 5440 541 5487 emunt
563 5437 696 5503 tanquam
714 5442 769 5485 non
784 5433 873 5503 possi·
915 5435 969 5488 hisi
986 5441 1051 5488 nnte
1067 5439 1210 5504 {recentum
1223 5434 1310 5486 Deum
1321 5433 1414 5485 uidere
1429 5432 1457 5483 in
1472 5428 1663 5499 assumptione
1676 5429 1714 5480 vi-

76 5522 184 5582 dentes,
203 5529 232 5575 et
255 5523 302 5593 qui
328 5526 448 5576 utuntur
472 5523 523 5575 hoc
543 5523 647 5576 inundo
668 5527 803 5590 tanquam
818 5536 873 5575 non
915 5523 1149 5577 sibiliserentnrae
1169 5523 1280 5575 soleret.
1306 5520 1445 5591 quomodo
1469 5520 1569 5587 sejam
1586 5523 1715 5588 peccator

76 5619 202 5666 urantur
221 5611 348 5666 Pratum
364 5611 438 5664 anim
453 5612 545 5681 ligura
559 5613 643 5681 hique
659 5608 756 5663 mundi
772 5612 797 5677 (l
810 5611 870 5664 Gor.
915 5613 1029 5666 attactus
1043 5620 1061 5664 a
1073 5611 1144 5664 incia
1154 5610 1204 5663 Dei
1218 5619 1303 5680 quam
1318 5619 1463 5679 nunquam
1474 5606 1711 5662 ruinartium-
