3772 6120
116 353 184 412 1651
412 350 443 402 B.
465 347 600 402 anuum
625 344 741 402 usual
760 340 928 400 attolitur.
950 340 1112 398 UOGUNT.
1134 336 1283 396 OPERUM
1300 338 1393 393 PARS
1412 337 1460 392 ll'.
1690 335 1758 392 102

149 476 349 533 Praedieatores
364 473 429 528 tidei
445 481 477 528 ut
490 473 611 527 salutem

296 564 417 620 blundus
433 561 559 625 baberet.

153 657 296 727 Martyres
309 669 374 713 oum
384 650 540 723 virginibus
554 651 663 723 paravit

152 744 197 799 Ad
211 745 348 801 honorem
358 741 443 813 Regis
456 740 486 796 in
495 756 561 797 aree
573 740 680 811 magni.

153 832 341 888 Christianam
357 829 434 887 ducit
446 830 483 885 sd
497 828 698 901 serapionem
711 829 747 885 ad

297 918 406 975 Gaudia
417 917 490 973 vilae.

154 1013 262 1082 Corpus
271 1009 329 1063 has
344 1007 449 1062 (luisti
463 1006 599 1079 oopulans
612 1005 728 1071 adunet,

155 1098 279 1154 liombra
297 1114 361 1152 oum
378 1094 511 1151 viiembrls
524 1096 614 1151 sociat
624 1095 756 1153 valenter.

155 1187 280 1242 Membro
290 1185 423 1258 supponit
436 1184 530 1256 ospiti.
546 1192 629 1257 caput
645 1200 708 1239 cum

297 1277 420 1347 Corpore
432 1274 537 1346 jungit.

156 1366 224 1421 uoce
239 1365 297 1419 baec
310 1364 432 1429 dileetio,
444 1378 509 1418 vem
523 1378 583 1427 arx,

155 1456 273 1519 Summe
286 1453 432 1519 virtutum,
450 1458 575 1522 caputet
588 1450 686 1523 regius

155 1542 303 1598 Plenitudo
322 1543 380 1599 bino
392 1541 462 1613 legis
477 1545 507 1595 et
520 1539 668 1613 utriusque

296 1631 370 1687 Fons
380 1628 523 1687 bonitatis.

155 1722 246 1776 Nemo
259 1720 401 1775 viventum
416 1718 477 1775 sine
492 1718 544 1773 bac
554 1717 661 1777 videbit

154 1809 240 1881 Regis
255 1808 352 1863 aeterni
366 1808 476 1872 taciem,
491 1807 539 1861 sod
553 1812 615 1860 atra

155 1897 287 1954 introibit
296 1903 404 1952 tartara
418 1902 509 1951 torret
522 1896 597 1950 hunc
612 1909 667 1967 quo

298 1985 407 2043 luterus
420 1986 533 2043 ardens.

93 2106 98 2113 .
156 2076 291 2146 Hancque
306 2074 472 2133 msnuomvn
486 2073 589 2131 vocitat
602 2088 706 2135 norum
719 2077 827 2135 auctor,

158 2164 236 2220 Hauc
250 2163 353 2221 babere
367 2165 430 2238 eius
442 2163 559 2219 vomitos
570 2161 688 2241 iubebat

157 2254 253 2319 Valde,
270 2254 333 2308 hinc
348 2269 399 2311 nos
412 2253 485 2311 bano
498 2250 653 2311 habeamus
666 2264 763 2307 omues

299 2344 415 2398 Pectore
429 2359 510 2415 puro.

228 2477 263 2538 ll.
281 2510 320 2520 -
336 2484 348 2511 ·
363 2490 486 2536 uranus
501 2489 539 2534 ns
554 2488 674 2537 aursus
687 2486 807 2537 nonius.

224 2593 332 2646 Lumen
346 2591 453 2644 clarum
467 2589 520 2644 rite
533 2586 621 2658 fulget

260 2680 329 2734 Orto
342 2694 443 2749 magno
462 2677 557 2732 sidere

258 2768 338 2832 Quod
354 2783 405 2839 per
417 2774 508 2824 uatum
524 2766 653 2839 splendet
671 2762 776 2819 orbem.

258 2856 377 2912 Umbms
391 2856 481 2913 noetis
490 2854 640 2928 aufugans,

258 2947 371 3003 Christo
383 2952 450 3005 nato
464 2944 541 3017 Rege
554 2960 666 3016 magno,

257 3034 344 3088 Totus
358 3032 435 3089 orbis
448 3032 580 3103 gaudeat.

224 3120 285 3176 Dux
299 3122 334 3176 de
344 3122 358 3177 J
362 3121 426 3187 uda,
444 3137 527 3199 quem
539 3119 677 3191 propheta

260 3209 334 3264 Olim
347 3211 407 3280 jam
422 3206 598 3279 predixerat,

259 3299 352 3355 Laetus
366 3297 446 3352 nobis
461 3314 523 3353 esse
534 3296 619 3364 venit,

259 3384 386 3442 Bethlem
407 3402 525 3444 nascens
539 3383 653 3459 inclyta.

258 3476 370 3531 Christo
385 3480 452 3532 nsto
467 3475 543 3549 Rege
555 3490 667 3547 magno.

258 3565 344 3620 Totus
356 3563 431 3619 orbis
445 3561 579 3636 gaudeat.

224 3654 304 3709 llunc
317 3653 420 3725 regalis
433 3653 511 3725 virgo
523 3657 624 3715 mater,

258 3742 345 3797 Partu
357 3741 485 3814 gaudens
499 3735 596 3796 edidit.

259 3833 349 3897 Quem
362 3830 475 3886 Gabriel
488 3828 638 3894 nuntiavit,

259 3922 433 3977 Salvatoium
446 3919 585 3991 gentium.

259 4010 371 4063 Christo
385 4016 461 4074 nato,
479 4014 531 4062 eto.

224 4100 296 4154 Cum
311 4103 437 4170 pastores
452 4094 620 4153 excubantes

260 4187 335 4240 Cum
347 4185 457 4240 mordet
471 4201 537 4241 nam
550 4186 655 4259 gregis,

260 4278 358 4331 Clarus
375 4278 450 4347 ipsos
461 4275 496 4329 ad
511 4275 672 4340 laetandum,

261 4367 430 4422 Exhorbstur
444 4365 569 4421 nuntius.

260 4457 372 4513 Christo
383 4463 460 4523 irato,
480 4461 533 4517 eto.

225 4546 397 4602 Concinebat
411 4546 585 4617 angelorum,

260 4637 354 4694 Turba
365 4638 430 4693 iusta
443 4636 583 4692 laudibus.

259 4729 352 4788 Terre
366 4744 462 4798 paoem
476 4727 667 4799 prodeuntes,

261 4818 338 4873 Ooelo
350 4817 473 4871 reddunt
484 4817 613 4887 gloriam.

260 4906 372 4963 Christo
388 4910 464 4971 nato,
477 4912 529 4961 ete.

225 4998 248 5053 0
262 4995 434 5069 stupendum
447 4995 664 5066 mirandumque

261 5087 475 5145 Sacramentum
489 5084 596 5154 gioria.

261 5176 342 5241 Quod
352 5175 509 5231 Tonantem
523 5190 611 5246 supra
624 5179 733 5240 ouneta,

922 472 947 531 Α

926 4373 950 4431 D

1100 465 1186 536 Virgo
1199 467 1292 535 gestat
1300 461 1427 534 parvula.

1100 555 1212 610 Cbristo
1226 559 1303 618 nato,
1320 558 1372 606 ets.

1064 644 1164 700 Fautor
1172 642 1244 706 omli,
1260 647 1342 696 terra
1355 640 1445 694 iactor

1099 735 1188 788 Vulva
1202 736 1246 786 est
1257 732 1370 785 elsusm
1378 729 1500 784 feminas.

1099 826 1204 878 Auctor
1218 835 1345 877 summm
1359 818 1538 890 angelorum.

1100 912 1146 967 rit
1158 925 1284 982 presepe
1296 907 1437 964 conditus.

1100 1002 1212 1059 Christo
1226 1006 1303 1063 nato,
1319 1005 1373 1054 ete.

1066 1093 1161 1146 l'almo
1173 1091 1274 1145 omlum
1293 1090 1341 1160 qui
1360 1088 1488 1152 metitur,

1099 1181 1215 1237 Terram
1228 1179 1335 1235 clsudit
1344 1177 1432 1250 pugili
1441 1175 1587 1249 [pugillol.

1100 1271 1204 1327 Pannis
1218 1270 1313 1342 peusis
1326 1268 1486 1333 obvolutus,

1101 1360 1280 1431 lnlansvngit
1293 1360 1436 1432 parvulus.

1100 1449 1212 1505 Christo
1228 1455 1304 1513 nuto,
1321 1455 1377 1506 ete.

1065 1540 1132 1604 Quae
1145 1539 1239 1594 divisit
1249 1541 1340 1595 lucem
1358 1538 1394 1594 ab
1407 1536 1527 1603 umbris,

1101 1630 1210 1685 Summi
1224 1629 1347 1703 primum
1366 1628 1496 1695 dextere.

1099 1719 1198 1775 Matris
1210 1734 1415 1775 mummaseeee
1428 1721 1550 1773 traotat.

1100 1808 1192 1864 baetis
1206 1814 1304 1883 potum
1316 1807 1481 1880 quaesitans.

1100 1893 1211 1949 Christo
1225 1899 1301 1957 nato,
1317 1898 1370 1948 etc.

1064 1982 1103 2037 Os
1113 1982 1278 2053 praeclarum
1292 1980 1464 2045 (tendimns,

1100 2072 1180 2136 Quod
1190 2071 1321 2128 formavit
1334 2070 1479 2127 seculum.

1100 2162 1142 2219 En
1151 2162 1298 2221 admotum
1312 2177 1388 2217 nuuc
1400 2159 1527 2217 libenter

1102 2251 1184 2322 Sugit
1197 2251 1296 2308 matris
1310 2249 1406 2306 ubera.

1100 2338 1212 2394 Christo
1222 2345 1300 2404 nato,
1316 2344 1369 2392 etc.

1066 2428 1089 2483 0
1103 2428 1186 2484 beata
1195 2434 1285 2483 mater
1299 2427 1413 2493 Christi,

1101 2515 1189 2574 David
1201 2515 1297 2587 stirpis
1311 2515 1425 2573 lemine.

1100 2605 1142 2660 ru
1157 2605 1219 2659 laus
1233 2604 1308 2659 orbis
1322 2610 1352 2658 et
1365 2604 1476 2674 regins,

1101 2696 1179 2748 Laets
1192 2692 1270 2764 virgo
1284 2692 1383 2748 llario.

1101 2784 1214 2840 Christo
1228 2791 1304 2851 nato,
1319 2789 1372 2839 eto.

1066 2872 1145 2930 Votis
1158 2873 1235 2929 adsis
1248 2878 1280 2929 tu
1294 2871 1418 2946 piorum.

1102 2964 1191 3019 Omne
1206 2978 1321 3021 servans
1332 2958 1470 3017 seculum.

1101 3051 1272 3106 patriarchis
1286 3054 1316 3105 et
1327 3046 1475 3125 prophetis

1101 3141 1174 3195 Laus
1188 3156 1292 3199 corona
1304 3136 1411 3213 gloriae.

1101 3226 1213 3280 Christo
1227 3231 1304 3291 nato,
1325 3226 1378 3279 etc.

1066 3314 1135 3369 Eece
1149 3320 1265 3386 sperent
1277 3311 1447 3378 laetabunda‚
1528 3356 1530 3361 .

1100 3403 1272 3474 Angelorum
1287 3402 1411 3477 agmina.

1101 3492 1205 3550 Christi
1214 3491 1324 3567 plebem
1339 3490 1415 3564 quod
1427 3488 1588 3563 gubemes.

1100 3584 1275 3640 urbanorum
1289 3582 1410 3638 conscia.

1100 3671 1211 3727 Christo
1230 3678 1306 3739 nato,
1323 3678 1375 3728 eto.

1064 3759 1138 3818 Nsm
1150 3765 1188 3827 te,
1200 3758 1286 3832 Virgo
1299 3758 1399 3817 caelebs
1409 3766 1513 3834 nupta,

1101 3847 1289 3906 Sexusomnis
1303 3848 1423 3925 appetit.

1100 3941 1141 3994 Tu
1158 3945 1288 4012 parentes
1304 3945 1390 4013 atque
1402 3943 1487 3996 natos

1101 4030 1282 4102 Depreeando
1296 4034 1422 4102 protege.

1102 4119 1213 4175 cbristo
1227 4126 1304 4185 nato,
1320 4127 1372 4176 etc.

1066 4209 1178 4265 Gaudet
1189 4208 1290 4265 coelum
1304 4227 1368 4266 cum
1379 4210 1513 4285 supernis

1101 4298 1272 4369 Angelorum
1287 4296 1420 4353 millibus.

1102 4388 1201 4444 Omnis
1210 4395 1293 4444 terrea
1306 4386 1462 4460 plenitudo,

1102 4478 1219 4544 Pontus,
1233 4483 1319 4545 astra,
1336 4474 1466 4535 numina.

1102 4568 1215 4624 Christo
1228 4573 1295 4623 nato
1304 4566 1380 4636 Rege
1390 4582 1506 4638 magno.

1102 4657 1188 4713 Totus
1202 4652 1277 4711 orbis
1290 4656 1422 4728 gaudeat.

1034 4782 1084 4847 lll.
1101 4817 1140 4830 -
1156 4796 1279 4845 uranus
1291 4796 1330 4844 ns
1345 4798 1467 4845 usnam
1481 4798 1699 4850 manemus.

1066 4908 1201 4963 cannino
1214 4907 1333 4979 psallere
1346 4922 1413 4962 voee
1421 4906 1495 4979 lym,

1103 4994 1192 5052 Edere
1205 5000 1273 5052 tune
1283 4990 1365 5067 Juvat
1377 5000 1439 5051 arte
1453 4997 1560 5070 melos,

1103 5084 1249 5152 Quomodo
1261 5082 1352 5141 lactea
1362 5080 1448 5141 turba
1461 5089 1551 5160 perit,

1103 5174 1241 5247 Principis
1252 5175 1339 5246 impie
1347 5191 1421 5233 oessa
1434 5166 1513 5243 dolo.

621 5298 778 5362 suuoua
796 5298 1065 5366 cuarsuouuuiu
1083 5296 1266 5357 Buowuul.

169 5394 416 5455 *iurisconsultus
440 5398 533 5452 clarus
548 5397 687 5453 ilenrious
706 5396 836 5453 Gaulotus
853 5412 919 5453 oum
959 5396 1053 5452 Natali
1063 5396 1184 5462 Domini,
1193 5399 1752 5476 metmuoehsimtemsmeuuseriptum

123 5463 270 5521 'llisodolll
290 5469 500 5523 Aurelianensis
523 5469 644 5541 episcopi
664 5482 763 5540 poema
780 5474 917 5533 recenset,
960 5474 990 5523 et
1001 5467 1122 5539 ingenue
1135 5468 1241 5524 latetur
1254 5468 1284 5523 in
1297 5469 1369 5525 libro
1383 5488 1438 5542 quo
1462 5488 1535 5528 usus
1555 5481 1602 5530 est
1623 5482 1754 5531 mentm

123 5537 195 5609 quod
206 5542 280 5619 torn.
297 5539 320 5591 V
343 5541 438 5610 Antiq.
464 5539 603 5594 Lectionis
628 5539 782 5610 evulgaret,
802 5545 861 5594 tom
881 5539 918 5595 Vl
960 5540 1069 5595 nullum
1079 5539 1168 5610 prodi,
1176 5545 1208 5594 ut
1219 5541 1378 5605 mnditione
1386 5542 1598 5614 possidentium
1608 5546 1754 5607 bmatlmr

122 5614 227 5680 promit
241 5614 314 5664 mter
325 5609 381 5663 ulia
393 5616 422 5663 et
434 5611 509 5664 hunc
519 5610 656 5682 hymnum
669 5627 737 5668 sane
751 5611 873 5679 dulcem,
884 5611 920 5667 de
959 5610 1031 5667 liore
1043 5611 1136 5667 libeat.
