3772 6120
98 259 121 311 tl
323 254 613 312 ENARRATIONUM
633 254 671 308 IN
691 256 766 309 EPP.
789 256 895 310 PAULI
918 257 985 310 tle.
1008 257 1039 309 X.
1057 286 1088 295 -
1104 254 1142 309 ΙΝ
1162 255 1271 310 erls'r.
1294 254 1373 313 lau
1392 262 1473 314 COR.
1682 256 1713 316 tl

95 383 140 432 rire
151 394 233 437 arone
252 384 303 440 cst,
327 383 427 446 ooyrlal
449 393 507 445 qua
520 380 634 433 Daririni
653 384 726 438 suat.
750 380 1065 447 qaornadeAlicitudine
1076 387 1253 452 occupantes,
1262 382 1356 452 pigros
1366 400 1395 437 se
1405 385 1440 438 ad
1452 385 1502 440 Dei
1513 402 1598 456 opera
1607 388 1716 457 agenda
1757 430 1761 440 .

92 468 252 535 placcotllco.
267 466 419 529 Quomodo
430 466 490 519 sinc
498 466 686 520 sollicitudine
694 467 781 521 simus
790 474 880 521 oston-
922 470 1056 534 lecerunt,
1072 470 1144 524 sicut
1157 470 1224 525 dicit
1237 471 1373 525 ieremias
1387 474 1523 543 propheta
1538 493 1543 527 :
1556 477 1716 530 Maledictus

91 558 130 620 dit,
145 556 238 609 dicens
257 572 263 606 :
284 555 340 620 (lui
352 558 412 607 sine
426 571 508 607 arare
521 560 566 618 cal,
582 557 680 622 capital
694 573 753 623 qua
768 559 881 610 bariani
922 563 971 628 qul
984 575 1063 626 opera
1073 561 1120 612 llri
1127 563 1184 624 apii
1193 563 1359 626 neplipeatcr
1374 563 1438 625 (lar.
1451 564 1715 631 xur111);hisuntde

89 652 151 698 sunl.
163 646 322 714 imputata
337 643 413 696 enim
428 643 613 696 sollieitudine
629 644 669 697 rei
688 646 801 703 uxoriae,
818 663 879 715 qua
922 647 1022 717 quibus
1032 648 1061 700 in
1079 648 1135 700 alia
1146 648 1270 722 Epistola
1287 648 1371 701 dicit:
1385 650 1516 704 Habentes
1530 655 1643 720 speciem
1656 656 1715 721 qui-

88 734 136 786 sola
150 733 176 786 in
192 733 301 785 mundo
316 731 606 800 caeterisgrariorest,
619 733 653 785 ad
669 734 759 788 Deum
772 751 880 805 prome·
921 738 981 788 aaa
1007 740 1137 799 veritatis,
1154 739 1286 790 virtatem
1302 742 1393 790 arctant
1409 741 1467 805 ejas
1482 740 1645 808 abaepaales
1661 743 1717 808 llll

87 823 194 875 rendum
209 822 327 874 animus
341 820 479 878 eruditur,
496 820 518 872 si
534 830 629 874 tamen
644 821 695 874 hac
709 840 757 893 spe
768 824 879 877 animus
925 826 993 877 Tim.
1011 836 1057 891 nrt.
1075 826 1224 894 Apostolus
1247 831 1341 878 autem
1368 826 1411 878 his
1433 827 1558 897 loquitur
1573 828 1622 898 qui
1643 829 1717 883 mira

86 912 123 964 his
140 911 280 964 molestiis
294 928 324 963 se
341 917 434 965 exuat.
459 916 491 961 ut
509 910 566 963 Deo
590 911 679 979 irarrgis
697 912 807 965 serviat.
827 913 880 978 (lai
921 913 1066 966 devotione
1081 913 1196 983 obsequi
1212 914 1373 967 desiderant
1387 915 1545 969 scelestibus
1560 917 1714 987 praeceptis,

84 1006 167 1053 alitem
183 1018 247 1053 aura
264 1005 405 1061 irroraret,
421 1001 555 1052 sollicitus
570 1005 606 1051 rsl
616 1016 675 1066 qna
691 1007 756 1053 sunl
769 1003 875 1065 litandi,
921 1003 1070 1055 ostendens
1089 1009 1117 1054 et
1137 1003 1239 1055 docens
1262 1019 1316 1071 quo
1335 1003 1500 1073 aornpeudio
1515 1003 1598 1058 citius
1611 1005 1669 1059 itur
1681 1005 1718 1058 ad

83 1090 207 1156 quarrada
221 1092 330 1156 placeat
343 1090 434 1140 rixari.
444 1087 603 1140 Curaenim
614 1089 708 1141 uxoris
718 1097 746 1142 et
756 1091 878 1143 filiorum
921 1091 1020 1154 Deum,
1038 1091 1102 1160 quia
1118 1089 1165 1160 qui
1181 1095 1296 1161 propter
1311 1091 1399 1144 Deum
1414 1093 1631 1161 promerendum
1639 1093 1718 1163 virgo

82 1176 315 1246 cagitatiomundi
326 1183 378 1236 est,
388 1193 454 1228 nam
462 1175 878 1248 interaaeterasolentaliquan-
920 1196 1034 1232 manere
1046 1179 1211 1243 rult,sciens
1226 1179 1308 1248 quale
1319 1179 1464 1248 praemium
1478 1180 1565 1250 possit
1580 1181 1716 1251 accipere,

81 1266 112 1318 do
125 1283 169 1318 res
183 1265 345 1335 puniendus
359 1265 518 1327 admittere,
529 1281 564 1318 ne
574 1265 638 1318 illas
649 1267 792 1320 offendant
807 1267 880 1321 sicut
921 1268 968 1339 qui
983 1285 1000 1320 a
1015 1268 1089 1321 licito
1103 1273 1307 1337 temperantur,
1317 1268 1522 1333 utmeliorsrat,
1531 1269 1717 1324 simulomnia

80 1354 160 1407 refert
178 1353 334 1407 Zorobabel
355 1370 430 1407 unus
452 1353 486 1407 de
512 1353 602 1406 tribus
624 1354 801 1409 cubiculariis
824 1357 878 1409 Ar·
920 1356 1122 1426 impedimenta
1135 1356 1227 1408 carnis
1241 1355 1358 1426 spernit,
1374 1373 1430 1409 non
1448 1357 1557 1411 nescius
1572 1358 1630 1411 hac
1644 1374 1716 1423 esse,

79 1443 197 1496 tarenis
211 1443 351 1511 regisllll
364 1443 444 1496 Esdr.
462 1445 507 1501 uit.
518 1443 620 1512 Magna
631 1444 705 1496 enim
720 1445 878 1498 anraritudo
921 1461 981 1514 quse
998 1460 1126 1512 gressum
1147 1444 1286 1497 sumentis
1306 1445 1380 1498 velut
1400 1444 1531 1499 oneribus
1550 1446 1717 1516 compedum

79 1539 118 1585 est
131 1533 160 1584 in
175 1532 262 1585 doruo
276 1547 345 1584 uxor
358 1531 456 1584 tristis.
475 1533 565 1584 llieisa
581 1537 618 1584 rst
633 1536 773 1585 irradiaret
789 1536 875 1600 sirpo.
919 1533 1056 1586 detinent.
1071 1532 1247 1585 Allruonendi
1262 1538 1328 1586 sunt
1344 1533 1390 1602 qui
1409 1532 1488 1603 ligati
1507 1533 1645 1603 conjugiis
1661 1550 1717 1588 non

80 1620 169 1673 [lirisa
179 1636 238 1673 non
248 1621 348 1690 utique
356 1628 467 1683 natura,
483 1619 532 1671 sed
548 1626 621 1672 actu.
632 1621 704 1682 Quia
715 1620 834 1690 legimus
848 1621 876 1674 ia
919 1627 993 1686 sunt,
1014 1627 1045 1673 ut
1068 1621 1212 1690 praeceptis
1227 1620 1385 1673 caelestibus
1406 1637 1439 1673 eo
1460 1622 1563 1675 rectius
1583 1622 1716 1688 serviant,

79 1709 220 1769 Nurneris,
228 1709 363 1762 mulieres
373 1708 495 1775 uirgines
508 1708 662 1777 appellatas
677 1707 773 1776 (afara.
789 1725 876 1773 xxxii.
887 1694 974 1778 Bquo
990 1726 1037 1762 cos
1053 1710 1088 1761 ad
1103 1726 1183 1762 curas
1198 1709 1295 1761 mundi
1310 1725 1488 1779 nequaquam
1500 1710 1601 1779 jugum
1611 1712 1717 1780 copulae

79 1798 214 1867 Aliaergo
222 1796 382 1849 sollicitudo
390 1795 584 1860 mulie1·iS,alia
592 1796 708 1866 virginis
716 1803 877 1862 est3tamen
919 1798 1039 1851 earnalis
1061 1797 1177 1851 inclinat
1199 1805 1230 1850 ut
1256 1814 1325 1866 quos
1346 1813 1417 1850 onus
1435 1797 1503 1850 liciti
1519 1798 1642 1868 conjugii
1661 1814 1716 1852 non

79 1903 140 1938 curn
161 1885 267 1938 dicitur
289 1885 399 1948 mulier,
423 1884 560 1937 incertum
579 1891 622 1937 est
641 1885 708 1954 quid
729 1885 877 1954 significet,
918 1892 1025 1954 gravat,
1042 1903 1218 1955 nequaquam
1230 1886 1337 1955 pandus
1348 1885 1477 1939 illicitum
1488 1893 1606 1940 terrenae
1617 1886 1718 1940 sollici·

77 1972 519 2042 nisisignilicatiosubsequatur:
538 1979 704 2026 eumautem
714 1973 878 2027 diciturrir-
919 1975 1025 2027 tudinis
1040 1981 1150 2044 premat
1167 1993 1171 2025 :
1190 1974 1239 2027 sed
1253 1979 1331 2027 tanta
1347 1990 1394 2027 cos
1408 1974 1563 2044 paratiores
1579 1975 1639 2029 dies
1653 1975 1717 2029 ulti·

73 2062 272 2130 gamanisesta
281 2062 384 2114 locutio
395 2068 446 2114 est.
461 2062 531 2114 Hine
544 2062 766 2132 Apostoluspost
776 2063 876 2116 mulie·
918 2080 990 2123 mus,
1008 2071 1113 2132 quanto
1127 2063 1312 2133 expeditiores
1327 2062 1461 2129 irneniat,
1478 2080 1513 2116 ne
1529 2079 1584 2133 qua
1599 2064 1717 2117 meliora

74 2150 396 2219 remrirginemposuit,
407 2155 438 2202 ut
457 2149 614 2213 mulierem,
625 2166 681 2202 non
693 2150 829 2219 virginem
837 2151 875 2203 si·
918 2168 1000 2221 agere.
1023 2160 1151 2204 vacantes
1176 2158 1301 2221 possunt,
1322 2151 1371 2204 sed
1391 2158 1487 2204 tamen
1512 2151 1667 2221 negligunt,
1683 2169 1716 2207 eo

73 2237 875 2308 guilicaret:perhocenimroluitostenderevirginemli-
917 2240 1717 2310 suppliciadeterioramereantur.audiantquodbposto-

21 2343 25 2353 ·
75 2327 168 2381 lteram
177 2327 294 2380 ataediis
306 2333 334 2379 et
344 2320 496 2388 laboribus,
505 2343 574 2395 quos
585 2327 692 2396 patitur
706 2327 807 2380 mulier
816 2327 875 2380 viro
918 2329 970 2390 lus,
987 2346 1049 2382 curn
1066 2322 1202 2399 quosdam
1217 2328 1252 2380 ad
1268 2326 1412 2379 coelibatus
1420 2328 1542 2395 gratiam
1552 2327 1714 2386 instrueret.

74 2417 213 2486 copulata.
229 2417 294 2481 (lua
311 2421 405 2468 aulem
421 2432 476 2467 iton
493 2421 530 2466 est
546 2420 643 2483 ntrpla,
657 2418 776 2468 sollicita
791 2422 828 2468 est
843 2417 875 2468 lle
918 2434 974 2470 non
987 2416 1149 2486 conjugium
1163 2415 1276 2486 spreuit,
1292 2415 1341 2466 sed
1361 2431 1442 2467 curas
1457 2415 1554 2468 mundi
1569 2421 1716 2469 nascentes

75 2505 115 2556 la's
139 2521 201 2571 qua
227 2506 344 2557 Doraini
365 2508 442 2566 sarit,
462 2508 491 2555 nl
514 2508 550 2555 sit
572 2510 668 2556 sancta
683 2508 707 2556 el
722 2519 832 2571 corpore
852 2510 876 2558 el
919 2524 950 2558 ex
966 2504 1096 2574 conjugio
1120 2504 1232 2574 repulit,
1250 2503 1344 2556 dicens
1360 2521 1365 2554 :
1383 2505 1437 2556 lloa
1450 2506 1487 2557 ad
1500 2507 1650 2558 utilitatem
1671 2521 1715 2558 ce-

77 2596 184 2660 qu‘ritu.
199 2594 274 2646 Dum
289 2592 365 2645 enirn
377 2609 425 2661 spe
440 2591 595 2644 coelestium
607 2590 702 2644 mariti
713 2597 742 2644 et
754 2592 875 2646 filiorum
918 2600 1005 2647 slram
1016 2596 1084 2656 (lira,
1095 2609 1150 2646 itan
1163 2599 1193 2645 ul
1203 2596 1331 2659 laqueum
1347 2593 1419 2645 robis
1429 2594 1565 2659 injiciam,
1582 2594 1628 2646 sed
1640 2595 1677 2646 ad
1687 2595 1716 2646 id

73 2682 292 2735 sollicitudinem
308 2697 364 2734 nan
375 2680 501 2749 suscipit,
512 2680 673 2733 deDomino
682 2681 795 2750 cogitat,
806 2698 875 2751 quo·
917 2684 989 2750 qaod
1005 2683 1145 2734 leon-estam
1165 2686 1202 2733 est
1215 2697 1338 2749 procare,
1349 2686 1372 2733 el
1386 2682 1457 2748 qaod
1474 2682 1634 2747 facultatem
1642 2698 1715 2750 pra·

72 2771 145 2823 niam
158 2770 337 2840 propositum
351 2770 408 2822 Deo
423 2768 555 2821 devotum
570 2769 727 2822 custodiat:
740 2769 762 2822 si
779 2774 875 2823 maren
917 2771 975 2822 brat
986 2774 1044 2823 sine
1053 2771 1245 2837 impedimenta
1255 2770 1406 2821 llann'narn
1417 2770 1576 2822 obsecrandi
1587 2789 1595 2822 ,·
1607 2786 1714 2822 excon-

71 2861 98 2912 in
113 2875 230 2929 corpore
241 2858 348 2912 mundo
359 2858 471 2911 animus
482 2863 595 2910 terrena
609 2857 743 2926 abjiciens
753 2858 873 2911 coelesti-
913 2859 1001 2928 jugiis
1016 2859 1118 2928 quippe
1132 2864 1250 2910 terrena
1265 2856 1467 2910 sollicitudines
1478 2857 1626 2927 prodeunt,
1638 2865 1665 2911 et
1676 2858 1715 2911 id-

72 2947 120 3000 hus
134 2947 258 3000 studeat.
275 2946 395 2999 Animus
417 2953 460 2998 est
474 2946 558 3010 enim,
580 2945 627 3015 qui
643 2951 692 2999 aut
704 2947 870 3007 sanctificat,
915 2947 987 3000 eirca
1010 2947 1145 3015 Magister
1158 2945 1285 3015 getntium
1301 2945 1444 2999 auditores
1468 2962 1533 2998 suos
1546 2946 1582 2998 ad
1598 2945 1716 3000 meliora

71 3044 117 3088 aut
132 3036 234 3106 polluit
247 3051 360 3104 corpus.
377 3034 450 3097 Quid
461 3035 536 3087 enim
550 3033 667 3104 prodest
680 3051 779 3104 eorpus
794 3051 873 3088 mun-
883 3008 905 3066 Ο
915 3035 1064 3104 persuasit,
1080 3051 1115 3087 ne
1125 3034 1312 3087 sollieitudine
1322 3039 1436 3086 terrena
1450 3033 1615 3103 ligarentur.
1625 3034 1714 3097 Quem

71 3124 135 3176 dum
141 3123 422 3189 babere,etanimanr
431 3122 752 3192 pollutam,cur11merito
761 3123 871 3188 aniane,
914 3124 1000 3193 igitur
1014 3122 1141 3176 calibem
1155 3122 1469 3179 curarumsreeulariuru
1480 3122 1713 3192 impedimentum

71 3218 118 3265 :rut
147 3212 306 3266 honoratur
326 3226 427 3281 corpus
452 3216 501 3264 aut
528 3210 701 3263 damnatur?
723 3212 794 3264 riam
814 3229 873 3279 quaa
914 3212 1067 3282 praepedit,
1090 3218 1119 3264 et
1142 3211 1273 3279 conjugio
1289 3227 1318 3263 se
1333 3227 1511 3280 nequaquam
1535 3210 1669 3275 subdidit,
1685 3218 1714 3264 et

73 3308 155 3369 nupto
169 3307 208 3354 cst
231 3304 332 3368 capital
348 3316 408 3367 qua
424 3304 488 3352 stent
509 3300 593 3366 liujus
608 3301 719 3364 arandi,
741 3302 872 3367 quomoda
914 3307 1008 3353 tanton
1026 3299 1148 3369 conjugii
1160 3316 1247 3351 onera
1260 3315 1314 3351 non
1325 3298 1420 3351 erasit.
1433 3299 1465 3353 Si
1479 3302 1541 3367 quis
1552 3305 1644 3352 aulem
1656 3305 1713 3352 tar-

71 3393 172 3456 plareal
188 3392 261 3442 ciro.
273 3390 347 3457 Lege
361 3389 437 3441 enim
453 3387 575 3440 maritali
590 3387 740 3440 constricta
754 3387 873 3442 sollicita
912 3407 971 3458 pria
980 3407 1006 3441 sc
1016 3390 1112 3442 rr'rleril
1121 3404 1202 3456 saper
1211 3389 1345 3455 rirpiaenr
1354 3390 1476 3450 suaviust
1485 3390 1519 3439 sit
1532 3391 1607 3440 altra
1615 3388 1712 3456 puber·
1756 3435 1762 3440 ..

73 3488 112 3531 est
125 3477 270 3548 quomodo
290 3477 408 3546 impleat
424 3477 470 3545 jus
493 3475 631 3529 maritalis
652 3475 745 3541 oflicii,
762 3476 874 3530 subdita
916 3480 1082 3541 talemrtne
1095 3482 1195 3544 aportat
1208 3477 1360 3544 fieriquml
1371 3478 1428 3528 vult
1445 3477 1539 3542 faciat,
1554 3492 1611 3529 aaa
1620 3482 1711 3544 pecual

72 3566 220 3620 mundanis
226 3564 442 3618 necessitatibus
452 3567 520 3619 :lloa
533 3570 625 3617 alitent
636 3566 673 3616 all
688 3570 805 3618 castrata
818 3569 873 3618 ali·
914 3567 1042 3619 sinubat.
1058 3566 1176 3634 Propter
1186 3564 1260 3634 quod
1271 3563 1400 3634 superius
1412 3563 1601 3632 virginitatem
1616 3572 1712 3619 tenan-

75 3659 175 3708 lilatem
186 3656 259 3719 dieo,
269 3671 325 3707 aaa
335 3654 581 3721 allaqueumeobis
591 3655 728 3720 injiciant.
737 3654 789 3708 Sed
798 3655 834 3706 ad
844 3656 873 3707 id
914 3656 979 3708 dam
996 3662 1024 3707 et
1038 3654 1249 3717 continentiam,
1266 3652 1376 3705 reddita
1389 3652 1507 3718 ratione,
1521 3653 1648 3707 hortatus
1658 3662 1710 3715 est,

74 3746 140 3809 quiid
153 3745 301 3797 honestum
317 3748 355 3795 est
362 3757 484 3809 provoco,
503 3746 528 3793 rt
541 3742 613 3808 qaod
627 3743 786 3807 facilitate-ln
799 3758 871 3810 pra·
913 3743 953 3796 ita
966 3751 998 3796 ut
1008 3759 1078 3812 pene
1093 3742 1128 3794 ad
1143 3740 1381 3810 comparationem
1392 3756 1489 3793 earum
1500 3740 1631 3809 conjugia
1647 3742 1710 3795 inu-

75 3834 127 3884 leat
135 3836 197 3885 sine
203 3833 399 3899 impedimenta
405 3830 719 3883 llarntnamabsrcraadi
723 3830 872 3892 Quoniam
914 3831 974 3885 tilia
982 3837 1009 3883 ct
1017 3829 1174 3899 abjicienda
1183 3829 1344 3887 rideantur3
1358 3842 1431 3879 rrunc
1440 3843 1475 3879 ne
1487 3827 1599 3896 nuptias
1608 3845 1711 3897 negare

76 3920 240 3989 quibusdam
263 3934 395 3988 asperum
415 3924 443 3970 et
462 3933 545 3986 grave
561 3917 670 3969 ridetur
685 3917 759 3987 quod
775 3918 872 3972 utilius
914 3914 1711 3990 putareturmonpccrarevirginemsinubat‚ostendit,sed

77 4015 120 4061 aut
133 4009 237 4063 melius
254 4018 296 4061 est
318 4012 432 4078 propter
455 4005 684 4059 consuetudinem
708 4007 871 4077 temporalis
913 4025 973 4061 reru
987 4006 1101 4060 maximi
1116 4005 1218 4058 laboris
1227 4004 1379 4074 aggrediet
1387 4004 1529 4075 quaeapud
1541 4004 1630 4058 Deum
1638 4022 1709 4076 prar-

77 4113 136 4151 usus
154 4116 159 4150 :
179 4098 244 4151 ideo
265 4103 329 4167 post
353 4095 491 4149 rationem
515 4093 655 4147 redditam
674 4094 805 4148 hortatur
828 4096 870 4148 at'·
912 4097 1001 4150 mium
1012 4112 1067 4149 non
1078 4093 1269 4156 lrabeat,sicut
1280 4110 1335 4146 non
1344 4092 1428 4147 babet
1436 4110 1561 4163 poenam:
1576 4094 1710 4149 Christia-

74 4187 139 4240 tectu
164 4186 313 4240 charitatis
342 4183 508 4253 simpliciter
533 4183 586 4235 hoc
610 4183 718 4248 utilius,
743 4184 796 4236 hoc
824 4185 871 4237 lto-
912 4202 962 4239 nos
972 4185 1046 4238 enirn
1057 4183 1116 4238 vult
1125 4183 1345 4254 peremniaesse
1354 4181 1492 4235 meliores.
1505 4181 1533 4235 Si
1542 4199 1607 4252 ergo
1616 4183 1711 4255 aliqua

74 4276 176 4329 uastius
191 4291 254 4328 esse
269 4273 344 4344 quod
361 4272 437 4333 dicit,
447 4272 597 4325 honestum
608 4276 650 4324 est
664 4272 731 4341 quia
741 4279 868 4326 sanctum
912 4274 939 4327 in
948 4273 1086 4327 desiderio
1094 4273 1257 4344 nuptiarum
1269 4272 1387 4340 est,ja1u
1396 4275 1507 4323 matura
1517 4270 1551 4322 ad
1561 4286 1644 4324 usum
1653 4288 1710 4326 me·

72 4373 119 4427 est,
136 4374 166 4417 et
187 4363 343 4425 mundum;
365 4360 433 4415 utile
448 4377 512 4413 raro
530 4359 596 4429 quia
611 4360 807 4428 dignissimum
828 4366 871 4414 est
911 4356 1706 4427 liusesseutseeundumconcessamlegempublieenubat,
1773 4416 1777 4420 κ

72 4454 142 4522 apud
157 4453 259 4516 Deum,
276 4460 305 4504 et
319 4451 378 4503 lere
392 4450 421 4503 in
436 4450 546 4503 saeculo.
563 4449 636 4512 Quid
650 4466 716 4518 ergo
731 4449 850 4504 dicimus
858 4451 869 4502 'l
912 4467 996 4521 quam
1004 4451 1110 4504 occulte
1120 4449 1303 4518 istaturpiter
1311 4452 1377 4515 agat
1385 4451 1412 4498 et
1421 4445 1706 4499 erubescaturinilla.

73 4542 99 4594 Si
121 4541 244 4611 simones
268 4540 302 4593 de
332 4540 389 4592 Deo
410 4539 543 4607 cogitant,
569 4543 598 4590 et
619 4538 723 4606 junctae
748 4538 812 4590 siris
835 4538 869 4591 de
912 4533 1548 4606 Quiaatam·slalnilinearrlaseronatiiiabans
1563 4537 1706 4588 tracessila-

73 4630 184 4685 mundo.
192 4624 869 4699 quaespesrelinquiturnubentibusapudlleuml
911 4632 1133 4695 temperaturae
1142 4626 1218 4676 lrabrt
1228 4625 1259 4676 da
1269 4638 1320 4675 sua
1332 4625 1477 4684 voluntale,
1486 4621 1706 4690 rtlraajnrlicabit

74 4719 99 4771 Si
114 4719 192 4771 enim
205 4717 248 4770 ita
262 4724 314 4779 est,
326 4714 443 4768 dulium
458 4723 501 4768 est
516 4715 550 4767 de
565 4714 655 4767 salute
670 4731 778 4767 eorum.
795 4715 868 4768 Nam
910 4718 940 4768 ia
954 4718 1032 4768 corde
1041 4733 1097 4775 saro,
1113 4728 1220 4766 serrare
1233 4714 1370 4777 cirqinern
1381 4726 1469 4774 snam,
1484 4711 1547 4763 bene
1558 4712 1636 4777 facit.
1649 4712 1707 4766 Hac

73 4807 197 4860 ridemus
213 4805 336 4874 virgines
349 4804 383 4856 de
398 4803 497 4856 saeculo
509 4802 632 4873 cogitare
645 4809 674 4855 et
688 4803 868 4856 matriruonio
909 4803 985 4867 dicit,
997 4803 1087 4872 utqui
1102 4800 1238 4869 virginem
1253 4798 1339 4851 habet
1352 4798 1395 4853 cui
1411 4798 1526 4870 *animus
1543 4799 1578 4852 ad
1593 4801 1707 4870 nuptias

71 4897 180 4961 iunctas
194 4892 348 4948 Dominicis
359 4892 473 4946 studere
487 4890 617 4961 operibus
635 4909 640 4942 :
657 4891 701 4943 his
714 4891 868 4960 virginibus
910 4909 965 4945 non
981 4897 1032 4953 est,
1047 4895 1137 4943 seruet
1151 4887 1238 4948 illam,
1259 4887 1360 4940 necilli
1371 4887 1617 4955 ingeratsomitem
1637 4904 1707 4959 nup

73 5000 124 5037 aon
138 4981 328 5053 imputabitur
340 4980 557 5042 sanctimonium
567 4995 584 5032 a
594 4979 661 5041 Dec,
671 4985 699 5032 et
709 4978 753 5032 his
768 4979 867 5034 matri·
909 4980 1023 5045 tiaram,
1040 4994 1124 5048 quatu
1139 4976 1216 5029 ridet
1235 4974 1358 5029 nubendi
1381 4976 1553 5045 voluptatem
1569 4975 1706 5044 [volunta-

72 5073 172 5126 moniis
186 5071 243 5125 erit
255 5086 363 5124 merces
377 5069 451 5140 apud
462 5069 551 5124 Deum
569 5086 574 5119 ι
593 5067 660 5138 quia
674 5085 738 5121 eum
754 5067 868 5138 obligati
910 5070 977 5138 tem]
986 5085 1042 5122 non
1054 5066 1165 5132 habere.
1175 5065 1315 5119 Beneficia
1331 5064 1440 5117 enimsi
1458 5059 1616 5134 praestanda
1629 5069 1704 5126 sunt,

73 5168 162 5215 essent
182 5159 305 5214 terrenis
328 5157 455 5221 nexibus,
476 5172 591 5228 operam
610 5156 759 5217 dederunt,
780 5163 812 5210 ut
839 5157 868 5210 in
911 5155 1112 5227 quantomagis
1123 5153 1544 5220 minimeauferenda!lpilnret
1552 5154 1602 5219 qni
1609 5155 1708 5205 matri·

72 5248 197 5303 tumrum
223 5247 332 5318 aliquid
355 5246 523 5300 immortalis
550 5245 657 5316 praemii
681 5252 866 5300 mererentur.
911 5238 1708 5313 tironiojunpilcirpiaemsuaarbraesaeil.Benefacitquia

74 5337 233 5391 iliisautem
243 5335 398 5411 nonsolum
407 5333 869 5404 nonimputabiturrirginitas,sed
911 5336 976 5389 lieet
989 5334 1063 5404 quod
1075 5333 1150 5397 lacit,
1163 5338 1191 5386 et
1205 5332 1253 5402 qui
1267 5347 1324 5385 non
1335 5329 1431 5399 jungit
1446 5327 1546 5382 melius
1556 5327 1707 5398 facit,quia

74 5438 98 5480 a
106 5424 399 5498 poenaesubjicientur,
415 5423 463 5494 qui
472 5421 523 5476 sub
537 5423 661 5493 tegmine
676 5423 800 5477 melioris
809 5424 867 5494 spei
911 5423 984 5493 apud
993 5423 1082 5477 Deum
1092 5421 1133 5475 illi
1147 5420 1281 5474 meritum
1291 5418 1416 5482 collocat,
1430 5422 1459 5471 et
1472 5416 1592 5470 asaeeuli
1602 5416 1705 5469 sollici-

76 5517 154 5570 sitam
171 5522 200 5570 et
212 5512 457 5569 conversationem
465 5528 546 5567 suam
558 5511 694 5567 mundiali
703 5512 868 5566 euraetsol-
911 5511 1006 5565 tudine
1022 5510 1100 5565 illam
1115 5509 1225 5562 liberat.
1242 5509 1343 5561 Mulier
1358 5509 1474 5573 altipeta
1485 5510 1523 5559 est
1537 5508 1591 5572 [σφε
1603 5509 1706 5573 quanta

189 5616 329 5678 Parnon.
345 5611 424 5674 cxll
1569 5603 1587 5661 ³
