<?xml version="1.0" encoding="UTF-8"?>
<!DOCTYPE html PUBLIC "-//W3C//DTD XHTML 1.0 Transitional//EN"
    "http://www.w3.org/TR/xhtml1/DTD/xhtml1-transitional.dtd">
<html xmlns="http://www.w3.org/1999/xhtml" xml:lang="en" lang="en">
 <head>
  <title>
</title>
<meta http-equiv="Content-Type" content="text/html;charset=utf-8" />
  <meta name='ocr-system' content='tesseract 3.04.00' />
  <meta name='ocr-capabilities' content='ocr_page ocr_carea ocr_par ocr_line ocrx_word'/>
</head>
<body>
  <div class='ocr_page' id='page_1' title='image "./patrologiaecurs22goog_0274.png"; bbox 0 0 3772 6120; ppageno 0'>
   <div class='ocr_carea' id='block_1_1' title="bbox 119 146 1755 237">
    <p class='ocr_par' dir='ltr' id='par_1_1' title="bbox 119 146 1755 237">
     <span class='ocr_line' id='line_1_1' title="bbox 119 146 1755 237; baseline 0 0"><span class='ocrx_word' id='word_1_1' title='bbox 119 178 170 237; x_wconf 81' lang='lat' dir='ltr'><strong>sss</strong></span> <span class='ocrx_word' id='word_1_2' title='bbox 411 180 443 234; x_wconf 68' lang='lat' dir='ltr'><strong>a.</strong></span> <span class='ocrx_word' id='word_1_3' title='bbox 464 168 600 234; x_wconf 78' lang='lat' dir='ltr'><strong>masur</strong></span> <span class='ocrx_word' id='word_1_4' title='bbox 619 166 735 235; x_wconf 80' lang='lat' dir='ltr'><strong>nium</strong></span> <span class='ocrx_word' id='word_1_5' title='bbox 754 176 922 235; x_wconf 77' lang='lat' dir='ltr'><strong>samma.</strong></span> <span class='ocrx_word' id='word_1_6' title='bbox 942 176 1105 236; x_wconf 78' lang='lat' dir='ltr'><strong>uoaunr.</strong></span> <span class='ocrx_word' id='word_1_7' title='bbox 1126 174 1276 236; x_wconf 79' lang='lat' dir='ltr'><strong>camnis</strong></span> <span class='ocrx_word' id='word_1_8' title='bbox 1293 176 1456 237; x_wconf 77' lang='lat' dir='ltr'><strong>rassin:</strong></span> <span class='ocrx_word' id='word_1_9' title='bbox 1604 146 1607 151; x_wconf 73' lang='grc'><strong>’</strong></span> <span class='ocrx_word' id='word_1_10' title='bbox 1702 178 1755 237; x_wconf 85' lang='lat' dir='ltr'><strong>sss</strong></span> 
     </span>
    </p>
   </div>
   <div class='ocr_carea' id='block_1_2' title="bbox 116 304 1758 647">
    <p class='ocr_par' dir='ltr' id='par_1_2' title="bbox 116 304 1758 647">
     <span class='ocr_line' id='line_1_2' title="bbox 116 304 1757 380; baseline 0.002 -22"><span class='ocrx_word' id='word_1_11' title='bbox 116 304 169 362; x_wconf 80' lang='lat' dir='ltr'><strong>biis</strong></span> <span class='ocrx_word' id='word_1_12' title='bbox 183 305 371 378; x_wconf 73' lang='lat' dir='ltr'><strong>mstirpaads.</strong></span> <span class='ocrx_word' id='word_1_13' title='bbox 382 306 446 361; x_wconf 85' lang='lat' dir='ltr'><strong>Non</strong></span> <span class='ocrx_word' id='word_1_14' title='bbox 455 305 531 361; x_wconf 88' lang='lat' dir='ltr'><strong>enirn</strong></span> <span class='ocrx_word' id='word_1_15' title='bbox 538 305 620 361; x_wconf 85' lang='lat' dir='ltr'><strong>valde</strong></span> <span class='ocrx_word' id='word_1_16' title='bbox 628 307 754 378; x_wconf 87' lang='lat' dir='ltr'><strong>proderit</strong></span> <span class='ocrx_word' id='word_1_17' title='bbox 762 306 914 363; x_wconf 78' lang='lat' dir='ltr'><strong>iracundie</strong></span> <span class='ocrx_word' id='word_1_18' title='bbox 924 307 1006 379; x_wconf 74' lang='lat' dir='ltr'><strong>Apro</strong></span> <span class='ocrx_word' id='word_1_19' title='bbox 1020 305 1206 380; x_wconf 89' lang='lat' dir='ltr'><strong>possibilitate</strong></span> <span class='ocrx_word' id='word_1_20' title='bbox 1214 305 1244 361; x_wconf 90' lang='lat' dir='ltr'><strong>in</strong></span> <span class='ocrx_word' id='word_1_21' title='bbox 1259 306 1389 378; x_wconf 76' lang='lat' dir='ltr'><strong>prasenti</strong></span> <span class='ocrx_word' id='word_1_22' title='bbox 1403 306 1462 362; x_wconf 83' lang='lat' dir='ltr'><strong>sits</strong></span> <span class='ocrx_word' id='word_1_23' title='bbox 1477 323 1484 362; x_wconf 80' lang='lat' dir='ltr'><strong>s</strong></span> <span class='ocrx_word' id='word_1_24' title='bbox 1500 305 1603 363; x_wconf 70' lang='lat' dir='ltr'><strong>ddnde</strong></span> <span class='ocrx_word' id='word_1_25' title='bbox 1615 310 1648 362; x_wconf 84' lang='lat' dir='ltr'><strong>at</strong></span> <span class='ocrx_word' id='word_1_26' title='bbox 1658 310 1757 361; x_wconf 80' lang='lat' dir='ltr'><strong>osun-</strong></span> 
     </span>
     <span class='ocr_line' id='line_1_3' title="bbox 118 393 1758 468; baseline -0.002 -16"><span class='ocrx_word' id='word_1_27' title='bbox 118 395 257 453; x_wconf 87' lang='lat' dir='ltr'><strong>eohibitns</strong></span> <span class='ocrx_word' id='word_1_28' title='bbox 269 394 348 451; x_wconf 80' lang='lat' dir='ltr'><strong>furor</strong></span> <span class='ocrx_word' id='word_1_29' title='bbox 362 394 391 451; x_wconf 91' lang='lat' dir='ltr'><strong>in</strong></span> <span class='ocrx_word' id='word_1_30' title='bbox 406 393 499 457; x_wconf 89' lang='lat' dir='ltr'><strong>verbo,</strong></span> <span class='ocrx_word' id='word_1_31' title='bbox 523 411 575 450; x_wconf 90' lang='lat' dir='ltr'><strong>nec</strong></span> <span class='ocrx_word' id='word_1_32' title='bbox 589 396 618 450; x_wconf 90' lang='lat' dir='ltr'><strong>in</strong></span> <span class='ocrx_word' id='word_1_33' title='bbox 634 396 763 450; x_wconf 85' lang='lat' dir='ltr'><strong>ellectum</strong></span> <span class='ocrx_word' id='word_1_34' title='bbox 777 397 912 468; x_wconf 85' lang='lat' dir='ltr'><strong>prolatus,</strong></span> <span class='ocrx_word' id='word_1_35' title='bbox 955 396 1025 451; x_wconf 91' lang='lat' dir='ltr'><strong>dens</strong></span> <span class='ocrx_word' id='word_1_36' title='bbox 1040 396 1125 467; x_wconf 87' lang='lat' dir='ltr'><strong>hujus</strong></span> <span class='ocrx_word' id='word_1_37' title='bbox 1139 395 1322 450; x_wconf 88' lang='lat' dir='ltr'><strong>recreationis</strong></span> <span class='ocrx_word' id='word_1_38' title='bbox 1330 394 1437 451; x_wconf 90' lang='lat' dir='ltr'><strong>bonnm</strong></span> <span class='ocrx_word' id='word_1_39' title='bbox 1451 413 1457 449; x_wconf 76' lang='grc' dir='ltr'><strong>ι</strong></span> <span class='ocrx_word' id='word_1_40' title='bbox 1475 395 1758 452; x_wconf 68' lang='lat' dir='ltr'><strong>insenescentem</strong></span> 
     </span>
     <span class='ocr_line' id='line_1_4' title="bbox 117 483 1758 556; baseline -0.002 -14"><span class='ocrx_word' id='word_1_41' title='bbox 117 486 142 542; x_wconf 85' lang='lat' dir='ltr'><strong>si</strong></span> <span class='ocrx_word' id='word_1_42' title='bbox 157 487 235 541; x_wconf 90' lang='lat' dir='ltr'><strong>illam</strong></span> <span class='ocrx_word' id='word_1_43' title='bbox 249 483 360 540; x_wconf 83' lang='lat' dir='ltr'><strong>amanis</strong></span> <span class='ocrx_word' id='word_1_44' title='bbox 373 484 494 555; x_wconf 81' lang='lat' dir='ltr'><strong>pectoris</strong></span> <span class='ocrx_word' id='word_1_45' title='bbox 509 485 598 539; x_wconf 83' lang='lat' dir='ltr'><strong>nostri</strong></span> <span class='ocrx_word' id='word_1_46' title='bbox 609 486 693 552; x_wconf 88' lang='lat' dir='ltr'><strong>Deus,</strong></span> <span class='ocrx_word' id='word_1_47' title='bbox 709 501 793 556; x_wconf 91' lang='lat' dir='ltr'><strong>quem</strong></span> <span class='ocrx_word' id='word_1_48' title='bbox 808 491 915 539; x_wconf 88' lang='lat' dir='ltr'><strong>secreta</strong></span> <span class='ocrx_word' id='word_1_49' title='bbox 956 489 980 539; x_wconf 88' lang='lat' dir='ltr'><strong>et</strong></span> <span class='ocrx_word' id='word_1_50' title='bbox 992 487 1114 550; x_wconf 71' lang='lat' dir='ltr'><strong>iudeus,</strong></span> <span class='ocrx_word' id='word_1_51' title='bbox 1130 487 1304 539; x_wconf 73' lang='lat' dir='ltr'><strong><em>circumcisio</em></strong></span> <span class='ocrx_word' id='word_1_52' title='bbox 1325 490 1350 539; x_wconf 85' lang='lat' dir='ltr'><strong>et</strong></span> <span class='ocrx_word' id='word_1_53' title='bbox 1369 487 1550 555; x_wconf 73' lang='lat' dir='ltr'><strong>preputium,</strong></span> <span class='ocrx_word' id='word_1_54' title='bbox 1574 485 1719 540; x_wconf 72' lang='lat' dir='ltr'><strong>Barbarum</strong></span> <span class='ocrx_word' id='word_1_55' title='bbox 1732 490 1758 538; x_wconf 87' lang='lat' dir='ltr'><strong>et</strong></span> 
     </span>
     <span class='ocr_line' id='line_1_5' title="bbox 117 558 1758 647; baseline -0.002 -17"><span class='ocrx_word' id='word_1_56' title='bbox 117 575 244 630; x_wconf 89' lang='lat' dir='ltr'><strong>cordium</strong></span> <span class='ocrx_word' id='word_1_57' title='bbox 265 589 322 628; x_wconf 91' lang='lat' dir='ltr'><strong>non</strong></span> <span class='ocrx_word' id='word_1_58' title='bbox 340 574 438 639; x_wconf 86' lang='lat' dir='ltr'><strong>latent,</strong></span> <span class='ocrx_word' id='word_1_59' title='bbox 469 572 561 628; x_wconf 91' lang='lat' dir='ltr'><strong>inesse</strong></span> <span class='ocrx_word' id='word_1_60' title='bbox 584 558 777 647; x_wconf 83' lang='lat' dir='ltr'><strong>perspexerit:</strong></span> <span class='ocrx_word' id='word_1_61' title='bbox 807 574 915 629; x_wconf 79' lang='lat' dir='ltr'><strong>radices</strong></span> <span class='ocrx_word' id='word_1_62' title='bbox 956 574 1169 642; x_wconf 65' lang='lat' dir='ltr'><strong>&amp;utbaurans</strong></span> <span class='ocrx_word' id='word_1_63' title='bbox 1180 578 1205 628; x_wconf 85' lang='lat' dir='ltr'><strong>et</strong></span> <span class='ocrx_word' id='word_1_64' title='bbox 1215 575 1294 639; x_wconf 86' lang='lat' dir='ltr'><strong>tiber,</strong></span> <span class='ocrx_word' id='word_1_65' title='bbox 1308 574 1354 628; x_wconf 87' lang='lat' dir='ltr'><strong>sed</strong></span> <span class='ocrx_word' id='word_1_66' title='bbox 1363 577 1458 628; x_wconf 89' lang='lat' dir='ltr'><strong>omnia</strong></span> <span class='ocrx_word' id='word_1_67' title='bbox 1468 579 1493 628; x_wconf 88' lang='lat' dir='ltr'><strong>et</strong></span> <span class='ocrx_word' id='word_1_68' title='bbox 1503 576 1536 628; x_wconf 89' lang='lat' dir='ltr'><strong>in</strong></span> <span class='ocrx_word' id='word_1_69' title='bbox 1543 573 1758 628; x_wconf 79' lang='lat' dir='ltr'><strong>omnidusditri-</strong></span> 
     </span>
    </p>
   </div>
   <div class='ocr_carea' id='block_1_3' title="bbox 117 660 1766 1891">
    <p class='ocr_par' dir='ltr' id='par_1_3' title="bbox 117 660 1766 1891">
     <span class='ocr_line' id='line_1_6' title="bbox 117 660 1758 734; baseline -0.001 -15"><span class='ocrx_word' id='word_1_70' title='bbox 117 665 193 719; x_wconf 91' lang='lat' dir='ltr'><strong>enim</strong></span> <span class='ocrx_word' id='word_1_71' title='bbox 215 663 344 718; x_wconf 87' lang='lat' dir='ltr'><strong>vitiorum</strong></span> <span class='ocrx_word' id='word_1_72' title='bbox 369 662 462 733; x_wconf 89' lang='lat' dir='ltr'><strong>potins</strong></span> <span class='ocrx_word' id='word_1_73' title='bbox 482 661 571 717; x_wconf 81' lang='lat' dir='ltr'><strong>excidi</strong></span> <span class='ocrx_word' id='word_1_74' title='bbox 593 663 720 734; x_wconf 75' lang='lat' dir='ltr'><strong>precipit</strong></span> <span class='ocrx_word' id='word_1_75' title='bbox 733 663 916 733; x_wconf 85' lang='lat' dir='ltr'><strong>Evangelicns</strong></span> <span class='ocrx_word' id='word_1_76' title='bbox 955 669 1024 717; x_wconf 84' lang='lat' dir='ltr'><strong>stus.</strong></span> <span class='ocrx_word' id='word_1_77' title='bbox 1037 664 1075 718; x_wconf 83' lang='lat' dir='ltr'><strong>At</strong></span> <span class='ocrx_word' id='word_1_78' title='bbox 1089 660 1147 729; x_wconf 89' lang='lat' dir='ltr'><strong>nbi,</strong></span> <span class='ocrx_word' id='word_1_79' title='bbox 1161 661 1262 733; x_wconf 89' lang='lat' dir='ltr'><strong>inquit,</strong></span> <span class='ocrx_word' id='word_1_80' title='bbox 1278 662 1308 716; x_wconf 90' lang='lat' dir='ltr'><strong>in</strong></span> <span class='ocrx_word' id='word_1_81' title='bbox 1322 661 1634 717; x_wconf 83' lang='lat' dir='ltr'><strong>illatsunsiormatione</strong></span> <span class='ocrx_word' id='word_1_82' title='bbox 1650 661 1758 717; x_wconf 86' lang='lat' dir='ltr'><strong>consti-</strong></span> 
     </span>
     <span class='ocr_line' id='line_1_7' title="bbox 118 750 1756 823; baseline -0.003 -13"><span class='ocrx_word' id='word_1_83' title='bbox 118 769 221 820; x_wconf 89' lang='lat' dir='ltr'><strong>sermo,</strong></span> <span class='ocrx_word' id='word_1_84' title='bbox 246 767 331 823; x_wconf 89' lang='lat' dir='ltr'><strong>qnam</strong></span> <span class='ocrx_word' id='word_1_85' title='bbox 353 751 469 817; x_wconf 84' lang='lat' dir='ltr'><strong>tructus,</strong></span> <span class='ocrx_word' id='word_1_86' title='bbox 494 751 542 822; x_wconf 90' lang='lat' dir='ltr'><strong>qni</strong></span> <span class='ocrx_word' id='word_1_87' title='bbox 555 751 737 822; x_wconf 83' lang='lat' dir='ltr'><strong>proculdubio</strong></span> <span class='ocrx_word' id='word_1_88' title='bbox 756 752 859 806; x_wconf 81' lang='lat' dir='ltr'><strong>evulsis</strong></span> <span class='ocrx_word' id='word_1_89' title='bbox 874 751 915 806; x_wconf 86' lang='lat' dir='ltr'><strong>io·</strong></span> <span class='ocrx_word' id='word_1_90' title='bbox 956 751 1084 818; x_wconf 76' lang='lat' dir='ltr'><strong>tammus,</strong></span> <span class='ocrx_word' id='word_1_91' title='bbox 1096 751 1172 807; x_wconf 90' lang='lat' dir='ltr'><strong>ultra</strong></span> <span class='ocrx_word' id='word_1_92' title='bbox 1184 766 1241 806; x_wconf 90' lang='lat' dir='ltr'><strong>non</strong></span> <span class='ocrx_word' id='word_1_93' title='bbox 1252 750 1307 806; x_wconf 92' lang='lat' dir='ltr'><strong>erit</strong></span> <span class='ocrx_word' id='word_1_94' title='bbox 1319 750 1457 806; x_wconf 79' lang='lat' dir='ltr'><strong>discrems</strong></span> <span class='ocrx_word' id='word_1_95' title='bbox 1465 751 1580 807; x_wconf 73' lang='lat' dir='ltr'><strong>ludens</strong></span> <span class='ocrx_word' id='word_1_96' title='bbox 1589 757 1619 806; x_wconf 92' lang='lat' dir='ltr'><strong>et</strong></span> <span class='ocrx_word' id='word_1_97' title='bbox 1625 750 1756 806; x_wconf 86' lang='lat' dir='ltr'><strong>Gentilis.</strong></span> 
     </span>
     <span class='ocr_line' id='line_1_8' title="bbox 119 839 1759 914; baseline -0.001 -17"><span class='ocrx_word' id='word_1_98' title='bbox 119 841 235 897; x_wconf 87' lang='lat' dir='ltr'><strong>mitibus</strong></span> <span class='ocrx_word' id='word_1_99' title='bbox 244 856 423 912; x_wconf 83' lang='lat' dir='ltr'><strong>nequaqnam</strong></span> <span class='ocrx_word' id='word_1_100' title='bbox 437 840 556 895; x_wconf 88' lang='lat' dir='ltr'><strong>ulterius</strong></span> <span class='ocrx_word' id='word_1_101' title='bbox 575 839 754 911; x_wconf 89' lang='lat' dir='ltr'><strong>pullulabunt</strong></span> <span class='ocrx_word' id='word_1_102' title='bbox 764 858 771 894; x_wconf 77' lang='grc' dir='ltr'><strong>ι</strong></span> <span class='ocrx_word' id='word_1_103' title='bbox 782 846 867 912; x_wconf 90' lang='lat' dir='ltr'><strong>atque</strong></span> <span class='ocrx_word' id='word_1_104' title='bbox 877 841 918 895; x_wconf 88' lang='lat' dir='ltr'><strong>ita</strong></span> <span class='ocrx_word' id='word_1_105' title='bbox 957 840 1030 895; x_wconf 89' lang='lat' dir='ltr'><strong>Nam</strong></span> <span class='ocrx_word' id='word_1_106' title='bbox 1040 839 1260 895; x_wconf 88' lang='lat' dir='ltr'><strong>circumcisionis</strong></span> <span class='ocrx_word' id='word_1_107' title='bbox 1268 844 1299 894; x_wconf 93' lang='lat' dir='ltr'><strong>et</strong></span> <span class='ocrx_word' id='word_1_108' title='bbox 1307 840 1438 914; x_wconf 81' lang='lat' dir='ltr'><strong>preputii</strong></span> <span class='ocrx_word' id='word_1_109' title='bbox 1444 839 1576 895; x_wconf 84' lang='lat' dir='ltr'><strong>discretio</strong></span> <span class='ocrx_word' id='word_1_110' title='bbox 1585 840 1759 912; x_wconf 81' lang='lat' dir='ltr'><strong>interempta</strong></span> 
     </span>
     <span class='ocr_line' id='line_1_9' title="bbox 120 929 1759 1004; baseline -0.001 -18"><span class='ocrx_word' id='word_1_111' title='bbox 120 947 200 987; x_wconf 89' lang='lat' dir='ltr'><strong>mens</strong></span> <span class='ocrx_word' id='word_1_112' title='bbox 214 931 319 1004; x_wconf 90' lang='lat' dir='ltr'><strong>poterit</strong></span> <span class='ocrx_word' id='word_1_113' title='bbox 327 930 435 1001; x_wconf 80' lang='lat' dir='ltr'><strong>jugiter</strong></span> <span class='ocrx_word' id='word_1_114' title='bbox 448 929 477 984; x_wconf 90' lang='lat' dir='ltr'><strong>in</strong></span> <span class='ocrx_word' id='word_1_115' title='bbox 486 930 564 985; x_wconf 90' lang='lat' dir='ltr'><strong>omni</strong></span> <span class='ocrx_word' id='word_1_116' title='bbox 573 929 712 1002; x_wconf 89' lang='lat' dir='ltr'><strong>patientia</strong></span> <span class='ocrx_word' id='word_1_117' title='bbox 725 934 754 984; x_wconf 91' lang='lat' dir='ltr'><strong>et</strong></span> <span class='ocrx_word' id='word_1_118' title='bbox 768 930 917 984; x_wconf 89' lang='lat' dir='ltr'><strong>sanctitate</strong></span> <span class='ocrx_word' id='word_1_119' title='bbox 958 936 1010 997; x_wconf 88' lang='lat' dir='ltr'><strong>est,</strong></span> <span class='ocrx_word' id='word_1_120' title='bbox 1025 946 1058 985; x_wconf 91' lang='lat' dir='ltr'><strong>eo</strong></span> <span class='ocrx_word' id='word_1_121' title='bbox 1070 929 1146 1001; x_wconf 90' lang='lat' dir='ltr'><strong>quod</strong></span> <span class='ocrx_word' id='word_1_122' title='bbox 1159 929 1333 984; x_wconf 82' lang='lat' dir='ltr'><strong>immortales</strong></span> <span class='ocrx_word' id='word_1_123' title='bbox 1342 945 1440 985; x_wconf 88' lang='lat' dir='ltr'><strong>snmus</strong></span> <span class='ocrx_word' id='word_1_124' title='bbox 1450 929 1540 984; x_wconf 85' lang='lat' dir='ltr'><strong>ellecti</strong></span> <span class='ocrx_word' id='word_1_125' title='bbox 1551 949 1557 984; x_wconf 78' lang='grc' dir='ltr'><strong>ι</strong></span> <span class='ocrx_word' id='word_1_126' title='bbox 1569 929 1611 984; x_wconf 92' lang='lat' dir='ltr'><strong>ita</strong></span> <span class='ocrx_word' id='word_1_127' title='bbox 1624 934 1658 984; x_wconf 93' lang='lat' dir='ltr'><strong>nt</strong></span> <span class='ocrx_word' id='word_1_128' title='bbox 1665 945 1759 1000; x_wconf 88' lang='lat' dir='ltr'><strong>neque</strong></span> 
     </span>
     <span class='ocr_line' id='line_1_10' title="bbox 119 1017 1760 1092; baseline -0.002 -16"><span class='ocrx_word' id='word_1_129' title='bbox 119 1021 232 1087; x_wconf 88' lang='lat' dir='ltr'><strong>durare,</strong></span> <span class='ocrx_word' id='word_1_130' title='bbox 257 1036 321 1074; x_wconf 91' lang='lat' dir='ltr'><strong>cum</strong></span> <span class='ocrx_word' id='word_1_131' title='bbox 347 1019 406 1074; x_wconf 83' lang='lat' dir='ltr'><strong>hsec</strong></span> <span class='ocrx_word' id='word_1_132' title='bbox 423 1035 479 1073; x_wconf 92' lang='lat' dir='ltr'><strong>non</strong></span> <span class='ocrx_word' id='word_1_133' title='bbox 493 1018 528 1073; x_wconf 93' lang='lat' dir='ltr'><strong>de</strong></span> <span class='ocrx_word' id='word_1_134' title='bbox 542 1018 689 1092; x_wconf 78' lang='lat' dir='ltr'><strong>superficie</strong></span> <span class='ocrx_word' id='word_1_135' title='bbox 703 1019 875 1090; x_wconf 79' lang='lat' dir='ltr'><strong>operationis</strong></span> <span class='ocrx_word' id='word_1_136' title='bbox 889 1024 918 1073; x_wconf 93' lang='lat' dir='ltr'><strong>et</strong></span> <span class='ocrx_word' id='word_1_137' title='bbox 956 1017 1093 1074; x_wconf 87' lang='lat' dir='ltr'><strong>barbarus</strong></span> <span class='ocrx_word' id='word_1_138' title='bbox 1102 1034 1195 1090; x_wconf 88' lang='lat' dir='ltr'><strong>noque</strong></span> <span class='ocrx_word' id='word_1_139' title='bbox 1210 1018 1292 1073; x_wconf 86' lang='lat' dir='ltr'><strong>liberi</strong></span> <span class='ocrx_word' id='word_1_140' title='bbox 1307 1035 1399 1090; x_wconf 89' lang='lat' dir='ltr'><strong>neque</strong></span> <span class='ocrx_word' id='word_1_141' title='bbox 1414 1018 1487 1073; x_wconf 90' lang='lat' dir='ltr'><strong>servi</strong></span> <span class='ocrx_word' id='word_1_142' title='bbox 1503 1019 1629 1092; x_wconf 75' lang='lat' dir='ltr'><strong>poterint</strong></span> <span class='ocrx_word' id='word_1_143' title='bbox 1639 1017 1760 1074; x_wconf 90' lang='lat' dir='ltr'><strong>ulterius</strong></span> 
     </span>
     <span class='ocr_line' id='line_1_11' title="bbox 119 1106 1761 1179; baseline -0.001 -15"><span class='ocrx_word' id='word_1_144' title='bbox 119 1115 243 1174; x_wconf 89' lang='lat' dir='ltr'><strong>actuum,</strong></span> <span class='ocrx_word' id='word_1_145' title='bbox 254 1109 305 1164; x_wconf 88' lang='lat' dir='ltr'><strong>sed</strong></span> <span class='ocrx_word' id='word_1_146' title='bbox 314 1109 349 1163; x_wconf 91' lang='lat' dir='ltr'><strong>de</strong></span> <span class='ocrx_word' id='word_1_147' title='bbox 358 1107 560 1179; x_wconf 72' lang='lat' dir='ltr'><strong>cogitationum</strong></span> <span class='ocrx_word' id='word_1_148' title='bbox 567 1106 673 1163; x_wconf 83' lang='lat' dir='ltr'><strong>inerint</strong></span> <span class='ocrx_word' id='word_1_149' title='bbox 682 1108 778 1163; x_wconf 86' lang='lat' dir='ltr'><strong>evulsa</strong></span> <span class='ocrx_word' id='word_1_150' title='bbox 789 1113 918 1179; x_wconf 81' lang='lat' dir='ltr'><strong>penetra·</strong></span> <span class='ocrx_word' id='word_1_151' title='bbox 957 1107 1240 1179; x_wconf 82' lang='lat' dir='ltr'><strong>perspici,Ghristcin</strong></span> <span class='ocrx_word' id='word_1_152' title='bbox 1247 1108 1378 1163; x_wconf 88' lang='lat' dir='ltr'><strong>omnibns</strong></span> <span class='ocrx_word' id='word_1_153' title='bbox 1386 1107 1678 1179; x_wconf 84' lang='lat' dir='ltr'><strong>apparentc‚adcdjns</strong></span> <span class='ocrx_word' id='word_1_154' title='bbox 1683 1107 1761 1162; x_wconf 87' lang='lat' dir='ltr'><strong>simi·</strong></span> 
     </span>
     <span class='ocr_line' id='line_1_12' title="bbox 119 1196 1760 1269; baseline -0.002 -15"><span class='ocrx_word' id='word_1_155' title='bbox 119 1197 202 1266; x_wconf 83' lang='lat' dir='ltr'><strong>libus,</strong></span> <span class='ocrx_word' id='word_1_156' title='bbox 226 1204 256 1253; x_wconf 89' lang='lat' dir='ltr'><strong>et</strong></span> <span class='ocrx_word' id='word_1_157' title='bbox 276 1196 379 1252; x_wconf 91' lang='lat' dir='ltr'><strong>idcirco</strong></span> <span class='ocrx_word' id='word_1_158' title='bbox 399 1213 434 1251; x_wconf 92' lang='lat' dir='ltr'><strong>ne</strong></span> <span class='ocrx_word' id='word_1_159' title='bbox 455 1196 638 1252; x_wconf 88' lang='lat' dir='ltr'><strong>homicidium</strong></span> <span class='ocrx_word' id='word_1_160' title='bbox 662 1202 849 1269; x_wconf 83' lang='lat' dir='ltr'><strong>perpetretur,</strong></span> <span class='ocrx_word' id='word_1_161' title='bbox 874 1196 918 1251; x_wconf 89' lang='lat' dir='ltr'><strong>ira</strong></span> <span class='ocrx_word' id='word_1_162' title='bbox 957 1197 1324 1252; x_wconf 83' lang='lat' dir='ltr'><strong>litudinemsmmortalitate</strong></span> <span class='ocrx_word' id='word_1_163' title='bbox 1334 1197 1641 1268; x_wconf 78' lang='lat' dir='ltr'><strong>potiemnrzillosergo</strong></span> <span class='ocrx_word' id='word_1_164' title='bbox 1650 1196 1760 1268; x_wconf 87' lang='lat' dir='ltr'><strong>quihu-</strong></span> 
     </span>
     <span class='ocr_line' id='line_1_13' title="bbox 120 1285 1762 1358; baseline -0.001 -16"><span class='ocrx_word' id='word_1_165' title='bbox 120 1288 274 1358; x_wconf 88' lang='lat' dir='ltr'><strong>odiumque</strong></span> <span class='ocrx_word' id='word_1_166' title='bbox 288 1286 451 1351; x_wconf 87' lang='lat' dir='ltr'><strong>succiditur,</strong></span> <span class='ocrx_word' id='word_1_167' title='bbox 462 1286 524 1340; x_wconf 91' lang='lat' dir='ltr'><strong>sine</strong></span> <span class='ocrx_word' id='word_1_168' title='bbox 537 1285 639 1356; x_wconf 89' lang='lat' dir='ltr'><strong>quibus</strong></span> <span class='ocrx_word' id='word_1_169' title='bbox 653 1285 797 1340; x_wconf 90' lang='lat' dir='ltr'><strong>homicidii</strong></span> <span class='ocrx_word' id='word_1_170' title='bbox 811 1286 918 1340; x_wconf 86' lang='lat' dir='ltr'><strong>crimen</strong></span> <span class='ocrx_word' id='word_1_171' title='bbox 956 1285 1081 1357; x_wconf 87' lang='lat' dir='ltr'><strong>jusmodi</strong></span> <span class='ocrx_word' id='word_1_172' title='bbox 1090 1285 1184 1342; x_wconf 92' lang='lat' dir='ltr'><strong>induti</strong></span> <span class='ocrx_word' id='word_1_173' title='bbox 1198 1291 1265 1341; x_wconf 88' lang='lat' dir='ltr'><strong>sunt</strong></span> <span class='ocrx_word' id='word_1_174' title='bbox 1278 1286 1422 1341; x_wconf 88' lang='lat' dir='ltr'><strong>hominem</strong></span> <span class='ocrx_word' id='word_1_175' title='bbox 1436 1292 1465 1341; x_wconf 91' lang='lat' dir='ltr'><strong>et</strong></span> <span class='ocrx_word' id='word_1_176' title='bbox 1478 1286 1509 1341; x_wconf 89' lang='lat' dir='ltr'><strong>in</strong></span> <span class='ocrx_word' id='word_1_177' title='bbox 1523 1285 1573 1341; x_wconf 89' lang='lat' dir='ltr'><strong>ille</strong></span> <span class='ocrx_word' id='word_1_178' title='bbox 1586 1290 1655 1341; x_wconf 90' lang='lat' dir='ltr'><strong>sunt</strong></span> <span class='ocrx_word' id='word_1_179' title='bbox 1669 1285 1762 1341; x_wconf 75' lang='lat' dir='ltr'><strong>effecti</strong></span> 
     </span>
     <span class='ocr_line' id='line_1_14' title="bbox 120 1373 1760 1446; baseline -0.002 -14"><span class='ocrx_word' id='word_1_180' title='bbox 120 1377 199 1432; x_wconf 87' lang='lat' dir='ltr'><strong>nullo</strong></span> <span class='ocrx_word' id='word_1_181' title='bbox 212 1375 296 1430; x_wconf 89' lang='lat' dir='ltr'><strong>modo</strong></span> <span class='ocrx_word' id='word_1_182' title='bbox 305 1373 409 1429; x_wconf 74' lang='lat' dir='ltr'><strong>valebit</strong></span> <span class='ocrx_word' id='word_1_183' title='bbox 422 1373 544 1428; x_wconf 84' lang='lat' dir='ltr'><strong>admitti.</strong></span> <span class='ocrx_word' id='word_1_184' title='bbox 560 1375 614 1442; x_wconf 82' lang='lat' dir='ltr'><strong>Qui</strong></span> <span class='ocrx_word' id='word_1_185' title='bbox 624 1377 760 1429; x_wconf 73' lang='lat' dir='ltr'><strong>irascitur</strong></span> <span class='ocrx_word' id='word_1_186' title='bbox 775 1374 851 1429; x_wconf 91' lang='lat' dir='ltr'><strong>enim</strong></span> <span class='ocrx_word' id='word_1_187' title='bbox 860 1376 920 1443; x_wconf 77' lang='lat' dir='ltr'><strong>sru-</strong></span> <span class='ocrx_word' id='word_1_188' title='bbox 960 1375 1114 1431; x_wconf 89' lang='lat' dir='ltr'><strong>secundnm</strong></span> <span class='ocrx_word' id='word_1_189' title='bbox 1128 1374 1332 1446; x_wconf 72' lang='lat' dir='ltr'><strong>somnumque</strong></span> <span class='ocrx_word' id='word_1_190' title='bbox 1346 1374 1516 1430; x_wconf 89' lang='lat' dir='ltr'><strong>conveniunt</strong></span> <span class='ocrx_word' id='word_1_191' title='bbox 1527 1375 1589 1430; x_wconf 87' lang='lat' dir='ltr'><strong>vnit</strong></span> <span class='ocrx_word' id='word_1_192' title='bbox 1599 1373 1760 1429; x_wconf 74' lang='lat' dir='ltr'><strong>obsessam.</strong></span> 
     </span>
     <span class='ocr_line' id='line_1_15' title="bbox 123 1463 1764 1535; baseline 0 -16"><span class='ocrx_word' id='word_1_193' title='bbox 123 1468 162 1519; x_wconf 87' lang='lat' dir='ltr'><strong>tri</strong></span> <span class='ocrx_word' id='word_1_194' title='bbox 182 1481 241 1530; x_wconf 86' lang='lat' dir='ltr'><strong>suo,</strong></span> <span class='ocrx_word' id='word_1_195' title='bbox 263 1479 328 1519; x_wconf 88' lang='lat' dir='ltr'><strong>reus</strong></span> <span class='ocrx_word' id='word_1_196' title='bbox 346 1466 400 1517; x_wconf 84' lang='lat' dir='ltr'><strong>erit</strong></span> <span class='ocrx_word' id='word_1_197' title='bbox 413 1464 522 1531; x_wconf 87' lang='lat' dir='ltr'><strong>judicic</strong></span> <span class='ocrx_word' id='word_1_198' title='bbox 538 1464 646 1532; x_wconf 75' lang='lat' dir='ltr'><strong>(Mettis.</strong></span> <span class='ocrx_word' id='word_1_199' title='bbox 662 1466 711 1533; x_wconf 82' lang='lat' dir='ltr'><strong>v),·</strong></span> <span class='ocrx_word' id='word_1_200' title='bbox 732 1469 778 1518; x_wconf 87' lang='lat' dir='ltr'><strong>et:</strong></span> <span class='ocrx_word' id='word_1_201' title='bbox 797 1464 851 1531; x_wconf 85' lang='lat' dir='ltr'><strong>Qui</strong></span> <span class='ocrx_word' id='word_1_202' title='bbox 862 1464 920 1517; x_wconf 87' lang='lat' dir='ltr'><strong>odit</strong></span> <span class='ocrx_word' id='word_1_203' title='bbox 962 1465 1055 1533; x_wconf 72' lang='lat' dir='ltr'><strong>(tuq.)</strong></span> <span class='ocrx_word' id='word_1_204' title='bbox 1068 1464 1099 1519; x_wconf 92' lang='lat' dir='ltr'><strong>Si</strong></span> <span class='ocrx_word' id='word_1_205' title='bbox 1108 1479 1176 1534; x_wconf 91' lang='lat' dir='ltr'><strong>ergo</strong></span> <span class='ocrx_word' id='word_1_206' title='bbox 1192 1463 1299 1535; x_wconf 86' lang='lat' dir='ltr'><strong>Spiritu</strong></span> <span class='ocrx_word' id='word_1_207' title='bbox 1310 1464 1412 1519; x_wconf 83' lang='lat' dir='ltr'><strong>mentis</strong></span> <span class='ocrx_word' id='word_1_208' title='bbox 1422 1480 1600 1530; x_wconf 88' lang='lat' dir='ltr'><strong>renovamur,</strong></span> <span class='ocrx_word' id='word_1_209' title='bbox 1612 1463 1764 1535; x_wconf 86' lang='lat' dir='ltr'><strong>etipseest</strong></span> 
     </span>
     <span class='ocr_line' id='line_1_16' title="bbox 123 1551 1763 1625; baseline 0 -18"><span class='ocrx_word' id='word_1_210' title='bbox 123 1556 242 1622; x_wconf 72' lang='lat' dir='ltr'><strong>tratrem</strong></span> <span class='ocrx_word' id='word_1_211' title='bbox 256 1568 350 1618; x_wconf 92' lang='lat' dir='ltr'><strong>suum,</strong></span> <span class='ocrx_word' id='word_1_212' title='bbox 366 1553 505 1606; x_wconf 83' lang='lat' dir='ltr'><strong>homicida</strong></span> <span class='ocrx_word' id='word_1_213' title='bbox 521 1556 559 1606; x_wconf 89' lang='lat' dir='ltr'><strong>est</strong></span> <span class='ocrx_word' id='word_1_214' title='bbox 574 1553 599 1622; x_wconf 80' lang='lat' dir='ltr'><strong>(l</strong></span> <span class='ocrx_word' id='word_1_215' title='bbox 613 1555 694 1607; x_wconf 81' lang='lat' dir='ltr'><strong>ioan.</strong></span> <span class='ocrx_word' id='word_1_216' title='bbox 711 1554 760 1621; x_wconf 86' lang='lat' dir='ltr'><strong>ru),</strong></span> <span class='ocrx_word' id='word_1_217' title='bbox 779 1553 808 1606; x_wconf 88' lang='lat' dir='ltr'><strong>in</strong></span> <span class='ocrx_word' id='word_1_218' title='bbox 823 1568 856 1605; x_wconf 90' lang='lat' dir='ltr'><strong>eo</strong></span> <span class='ocrx_word' id='word_1_219' title='bbox 870 1551 921 1605; x_wconf 90' lang='lat' dir='ltr'><strong>sci·</strong></span> <span class='ocrx_word' id='word_1_220' title='bbox 961 1570 1050 1608; x_wconf 88' lang='lat' dir='ltr'><strong>novus</strong></span> <span class='ocrx_word' id='word_1_221' title='bbox 1064 1553 1157 1619; x_wconf 89' lang='lat' dir='ltr'><strong>homo,</strong></span> <span class='ocrx_word' id='word_1_222' title='bbox 1170 1553 1219 1624; x_wconf 94' lang='lat' dir='ltr'><strong>qni</strong></span> <span class='ocrx_word' id='word_1_223' title='bbox 1232 1557 1384 1608; x_wconf 88' lang='lat' dir='ltr'><strong>renovatur</strong></span> <span class='ocrx_word' id='word_1_224' title='bbox 1395 1553 1429 1609; x_wconf 85' lang='lat' dir='ltr'><strong>in</strong></span> <span class='ocrx_word' id='word_1_225' title='bbox 1439 1553 1585 1625; x_wconf 82' lang='lat' dir='ltr'><strong>agnitione</strong></span> <span class='ocrx_word' id='word_1_226' title='bbox 1594 1551 1646 1608; x_wconf 86' lang='lat' dir='ltr'><strong>Dei</strong></span> <span class='ocrx_word' id='word_1_227' title='bbox 1662 1567 1763 1607; x_wconf 85' lang='lat' dir='ltr'><strong>secun·</strong></span> 
     </span>
     <span class='ocr_line' id='line_1_17' title="bbox 122 1626 1766 1714; baseline 0 -18"><span class='ocrx_word' id='word_1_228' title='bbox 122 1642 189 1696; x_wconf 88' lang='lat' dir='ltr'><strong>licet</strong></span> <span class='ocrx_word' id='word_1_229' title='bbox 203 1657 259 1712; x_wconf 91' lang='lat' dir='ltr'><strong>qno</strong></span> <span class='ocrx_word' id='word_1_230' title='bbox 269 1657 334 1695; x_wconf 90' lang='lat' dir='ltr'><strong>enm</strong></span> <span class='ocrx_word' id='word_1_231' title='bbox 349 1641 432 1696; x_wconf 90' lang='lat' dir='ltr'><strong>corde</strong></span> <span class='ocrx_word' id='word_1_232' title='bbox 447 1641 543 1714; x_wconf 88' lang='lat' dir='ltr'><strong>cupiat</strong></span> <span class='ocrx_word' id='word_1_233' title='bbox 556 1641 682 1707; x_wconf 82' lang='lat' dir='ltr'><strong>interire,</strong></span> <span class='ocrx_word' id='word_1_234' title='bbox 699 1642 780 1712; x_wconf 85' lang='lat' dir='ltr'><strong>cujus</strong></span> <span class='ocrx_word' id='word_1_235' title='bbox 789 1655 918 1695; x_wconf 83' lang='lat' dir='ltr'><strong>cruorem</strong></span> <span class='ocrx_word' id='word_1_236' title='bbox 930 1626 1031 1697; x_wconf 82' lang='lat' dir='ltr'><strong>Bdum</strong></span> <span class='ocrx_word' id='word_1_237' title='bbox 1045 1642 1198 1712; x_wconf 80' lang='lat' dir='ltr'><strong>imaginem</strong></span> <span class='ocrx_word' id='word_1_238' title='bbox 1208 1643 1269 1712; x_wconf 87' lang='lat' dir='ltr'><strong>ejus</strong></span> <span class='ocrx_word' id='word_1_239' title='bbox 1280 1640 1766 1712; x_wconf 90' lang='lat' dir='ltr'><strong>qnicreavitenm,nnllidnbinmest</strong></span> 
     </span>
     <span class='ocr_line' id='line_1_18' title="bbox 122 1729 1766 1803; baseline -0.001 -18"><span class='ocrx_word' id='word_1_240' title='bbox 122 1729 237 1803; x_wconf 87' lang='lat' dir='ltr'><strong>propria</strong></span> <span class='ocrx_word' id='word_1_241' title='bbox 250 1746 345 1796; x_wconf 89' lang='lat' dir='ltr'><strong>manu,</strong></span> <span class='ocrx_word' id='word_1_242' title='bbox 363 1729 405 1784; x_wconf 90' lang='lat' dir='ltr'><strong>vel</strong></span> <span class='ocrx_word' id='word_1_243' title='bbox 420 1730 476 1784; x_wconf 85' lang='lat' dir='ltr'><strong>telo</strong></span> <span class='ocrx_word' id='word_1_244' title='bbox 497 1729 571 1800; x_wconf 89' lang='lat' dir='ltr'><strong>apud</strong></span> <span class='ocrx_word' id='word_1_245' title='bbox 590 1729 718 1784; x_wconf 89' lang='lat' dir='ltr'><strong>homines</strong></span> <span class='ocrx_word' id='word_1_246' title='bbox 732 1729 850 1785; x_wconf 89' lang='lat' dir='ltr'><strong>minime</strong></span> <span class='ocrx_word' id='word_1_247' title='bbox 859 1730 921 1784; x_wconf 86' lang='lat' dir='ltr'><strong>inn-</strong></span> <span class='ocrx_word' id='word_1_248' title='bbox 960 1746 1017 1785; x_wconf 91' lang='lat' dir='ltr'><strong>non</strong></span> <span class='ocrx_word' id='word_1_249' title='bbox 1031 1730 1186 1786; x_wconf 88' lang='lat' dir='ltr'><strong>secundnm</strong></span> <span class='ocrx_word' id='word_1_250' title='bbox 1204 1746 1315 1802; x_wconf 85' lang='lat' dir='ltr'><strong>corpus,</strong></span> <span class='ocrx_word' id='word_1_251' title='bbox 1332 1746 1424 1802; x_wconf 88' lang='lat' dir='ltr'><strong>neque</strong></span> <span class='ocrx_word' id='word_1_252' title='bbox 1437 1730 1592 1786; x_wconf 89' lang='lat' dir='ltr'><strong>secundnm</strong></span> <span class='ocrx_word' id='word_1_253' title='bbox 1607 1729 1766 1801; x_wconf 85' lang='lat' dir='ltr'><strong>quamlibet</strong></span> 
     </span>
     <span class='ocr_line' id='line_1_19' title="bbox 123 1818 1764 1891; baseline 0.001 -18"><span class='ocrx_word' id='word_1_254' title='bbox 123 1819 198 1873; x_wconf 89' lang='lat' dir='ltr'><strong>disse</strong></span> <span class='ocrx_word' id='word_1_255' title='bbox 209 1818 922 1891; x_wconf 72' lang='lat' dir='ltr'><strong>cognoscitur,allectnimhomicidapronnntiatnr</strong></span> <span class='ocrx_word' id='word_1_256' title='bbox 961 1825 1071 1891; x_wconf 87' lang='lat' dir='ltr'><strong>partem</strong></span> <span class='ocrx_word' id='word_1_257' title='bbox 1084 1818 1182 1883; x_wconf 89' lang='lat' dir='ltr'><strong>animi,</strong></span> <span class='ocrx_word' id='word_1_258' title='bbox 1196 1819 1245 1874; x_wconf 89' lang='lat' dir='ltr'><strong>sed</strong></span> <span class='ocrx_word' id='word_1_259' title='bbox 1270 1819 1425 1875; x_wconf 91' lang='lat' dir='ltr'><strong>secundnm</strong></span> <span class='ocrx_word' id='word_1_260' title='bbox 1444 1819 1612 1874; x_wconf 82' lang='lat' dir='ltr'><strong>rationalem</strong></span> <span class='ocrx_word' id='word_1_261' title='bbox 1626 1824 1764 1887; x_wconf 83' lang='lat' dir='ltr'><strong>mentem,</strong></span> 
     </span>
    </p>
   </div>
   <div class='ocr_carea' id='block_1_4' title="bbox 6 1906 1765 1980">
    <p class='ocr_par' dir='ltr' id='par_1_4' title="bbox 6 1906 1765 1980">
     <span class='ocr_line' id='line_1_20' title="bbox 6 1906 1765 1980; baseline -0.001 -16"><span class='ocrx_word' id='word_1_262' title='bbox 6 1910 14 1921; x_wconf 85' lang='grc'><strong>“</strong></span> <span class='ocrx_word' id='word_1_263' title='bbox 124 1908 288 1975; x_wconf 86' lang='lat' dir='ltr'><strong>aDomino,</strong></span> <span class='ocrx_word' id='word_1_264' title='bbox 305 1907 438 1979; x_wconf 85' lang='lat' dir='ltr'><strong>quianon</strong></span> <span class='ocrx_word' id='word_1_265' title='bbox 451 1908 544 1963; x_wconf 91' lang='lat' dir='ltr'><strong>salum</strong></span> <span class='ocrx_word' id='word_1_266' title='bbox 558 1924 609 1980; x_wconf 90' lang='lat' dir='ltr'><strong>pro</strong></span> <span class='ocrx_word' id='word_1_267' title='bbox 624 1907 794 1980; x_wconf 86' lang='lat' dir='ltr'><strong>operationis</strong></span> <span class='ocrx_word' id='word_1_268' title='bbox 810 1907 920 1971; x_wconf 86' lang='lat' dir='ltr'><strong>ellectu,</strong></span> <span class='ocrx_word' id='word_1_269' title='bbox 961 1906 1520 1979; x_wconf 86' lang='lat' dir='ltr'><strong>nbipotestesseagnitioDei,hominem</strong></span> <span class='ocrx_word' id='word_1_270' title='bbox 1531 1906 1765 1963; x_wconf 79' lang='lat' dir='ltr'><strong>sactnmadima·</strong></span> 
     </span>
    </p>
   </div>
   <div class='ocr_carea' id='block_1_5' title="bbox 55 1996 1787 5524">
    <p class='ocr_par' dir='ltr' id='par_1_5' title="bbox 124 1996 1787 4555">
     <span class='ocr_line' id='line_1_21' title="bbox 124 1996 1765 2069; baseline -0.001 -16"><span class='ocrx_word' id='word_1_271' title='bbox 124 1997 173 2054; x_wconf 87' lang='lat' dir='ltr'><strong>sed</strong></span> <span class='ocrx_word' id='word_1_272' title='bbox 187 1997 273 2052; x_wconf 86' lang='lat' dir='ltr'><strong>etiam</strong></span> <span class='ocrx_word' id='word_1_273' title='bbox 287 2013 338 2069; x_wconf 89' lang='lat' dir='ltr'><strong>pro</strong></span> <span class='ocrx_word' id='word_1_274' title='bbox 356 1997 508 2052; x_wconf 87' lang='lat' dir='ltr'><strong>voluntatis</strong></span> <span class='ocrx_word' id='word_1_275' title='bbox 518 2013 551 2052; x_wconf 87' lang='lat' dir='ltr'><strong>ac</strong></span> <span class='ocrx_word' id='word_1_276' title='bbox 564 1997 620 2052; x_wconf 89' lang='lat' dir='ltr'><strong>voti</strong></span> <span class='ocrx_word' id='word_1_277' title='bbox 631 1996 783 2068; x_wconf 90' lang='lat' dir='ltr'><strong>unicnique</strong></span> <span class='ocrx_word' id='word_1_278' title='bbox 794 2001 921 2069; x_wconf 80' lang='lat' dir='ltr'><strong>antprae·</strong></span> <span class='ocrx_word' id='word_1_279' title='bbox 961 1997 1056 2068; x_wconf 90' lang='lat' dir='ltr'><strong>ginem</strong></span> <span class='ocrx_word' id='word_1_280' title='bbox 1072 1997 1134 2066; x_wconf 91' lang='lat' dir='ltr'><strong>ejns</strong></span> <span class='ocrx_word' id='word_1_281' title='bbox 1144 1996 1192 2067; x_wconf 91' lang='lat' dir='ltr'><strong>qni</strong></span> <span class='ocrx_word' id='word_1_282' title='bbox 1202 1996 1308 2051; x_wconf 86' lang='lat' dir='ltr'><strong>creavit</strong></span> <span class='ocrx_word' id='word_1_283' title='bbox 1318 2013 1402 2062; x_wconf 91' lang='lat' dir='ltr'><strong>enm,·</strong></span> <span class='ocrx_word' id='word_1_284' title='bbox 1417 1997 1573 2052; x_wconf 91' lang='lat' dir='ltr'><strong>secundnm</strong></span> <span class='ocrx_word' id='word_1_285' title='bbox 1585 1996 1765 2052; x_wconf 76' lang='lat' dir='ltr'><strong>truncantem</strong></span> 
     </span>
     <span class='ocr_line' id='line_1_22' title="bbox 124 2083 1766 2158; baseline -0.002 -15"><span class='ocrx_word' id='word_1_286' title='bbox 124 2087 214 2143; x_wconf 88' lang='lat' dir='ltr'><strong>mium</strong></span> <span class='ocrx_word' id='word_1_287' title='bbox 224 2086 324 2142; x_wconf 73' lang='lat' dir='ltr'><strong>reddet</strong></span> <span class='ocrx_word' id='word_1_288' title='bbox 337 2091 388 2141; x_wconf 89' lang='lat' dir='ltr'><strong>ant</strong></span> <span class='ocrx_word' id='word_1_289' title='bbox 401 2102 523 2158; x_wconf 70' lang='lat' dir='ltr'><strong>plenam.</strong></span> <span class='ocrx_word' id='word_1_290' title='bbox 541 2086 668 2157; x_wconf 80' lang='lat' dir='ltr'><strong>(Alteri.)</strong></span> <span class='ocrx_word' id='word_1_291' title='bbox 685 2085 756 2141; x_wconf 90' lang='lat' dir='ltr'><strong>Hinc</strong></span> <span class='ocrx_word' id='word_1_292' title='bbox 770 2086 838 2140; x_wconf 90' lang='lat' dir='ltr'><strong>item</strong></span> <span class='ocrx_word' id='word_1_293' title='bbox 845 2087 922 2157; x_wconf 81' lang='lat' dir='ltr'><strong>Apo·</strong></span> <span class='ocrx_word' id='word_1_294' title='bbox 963 2085 1173 2141; x_wconf 89' lang='lat' dir='ltr'><strong>renovationem</strong></span> <span class='ocrx_word' id='word_1_295' title='bbox 1187 2085 1327 2141; x_wconf 85' lang='lat' dir='ltr'><strong>efficimur</strong></span> <span class='ocrx_word' id='word_1_296' title='bbox 1341 2086 1427 2141; x_wconf 87' lang='lat' dir='ltr'><strong>etiam</strong></span> <span class='ocrx_word' id='word_1_297' title='bbox 1450 2086 1501 2140; x_wconf 87' lang='lat' dir='ltr'><strong>lilii</strong></span> <span class='ocrx_word' id='word_1_298' title='bbox 1521 2086 1572 2141; x_wconf 86' lang='lat' dir='ltr'><strong>Dei</strong></span> <span class='ocrx_word' id='word_1_299' title='bbox 1591 2102 1644 2157; x_wconf 90' lang='lat' dir='ltr'><strong>per</strong></span> <span class='ocrx_word' id='word_1_300' title='bbox 1657 2083 1766 2158; x_wconf 81' lang='lat' dir='ltr'><strong>bsptis-</strong></span> 
     </span>
     <span class='ocr_line' id='line_1_23' title="bbox 124 2173 1768 2247; baseline 0.001 -17"><span class='ocrx_word' id='word_1_301' title='bbox 124 2175 288 2231; x_wconf 90' lang='lat' dir='ltr'><strong>stalnsdicit</strong></span> <span class='ocrx_word' id='word_1_302' title='bbox 296 2174 420 2231; x_wconf 86' lang='lat' dir='ltr'><strong>scribens</strong></span> <span class='ocrx_word' id='word_1_303' title='bbox 430 2174 464 2229; x_wconf 90' lang='lat' dir='ltr'><strong>ad</strong></span> <span class='ocrx_word' id='word_1_304' title='bbox 481 2175 616 2247; x_wconf 83' lang='lat' dir='ltr'><strong>Ephesios</strong></span> <span class='ocrx_word' id='word_1_305' title='bbox 631 2193 637 2229; x_wconf 76' lang='grc' dir='ltr'><strong>ε</strong></span> <span class='ocrx_word' id='word_1_306' title='bbox 653 2176 748 2231; x_wconf 75' lang='grc' dir='ltr'>θπιιιιι</span> <span class='ocrx_word' id='word_1_307' title='bbox 762 2176 923 2229; x_wconf 83' lang='lat' dir='ltr'><strong>arnaritudo</strong></span> <span class='ocrx_word' id='word_1_308' title='bbox 964 2173 1768 2241; x_wconf 81' lang='lat' dir='ltr'><strong>mumchristi‚etindnentesnovnmheminem‚0hristnm</strong></span> 
     </span>
     <span class='ocr_line' id='line_1_24' title="bbox 125 2262 1768 2335; baseline -0.002 -15"><span class='ocrx_word' id='word_1_309' title='bbox 125 2270 150 2321; x_wconf 87' lang='lat' dir='ltr'><strong>st</strong></span> <span class='ocrx_word' id='word_1_310' title='bbox 163 2265 408 2332; x_wconf 80' lang='lat' dir='ltr'><strong>iraetindiqnatio</strong></span> <span class='ocrx_word' id='word_1_311' title='bbox 420 2269 445 2319; x_wconf 83' lang='lat' dir='ltr'><strong>ct</strong></span> <span class='ocrx_word' id='word_1_312' title='bbox 455 2268 593 2319; x_wconf 81' lang='lat' dir='ltr'><strong>ciammet</strong></span> <span class='ocrx_word' id='word_1_313' title='bbox 607 2265 773 2334; x_wconf 75' lang='lat' dir='ltr'><strong>ttamlsemia</strong></span> <span class='ocrx_word' id='word_1_314' title='bbox 784 2267 924 2318; x_wconf 79' lang='lat' dir='ltr'><strong>tollatura</strong></span> <span class='ocrx_word' id='word_1_315' title='bbox 964 2263 1063 2335; x_wconf 89' lang='lat' dir='ltr'><strong>ntique</strong></span> <span class='ocrx_word' id='word_1_316' title='bbox 1076 2263 1222 2318; x_wconf 88' lang='lat' dir='ltr'><strong>induimus</strong></span> <span class='ocrx_word' id='word_1_317' title='bbox 1236 2281 1287 2335; x_wconf 92' lang='lat' dir='ltr'><strong>per</strong></span> <span class='ocrx_word' id='word_1_318' title='bbox 1303 2264 1396 2319; x_wconf 90' lang='lat' dir='ltr'><strong>lldem.</strong></span> <span class='ocrx_word' id='word_1_319' title='bbox 1414 2264 1483 2328; x_wconf 92' lang='lat' dir='ltr'><strong>Quis</strong></span> <span class='ocrx_word' id='word_1_320' title='bbox 1501 2269 1545 2319; x_wconf 91' lang='lat' dir='ltr'><strong>est</strong></span> <span class='ocrx_word' id='word_1_321' title='bbox 1567 2280 1636 2334; x_wconf 90' lang='lat' dir='ltr'><strong>ergo</strong></span> <span class='ocrx_word' id='word_1_322' title='bbox 1657 2263 1708 2335; x_wconf 88' lang='lat' dir='ltr'><strong>qni</strong></span> <span class='ocrx_word' id='word_1_323' title='bbox 1732 2262 1768 2318; x_wconf 82' lang='lat' dir='ltr'><strong>ab</strong></span> 
     </span>
     <span class='ocr_line' id='line_1_25' title="bbox 127 2350 1768 2424; baseline -0.001 -16"><span class='ocrx_word' id='word_1_324' title='bbox 127 2355 201 2409; x_wconf 82' lang='lat' dir='ltr'><strong>uotis</strong></span> <span class='ocrx_word' id='word_1_325' title='bbox 215 2370 279 2408; x_wconf 93' lang='lat' dir='ltr'><strong>cum</strong></span> <span class='ocrx_word' id='word_1_326' title='bbox 289 2356 368 2407; x_wconf 86' lang='lat' dir='ltr'><strong>omni</strong></span> <span class='ocrx_word' id='word_1_327' title='bbox 379 2356 492 2407; x_wconf 87' lang='lat' dir='ltr'><strong>mulitia</strong></span> <span class='ocrx_word' id='word_1_328' title='bbox 502 2353 609 2422; x_wconf 69' lang='lat' dir='ltr'><strong>(debes.</strong></span> <span class='ocrx_word' id='word_1_329' title='bbox 620 2355 660 2421; x_wconf 82' lang='lat' dir='ltr'><strong>v).</strong></span> <span class='ocrx_word' id='word_1_330' title='bbox 677 2353 730 2406; x_wconf 88' lang='lat' dir='ltr'><strong>Hic</strong></span> <span class='ocrx_word' id='word_1_331' title='bbox 743 2351 866 2407; x_wconf 80' lang='lat' dir='ltr'><strong>ostendit</strong></span> <span class='ocrx_word' id='word_1_332' title='bbox 873 2367 924 2424; x_wconf 92' lang='lat' dir='ltr'><strong>pro</strong></span> <span class='ocrx_word' id='word_1_333' title='bbox 965 2353 1017 2407; x_wconf 92' lang='lat' dir='ltr'><strong>hoc</strong></span> <span class='ocrx_word' id='word_1_334' title='bbox 1028 2352 1169 2407; x_wconf 89' lang='lat' dir='ltr'><strong>consortia</strong></span> <span class='ocrx_word' id='word_1_335' title='bbox 1186 2351 1304 2407; x_wconf 83' lang='lat' dir='ltr'><strong>laminas</strong></span> <span class='ocrx_word' id='word_1_336' title='bbox 1323 2353 1439 2418; x_wconf 88' lang='lat' dir='ltr'><strong>alienat,</strong></span> <span class='ocrx_word' id='word_1_337' title='bbox 1455 2369 1519 2407; x_wconf 92' lang='lat' dir='ltr'><strong>cnm</strong></span> <span class='ocrx_word' id='word_1_338' title='bbox 1541 2351 1599 2407; x_wconf 90' lang='lat' dir='ltr'><strong>sint</strong></span> <span class='ocrx_word' id='word_1_339' title='bbox 1620 2350 1768 2407; x_wconf 83' lang='lat' dir='ltr'><strong>nobiscnm</strong></span> 
     </span>
     <span class='ocr_line' id='line_1_26' title="bbox 129 2438 1770 2513; baseline -0.001 -17"><span class='ocrx_word' id='word_1_340' title='bbox 129 2440 231 2513; x_wconf 90' lang='lat' dir='ltr'><strong>quibus</strong></span> <span class='ocrx_word' id='word_1_341' title='bbox 254 2442 452 2496; x_wconf 83' lang='lat' dir='ltr'><strong>constristetur</strong></span> <span class='ocrx_word' id='word_1_342' title='bbox 465 2441 586 2512; x_wconf 89' lang='lat' dir='ltr'><strong>Spiritus</strong></span> <span class='ocrx_word' id='word_1_343' title='bbox 599 2447 724 2507; x_wconf 89' lang='lat' dir='ltr'><strong>sanctus,</strong></span> <span class='ocrx_word' id='word_1_344' title='bbox 739 2446 769 2495; x_wconf 91' lang='lat' dir='ltr'><strong>et</strong></span> <span class='ocrx_word' id='word_1_345' title='bbox 785 2441 926 2512; x_wconf 89' lang='lat' dir='ltr'><strong>relinquat</strong></span> <span class='ocrx_word' id='word_1_346' title='bbox 964 2439 1063 2511; x_wconf 80' lang='lat' dir='ltr'><strong>gratia</strong></span> <span class='ocrx_word' id='word_1_347' title='bbox 1077 2440 1255 2495; x_wconf 80' lang='lat' dir='ltr'><strong>coheredes?</strong></span> <span class='ocrx_word' id='word_1_348' title='bbox 1270 2445 1300 2495; x_wconf 89' lang='lat' dir='ltr'><strong>et</strong></span> <span class='ocrx_word' id='word_1_349' title='bbox 1313 2440 1369 2496; x_wconf 87' lang='lat' dir='ltr'><strong>alio</strong></span> <span class='ocrx_word' id='word_1_350' title='bbox 1388 2441 1448 2496; x_wconf 90' lang='lat' dir='ltr'><strong>loco</strong></span> <span class='ocrx_word' id='word_1_351' title='bbox 1471 2440 1545 2495; x_wconf 91' lang='lat' dir='ltr'><strong>idem</strong></span> <span class='ocrx_word' id='word_1_352' title='bbox 1560 2440 1716 2512; x_wconf 78' lang='lat' dir='ltr'><strong>Apostolus</strong></span> <span class='ocrx_word' id='word_1_353' title='bbox 1729 2438 1770 2495; x_wconf 85' lang='lat' dir='ltr'><strong>‹ti-</strong></span> 
     </span>
     <span class='ocr_line' id='line_1_27' title="bbox 127 2528 1770 2602; baseline -0.001 -17"><span class='ocrx_word' id='word_1_354' title='bbox 127 2547 176 2586; x_wconf 90' lang='lat' dir='ltr'><strong>cor</strong></span> <span class='ocrx_word' id='word_1_355' title='bbox 187 2530 218 2584; x_wconf 92' lang='lat' dir='ltr'><strong>in</strong></span> <span class='ocrx_word' id='word_1_356' title='bbox 231 2546 287 2602; x_wconf 92' lang='lat' dir='ltr'><strong>qno</strong></span> <span class='ocrx_word' id='word_1_357' title='bbox 298 2529 444 2584; x_wconf 84' lang='lat' dir='ltr'><strong>habitabat</strong></span> <span class='ocrx_word' id='word_1_358' title='bbox 457 2546 508 2600; x_wconf 90' lang='lat' dir='ltr'><strong>per</strong></span> <span class='ocrx_word' id='word_1_359' title='bbox 527 2530 693 2585; x_wconf 85' lang='lat' dir='ltr'><strong>charitatem</strong></span> <span class='ocrx_word' id='word_1_360' title='bbox 705 2534 734 2584; x_wconf 91' lang='lat' dir='ltr'><strong>et</strong></span> <span class='ocrx_word' id='word_1_361' title='bbox 748 2528 924 2585; x_wconf 86' lang='lat' dir='ltr'><strong>modestiam.</strong></span> <span class='ocrx_word' id='word_1_362' title='bbox 966 2535 1012 2584; x_wconf 88' lang='lat' dir='ltr'><strong>cat</strong></span> <span class='ocrx_word' id='word_1_363' title='bbox 1026 2530 1097 2600; x_wconf 84' lang='lat' dir='ltr'><strong>(Gai.</strong></span> <span class='ocrx_word' id='word_1_364' title='bbox 1114 2530 1168 2597; x_wconf 76' lang='lat' dir='ltr'><strong>riri:</strong></span> <span class='ocrx_word' id='word_1_365' title='bbox 1188 2530 1286 2584; x_wconf 86' lang='lat' dir='ltr'><strong>Omnes</strong></span> <span class='ocrx_word' id='word_1_366' title='bbox 1300 2532 1376 2584; x_wconf 84' lang='lat' dir='ltr'><strong>enim</strong></span> <span class='ocrx_word' id='word_1_367' title='bbox 1397 2531 1453 2598; x_wconf 71' lang='lat' dir='ltr'><strong>ntis</strong></span> <span class='ocrx_word' id='word_1_368' title='bbox 1470 2530 1520 2584; x_wconf 86' lang='lat' dir='ltr'><strong>Dei</strong></span> <span class='ocrx_word' id='word_1_369' title='bbox 1537 2532 1601 2583; x_wconf 85' lang='lat' dir='ltr'><strong>estis</strong></span> <span class='ocrx_word' id='word_1_370' title='bbox 1614 2544 1669 2599; x_wconf 81' lang='lat' dir='ltr'><strong>pes·</strong></span> <span class='ocrx_word' id='word_1_371' title='bbox 1687 2530 1770 2598; x_wconf 64' lang='lat' dir='ltr'><strong>fldem</strong></span> 
     </span>
     <span class='ocr_line' id='line_1_28' title="bbox 129 2617 1770 2688; baseline -0.001 -14"><span class='ocrx_word' id='word_1_372' title='bbox 129 2618 296 2674; x_wconf 77' lang='lat' dir='ltr'><strong>Amaritndo</strong></span> <span class='ocrx_word' id='word_1_373' title='bbox 311 2619 454 2673; x_wconf 90' lang='lat' dir='ltr'><strong>contraria</strong></span> <span class='ocrx_word' id='word_1_374' title='bbox 466 2623 511 2672; x_wconf 86' lang='lat' dir='ltr'><strong>est</strong></span> <span class='ocrx_word' id='word_1_375' title='bbox 520 2618 661 2685; x_wconf 90' lang='lat' dir='ltr'><strong>suavitati,</strong></span> <span class='ocrx_word' id='word_1_376' title='bbox 673 2624 702 2673; x_wconf 90' lang='lat' dir='ltr'><strong>et</strong></span> <span class='ocrx_word' id='word_1_377' title='bbox 714 2617 855 2673; x_wconf 87' lang='lat' dir='ltr'><strong>dulcedini</strong></span> <span class='ocrx_word' id='word_1_378' title='bbox 864 2634 927 2673; x_wconf 89' lang='lat' dir='ltr'><strong>san·</strong></span> <span class='ocrx_word' id='word_1_379' title='bbox 967 2621 999 2673; x_wconf 90' lang='lat' dir='ltr'><strong>in</strong></span> <span class='ocrx_word' id='word_1_380' title='bbox 1013 2618 1121 2673; x_wconf 77' lang='lat' dir='ltr'><strong>Christe</strong></span> <span class='ocrx_word' id='word_1_381' title='bbox 1134 2620 1197 2672; x_wconf 81' lang='lat' dir='ltr'><strong>iesu</strong></span> <span class='ocrx_word' id='word_1_382' title='bbox 1215 2637 1223 2672; x_wconf 90' lang='lat'><strong>:</strong></span> <span class='ocrx_word' id='word_1_383' title='bbox 1240 2618 1400 2688; x_wconf 72' lang='lat' dir='ltr'><strong>Quintoque</strong></span> <span class='ocrx_word' id='word_1_384' title='bbox 1415 2620 1490 2672; x_wconf 88' lang='lat' dir='ltr'><strong>enim</strong></span> <span class='ocrx_word' id='word_1_385' title='bbox 1504 2621 1537 2672; x_wconf 89' lang='lat' dir='ltr'><strong>iu</strong></span> <span class='ocrx_word' id='word_1_386' title='bbox 1549 2617 1659 2674; x_wconf 79' lang='lat' dir='ltr'><strong>Christo</strong></span> <span class='ocrx_word' id='word_1_387' title='bbox 1677 2619 1770 2688; x_wconf 82' lang='lat' dir='ltr'><strong>bapti-</strong></span> 
     </span>
     <span class='ocr_line' id='line_1_29' title="bbox 128 2706 1769 2779; baseline -0.001 -16"><span class='ocrx_word' id='word_1_388' title='bbox 128 2707 166 2763; x_wconf 91' lang='lat' dir='ltr'><strong>cti</strong></span> <span class='ocrx_word' id='word_1_389' title='bbox 183 2707 304 2779; x_wconf 85' lang='lat' dir='ltr'><strong>Spiritus</strong></span> <span class='ocrx_word' id='word_1_390' title='bbox 320 2726 327 2775; x_wconf 76' lang='lat'><em>3</em></span> <span class='ocrx_word' id='word_1_391' title='bbox 348 2707 428 2762; x_wconf 81' lang='lat' dir='ltr'><strong>furor</strong></span> <span class='ocrx_word' id='word_1_392' title='bbox 440 2723 506 2762; x_wconf 88' lang='lat' dir='ltr'><strong>vero</strong></span> <span class='ocrx_word' id='word_1_393' title='bbox 521 2707 656 2779; x_wconf 89' lang='lat' dir='ltr'><strong>insipiens</strong></span> <span class='ocrx_word' id='word_1_394' title='bbox 669 2707 712 2761; x_wconf 81' lang='lat' dir='ltr'><strong>ira</strong></span> <span class='ocrx_word' id='word_1_395' title='bbox 725 2712 778 2773; x_wconf 90' lang='lat' dir='ltr'><strong>est,</strong></span> <span class='ocrx_word' id='word_1_396' title='bbox 794 2712 823 2761; x_wconf 92' lang='lat' dir='ltr'><strong>et</strong></span> <span class='ocrx_word' id='word_1_397' title='bbox 835 2706 926 2761; x_wconf 83' lang='lat' dir='ltr'><strong>serve·</strong></span> <span class='ocrx_word' id='word_1_398' title='bbox 969 2710 1027 2762; x_wconf 85' lang='lat' dir='ltr'><strong>sati</strong></span> <span class='ocrx_word' id='word_1_399' title='bbox 1040 2709 1103 2761; x_wconf 86' lang='lat' dir='ltr'><strong>estis</strong></span> <span class='ocrx_word' id='word_1_400' title='bbox 1117 2706 1259 2762; x_wconf 76' lang='lat' dir='ltr'><strong>Christum</strong></span> <span class='ocrx_word' id='word_1_401' title='bbox 1272 2708 1416 2761; x_wconf 79' lang='lat' dir='ltr'><strong>induistis.</strong></span> <span class='ocrx_word' id='word_1_402' title='bbox 1431 2708 1493 2762; x_wconf 79' lang='lat' dir='ltr'><strong>lion</strong></span> <span class='ocrx_word' id='word_1_403' title='bbox 1506 2711 1544 2761; x_wconf 88' lang='lat' dir='ltr'><strong>est</strong></span> <span class='ocrx_word' id='word_1_404' title='bbox 1555 2708 1668 2762; x_wconf 71' lang='lat' dir='ltr'><strong>iudeus</strong></span> <span class='ocrx_word' id='word_1_405' title='bbox 1683 2722 1769 2776; x_wconf 83' lang='lat' dir='ltr'><strong>neque</strong></span> 
     </span>
     <span class='ocr_line' id='line_1_30' title="bbox 134 2795 1768 2869; baseline -0.002 -16"><span class='ocrx_word' id='word_1_406' title='bbox 134 2813 215 2853; x_wconf 90' lang='lat' dir='ltr'><strong>scens</strong></span> <span class='ocrx_word' id='word_1_407' title='bbox 229 2796 260 2851; x_wconf 92' lang='lat' dir='ltr'><strong>in</strong></span> <span class='ocrx_word' id='word_1_408' title='bbox 278 2797 336 2852; x_wconf 87' lang='lat' dir='ltr'><strong>ime</strong></span> <span class='ocrx_word' id='word_1_409' title='bbox 358 2795 548 2869; x_wconf 65' lang='lat' dir='ltr'><strong>pes-turbatim</strong></span> <span class='ocrx_word' id='word_1_410' title='bbox 573 2795 729 2867; x_wconf 79' lang='lat' dir='ltr'><strong>indignatio</strong></span> <span class='ocrx_word' id='word_1_411' title='bbox 748 2812 782 2850; x_wconf 86' lang='lat' dir='ltr'><strong>ex</strong></span> <span class='ocrx_word' id='word_1_412' title='bbox 795 2795 928 2866; x_wconf 87' lang='lat' dir='ltr'><strong>snperbia</strong></span> <span class='ocrx_word' id='word_1_413' title='bbox 968 2795 1084 2860; x_wconf 75' lang='lat' dir='ltr'><strong>Graan,</strong></span> <span class='ocrx_word' id='word_1_414' title='bbox 1093 2810 1150 2849; x_wconf 89' lang='lat' dir='ltr'><strong>non</strong></span> <span class='ocrx_word' id='word_1_415' title='bbox 1163 2800 1202 2849; x_wconf 86' lang='lat' dir='ltr'><strong>est</strong></span> <span class='ocrx_word' id='word_1_416' title='bbox 1211 2811 1306 2850; x_wconf 86' lang='lat' dir='ltr'><strong>seruus</strong></span> <span class='ocrx_word' id='word_1_417' title='bbox 1320 2811 1405 2866; x_wconf 89' lang='lat' dir='ltr'><strong>neque</strong></span> <span class='ocrx_word' id='word_1_418' title='bbox 1419 2796 1498 2862; x_wconf 86' lang='lat' dir='ltr'><strong>tiber,</strong></span> <span class='ocrx_word' id='word_1_419' title='bbox 1507 2812 1563 2850; x_wconf 88' lang='lat' dir='ltr'><strong>non</strong></span> <span class='ocrx_word' id='word_1_420' title='bbox 1577 2801 1615 2850; x_wconf 89' lang='lat' dir='ltr'><strong>est</strong></span> <span class='ocrx_word' id='word_1_421' title='bbox 1627 2799 1768 2850; x_wconf 85' lang='lat' dir='ltr'><strong>masculus</strong></span> 
     </span>
     <span class='ocr_line' id='line_1_31' title="bbox 129 2878 1768 2957; baseline -0.001 -16"><span class='ocrx_word' id='word_1_422' title='bbox 129 2887 266 2951; x_wconf 86' lang='lat' dir='ltr'><strong>nascitur,</strong></span> <span class='ocrx_word' id='word_1_423' title='bbox 277 2903 341 2941; x_wconf 93' lang='lat' dir='ltr'><strong>cnm</strong></span> <span class='ocrx_word' id='word_1_424' title='bbox 351 2886 474 2957; x_wconf 88' lang='lat' dir='ltr'><strong>aliquem</strong></span> <span class='ocrx_word' id='word_1_425' title='bbox 482 2884 642 2956; x_wconf 82' lang='lat' dir='ltr'><strong>judicamus</strong></span> <span class='ocrx_word' id='word_1_426' title='bbox 652 2884 809 2956; x_wconf 90' lang='lat' dir='ltr'><strong>indignum,</strong></span> <span class='ocrx_word' id='word_1_427' title='bbox 826 2889 855 2940; x_wconf 91' lang='lat' dir='ltr'><strong>et</strong></span> <span class='ocrx_word' id='word_1_428' title='bbox 864 2884 927 2939; x_wconf 91' lang='lat' dir='ltr'><strong>ideo</strong></span> <span class='ocrx_word' id='word_1_429' title='bbox 968 2901 1054 2955; x_wconf 84' lang='lat' dir='ltr'><strong>neque</strong></span> <span class='ocrx_word' id='word_1_430' title='bbox 1067 2886 1288 2952; x_wconf 76' lang='lat' dir='ltr'><strong>seminammnss</strong></span> <span class='ocrx_word' id='word_1_431' title='bbox 1297 2878 1373 2938; x_wconf 86' lang='lat' dir='ltr'><strong>enim</strong></span> <span class='ocrx_word' id='word_1_432' title='bbox 1384 2900 1428 2938; x_wconf 88' lang='lat' dir='ltr'><strong>uos</strong></span> <span class='ocrx_word' id='word_1_433' title='bbox 1440 2900 1531 2939; x_wconf 86' lang='lat' dir='ltr'><strong>uuum</strong></span> <span class='ocrx_word' id='word_1_434' title='bbox 1542 2887 1605 2939; x_wconf 83' lang='lat' dir='ltr'><strong>estis</strong></span> <span class='ocrx_word' id='word_1_435' title='bbox 1619 2887 1653 2939; x_wconf 90' lang='lat' dir='ltr'><strong>in</strong></span> <span class='ocrx_word' id='word_1_436' title='bbox 1660 2884 1768 2940; x_wconf 76' lang='lat' dir='ltr'><strong>Christo</strong></span> 
     </span>
     <span class='ocr_line' id='line_1_32' title="bbox 131 2958 1769 3044; baseline -0.001 -14"><span class='ocrx_word' id='word_1_437' title='bbox 131 2990 196 3030; x_wconf 89' lang='lat' dir='ltr'><strong>enm</strong></span> <span class='ocrx_word' id='word_1_438' title='bbox 212 2975 344 3030; x_wconf 87' lang='lat' dir='ltr'><strong>nolumus</strong></span> <span class='ocrx_word' id='word_1_439' title='bbox 357 2975 514 3029; x_wconf 75' lang='lat' dir='ltr'><strong>snsdnere:</strong></span> <span class='ocrx_word' id='word_1_440' title='bbox 529 2974 572 3028; x_wconf 87' lang='lat' dir='ltr'><strong>ira</strong></span> <span class='ocrx_word' id='word_1_441' title='bbox 592 2979 688 3028; x_wconf 72' lang='lat' dir='ltr'><strong>numm</strong></span> <span class='ocrx_word' id='word_1_442' title='bbox 702 2979 746 3035; x_wconf 86' lang='lat' dir='ltr'><strong>est</strong></span> <span class='ocrx_word' id='word_1_443' title='bbox 759 2974 839 3044; x_wconf 77' lang='lat' dir='ltr'><strong>cuius</strong></span> <span class='ocrx_word' id='word_1_444' title='bbox 853 2958 958 3027; x_wconf 86' lang='lat' dir='ltr'><strong>ama-C</strong></span> <span class='ocrx_word' id='word_1_445' title='bbox 968 2975 1041 3028; x_wconf 78' lang='lat' dir='ltr'><strong>iesu.</strong></span> <span class='ocrx_word' id='word_1_446' title='bbox 1066 2972 1267 3043; x_wconf 74' lang='lat' dir='ltr'><strong>Numquidnam</strong></span> <span class='ocrx_word' id='word_1_447' title='bbox 1290 2973 1380 3044; x_wconf 86' lang='lat' dir='ltr'><strong>igitur</strong></span> <span class='ocrx_word' id='word_1_448' title='bbox 1405 2973 1501 3027; x_wconf 89' lang='lat' dir='ltr'><strong>tldeles</strong></span> <span class='ocrx_word' id='word_1_449' title='bbox 1531 2972 1644 3028; x_wconf 73' lang='lat' dir='ltr'><strong>feminas</strong></span> <span class='ocrx_word' id='word_1_450' title='bbox 1671 2988 1769 3028; x_wconf 69' lang='lat' dir='ltr'><strong>mum</strong></span> 
     </span>
     <span class='ocr_line' id='line_1_33' title="bbox 131 3061 1770 3134; baseline -0.001 -16"><span class='ocrx_word' id='word_1_451' title='bbox 131 3063 226 3118; x_wconf 87' lang='lat' dir='ltr'><strong>ritndo</strong></span> <span class='ocrx_word' id='word_1_452' title='bbox 239 3069 268 3118; x_wconf 90' lang='lat' dir='ltr'><strong>et</strong></span> <span class='ocrx_word' id='word_1_453' title='bbox 279 3063 359 3119; x_wconf 83' lang='lat' dir='ltr'><strong>furor</strong></span> <span class='ocrx_word' id='word_1_454' title='bbox 371 3069 401 3119; x_wconf 91' lang='lat' dir='ltr'><strong>et</strong></span> <span class='ocrx_word' id='word_1_455' title='bbox 420 3062 577 3134; x_wconf 86' lang='lat' dir='ltr'><strong>indignatio</strong></span> <span class='ocrx_word' id='word_1_456' title='bbox 599 3062 705 3134; x_wconf 88' lang='lat' dir='ltr'><strong>species</strong></span> <span class='ocrx_word' id='word_1_457' title='bbox 719 3065 794 3128; x_wconf 90' lang='lat' dir='ltr'><strong>sunt,</strong></span> <span class='ocrx_word' id='word_1_458' title='bbox 811 3078 873 3133; x_wconf 88' lang='lat' dir='ltr'><strong>qnae</strong></span> <span class='ocrx_word' id='word_1_459' title='bbox 887 3062 930 3117; x_wconf 84' lang='lat' dir='ltr'><strong>in-</strong></span> <span class='ocrx_word' id='word_1_460' title='bbox 968 3061 1093 3133; x_wconf 86' lang='lat' dir='ltr'><strong>cerperis</strong></span> <span class='ocrx_word' id='word_1_461' title='bbox 1117 3061 1295 3116; x_wconf 86' lang='lat' dir='ltr'><strong>amiserunt?</strong></span> <span class='ocrx_word' id='word_1_462' title='bbox 1313 3062 1363 3117; x_wconf 92' lang='lat' dir='ltr'><strong>sed</strong></span> <span class='ocrx_word' id='word_1_463' title='bbox 1389 3062 1457 3133; x_wconf 86' lang='lat' dir='ltr'><strong>qnia</strong></span> <span class='ocrx_word' id='word_1_464' title='bbox 1478 3061 1517 3116; x_wconf 91' lang='lat' dir='ltr'><strong>ibi</strong></span> <span class='ocrx_word' id='word_1_465' title='bbox 1543 3068 1717 3117; x_wconf 82' lang='lat' dir='ltr'><strong>renovantur</strong></span> <span class='ocrx_word' id='word_1_466' title='bbox 1734 3061 1770 3117; x_wconf 84' lang='lat' dir='ltr'><strong>ad</strong></span> 
     </span>
     <span class='ocr_line' id='line_1_34' title="bbox 132 3149 1769 3222; baseline -0.001 -15"><span class='ocrx_word' id='word_1_467' title='bbox 132 3169 195 3207; x_wconf 85' lang='lat' dir='ltr'><strong>rore</strong></span> <span class='ocrx_word' id='word_1_468' title='bbox 209 3153 343 3208; x_wconf 86' lang='lat' dir='ltr'><strong>restincto</strong></span> <span class='ocrx_word' id='word_1_469' title='bbox 356 3152 498 3207; x_wconf 89' lang='lat' dir='ltr'><strong>desiderat</strong></span> <span class='ocrx_word' id='word_1_470' title='bbox 511 3151 658 3217; x_wconf 84' lang='lat' dir='ltr'><strong>ultionem,</strong></span> <span class='ocrx_word' id='word_1_471' title='bbox 671 3157 700 3206; x_wconf 91' lang='lat' dir='ltr'><strong>et</strong></span> <span class='ocrx_word' id='word_1_472' title='bbox 710 3167 774 3206; x_wconf 92' lang='lat' dir='ltr'><strong>enm</strong></span> <span class='ocrx_word' id='word_1_473' title='bbox 786 3167 871 3222; x_wconf 92' lang='lat' dir='ltr'><strong>quem</strong></span> <span class='ocrx_word' id='word_1_474' title='bbox 881 3167 930 3205; x_wconf 90' lang='lat' dir='ltr'><strong>no·</strong></span> <span class='ocrx_word' id='word_1_475' title='bbox 969 3150 1122 3222; x_wconf 87' lang='lat' dir='ltr'><strong>imaginem</strong></span> <span class='ocrx_word' id='word_1_476' title='bbox 1136 3151 1187 3206; x_wconf 89' lang='lat' dir='ltr'><strong>Dei</strong></span> <span class='ocrx_word' id='word_1_477' title='bbox 1200 3149 1249 3204; x_wconf 90' lang='lat' dir='ltr'><strong>ubi</strong></span> <span class='ocrx_word' id='word_1_478' title='bbox 1263 3167 1346 3206; x_wconf 78' lang='lat' dir='ltr'><strong>sesne</strong></span> <span class='ocrx_word' id='word_1_479' title='bbox 1360 3151 1455 3206; x_wconf 89' lang='lat' dir='ltr'><strong>nullus</strong></span> <span class='ocrx_word' id='word_1_480' title='bbox 1474 3157 1527 3218; x_wconf 84' lang='lat' dir='ltr'><strong>est,</strong></span> <span class='ocrx_word' id='word_1_481' title='bbox 1552 3150 1592 3205; x_wconf 91' lang='lat' dir='ltr'><strong>ibi</strong></span> <span class='ocrx_word' id='word_1_482' title='bbox 1608 3149 1703 3205; x_wconf 83' lang='lat' dir='ltr'><strong>iactus</strong></span> <span class='ocrx_word' id='word_1_483' title='bbox 1726 3156 1769 3206; x_wconf 85' lang='lat' dir='ltr'><strong>est</strong></span> 
     </span>
     <span class='ocr_line' id='line_1_35' title="bbox 132 3237 1771 3314; baseline 0 -19"><span class='ocrx_word' id='word_1_484' title='bbox 132 3242 223 3297; x_wconf 89' lang='lat' dir='ltr'><strong>cnisse</strong></span> <span class='ocrx_word' id='word_1_485' title='bbox 236 3241 397 3314; x_wconf 89' lang='lat' dir='ltr'><strong>pntat,vnlt</strong></span> <span class='ocrx_word' id='word_1_486' title='bbox 410 3240 521 3296; x_wconf 77' lang='lat' dir='ltr'><strong>ledere.</strong></span> <span class='ocrx_word' id='word_1_487' title='bbox 534 3240 615 3295; x_wconf 89' lang='lat' dir='ltr'><strong>Unde</strong></span> <span class='ocrx_word' id='word_1_488' title='bbox 628 3239 813 3295; x_wconf 88' lang='lat' dir='ltr'><strong>nobisomnis</strong></span> <span class='ocrx_word' id='word_1_489' title='bbox 827 3239 930 3294; x_wconf 85' lang='lat' dir='ltr'><strong>amari·</strong></span> <span class='ocrx_word' id='word_1_490' title='bbox 968 3240 1053 3294; x_wconf 91' lang='lat' dir='ltr'><strong>homo</strong></span> <span class='ocrx_word' id='word_1_491' title='bbox 1067 3239 1104 3293; x_wconf 88' lang='lat' dir='ltr'><strong>ad</strong></span> <span class='ocrx_word' id='word_1_492' title='bbox 1125 3239 1277 3311; x_wconf 90' lang='lat' dir='ltr'><strong>imaginem</strong></span> <span class='ocrx_word' id='word_1_493' title='bbox 1301 3239 1351 3295; x_wconf 89' lang='lat' dir='ltr'><strong>Dei</strong></span> <span class='ocrx_word' id='word_1_494' title='bbox 1374 3239 1423 3294; x_wconf 90' lang='lat' dir='ltr'><strong>nbi</strong></span> <span class='ocrx_word' id='word_1_495' title='bbox 1443 3257 1525 3296; x_wconf 83' lang='lat' dir='ltr'><strong>sexus</strong></span> <span class='ocrx_word' id='word_1_496' title='bbox 1539 3239 1634 3295; x_wconf 89' lang='lat' dir='ltr'><strong>nullus</strong></span> <span class='ocrx_word' id='word_1_497' title='bbox 1648 3245 1703 3305; x_wconf 81' lang='lat' dir='ltr'><strong>est.</strong></span> <span class='ocrx_word' id='word_1_498' title='bbox 1717 3237 1771 3295; x_wconf 81' lang='lat' dir='ltr'><strong>hoc</strong></span> 
     </span>
     <span class='ocr_line' id='line_1_36' title="bbox 131 3324 1770 3400; baseline -0.002 -15"><span class='ocrx_word' id='word_1_499' title='bbox 131 3330 201 3385; x_wconf 90' lang='lat' dir='ltr'><strong>tudo</strong></span> <span class='ocrx_word' id='word_1_500' title='bbox 215 3335 244 3384; x_wconf 89' lang='lat' dir='ltr'><strong>et</strong></span> <span class='ocrx_word' id='word_1_501' title='bbox 257 3330 336 3385; x_wconf 85' lang='lat' dir='ltr'><strong>tiiror</strong></span> <span class='ocrx_word' id='word_1_502' title='bbox 349 3335 378 3384; x_wconf 89' lang='lat' dir='ltr'><strong>et</strong></span> <span class='ocrx_word' id='word_1_503' title='bbox 390 3324 433 3384; x_wconf 74' lang='lat' dir='ltr'><strong>ira&#39;</strong></span> <span class='ocrx_word' id='word_1_504' title='bbox 442 3335 471 3384; x_wconf 91' lang='lat' dir='ltr'><strong>et</strong></span> <span class='ocrx_word' id='word_1_505' title='bbox 485 3329 651 3400; x_wconf 88' lang='lat' dir='ltr'><strong>indignatio,</strong></span> <span class='ocrx_word' id='word_1_506' title='bbox 664 3334 695 3383; x_wconf 91' lang='lat' dir='ltr'><strong>et</strong></span> <span class='ocrx_word' id='word_1_507' title='bbox 707 3328 813 3383; x_wconf 88' lang='lat' dir='ltr'><strong>clamor</strong></span> <span class='ocrx_word' id='word_1_508' title='bbox 826 3327 929 3383; x_wconf 89' lang='lat' dir='ltr'><strong>tollen·</strong></span> <span class='ocrx_word' id='word_1_509' title='bbox 969 3333 1022 3395; x_wconf 89' lang='lat' dir='ltr'><strong>est,</strong></span> <span class='ocrx_word' id='word_1_510' title='bbox 1038 3328 1069 3382; x_wconf 92' lang='lat' dir='ltr'><strong>in</strong></span> <span class='ocrx_word' id='word_1_511' title='bbox 1083 3328 1190 3400; x_wconf 89' lang='lat' dir='ltr'><strong>Spiritu</strong></span> <span class='ocrx_word' id='word_1_512' title='bbox 1203 3329 1306 3383; x_wconf 89' lang='lat' dir='ltr'><strong>mentis</strong></span> <span class='ocrx_word' id='word_1_513' title='bbox 1320 3345 1386 3384; x_wconf 78' lang='lat' dir='ltr'><strong>sna.</strong></span> <span class='ocrx_word' id='word_1_514' title='bbox 1399 3329 1477 3385; x_wconf 88' lang='lat' dir='ltr'><strong>Sient</strong></span> <span class='ocrx_word' id='word_1_515' title='bbox 1490 3328 1566 3384; x_wconf 89' lang='lat' dir='ltr'><strong>enim</strong></span> <span class='ocrx_word' id='word_1_516' title='bbox 1580 3333 1645 3399; x_wconf 90' lang='lat' dir='ltr'><strong>post</strong></span> <span class='ocrx_word' id='word_1_517' title='bbox 1657 3328 1770 3399; x_wconf 85' lang='lat' dir='ltr'><strong>lapsum</strong></span> 
     </span>
     <span class='ocr_line' id='line_1_37' title="bbox 132 3416 1773 3489; baseline 0 -16"><span class='ocrx_word' id='word_1_518' title='bbox 132 3420 185 3475; x_wconf 91' lang='lat' dir='ltr'><strong>dns</strong></span> <span class='ocrx_word' id='word_1_519' title='bbox 199 3424 252 3474; x_wconf 84' lang='lat' dir='ltr'><strong>e&#39;st.</strong></span> <span class='ocrx_word' id='word_1_520' title='bbox 268 3419 336 3474; x_wconf 86' lang='lat' dir='ltr'><strong>Post</strong></span> <span class='ocrx_word' id='word_1_521' title='bbox 358 3419 417 3473; x_wconf 76' lang='lat' dir='ltr'><strong>hec</strong></span> <span class='ocrx_word' id='word_1_522' title='bbox 437 3419 532 3472; x_wconf 88' lang='lat' dir='ltr'><strong>omnia</strong></span> <span class='ocrx_word' id='word_1_523' title='bbox 556 3424 632 3473; x_wconf 89' lang='lat' dir='ltr'><strong>recte</strong></span> <span class='ocrx_word' id='word_1_524' title='bbox 647 3418 754 3473; x_wconf 90' lang='lat' dir='ltr'><strong>clamor</strong></span> <span class='ocrx_word' id='word_1_525' title='bbox 775 3433 887 3488; x_wconf 90' lang='lat' dir='ltr'><strong>qnoque</strong></span> <span class='ocrx_word' id='word_1_526' title='bbox 902 3421 931 3471; x_wconf 91' lang='lat' dir='ltr'><strong>et</strong></span> <span class='ocrx_word' id='word_1_527' title='bbox 970 3417 1077 3489; x_wconf 87' lang='lat' dir='ltr'><strong>peccati</strong></span> <span class='ocrx_word' id='word_1_528' title='bbox 1086 3417 1170 3472; x_wconf 91' lang='lat' dir='ltr'><strong>homo</strong></span> <span class='ocrx_word' id='word_1_529' title='bbox 1184 3417 1215 3472; x_wconf 93' lang='lat' dir='ltr'><strong>in</strong></span> <span class='ocrx_word' id='word_1_530' title='bbox 1224 3416 1369 3489; x_wconf 88' lang='lat' dir='ltr'><strong>agnitione</strong></span> <span class='ocrx_word' id='word_1_531' title='bbox 1383 3418 1434 3473; x_wconf 90' lang='lat' dir='ltr'><strong>Ilei</strong></span> <span class='ocrx_word' id='word_1_532' title='bbox 1449 3423 1600 3473; x_wconf 87' lang='lat' dir='ltr'><strong>renovatur</strong></span> <span class='ocrx_word' id='word_1_533' title='bbox 1614 3417 1773 3473; x_wconf 76' lang='lat' dir='ltr'><strong>meandum</strong></span> 
     </span>
     <span class='ocr_line' id='line_1_38' title="bbox 132 3505 1774 3581; baseline -0.001 -18"><span class='ocrx_word' id='word_1_534' title='bbox 132 3507 308 3581; x_wconf 86' lang='lat' dir='ltr'><strong>blasphemia</strong></span> <span class='ocrx_word' id='word_1_535' title='bbox 329 3506 514 3581; x_wconf 88' lang='lat' dir='ltr'><strong>prohibentur</strong></span> <span class='ocrx_word' id='word_1_536' title='bbox 535 3507 565 3561; x_wconf 92' lang='lat' dir='ltr'><strong>in</strong></span> <span class='ocrx_word' id='word_1_537' title='bbox 585 3505 674 3574; x_wconf 90' lang='lat' dir='ltr'><strong>nohis,</strong></span> <span class='ocrx_word' id='word_1_538' title='bbox 698 3507 766 3578; x_wconf 88' lang='lat' dir='ltr'><strong>quia</strong></span> <span class='ocrx_word' id='word_1_539' title='bbox 780 3506 828 3577; x_wconf 92' lang='lat' dir='ltr'><strong>qni</strong></span> <span class='ocrx_word' id='word_1_540' title='bbox 843 3505 930 3561; x_wconf 88' lang='lat' dir='ltr'><strong>semel</strong></span> <span class='ocrx_word' id='word_1_541' title='bbox 971 3505 1122 3577; x_wconf 88' lang='lat' dir='ltr'><strong>imaginem</strong></span> <span class='ocrx_word' id='word_1_542' title='bbox 1138 3507 1263 3578; x_wconf 91' lang='lat' dir='ltr'><strong>ejusqui</strong></span> <span class='ocrx_word' id='word_1_543' title='bbox 1284 3507 1387 3562; x_wconf 87' lang='lat' dir='ltr'><strong>creavit</strong></span> <span class='ocrx_word' id='word_1_544' title='bbox 1405 3523 1480 3574; x_wconf 91' lang='lat' dir='ltr'><strong>enm,</strong></span> <span class='ocrx_word' id='word_1_545' title='bbox 1495 3507 1536 3562; x_wconf 90' lang='lat' dir='ltr'><strong>ita</strong></span> <span class='ocrx_word' id='word_1_546' title='bbox 1555 3507 1586 3560; x_wconf 91' lang='lat' dir='ltr'><strong>in</strong></span> <span class='ocrx_word' id='word_1_547' title='bbox 1609 3506 1671 3578; x_wconf 86' lang='lat' dir='ltr'><strong>ipsa</strong></span> <span class='ocrx_word' id='word_1_548' title='bbox 1693 3520 1774 3561; x_wconf 86' lang='lat' dir='ltr'><strong>crea·</strong></span> 
     </span>
     <span class='ocr_line' id='line_1_39' title="bbox 132 3594 1774 3668; baseline -0.002 -16"><span class='ocrx_word' id='word_1_549' title='bbox 132 3596 217 3652; x_wconf 80' lang='lat' dir='ltr'><strong>haesit</strong></span> <span class='ocrx_word' id='word_1_550' title='bbox 230 3596 325 3652; x_wconf 81' lang='lat' dir='ltr'><strong>furore</strong></span> <span class='ocrx_word' id='word_1_551' title='bbox 339 3602 498 3668; x_wconf 87' lang='lat' dir='ltr'><strong>superatus,</strong></span> <span class='ocrx_word' id='word_1_552' title='bbox 509 3612 582 3667; x_wconf 84' lang='lat' dir='ltr'><strong>saepe</strong></span> <span class='ocrx_word' id='word_1_553' title='bbox 595 3595 718 3668; x_wconf 90' lang='lat' dir='ltr'><strong>erumpit</strong></span> <span class='ocrx_word' id='word_1_554' title='bbox 731 3596 767 3650; x_wconf 88' lang='lat' dir='ltr'><strong>ad</strong></span> <span class='ocrx_word' id='word_1_555' title='bbox 780 3594 932 3649; x_wconf 83' lang='lat' dir='ltr'><strong>clamorem</strong></span> <span class='ocrx_word' id='word_1_556' title='bbox 971 3595 1049 3649; x_wconf 77' lang='lat' dir='ltr'><strong>tiam</strong></span> <span class='ocrx_word' id='word_1_557' title='bbox 1073 3600 1185 3651; x_wconf 88' lang='lat' dir='ltr'><strong>creatns</strong></span> <span class='ocrx_word' id='word_1_558' title='bbox 1211 3601 1254 3650; x_wconf 86' lang='lat' dir='ltr'><strong>eat</strong></span> <span class='ocrx_word' id='word_1_559' title='bbox 1278 3601 1430 3667; x_wconf 88' lang='lat' dir='ltr'><strong>antequam</strong></span> <span class='ocrx_word' id='word_1_560' title='bbox 1456 3595 1557 3650; x_wconf 88' lang='lat' dir='ltr'><strong>delicta</strong></span> <span class='ocrx_word' id='word_1_561' title='bbox 1576 3598 1774 3662; x_wconf 74' lang='lat' dir='ltr'><strong>veteresceret,</strong></span> 
     </span>
     <span class='ocr_line' id='line_1_40' title="bbox 133 3683 1776 3755; baseline -0.001 -13"><span class='ocrx_word' id='word_1_562' title='bbox 133 3692 163 3742; x_wconf 90' lang='lat' dir='ltr'><strong>et</strong></span> <span class='ocrx_word' id='word_1_563' title='bbox 173 3685 288 3741; x_wconf 86' lang='lat' dir='ltr'><strong>turbide</strong></span> <span class='ocrx_word' id='word_1_564' title='bbox 300 3685 423 3740; x_wconf 79' lang='lat' dir='ltr'><strong>hemena</strong></span> <span class='ocrx_word' id='word_1_565' title='bbox 436 3685 589 3740; x_wconf 87' lang='lat' dir='ltr'><strong>ventilatur</strong></span> <span class='ocrx_word' id='word_1_566' title='bbox 603 3684 632 3739; x_wconf 90' lang='lat' dir='ltr'><strong>in</strong></span> <span class='ocrx_word' id='word_1_567' title='bbox 644 3683 759 3738; x_wconf 88' lang='lat' dir='ltr'><strong>modum</strong></span> <span class='ocrx_word' id='word_1_568' title='bbox 772 3683 841 3738; x_wconf 85' lang='lat' dir='ltr'><strong>solii.</strong></span> <span class='ocrx_word' id='word_1_569' title='bbox 852 3684 931 3738; x_wconf 88' lang='lat' dir='ltr'><strong>Bles-</strong></span> <span class='ocrx_word' id='word_1_570' title='bbox 971 3683 1047 3739; x_wconf 90' lang='lat' dir='ltr'><strong>unde</strong></span> <span class='ocrx_word' id='word_1_571' title='bbox 1061 3699 1159 3738; x_wconf 89' lang='lat' dir='ltr'><strong>rursus</strong></span> <span class='ocrx_word' id='word_1_572' title='bbox 1173 3684 1203 3738; x_wconf 92' lang='lat' dir='ltr'><strong>in</strong></span> <span class='ocrx_word' id='word_1_573' title='bbox 1217 3684 1316 3740; x_wconf 88' lang='lat' dir='ltr'><strong>eadem</strong></span> <span class='ocrx_word' id='word_1_574' title='bbox 1333 3685 1477 3755; x_wconf 83' lang='lat' dir='ltr'><strong>agnitione</strong></span> <span class='ocrx_word' id='word_1_575' title='bbox 1499 3689 1702 3752; x_wconf 82' lang='lat' dir='ltr'><strong>renovaretnr3</strong></span> <span class='ocrx_word' id='word_1_576' title='bbox 1717 3684 1776 3740; x_wconf 84' lang='lat' dir='ltr'><strong>ista</strong></span> 
     </span>
     <span class='ocr_line' id='line_1_41' title="bbox 133 3772 1776 3847; baseline -0.001 -17"><span class='ocrx_word' id='word_1_577' title='bbox 133 3775 309 3847; x_wconf 70' lang='lat' dir='ltr'><strong>phemiaest</strong></span> <span class='ocrx_word' id='word_1_578' title='bbox 325 3789 389 3829; x_wconf 90' lang='lat' dir='ltr'><strong>cnm</strong></span> <span class='ocrx_word' id='word_1_579' title='bbox 403 3774 439 3829; x_wconf 90' lang='lat' dir='ltr'><strong>de</strong></span> <span class='ocrx_word' id='word_1_580' title='bbox 456 3774 514 3828; x_wconf 92' lang='lat' dir='ltr'><strong>Deo</strong></span> <span class='ocrx_word' id='word_1_581' title='bbox 530 3773 601 3828; x_wconf 83' lang='lat' dir='ltr'><strong>salsa</strong></span> <span class='ocrx_word' id='word_1_582' title='bbox 612 3775 768 3844; x_wconf 83' lang='lat' dir='ltr'><strong>finguntur,</strong></span> <span class='ocrx_word' id='word_1_583' title='bbox 780 3772 867 3827; x_wconf 89' lang='lat' dir='ltr'><strong>autin</strong></span> <span class='ocrx_word' id='word_1_584' title='bbox 877 3772 932 3826; x_wconf 87' lang='lat' dir='ltr'><strong>fide</strong></span> <span class='ocrx_word' id='word_1_585' title='bbox 972 3772 1116 3827; x_wconf 84' lang='lat' dir='ltr'><strong>renovatio</strong></span> <span class='ocrx_word' id='word_1_586' title='bbox 1125 3772 1343 3844; x_wconf 77' lang='lat' dir='ltr'><strong>reformatioque</strong></span> <span class='ocrx_word' id='word_1_587' title='bbox 1352 3773 1451 3828; x_wconf 87' lang='lat' dir='ltr'><strong>mortis</strong></span> <span class='ocrx_word' id='word_1_588' title='bbox 1461 3773 1615 3828; x_wconf 89' lang='lat' dir='ltr'><strong>secundum</strong></span> <span class='ocrx_word' id='word_1_589' title='bbox 1624 3773 1719 3828; x_wconf 86' lang='lat' dir='ltr'><strong>Deum</strong></span> <span class='ocrx_word' id='word_1_590' title='bbox 1728 3772 1776 3829; x_wconf 83' lang='lat' dir='ltr'><strong>rel</strong></span> 
     </span>
     <span class='ocr_line' id='line_1_42' title="bbox 133 3861 1775 3934; baseline -0.001 -16"><span class='ocrx_word' id='word_1_591' title='bbox 133 3863 272 3918; x_wconf 88' lang='lat' dir='ltr'><strong>catholica</strong></span> <span class='ocrx_word' id='word_1_592' title='bbox 294 3863 426 3917; x_wconf 74' lang='lat' dir='ltr'><strong>heretica</strong></span> <span class='ocrx_word' id='word_1_593' title='bbox 444 3862 582 3934; x_wconf 87' lang='lat' dir='ltr'><strong>pravitate</strong></span> <span class='ocrx_word' id='word_1_594' title='bbox 602 3861 737 3932; x_wconf 88' lang='lat' dir='ltr'><strong>deceptus</strong></span> <span class='ocrx_word' id='word_1_595' title='bbox 759 3877 855 3915; x_wconf 88' lang='lat' dir='ltr'><strong>errare</strong></span> <span class='ocrx_word' id='word_1_596' title='bbox 869 3861 933 3932; x_wconf 90' lang='lat' dir='ltr'><strong>quis</strong></span> <span class='ocrx_word' id='word_1_597' title='bbox 973 3861 1286 3933; x_wconf 86' lang='lat' dir='ltr'><strong>secundnmimaginem</strong></span> <span class='ocrx_word' id='word_1_598' title='bbox 1297 3861 1775 3918; x_wconf 78' lang='lat' dir='ltr'><strong>Deizaedideodiciturscenndnm</strong></span> 
     </span>
     <span class='ocr_line' id='line_1_43' title="bbox 134 3950 1773 4024; baseline -0.001 -18"><span class='ocrx_word' id='word_1_599' title='bbox 134 3950 279 4024; x_wconf 88' lang='lat' dir='ltr'><strong>probatur.</strong></span> <span class='ocrx_word' id='word_1_600' title='bbox 290 3951 447 4005; x_wconf 85' lang='lat' dir='ltr'><strong>Novissime</strong></span> <span class='ocrx_word' id='word_1_601' title='bbox 457 3950 566 4005; x_wconf 89' lang='lat' dir='ltr'><strong>addidit</strong></span> <span class='ocrx_word' id='word_1_602' title='bbox 575 3950 634 4004; x_wconf 83' lang='lat' dir='ltr'><strong>haec</strong></span> <span class='ocrx_word' id='word_1_603' title='bbox 642 3950 712 4004; x_wconf 89' lang='lat' dir='ltr'><strong>vitia</strong></span> <span class='ocrx_word' id='word_1_604' title='bbox 720 3952 869 4004; x_wconf 76' lang='lat' dir='ltr'><strong>mensurni</strong></span> <span class='ocrx_word' id='word_1_605' title='bbox 875 3967 934 4004; x_wconf 84' lang='lat' dir='ltr'><strong>ma-</strong></span> <span class='ocrx_word' id='word_1_606' title='bbox 973 3951 1116 4017; x_wconf 86' lang='lat' dir='ltr'><strong>Deum,ne</strong></span> <span class='ocrx_word' id='word_1_607' title='bbox 1127 3950 1280 4007; x_wconf 88' lang='lat' dir='ltr'><strong>secundnm</strong></span> <span class='ocrx_word' id='word_1_608' title='bbox 1294 3951 1379 4005; x_wconf 88' lang='lat' dir='ltr'><strong>eliam</strong></span> <span class='ocrx_word' id='word_1_609' title='bbox 1395 3956 1554 4007; x_wconf 86' lang='lat' dir='ltr'><strong>creaturam</strong></span> <span class='ocrx_word' id='word_1_610' title='bbox 1571 3950 1633 4005; x_wconf 84' lang='lat' dir='ltr'><strong>sieri</strong></span> <span class='ocrx_word' id='word_1_611' title='bbox 1643 3956 1773 4023; x_wconf 83' lang='lat' dir='ltr'><strong>putetur.</strong></span> 
     </span>
     <span class='ocr_line' id='line_1_44' title="bbox 134 4038 1774 4111; baseline 0 -16"><span class='ocrx_word' id='word_1_612' title='bbox 134 4043 199 4096; x_wconf 86' lang='lat' dir='ltr'><strong>titia</strong></span> <span class='ocrx_word' id='word_1_613' title='bbox 210 4038 316 4094; x_wconf 85' lang='lat' dir='ltr'><strong>anobis</strong></span> <span class='ocrx_word' id='word_1_614' title='bbox 325 4055 386 4093; x_wconf 90' lang='lat' dir='ltr'><strong>esse</strong></span> <span class='ocrx_word' id='word_1_615' title='bbox 398 4038 539 4094; x_wconf 85' lang='lat' dir='ltr'><strong>tollenda:</strong></span> <span class='ocrx_word' id='word_1_616' title='bbox 552 4039 661 4093; x_wconf 89' lang='lat' dir='ltr'><strong>malitia</strong></span> <span class='ocrx_word' id='word_1_617' title='bbox 673 4044 716 4093; x_wconf 86' lang='lat' dir='ltr'><strong>est</strong></span> <span class='ocrx_word' id='word_1_618' title='bbox 728 4038 864 4110; x_wconf 91' lang='lat' dir='ltr'><strong>quidquid</strong></span> <span class='ocrx_word' id='word_1_619' title='bbox 875 4039 932 4092; x_wconf 91' lang='lat' dir='ltr'><strong>vir·</strong></span> <span class='ocrx_word' id='word_1_620' title='bbox 973 4039 1039 4094; x_wconf 86' lang='lat' dir='ltr'><strong>Ideo</strong></span> <span class='ocrx_word' id='word_1_621' title='bbox 1053 4045 1148 4093; x_wconf 84' lang='lat' dir='ltr'><strong>antem</strong></span> <span class='ocrx_word' id='word_1_622' title='bbox 1162 4039 1315 4094; x_wconf 87' lang='lat' dir='ltr'><strong>secundnm</strong></span> <span class='ocrx_word' id='word_1_623' title='bbox 1326 4039 1489 4111; x_wconf 87' lang='lat' dir='ltr'><strong>imaginem,</strong></span> <span class='ocrx_word' id='word_1_624' title='bbox 1499 4040 1610 4095; x_wconf 84' lang='lat' dir='ltr'><strong>ntinea</strong></span> <span class='ocrx_word' id='word_1_625' title='bbox 1623 4056 1655 4094; x_wconf 92' lang='lat' dir='ltr'><strong>re</strong></span> <span class='ocrx_word' id='word_1_626' title='bbox 1665 4039 1774 4095; x_wconf 91' lang='lat' dir='ltr'><strong>intelli·</strong></span> 
     </span>
     <span class='ocr_line' id='line_1_45' title="bbox 133 4126 1773 4200; baseline 0 -16"><span class='ocrx_word' id='word_1_627' title='bbox 133 4129 189 4184; x_wconf 87' lang='lat' dir='ltr'><strong>tnti</strong></span> <span class='ocrx_word' id='word_1_628' title='bbox 208 4128 381 4183; x_wconf 86' lang='lat' dir='ltr'><strong>centrarium</strong></span> <span class='ocrx_word' id='word_1_629' title='bbox 406 4131 458 4193; x_wconf 89' lang='lat' dir='ltr'><strong>est,</strong></span> <span class='ocrx_word' id='word_1_630' title='bbox 483 4143 546 4199; x_wconf 76' lang='lat' dir='ltr'><strong>qna</strong></span> <span class='ocrx_word' id='word_1_631' title='bbox 565 4126 621 4183; x_wconf 81' lang='lat' dir='ltr'><strong>alio</strong></span> <span class='ocrx_word' id='word_1_632' title='bbox 635 4127 750 4182; x_wconf 90' lang='lat' dir='ltr'><strong>nomine</strong></span> <span class='ocrx_word' id='word_1_633' title='bbox 762 4127 863 4182; x_wconf 75' lang='lat' dir='ltr'><strong>viuum</strong></span> <span class='ocrx_word' id='word_1_634' title='bbox 877 4126 932 4181; x_wconf 92' lang='lat' dir='ltr'><strong>dici</strong></span> <span class='ocrx_word' id='word_1_635' title='bbox 972 4132 1057 4198; x_wconf 89' lang='lat' dir='ltr'><strong>gatur</strong></span> <span class='ocrx_word' id='word_1_636' title='bbox 1069 4127 1131 4181; x_wconf 88' lang='lat' dir='ltr'><strong>lieri</strong></span> <span class='ocrx_word' id='word_1_637' title='bbox 1146 4128 1205 4183; x_wconf 76' lang='lat' dir='ltr'><strong>hac</strong></span> <span class='ocrx_word' id='word_1_638' title='bbox 1218 4129 1362 4183; x_wconf 87' lang='lat' dir='ltr'><strong>renovatio</strong></span> <span class='ocrx_word' id='word_1_639' title='bbox 1376 4127 1424 4184; x_wconf 90' lang='lat' dir='ltr'><strong>ubi</strong></span> <span class='ocrx_word' id='word_1_640' title='bbox 1439 4134 1482 4184; x_wconf 89' lang='lat' dir='ltr'><strong>est</strong></span> <span class='ocrx_word' id='word_1_641' title='bbox 1496 4129 1590 4200; x_wconf 89' lang='lat' dir='ltr'><strong>imago</strong></span> <span class='ocrx_word' id='word_1_642' title='bbox 1602 4127 1664 4195; x_wconf 90' lang='lat' dir='ltr'><strong>Dei,</strong></span> <span class='ocrx_word' id='word_1_643' title='bbox 1676 4128 1773 4196; x_wconf 85' lang='lat' dir='ltr'><strong>idest,</strong></span> 
     </span>
     <span class='ocr_line' id='line_1_46' title="bbox 134 4215 1775 4324; baseline -0.001 -51"><span class='ocrx_word' id='word_1_644' title='bbox 134 4217 333 4290; x_wconf 78' lang='lat' dir='ltr'><strong>potestlioiite</strong></span> <span class='ocrx_word' id='word_1_645' title='bbox 343 4220 461 4271; x_wconf 75' lang='lat' dir='ltr'><strong>omnini</strong></span> <span class='ocrx_word' id='word_1_646' title='bbox 475 4219 508 4271; x_wconf 87' lang='lat' dir='ltr'><strong>in</strong></span> <span class='ocrx_word' id='word_1_647' title='bbox 519 4219 648 4273; x_wconf 84' lang='lat' dir='ltr'><strong>iuricsm.</strong></span> <span class='ocrx_word' id='word_1_648' title='bbox 667 4215 855 4283; x_wconf 80' lang='lat' dir='ltr'><strong>(Asnhr.tNon</strong></span> <span class='ocrx_word' id='word_1_649' title='bbox 863 4215 934 4269; x_wconf 87' lang='lat' dir='ltr'><strong>dixit</strong></span> <span class='ocrx_word' id='word_1_650' title='bbox 940 4216 1003 4324; x_wconf 85' lang='lat' dir='ltr'><strong>Din</strong></span> <span class='ocrx_word' id='word_1_651' title='bbox 1017 4222 1122 4272; x_wconf 90' lang='lat' dir='ltr'><strong>mente.</strong></span> <span class='ocrx_word' id='word_1_652' title='bbox 1138 4216 1201 4271; x_wconf 90' lang='lat' dir='ltr'><strong>Non</strong></span> <span class='ocrx_word' id='word_1_653' title='bbox 1221 4217 1316 4289; x_wconf 90' lang='lat' dir='ltr'><strong>itaque</strong></span> <span class='ocrx_word' id='word_1_654' title='bbox 1338 4216 1378 4272; x_wconf 91' lang='lat' dir='ltr'><strong>sic</strong></span> <span class='ocrx_word' id='word_1_655' title='bbox 1396 4217 1597 4289; x_wconf 78' lang='lat' dir='ltr'><strong>intelligamus,</strong></span> <span class='ocrx_word' id='word_1_656' title='bbox 1617 4217 1775 4272; x_wconf 81' lang='lat' dir='ltr'><strong>secundum</strong></span> 
     </span>
     <span class='ocr_line' id='line_1_47' title="bbox 134 4304 1787 4378; baseline -0.005 -15"><span class='ocrx_word' id='word_1_657' title='bbox 134 4308 314 4373; x_wconf 84' lang='lat' dir='ltr'><strong>alterutrum,</strong></span> <span class='ocrx_word' id='word_1_658' title='bbox 334 4306 384 4361; x_wconf 88' lang='lat' dir='ltr'><strong>sed</strong></span> <span class='ocrx_word' id='word_1_659' title='bbox 408 4309 440 4360; x_wconf 88' lang='lat' dir='ltr'><strong>in</strong></span> <span class='ocrx_word' id='word_1_660' title='bbox 454 4307 584 4370; x_wconf 73' lang='lat' dir='ltr'><strong>inuicem,</strong></span> <span class='ocrx_word' id='word_1_661' title='bbox 596 4304 649 4359; x_wconf 90' lang='lat' dir='ltr'><strong>hoc</strong></span> <span class='ocrx_word' id='word_1_662' title='bbox 666 4305 742 4359; x_wconf 91' lang='lat' dir='ltr'><strong>enim</strong></span> <span class='ocrx_word' id='word_1_663' title='bbox 756 4304 816 4358; x_wconf 92' lang='lat' dir='ltr'><strong>vult</strong></span> <span class='ocrx_word' id='word_1_664' title='bbox 829 4304 931 4370; x_wconf 84' lang='lat' dir='ltr'><strong>dicere,</strong></span> <span class='ocrx_word' id='word_1_665' title='bbox 973 4307 1126 4372; x_wconf 76' lang='lat' dir='ltr'><strong>imaginem</strong></span> <span class='ocrx_word' id='word_1_666' title='bbox 1135 4309 1194 4375; x_wconf 85' lang='lat' dir='ltr'><strong>ejus</strong></span> <span class='ocrx_word' id='word_1_667' title='bbox 1204 4309 1254 4375; x_wconf 91' lang='lat' dir='ltr'><strong>qui</strong></span> <span class='ocrx_word' id='word_1_668' title='bbox 1262 4309 1366 4361; x_wconf 84' lang='lat' dir='ltr'><strong>creauit</strong></span> <span class='ocrx_word' id='word_1_669' title='bbox 1376 4323 1450 4373; x_wconf 86' lang='lat' dir='ltr'><strong>cum,</strong></span> <span class='ocrx_word' id='word_1_670' title='bbox 1465 4307 1546 4378; x_wconf 87' lang='lat' dir='ltr'><strong>qnasi</strong></span> <span class='ocrx_word' id='word_1_671' title='bbox 1560 4305 1617 4361; x_wconf 87' lang='lat' dir='ltr'><strong>alia</strong></span> <span class='ocrx_word' id='word_1_672' title='bbox 1628 4305 1787 4378; x_wconf 82' lang='lat' dir='ltr'><strong>sitiniaga.</strong></span> 
     </span>
     <span class='ocr_line' id='line_1_48' title="bbox 135 4392 1775 4467; baseline 0 -17"><span class='ocrx_word' id='word_1_673' title='bbox 135 4394 269 4467; x_wconf 90' lang='lat' dir='ltr'><strong>qnoniam</strong></span> <span class='ocrx_word' id='word_1_674' title='bbox 282 4411 340 4450; x_wconf 90' lang='lat' dir='ltr'><strong>uon</strong></span> <span class='ocrx_word' id='word_1_675' title='bbox 354 4401 398 4450; x_wconf 89' lang='lat' dir='ltr'><strong>est</strong></span> <span class='ocrx_word' id='word_1_676' title='bbox 412 4396 522 4465; x_wconf 84' lang='lat' dir='ltr'><strong>justum</strong></span> <span class='ocrx_word' id='word_1_677' title='bbox 536 4399 571 4448; x_wconf 92' lang='lat' dir='ltr'><strong>nt</strong></span> <span class='ocrx_word' id='word_1_678' title='bbox 583 4409 648 4448; x_wconf 90' lang='lat' dir='ltr'><strong>cnm</strong></span> <span class='ocrx_word' id='word_1_679' title='bbox 662 4392 840 4448; x_wconf 86' lang='lat' dir='ltr'><strong>simulatione</strong></span> <span class='ocrx_word' id='word_1_680' title='bbox 854 4392 932 4448; x_wconf 92' lang='lat' dir='ltr'><strong>vobis</strong></span> <span class='ocrx_word' id='word_1_681' title='bbox 972 4393 1126 4449; x_wconf 91' lang='lat' dir='ltr'><strong>secundnm</strong></span> <span class='ocrx_word' id='word_1_682' title='bbox 1150 4410 1235 4466; x_wconf 90' lang='lat' dir='ltr'><strong>qnam</strong></span> <span class='ocrx_word' id='word_1_683' title='bbox 1255 4400 1415 4460; x_wconf 86' lang='lat' dir='ltr'><strong>renovatur,</strong></span> <span class='ocrx_word' id='word_1_684' title='bbox 1440 4412 1497 4450; x_wconf 90' lang='lat' dir='ltr'><strong>nan</strong></span> <span class='ocrx_word' id='word_1_685' title='bbox 1521 4396 1583 4467; x_wconf 86' lang='lat' dir='ltr'><strong>ipsa</strong></span> <span class='ocrx_word' id='word_1_686' title='bbox 1605 4411 1669 4467; x_wconf 80' lang='lat' dir='ltr'><strong>qnae</strong></span> <span class='ocrx_word' id='word_1_687' title='bbox 1687 4410 1775 4450; x_wconf 86' lang='lat' dir='ltr'><strong>rena-</strong></span> 
     </span>
     <span class='ocr_line' id='line_1_49' title="bbox 134 4480 1063 4555; baseline -0.005 -15"><span class='ocrx_word' id='word_1_688' title='bbox 134 4484 266 4551; x_wconf 86' lang='lat' dir='ltr'><strong>narretis,</strong></span> <span class='ocrx_word' id='word_1_689' title='bbox 282 4484 331 4539; x_wconf 89' lang='lat' dir='ltr'><strong>sed</strong></span> <span class='ocrx_word' id='word_1_690' title='bbox 344 4485 455 4540; x_wconf 89' lang='lat' dir='ltr'><strong>sincera</strong></span> <span class='ocrx_word' id='word_1_691' title='bbox 468 4489 573 4549; x_wconf 89' lang='lat' dir='ltr'><strong>mente,</strong></span> <span class='ocrx_word' id='word_1_692' title='bbox 597 4488 626 4537; x_wconf 93' lang='lat' dir='ltr'><strong>et</strong></span> <span class='ocrx_word' id='word_1_693' title='bbox 649 4482 783 4555; x_wconf 89' lang='lat' dir='ltr'><strong>qnoniam</strong></span> <span class='ocrx_word' id='word_1_694' title='bbox 806 4480 933 4538; x_wconf 86' lang='lat' dir='ltr'><strong>membra</strong></span> <span class='ocrx_word' id='word_1_695' title='bbox 972 4487 1063 4537; x_wconf 87' lang='lat' dir='ltr'><strong>vatur.</strong></span> 
     </span>
    </p>

    <p class='ocr_par' dir='ltr' id='par_1_6' title="bbox 55 4571 1779 5524">
     <span class='ocr_line' id='line_1_50' title="bbox 135 4571 1777 4645; baseline 0.001 -18"><span class='ocrx_word' id='word_1_696' title='bbox 135 4571 298 4638; x_wconf 79' lang='lat' dir='ltr'><strong>neminavit,</strong></span> <span class='ocrx_word' id='word_1_697' title='bbox 310 4578 389 4628; x_wconf 90' lang='lat' dir='ltr'><strong>actus</strong></span> <span class='ocrx_word' id='word_1_698' title='bbox 399 4573 525 4645; x_wconf 90' lang='lat' dir='ltr'><strong>seipsum</strong></span> <span class='ocrx_word' id='word_1_699' title='bbox 539 4577 689 4645; x_wconf 86' lang='lat' dir='ltr'><strong>sequentes</strong></span> <span class='ocrx_word' id='word_1_700' title='bbox 702 4571 816 4642; x_wconf 84' lang='lat' dir='ltr'><strong>adjicit:</strong></span> <span class='ocrx_word' id='word_1_701' title='bbox 834 4572 932 4640; x_wconf 78' lang='lat' dir='ltr'><strong>Euspe-</strong></span> <span class='ocrx_word' id='word_1_702' title='bbox 1009 4573 1118 4626; x_wconf 88' lang='lat' dir='ltr'><strong>Induite</strong></span> <span class='ocrx_word' id='word_1_703' title='bbox 1132 4588 1196 4640; x_wconf 79' lang='lat' dir='ltr'><strong>erpo</strong></span> <span class='ocrx_word' id='word_1_704' title='bbox 1209 4589 1254 4628; x_wconf 85' lang='lat' dir='ltr'><strong>nas</strong></span> <span class='ocrx_word' id='word_1_705' title='bbox 1270 4576 1342 4629; x_wconf 88' lang='lat' dir='ltr'><strong>sicut</strong></span> <span class='ocrx_word' id='word_1_706' title='bbox 1357 4577 1433 4628; x_wconf 86' lang='lat' dir='ltr'><strong>eiecti</strong></span> <span class='ocrx_word' id='word_1_707' title='bbox 1455 4575 1505 4628; x_wconf 76' lang='lat' dir='ltr'><strong>liei</strong></span> <span class='ocrx_word' id='word_1_708' title='bbox 1520 4576 1612 4628; x_wconf 86' lang='lat' dir='ltr'><strong>suncti</strong></span> <span class='ocrx_word' id='word_1_709' title='bbox 1630 4578 1656 4627; x_wconf 89' lang='lat' dir='ltr'><strong>et</strong></span> <span class='ocrx_word' id='word_1_710' title='bbox 1678 4574 1777 4628; x_wconf 67' lang='lat' dir='ltr'><strong>ditsmi</strong></span> 
     </span>
     <span class='ocr_line' id='line_1_51' title="bbox 55 4660 1778 4732; baseline 0.002 -18"><span class='ocrx_word' id='word_1_711' title='bbox 55 4708 58 4713; x_wconf 89' lang='lat'><strong>.</strong></span> <span class='ocrx_word' id='word_1_712' title='bbox 135 4663 566 4717; x_wconf 82' lang='lat' dir='ltr'><strong>tiantesuasueteremtscminem</strong></span> <span class='ocrx_word' id='word_1_713' title='bbox 574 4677 639 4715; x_wconf 77' lang='lat' dir='ltr'><strong>euin</strong></span> <span class='ocrx_word' id='word_1_714' title='bbox 647 4663 826 4730; x_wconf 81' lang='lat' dir='ltr'><strong>actibusejus.</strong></span> <span class='ocrx_word' id='word_1_715' title='bbox 839 4660 932 4714; x_wconf 80' lang='lat' dir='ltr'><strong>Exin-</strong></span> <span class='ocrx_word' id='word_1_716' title='bbox 972 4663 1778 4732; x_wconf 63' lang='lat' dir='ltr'><strong>uisceramiserieordie,benignitatemhumiiitatemmo·</strong></span> 
     </span>
     <span class='ocr_line' id='line_1_52' title="bbox 135 4748 1777 4823; baseline 0.003 -21"><span class='ocrx_word' id='word_1_717' title='bbox 135 4752 225 4819; x_wconf 90' lang='lat' dir='ltr'><strong>tegro,</strong></span> <span class='ocrx_word' id='word_1_718' title='bbox 242 4748 343 4819; x_wconf 89' lang='lat' dir='ltr'><strong>inquit,</strong></span> <span class='ocrx_word' id='word_1_719' title='bbox 364 4749 494 4804; x_wconf 87' lang='lat' dir='ltr'><strong>convenit</strong></span> <span class='ocrx_word' id='word_1_720' title='bbox 511 4766 560 4804; x_wconf 89' lang='lat' dir='ltr'><strong>vos</strong></span> <span class='ocrx_word' id='word_1_721' title='bbox 588 4749 738 4805; x_wconf 88' lang='lat' dir='ltr'><strong>mortalem</strong></span> <span class='ocrx_word' id='word_1_722' title='bbox 759 4748 932 4819; x_wconf 85' lang='lat' dir='ltr'><strong>deponentes</strong></span> <span class='ocrx_word' id='word_1_723' title='bbox 972 4750 1098 4815; x_wconf 73' lang='lat' dir='ltr'><strong>dentiam,</strong></span> <span class='ocrx_word' id='word_1_724' title='bbox 1112 4753 1289 4818; x_wconf 86' lang='lat' dir='ltr'><strong>patientiam.</strong></span> <span class='ocrx_word' id='word_1_725' title='bbox 1303 4751 1406 4823; x_wconf 83' lang='lat' dir='ltr'><strong>(ilier.)</strong></span> <span class='ocrx_word' id='word_1_726' title='bbox 1421 4751 1456 4806; x_wconf 86' lang='lat' dir='ltr'><strong>Et</strong></span> <span class='ocrx_word' id='word_1_727' title='bbox 1468 4751 1504 4805; x_wconf 93' lang='lat' dir='ltr'><strong>de</strong></span> <span class='ocrx_word' id='word_1_728' title='bbox 1518 4749 1777 4823; x_wconf 86' lang='lat' dir='ltr'><strong>sponsadicitnrin</strong></span> 
     </span>
     <span class='ocr_line' id='line_1_53' title="bbox 135 4836 1779 4910; baseline 0.002 -18"><span class='ocrx_word' id='word_1_729' title='bbox 135 4837 280 4893; x_wconf 89' lang='lat' dir='ltr'><strong>hominem</strong></span> <span class='ocrx_word' id='word_1_730' title='bbox 291 4836 434 4909; x_wconf 88' lang='lat' dir='ltr'><strong>deponere</strong></span> <span class='ocrx_word' id='word_1_731' title='bbox 448 4838 535 4892; x_wconf 90' lang='lat' dir='ltr'><strong>etiam</strong></span> <span class='ocrx_word' id='word_1_732' title='bbox 549 4844 578 4893; x_wconf 90' lang='lat' dir='ltr'><strong>et</strong></span> <span class='ocrx_word' id='word_1_733' title='bbox 591 4844 671 4894; x_wconf 92' lang='lat' dir='ltr'><strong>actus</strong></span> <span class='ocrx_word' id='word_1_734' title='bbox 684 4842 886 4910; x_wconf 85' lang='lat' dir='ltr'><strong>consequentes</strong></span> <span class='ocrx_word' id='word_1_735' title='bbox 900 4837 933 4891; x_wconf 93' lang='lat' dir='ltr'><strong>il·</strong></span> <span class='ocrx_word' id='word_1_736' title='bbox 972 4839 1081 4910; x_wconf 90' lang='lat' dir='ltr'><strong>psalmo</strong></span> <span class='ocrx_word' id='word_1_737' title='bbox 1098 4857 1104 4891; x_wconf 77' lang='grc' dir='ltr'>ε</span> <span class='ocrx_word' id='word_1_738' title='bbox 1121 4840 1235 4895; x_wconf 76' lang='lat' dir='ltr'><strong>Adstitit</strong></span> <span class='ocrx_word' id='word_1_739' title='bbox 1245 4844 1343 4909; x_wconf 69' lang='lat' dir='ltr'><strong>meina</strong></span> <span class='ocrx_word' id='word_1_740' title='bbox 1357 4857 1376 4894; x_wconf 87' lang='lat' dir='ltr'><strong>a</strong></span> <span class='ocrx_word' id='word_1_741' title='bbox 1388 4841 1493 4895; x_wconf 82' lang='lat' dir='ltr'><strong>destris</strong></span> <span class='ocrx_word' id='word_1_742' title='bbox 1504 4843 1560 4894; x_wconf 85' lang='lat' dir='ltr'><strong>tuis</strong></span> <span class='ocrx_word' id='word_1_743' title='bbox 1573 4842 1606 4894; x_wconf 84' lang='lat' dir='ltr'><strong>iu</strong></span> <span class='ocrx_word' id='word_1_744' title='bbox 1618 4842 1721 4894; x_wconf 77' lang='lat' dir='ltr'><strong>mstitu</strong></span> <span class='ocrx_word' id='word_1_745' title='bbox 1730 4840 1779 4895; x_wconf 83' lang='lat' dir='ltr'><strong>dc·</strong></span> 
     </span>
     <span class='ocr_line' id='line_1_54' title="bbox 134 4925 1777 4998; baseline 0.003 -18"><span class='ocrx_word' id='word_1_746' title='bbox 134 4925 204 4995; x_wconf 89' lang='lat' dir='ltr'><strong>lnm,</strong></span> <span class='ocrx_word' id='word_1_747' title='bbox 215 4927 248 4982; x_wconf 77' lang='lat' dir='ltr'><strong>ts</strong></span> <span class='ocrx_word' id='word_1_748' title='bbox 255 4927 366 4982; x_wconf 81' lang='lat' dir='ltr'><strong>induite</strong></span> <span class='ocrx_word' id='word_1_749' title='bbox 379 4942 481 4980; x_wconf 76' lang='lat' dir='ltr'><strong>meum</strong></span> <span class='ocrx_word' id='word_1_750' title='bbox 493 4943 565 4994; x_wconf 90' lang='lat' dir='ltr'><strong>eum,</strong></span> <span class='ocrx_word' id='word_1_751' title='bbox 579 4931 630 4996; x_wconf 92' lang='lat' dir='ltr'><strong>qui</strong></span> <span class='ocrx_word' id='word_1_752' title='bbox 639 4933 791 4985; x_wconf 84' lang='lat' dir='ltr'><strong>renouatur</strong></span> <span class='ocrx_word' id='word_1_753' title='bbox 806 4929 838 4980; x_wconf 88' lang='lat' dir='ltr'><strong>in</strong></span> <span class='ocrx_word' id='word_1_754' title='bbox 852 4929 933 4995; x_wconf 73' lang='lat' dir='ltr'><strong>agni·</strong></span> <span class='ocrx_word' id='word_1_755' title='bbox 971 4934 1083 4993; x_wconf 85' lang='lat' dir='ltr'><strong>aurato,</strong></span> <span class='ocrx_word' id='word_1_756' title='bbox 1094 4929 1268 4983; x_wconf 87' lang='lat' dir='ltr'><strong>circumdata</strong></span> <span class='ocrx_word' id='word_1_757' title='bbox 1282 4932 1415 4984; x_wconf 86' lang='lat' dir='ltr'><strong>uarietate</strong></span> <span class='ocrx_word' id='word_1_758' title='bbox 1431 4930 1512 4995; x_wconf 72' lang='lat' dir='ltr'><strong>(Psai.</strong></span> <span class='ocrx_word' id='word_1_759' title='bbox 1528 4930 1614 4998; x_wconf 77' lang='lat' dir='ltr'><strong>xciv).</strong></span> <span class='ocrx_word' id='word_1_760' title='bbox 1628 4926 1706 4993; x_wconf 86' lang='lat' dir='ltr'><strong>Quid</strong></span> <span class='ocrx_word' id='word_1_761' title='bbox 1720 4927 1777 4985; x_wconf 78' lang='lat' dir='ltr'><strong>bac</strong></span> 
     </span>
     <span class='ocr_line' id='line_1_55' title="bbox 135 5015 1778 5089; baseline 0.003 -20"><span class='ocrx_word' id='word_1_762' title='bbox 135 5016 414 5083; x_wconf 82' lang='lat' dir='ltr'><strong>tionsm,·secundum</strong></span> <span class='ocrx_word' id='word_1_763' title='bbox 428 5016 581 5083; x_wconf 72' lang='lat' dir='ltr'><strong>imaginem</strong></span> <span class='ocrx_word' id='word_1_764' title='bbox 598 5020 668 5086; x_wconf 77' lang='lat' dir='ltr'><strong>ejus,</strong></span> <span class='ocrx_word' id='word_1_765' title='bbox 679 5019 730 5084; x_wconf 89' lang='lat' dir='ltr'><strong>qui</strong></span> <span class='ocrx_word' id='word_1_766' title='bbox 742 5019 845 5070; x_wconf 80' lang='lat' dir='ltr'><strong>meavit</strong></span> <span class='ocrx_word' id='word_1_767' title='bbox 855 5032 929 5070; x_wconf 86' lang='lat' dir='ltr'><strong>eum.</strong></span> <span class='ocrx_word' id='word_1_768' title='bbox 973 5015 1108 5071; x_wconf 82' lang='lat' dir='ltr'><strong>varietate</strong></span> <span class='ocrx_word' id='word_1_769' title='bbox 1120 5016 1289 5089; x_wconf 82' lang='lat' dir='ltr'><strong>pulchrius?</strong></span> <span class='ocrx_word' id='word_1_770' title='bbox 1301 5017 1336 5072; x_wconf 91' lang='lat' dir='ltr'><strong>de</strong></span> <span class='ocrx_word' id='word_1_771' title='bbox 1351 5033 1407 5088; x_wconf 90' lang='lat' dir='ltr'><strong>qua</strong></span> <span class='ocrx_word' id='word_1_772' title='bbox 1416 5015 1505 5072; x_wconf 85' lang='lat' dir='ltr'><strong>etiob</strong></span> <span class='ocrx_word' id='word_1_773' title='bbox 1514 5015 1694 5088; x_wconf 83' lang='lat' dir='ltr'><strong>loquebatur,</strong></span> <span class='ocrx_word' id='word_1_774' title='bbox 1705 5016 1778 5085; x_wconf 77' lang='lat' dir='ltr'><strong>Quis</strong></span> 
     </span>
     <span class='ocr_line' id='line_1_56' title="bbox 134 5102 1777 5176; baseline 0.002 -18"><span class='ocrx_word' id='word_1_775' title='bbox 134 5102 330 5160; x_wconf 81' lang='lat' dir='ltr'><strong>Consentanea</strong></span> <span class='ocrx_word' id='word_1_776' title='bbox 343 5119 428 5176; x_wconf 87' lang='lat' dir='ltr'><strong>agere</strong></span> <span class='ocrx_word' id='word_1_777' title='bbox 440 5102 549 5158; x_wconf 80' lang='lat' dir='ltr'><strong>debetis</strong></span> <span class='ocrx_word' id='word_1_778' title='bbox 562 5104 629 5158; x_wconf 90' lang='lat' dir='ltr'><strong>hnic</strong></span> <span class='ocrx_word' id='word_1_779' title='bbox 653 5121 724 5159; x_wconf 88' lang='lat' dir='ltr'><strong>novo</strong></span> <span class='ocrx_word' id='word_1_780' title='bbox 739 5121 824 5176; x_wconf 90' lang='lat' dir='ltr'><strong>quem</strong></span> <span class='ocrx_word' id='word_1_781' title='bbox 839 5104 931 5160; x_wconf 91' lang='lat' dir='ltr'><strong>induti</strong></span> <span class='ocrx_word' id='word_1_782' title='bbox 972 5104 1046 5159; x_wconf 83' lang='lat' dir='ltr'><strong>dedit</strong></span> <span class='ocrx_word' id='word_1_783' title='bbox 1061 5108 1227 5161; x_wconf 86' lang='lat' dir='ltr'><strong>mutieribus</strong></span> <span class='ocrx_word' id='word_1_784' title='bbox 1243 5110 1356 5161; x_wconf 80' lang='lat' dir='ltr'><strong>tectura</strong></span> <span class='ocrx_word' id='word_1_785' title='bbox 1369 5109 1546 5175; x_wconf 86' lang='lat' dir='ltr'><strong>sapientiam,</strong></span> <span class='ocrx_word' id='word_1_786' title='bbox 1561 5110 1613 5160; x_wconf 91' lang='lat' dir='ltr'><strong>aut</strong></span> <span class='ocrx_word' id='word_1_787' title='bbox 1625 5107 1777 5161; x_wconf 81' lang='lat' dir='ltr'><strong>uarietatis</strong></span> 
     </span>
     <span class='ocr_line' id='line_1_57' title="bbox 134 5191 1777 5265; baseline 0.002 -19"><span class='ocrx_word' id='word_1_788' title='bbox 134 5191 203 5246; x_wconf 72' lang='lat' dir='ltr'><strong>sads</strong></span> <span class='ocrx_word' id='word_1_789' title='bbox 216 5193 341 5248; x_wconf 85' lang='lat' dir='ltr'><strong>renovati</strong></span> <span class='ocrx_word' id='word_1_790' title='bbox 353 5193 455 5248; x_wconf 82' lang='lat' dir='ltr'><strong>attacti</strong></span> <span class='ocrx_word' id='word_1_791' title='bbox 465 5191 619 5248; x_wconf 87' lang='lat' dir='ltr'><strong>secundnm</strong></span> <span class='ocrx_word' id='word_1_792' title='bbox 633 5192 786 5264; x_wconf 82' lang='lat' dir='ltr'><strong>imaginem</strong></span> <span class='ocrx_word' id='word_1_793' title='bbox 795 5194 867 5264; x_wconf 75' lang='lat' dir='ltr'><strong>eins,</strong></span> <span class='ocrx_word' id='word_1_794' title='bbox 883 5193 931 5265; x_wconf 89' lang='lat' dir='ltr'><strong>qni</strong></span> <span class='ocrx_word' id='word_1_795' title='bbox 971 5195 1173 5263; x_wconf 71' lang='lat' dir='ltr'><strong>disciplinam?</strong></span> <span class='ocrx_word' id='word_1_796' title='bbox 1195 5197 1261 5263; x_wconf 75' lang='lat' dir='ltr'><strong>(iot.</strong></span> <span class='ocrx_word' id='word_1_797' title='bbox 1286 5197 1396 5263; x_wconf 79' lang='lat' dir='ltr'><strong>usum)</strong></span> <span class='ocrx_word' id='word_1_798' title='bbox 1419 5200 1448 5249; x_wconf 92' lang='lat' dir='ltr'><strong>et</strong></span> <span class='ocrx_word' id='word_1_799' title='bbox 1471 5192 1595 5265; x_wconf 72' lang='lat' dir='ltr'><strong>pontifex</strong></span> <span class='ocrx_word' id='word_1_800' title='bbox 1627 5192 1719 5249; x_wconf 84' lang='lat' dir='ltr'><strong>semel</strong></span> <span class='ocrx_word' id='word_1_801' title='bbox 1743 5194 1777 5250; x_wconf 87' lang='lat' dir='ltr'><strong>in</strong></span> 
     </span>
     <span class='ocr_line' id='line_1_58' title="bbox 134 5277 1777 5355; baseline 0.004 -23"><span class='ocrx_word' id='word_1_802' title='bbox 134 5277 216 5332; x_wconf 86' lang='lat' dir='ltr'><strong>iatius</strong></span> <span class='ocrx_word' id='word_1_803' title='bbox 228 5279 408 5335; x_wconf 85' lang='lat' dir='ltr'><strong>recreationis</strong></span> <span class='ocrx_word' id='word_1_804' title='bbox 416 5279 495 5335; x_wconf 88' lang='lat' dir='ltr'><strong>vobis</strong></span> <span class='ocrx_word' id='word_1_805' title='bbox 504 5285 603 5334; x_wconf 87' lang='lat' dir='ltr'><strong>auctor</strong></span> <span class='ocrx_word' id='word_1_806' title='bbox 613 5280 728 5347; x_wconf 86' lang='lat' dir='ltr'><strong>exstitit,</strong></span> <span class='ocrx_word' id='word_1_807' title='bbox 735 5281 932 5337; x_wconf 78' lang='lat' dir='ltr'><strong>ntdicatchri·</strong></span> <span class='ocrx_word' id='word_1_808' title='bbox 972 5297 1055 5346; x_wconf 88' lang='lat' dir='ltr'><strong>anno,</strong></span> <span class='ocrx_word' id='word_1_809' title='bbox 1071 5282 1184 5353; x_wconf 88' lang='lat' dir='ltr'><strong>qnando</strong></span> <span class='ocrx_word' id='word_1_810' title='bbox 1197 5299 1248 5355; x_wconf 88' lang='lat' dir='ltr'><strong>pro</strong></span> <span class='ocrx_word' id='word_1_811' title='bbox 1262 5282 1365 5354; x_wconf 90' lang='lat' dir='ltr'><strong>populo</strong></span> <span class='ocrx_word' id='word_1_812' title='bbox 1379 5281 1511 5337; x_wconf 89' lang='lat' dir='ltr'><strong>adolebat</strong></span> <span class='ocrx_word' id='word_1_813' title='bbox 1519 5281 1717 5349; x_wconf 87' lang='lat' dir='ltr'><strong>incensum,et</strong></span> <span class='ocrx_word' id='word_1_814' title='bbox 1730 5283 1777 5339; x_wconf 90' lang='lat' dir='ltr'><strong>in·</strong></span> 
     </span>
     <span class='ocr_line' id='line_1_59' title="bbox 134 5366 1778 5440; baseline 0.004 -20"><span class='ocrx_word' id='word_1_815' title='bbox 134 5366 171 5420; x_wconf 74' lang='lat' dir='ltr'><strong>mi</strong></span> <span class='ocrx_word' id='word_1_816' title='bbox 184 5383 190 5419; x_wconf 91' lang='lat'><strong>:</strong></span> <span class='ocrx_word' id='word_1_817' title='bbox 201 5366 383 5437; x_wconf 87' lang='lat' dir='ltr'><strong>itaque-enim</strong></span> <span class='ocrx_word' id='word_1_818' title='bbox 398 5366 623 5424; x_wconf 77' lang='lat' dir='ltr'><strong>inconvertibiles</strong></span> <span class='ocrx_word' id='word_1_819' title='bbox 635 5385 750 5424; x_wconf 89' lang='lat' dir='ltr'><strong>manere</strong></span> <span class='ocrx_word' id='word_1_820' title='bbox 762 5386 811 5424; x_wconf 90' lang='lat' dir='ltr'><strong>vos</strong></span> <span class='ocrx_word' id='word_1_821' title='bbox 820 5369 848 5423; x_wconf 92' lang='lat' dir='ltr'><strong>in</strong></span> <span class='ocrx_word' id='word_1_822' title='bbox 859 5368 931 5424; x_wconf 91' lang='lat' dir='ltr'><strong>bono</strong></span> <span class='ocrx_word' id='word_1_823' title='bbox 970 5369 1152 5440; x_wconf 86' lang='lat' dir='ltr'><strong>grediebatnr</strong></span> <span class='ocrx_word' id='word_1_824' title='bbox 1160 5371 1189 5427; x_wconf 93' lang='lat' dir='ltr'><strong>in</strong></span> <span class='ocrx_word' id='word_1_825' title='bbox 1199 5378 1296 5426; x_wconf 89' lang='lat' dir='ltr'><strong>sancta</strong></span> <span class='ocrx_word' id='word_1_826' title='bbox 1305 5369 1701 5437; x_wconf 86' lang='lat' dir='ltr'><strong>sanctorum‚variisseatibus</strong></span> <span class='ocrx_word' id='word_1_827' title='bbox 1710 5376 1778 5426; x_wconf 82' lang='lat' dir='ltr'><strong>ute·</strong></span> 
     </span>
     <span class='ocr_line' id='line_1_60' title="bbox 133 5455 1776 5524; baseline 0.005 -16"><span class='ocrx_word' id='word_1_828' title='bbox 133 5455 288 5524; x_wconf 84' lang='lat' dir='ltr'><strong>peremnia</strong></span> <span class='ocrx_word' id='word_1_829' title='bbox 298 5456 665 5513; x_wconf 78' lang='lat' dir='ltr'><strong>conuenithoccnimvobis</strong></span> <span class='ocrx_word' id='word_1_830' title='bbox 679 5457 814 5513; x_wconf 85' lang='lat' dir='ltr'><strong>ialutnro</strong></span> <span class='ocrx_word' id='word_1_831' title='bbox 826 5457 927 5524; x_wconf 87' lang='lat' dir='ltr'><strong>aderit,</strong></span> <span class='ocrx_word' id='word_1_832' title='bbox 971 5457 1063 5513; x_wconf 89' lang='lat' dir='ltr'><strong>batur.</strong></span> <span class='ocrx_word' id='word_1_833' title='bbox 1075 5460 1158 5515; x_wconf 60' lang='lat' dir='ltr'><strong>(terte</strong></span> <span class='ocrx_word' id='word_1_834' title='bbox 1171 5461 1194 5515; x_wconf 85' lang='lat' dir='ltr'><strong>si</strong></span> <span class='ocrx_word' id='word_1_835' title='bbox 1214 5459 1318 5515; x_wconf 78' lang='lat' dir='ltr'><strong>divitie</strong></span> <span class='ocrx_word' id='word_1_836' title='bbox 1335 5460 1499 5515; x_wconf 81' lang='lat' dir='ltr'><strong>varietatem</strong></span> <span class='ocrx_word' id='word_1_837' title='bbox 1521 5458 1643 5514; x_wconf 70' lang='lat' dir='ltr'><strong>saeuum</strong></span> <span class='ocrx_word' id='word_1_838' title='bbox 1662 5465 1693 5515; x_wconf 83' lang='lat' dir='ltr'><strong>et</strong></span> <span class='ocrx_word' id='word_1_839' title='bbox 1712 5475 1776 5517; x_wconf 82' lang='lat' dir='ltr'><strong>nnn</strong></span> 
     </span>
    </p>
   </div>
   <div class='ocr_carea' id='block_1_6' title="bbox 0 0 1912 6116">
    <p class='ocr_par' dir='ltr' id='par_1_7' title="bbox 0 0 1912 6116">
     <span class='ocr_line' id='line_1_61' title="bbox 0 0 1912 6116; baseline 0 0"><span class='ocrx_word' id='word_1_840' title='bbox 0 0 1912 6116; x_wconf 95' lang='lat' dir='ltr'><strong> </strong></span> 
     </span>
    </p>
   </div>
  </div>
 </body>
</html>
