3772 6120
85 266 156 328 15l7
810 275 1001 330 nrlsrbun.
1659 281 1728 337 1518

80 413 183 468 passus
198 401 241 450 est
255 397 366 467 quando
381 398 511 468 primitus
525 415 558 450 ex
573 414 643 467 pane
659 403 688 451 et
702 399 765 452 rino
781 398 1010 468 digna-Annum
1023 400 1170 473 sitcorpus
1183 403 1267 457 unius
1278 403 1349 474 Agni
1365 422 1370 456 :
1388 408 1416 457 et
1426 405 1479 458 hoc
1493 404 1605 472 ideirco,
1619 404 1686 476 quia
1699 412 1727 460 et

81 493 131 540 tus
149 490 304 539 astrorum
327 502 427 557 corpus
443 492 471 539 et
488 487 654 556 sanguinem
676 503 758 541 suum
778 503 883 552 creare,
926 487 995 542 illud
1019 495 1048 543 et
1066 490 1142 543 istud
1157 507 1253 545 verum
1273 497 1316 545 est
1334 508 1444 563 rorpuS,
1460 498 1489 546 et
1511 509 1578 547 reru
1601 493 1729 564 pariliter

83 590 258 637 consecrare,
270 579 299 628 et
313 574 455 646 discipulis
470 575 528 629 suis
541 576 619 632 (lore.
632 581 763 630 manente
776 576 886 645 integro
926 592 1001 630 caro.
1012 577 1091 641 Quod
1106 584 1137 633 ut
1151 580 1326 633 manifestius
1339 581 1397 646 siat,
1408 581 1541 652 exeniplis
1552 580 1727 636 evidentibus

69 663 214 718 ‘humano
234 680 350 735 corpore
363 679 414 717 suo
431 681 436 714 :
459 664 499 718 ila
522 665 685 718 nullatenus
708 665 884 735 postmodum
927 665 1058 735 probabo.
1074 646 1167 737 lpsius
1181 669 1293 723 Domini
1309 669 1412 723 Christi
1423 670 1557 731 astallus,
1573 687 1629 724 non
1641 670 1727 742 (quod

88 768 188 824 passus
206 759 260 819 est,
277 753 384 823 patitur
403 753 445 806 rel
468 753 601 824 patietur,
618 753 728 824 quoties
744 769 845 825 corpus
859 759 887 806 et
927 754 1009 826 absit)
1025 757 1218 825 personaliter,
1242 757 1289 811 sed
1318 758 1485 812 naturaliter
1511 758 1627 830 spiritus
1646 761 1729 830 juxta

85 841 252 911 sanguinem
269 858 351 896 suum
362 859 394 895 ex
405 858 477 912 pane
491 850 569 896 creat
582 848 611 896 et
624 842 698 896 rino.
715 841 795 906 Quod
808 858 887 912 aper·
926 843 1111 912 divinitatem,
1123 846 1194 901 alius
1206 847 1373 901 naturaliter
1383 849 1497 918 spiritus
1506 850 1587 919 juxta
1598 848 1728 903 humani-

83 930 195 985 tissime
205 930 326 1001 probans
341 932 570 1002 Apostolus‚curn
579 931 719 985 divisisset
729 930 799 984 illud
812 931 886 1001 quod
927 938 1013 987 tritum
1026 951 1031 986 :
1042 934 1126 989 simul
1135 941 1230 990 tamen
1245 952 1301 990 non
1317 936 1382 1002 duo,
1395 936 1528 991 sedunus
1541 942 1584 992 est
1597 954 1729 1008 personu-

84 1019 209 1091 positum
224 1020 361 1091 superius,
376 1037 451 1074 nunc
460 1027 555 1074 autern
566 1020 651 1073 semel
659 1019 799 1090 apparuit,
811 1019 887 1073 illico
928 1021 1114 1092 litorspiritus
1122 1025 1381 1096 propterunitatem
1389 1027 1603 1096 personatam
1613 1027 1729 1099 spiritus

84 1107 310 1164 sulrinferensait
320 1128 325 1161 :
337 1130 347 1160 ι
357 1109 631 1180 litquemadmodum
640 1112 778 1162 statutum
788 1108 889 1163 estlro-
929 1109 1004 1164 Deus
1013 1111 1063 1165 Dei
1076 1112 1171 1178 Filius,
1183 1112 1297 1183 spiritns
1312 1113 1415 1183 ubique
1430 1120 1515 1179 totus,
1529 1130 1667 1186 nusquam
1683 1132 1729 1169 ne-

85 1198 243 1252 «minibus
256 1199 342 1252 semel
365 1198 446 1263 mori,
463 1198 594 1269 posthoc
617 1202 712 1251 autem
724 1196 885 1268 judicium:
929 1204 1044 1257 inatus:
1070 1206 1098 1254 et
1120 1201 1236 1271 spiritus
1261 1202 1383 1256 hominis
1406 1209 1527 1267 creatus,
1544 1220 1577 1257 ac
1606 1221 1655 1275 per
1676 1204 1730 1258 hoe

86 1306 100 1340 ι
124 1287 165 1340 sic
179 1294 209 1341 et
231 1286 360 1341 Christus
381 1287 467 1340 semel
492 1287 601 1341 oblatus
620 1293 663 1340 est
677 1287 713 1340 od
733 1287 887 1340 multorum
927 1286 1023 1341 localis
1037 1294 1121 1358 atque
1136 1289 1370 1361 circumscriptus,
1387 1291 1421 1345 de
1443 1308 1498 1362 quo
1513 1292 1582 1346 dicit
1601 1293 1727 1362 Evange-

88 1396 100 1428 ‹
117 1376 309 1431 exhaurienda
319 1381 452 1447 peccatu,
465 1376 588 1430 secundo
607 1376 667 1430 sine
681 1382 794 1446 peraeto
805 1391 888 1447 appa·
928 1376 996 1430 lium
1013 1395 1020 1429 ε
1039 1397 1049 1427 ι
1068 1377 1100 1430 Et
1117 1378 1249 1434 inclinato
1270 1380 1360 1451 capite
1378 1380 1472 1434 emisit
1489 1381 1619 1451 spiritum
1635 1383 1726 1446 (lucri.

92 1485 105 1516 ι
121 1464 195 1520 rabit
208 1464 432 1536 exspectantibus
439 1481 469 1518 se
480 1464 509 1518 in
518 1465 638 1519 salutern
649 1466 721 1527 libid
729 1481 798 1518 rere.
813 1465 886 1532 an.»
929 1480 987 1529 xix,
1000 1463 1054 1532 30).
1068 1484 1078 1513 ι
1092 1465 1317 1537 Uniuscujusque
1329 1472 1455 1522 nostrum
1470 1468 1542 1522 alius
1557 1474 1600 1522 est
1615 1473 1730 1524 natura·

90 1554 150 1609 Deo
162 1554 280 1624 gratias,
298 1558 385 1624 patet,
402 1554 501 1624 placet,
519 1553 588 1608 libet
600 1554 721 1620 veritas,
737 1559 886 1624 prostrata,
930 1552 1223 1622 literhomoexterior,
1236 1556 1308 1610 alius
1319 1556 1443 1615 interior.
1458 1557 1567 1611 dicente
1577 1558 1726 1628 Apostolo:

91 1648 239 1717 perempta
245 1644 322 1713 jacet
330 1642 450 1697 salsitas:
463 1643 529 1713 quia
540 1643 670 1697 nimirum
681 1659 744 1697 curn
754 1643 889 1697 Dominus
932 1660 945 1695 a
960 1643 994 1696 Et
1007 1643 1030 1695 si
1046 1643 1168 1697 exterior
1179 1645 1264 1699 homo
1279 1651 1375 1699 noster
1387 1646 1585 1717 corrumpitur,
1597 1652 1694 1701 tamen
1706 1647 1730 1702 is

90 1732 121 1788 iu
135 1748 215 1786 eoena
233 1748 284 1786 sua
299 1731 377 1785 dedit
390 1732 615 1786 manducandum
629 1748 739 1803 eorpus,
755 1737 785 1785 et
793 1731 889 1785 biben-
900 1747 945 1814 B‘
959 1731 1008 1803 qni
1022 1732 1098 1787 intus
1119 1739 1171 1798 est,
1188 1740 1339 1789 renovatur
1357 1735 1391 1789 de
1410 1734 1456 1789 die
1476 1735 1504 1789 in
1523 1735 1597 1790 diem
1613 1737 1654 1795 (ll
1667 1737 1728 1790 Gor.

90 1822 160 1876 dum
175 1821 341 1892 sauguinem
351 1837 443 1885 suurn,
456 1820 525 1873 nihil
534 1820 600 1873 mali
610 1820 696 1874 fuerit
709 1836 817 1890 passus,
826 1837 890 1874 cum
933 1839 947 1872 n
960 1837 998 1885 rr,
1012 1819 1065 1880 lb).
1079 1844 1091 1868 ι
1104 1822 1195 1876 Simul
1205 1829 1300 1876 autern
1310 1839 1365 1878 non
1377 1823 1504 1878 homines
1514 1824 1579 1891 duo,
1594 1825 1642 1878 sed
1657 1841 1732 1880 unus

91 1916 190 1966 tamen
210 1910 303 1965 adhuc
328 1915 404 1964 esset
430 1908 569 1981 passibilis
586 1915 615 1963 et
633 1909 779 1964 mortalis:
802 1909 890 1963 multo
932 1914 975 1964 est
999 1909 1092 1975 horno,
1108 1915 1179 1964 teste
1198 1910 1259 1982 ipso
1280 1911 1392 1965 Christo
1411 1912 1459 1983 qui
1474 1918 1566 1967 totum
1585 1913 1731 1969 hommem

90 1999 184 2053 minus
204 2015 355 2070 resurgens
369 2015 386 2052 a
399 1998 518 2053 mortuis
531 1998 709 2070 postmodum
723 2015 822 2069 passus
838 2004 889 2065 est,
932 1997 997 2052 lecit
1015 2014 1114 2052 sanum
1139 1999 1169 2052 in
1187 1997 1312 2054 sabbato.
1331 1999 1411 2053 Alius
1425 2005 1468 2054 est
1489 2001 1605 2071 spiritus
1625 2002 1686 2069 Dei,
1703 2008 1732 2057 et

88 2089 206 2161 patitur,
219 2087 262 2142 rel
272 2087 396 2159 patietur
408 2104 525 2141 nrarrens
540 2087 720 2159 impassibilis
735 2092 764 2141 et
776 2088 890 2143 immor·
930 2087 1002 2141 alius
1012 2092 1056 2141 est
1069 2087 1191 2142 hominis
1203 2087 1318 2159 spiritus
1338 2107 1344 2141 ε
1362 2094 1389 2142 et
1404 2094 1498 2142 tamen
1516 2112 1526 2139 ι
1544 2090 1591 2160 qui
1606 2090 1732 2145 adhorret

88 2177 165 2243 taulis,
177 2177 287 2232 dicente
301 2177 453 2249 Apostolo:
470 2201 480 2223 ι
493 2177 621 2231 Christus
630 2193 780 2247 resurgens
790 2193 807 2230 a
818 2192 890 2230 mor·
933 2195 945 2227 o
960 2176 1089 2241 Domino,
1104 2193 1177 2231 unus
1192 2177 1308 2248 spiritus
1323 2182 1365 2231 est
1385 2177 1410 2244 (l
1424 2178 1485 2233 Cor.
1509 2194 1545 2244 rr,
1565 2178 1617 2247 ln.
1638 2198 1650 2229 ι
1667 2179 1730 2234 Alia

91 2286 103 2318 ι
120 2266 179 2322 tuis
190 2268 250 2337 jam
266 2282 322 2320 non
340 2265 474 2332 moritur,
491 2282 567 2320 mors
580 2265 621 2319 illi
636 2266 710 2320 ultra
724 2282 779 2321 non
798 2265 889 2319 domi·
930 2272 974 2320 est
986 2266 1170 2336 personaliter
1178 2283 1242 2320 earo
1256 2267 1316 2333 riri,
1334 2266 1390 2320 aliu
1405 2267 1515 2321 uxoris:
1533 2267 1617 2321 simul
1633 2273 1729 2322 numm

91 2373 104 2408 ι
120 2354 327 2423 nabitnrr'llom.
338 2358 385 2423 rx).
398 2375 408 2405 ι
420 2356 488 2409 Ecce
495 2354 589 2425 qualia
598 2354 890 2409 missarumsolenmia
930 2370 987 2409 una
1002 2359 1045 2408 est
1054 2370 1129 2421 caro,
1145 2355 1256 2409 dicente
1268 2355 1412 2426 Scriptum
1429 2372 1435 2407 :
1453 2373 1467 2409 ι
1483 2356 1518 2409 Et
1532 2361 1615 2409 erunt
1628 2355 1685 2410 duo
1699 2356 1729 2410 in

88 2444 268 2500 celebrantur
277 2443 312 2498 ab
327 2444 375 2498 illo
388 2444 473 2497 nimis
482 2444 565 2514 longe
575 2444 685 2516 lateque
699 2443 812 2497 laudato
822 2459 890 2514 pon·
932 2461 944 2495 ι
959 2460 1043 2498 carne
1058 2460 1114 2498 una
1129 2446 1219 2513 (ibid,
1235 2461 1303 2497 cerr.
1324 2440 1374 2505 lbi.
1395 2463 1406 2495 r
1422 2444 1501 2508 Quod
1517 2460 1658 2516 exponens
1672 2445 1728 2499 Do·

86 2533 191 2599 tillce¹,
207 2533 255 2604 qui
270 2550 320 2604 pro
334 2533 401 2587 solis
415 2532 542 2603 reprobis
557 2532 617 2587 vult
635 2538 665 2587 et
683 2532 815 2604 predicat
828 2533 889 2587 Do·
930 2533 1023 2586 minus
1039 2532 1079 2587 ait
1094 2533 1124 2586 in
1139 2533 1287 2603 Evangelio
1308 2551 1313 2586 :
1338 2552 1351 2585 ι
1371 2534 1470 2604 ltaque
1490 2535 1550 2604 jam
1572 2539 1640 2588 sunt
1660 2533 1725 2599 duo,

87 2623 196 2677 minum
218 2623 308 2677 Deum
332 2628 461 2676 nostrum
478 2623 562 2676 tritius
576 2621 734 2693 passionom
753 2621 886 2692 perdone,
931 2644 944 2672 ι
958 2622 1148 2676 sedunacaro
1165 2622 1270 2692 tollant.
1287 2638 1344 2685 ιιιιι,
1359 2622 1397 2691 6).
1419 2621 1527 2686 »Quod
1542 2621 1727 2677 historialiter

86 2710 197 2783 quoties
206 2711 241 2765 ad
253 2710 341 2765 altare
351 2715 558 2765 sacramentum
570 2710 694 2782 corporis
705 2714 734 2764 et
742 2709 887 2780 sanguinis
929 2711 1042 2782 quidem
1051 2711 1156 2766 l'actum
1170 2711 1260 2765 sciens
1274 2712 1424 2782 Apostolus
1435 2711 1463 2764 in
1480 2711 1569 2764 Adam
1580 2717 1609 2765 et
1624 2710 1651 2765 in
1662 2711 1728 2778 Era,

87 2799 202 2854 Domini
221 2800 326 2870 satagit
339 2800 468 2854 sacerdos
482 2800 600 2867 offerre3
617 2816 680 2854 eum
701 2815 798 2854 rursus
820 2799 888 2853 dicit
928 2806 1135 2855 sacramentum
1143 2806 1238 2855 tamen
1252 2817 1386 2871 magnum
1401 2799 1733 2873 spiritualiterinterpre.

87 2888 241 2960 Apostolus
256 2907 262 2942 :
277 2890 330 2943 «ln
344 2890 487 2943 voluntate
497 2889 547 2942 Dei
557 2888 828 2943 sanctificatisumus
839 2904 889 2959 per
928 2894 1005 2943 tatur
1019 2889 1047 2943 in
1063 2890 1175 2944 Christo
1185 2896 1214 2944 et
1227 2890 1257 2944 in
1273 2889 1403 2944 Ecclesia.
1417 2889 1492 2959 Ergo
1504 2890 1565 2959 jam
1580 2888 1663 2943 modo
1679 2904 1730 2960 pa·

91 2997 102 3030 ι
115 2977 288 3034 oblationem
297 2978 492 3049 corporislesu
501 2977 890 3044 Christi'semcl.»ltam,«Hic
929 2984 996 3040 teat,
1007 2979 1124 3050 placeat,
1136 2979 1231 3045 libeat,
1244 2996 1321 3049 rogo,
1334 2979 1409 3050 quod
1419 2979 1491 3033 Deus
1502 2978 1594 3044 homo,
1606 2976 1730 3032 Verbum

91 3071 212 3122 rwtem
239 3083 325 3123 unam
352 3084 403 3138 pro
431 3067 550 3138 peccatis
572 3067 690 3120 ollerens
714 3066 843 3132 hostiam,
859 3067 992 3130 incoaro
1013 3068 1063 3122 dat
1082 3069 1209 3123 Ecclesia
1227 3085 1295 3132 sura,
1312 3084 1420 3138 sponsa
1441 3084 1506 3130 sua,
1525 3066 1602 3121 carni
1625 3065 1732 3121 scilicet

91 3156 328 3228 «sempiternum
348 3157 428 3211 sedet
447 3156 482 3210 ad
502 3157 645 3217 ‹lentesam
664 3155 723 3222 Dei,
741 3156 889 3210 decaetero
929 3174 996 3224 sure,
1013 3158 1236 3212 manducandam
1248 3174 1361 3211 carnem
1375 3174 1456 3212 suain
1467 3158 1501 3210 de
1512 3156 1663 3227 semetipso
1678 3155 1729 3211 Dei

93 3263 106 3298 ι
123 3246 383 3318 exspectansdonec
393 3253 533 3317 ponantur
543 3244 648 3299 inimici
663 3246 725 3316 ejus
739 3245 889 3299 scabellum
930 3248 1019 3316 Agno,
1031 3251 1245 3317 sempertamen
1257 3252 1387 3301 manente
1398 3246 1468 3311 rivo,
1481 3262 1595 3317 semper
1606 3245 1728 3315 integro.

92 3351 107 3387 ι
123 3335 227 3406 pedum
242 3336 313 3405 ejus
331 3335 421 3390 Unam
438 3334 512 3388 eninr
528 3333 698 3388 oblationem
712 3350 890 3388 consumma·
931 3334 1120 3404 Igitursuam.
1132 3336 1228 3401 Lucet,
1245 3336 1344 3405 placet,
1356 3334 1433 3401 libet,
1451 3335 1525 3404 quod
1535 3334 1590 3388 alia
1605 3332 1732 3404 speciali·

94 3441 108 3475 ι
122 3423 163 3478 rit
176 3424 206 3478 iu
227 3424 430 3494 sempiternum
447 3423 635 3478 sanctificatis.
650 3425 740 3491 (licor.
762 3440 788 3488 x,
803 3420 857 3491 lu).
874 3439 888 3475 ι
931 3428 975 3476 ter
988 3427 1031 3476 est
1043 3439 1108 3476 caro
1123 3422 1384 3495 inconsumptibilis,
1400 3427 1429 3474 et
1443 3422 1498 3476 alia
1509 3421 1689 3492 sumptibilis,
1702 3425 1731 3475 et

128 3512 154 3567 7.
166 3512 220 3567 Sed
235 3517 267 3567 ut
280 3512 396 3566 tandem
408 3512 558 3583 aliquando
571 3513 643 3567 hanc
657 3512 791 3566 adversus
801 3511 892 3565 inimi·
931 3511 988 3564 aliu
997 3511 1156 3581 specialiter
1164 3509 1353 3581 corruptibilis
1367 3511 1473 3582 (Herip.
1491 3526 1549 3578 cap.
1568 3510 1594 3577 5)
1612 3526 1618 3560 :
1634 3516 1731 3564 tamen

90 3618 157 3657 cum
179 3601 304 3656 veritatis
319 3601 587 3672 disputatiunculam
603 3602 660 3655 Deo
676 3601 799 3655 donante
813 3600 891 3654 clau·
932 3598 1052 3652 adantu
1072 3614 1156 3653 carne
1177 3599 1273 3653 datam
1287 3614 1401 3652 earnem
1424 3597 1563 3668 accipiens
1576 3612 1641 3651 caro
1655 3597 1732 3652 salu·

89 3691 167 3756 dam,
182 3690 292 3746 noverit
316 3690 362 3761 qui
387 3690 439 3743 hoc
459 3689 536 3755 dicit,
559 3689 633 3760 quod
652 3690 789 3744 Dominus
810 3691 892 3744 lesus
932 3685 1019 3741 briter
1031 3686 1178 3752 sumendo,
1191 3685 1287 3740 futura
1298 3684 1517 3756 incorruptibilis
1528 3703 1534 3738 ι
1546 3684 1731 3742 nihilominus

89 3781 253 3836 nullatenus
263 3779 329 3833 illue
343 3796 455 3834 rursum
470 3779 529 3851 pati
539 3779 625 3845 venit,
642 3781 716 3850 quod
731 3796 787 3834 non
799 3783 892 3850 potest
932 3792 1043 3846 quoque
1066 3774 1150 3829 dehet
1177 3776 1278 3841 lucere,
1295 3776 1415 3848 plaeere,
1441 3775 1536 3841 libere,
1556 3775 1629 3845 quod
1645 3773 1731 3831 simul

89 3884 152 3924 esse
170 3886 176 3922 :
191 3868 240 3924 sed
254 3884 354 3940 panem
371 3872 400 3921 et
418 3867 513 3923 riuum
530 3867 559 3920 in
573 3884 674 3938 corpus
684 3873 713 3922 et
726 3867 891 3938 sanguinem
931 3881 989 3920 una
1002 3870 1045 3919 est
1057 3863 1225 3918 naturaliter
1232 3881 1306 3930 caro,
1317 3864 1397 3931 dans,
1405 3864 1479 3924 datu,
1490 3863 1645 3934 accipiens:
1658 3862 1733 3919 ride·

89 3974 174 4013 suum
187 3957 378 4013 consecrando
394 3956 470 4010 venit
484 3962 603 4023 vertere,
624 3957 699 4027 quod
713 3956 793 4011 nohis
807 3955 891 4010 nimis
932 3951 1159 4018 licetinrisibilis,
1171 3953 1316 4020 vescenda,
1325 3969 1451 4018 rescens3
1464 3950 1730 4023 inconsumptibilis,

90 4053 137 4102 est
156 4062 279 4102 necesse.
303 4045 424 4100 Mundus
447 4045 533 4116 igitur
554 4046 667 4108 electus,
694 4045 815 4100 Ecclesia
829 4045 889 4112 Dei,
933 4042 1078 4109 sumenda,
1096 4059 1229 4097 sumens:
1248 4042 1429 4113 quoadusque
1448 4042 1554 4096 scilieet
1571 4041 1732 4096 inconsum-

90 4153 196 4208 sp‘msa
210 4135 325 4201 Christi,
340 4135 501 4189 nullatenus
517 4134 610 4201 debet,
627 4151 677 4188 nec
691 4135 788 4205 utique
802 4139 893 4205 potest
933 4132 1038 4203 ptibilis
1050 4148 1101 4203 per
1110 4130 1276 4186 sumendam
1288 4132 1328 4185 sic
1341 4139 1499 4186 sumentem
1509 4131 1659 4186 reficiendo
1671 4146 1733 4203 per·

91 4225 132 4281 ibi
146 4225 298 4280 Dominum
313 4241 410 4280 rursus
424 4223 497 4278 mori
510 4224 679 4290 desiderare,
692 4223 740 4277 ubi
754 4240 825 4280 noro
835 4240 894 4277 cor·
934 4221 1017 4287 liciat,
1034 4227 1067 4275 ut
1084 4220 1214 4275 exhibeat
1240 4220 1292 4274 sibi
1315 4221 1477 4290 gloriosam,
1504 4237 1560 4275 non
1582 4218 1732 4275 habentem

92 4331 162 4387 pore
176 4318 205 4369 et
217 4314 355 4384 sunguine
370 4331 421 4368 suo
438 4314 512 4367 venit
526 4330 591 4367 eum
606 4312 752 4379 virilieare,
769 4329 892 4384 pascere,
934 4311 1073 4366 inrecularn
1089 4315 1138 4364 aut
1152 4326 1261 4379 rugam,
1278 4315 1328 4364 aut
1344 4310 1419 4364 aliud
1441 4310 1588 4380 ejusmodi,
1605 4315 1635 4362 et
1646 4324 1734 4364 unam

92 4409 202 4477 potare,
212 4408 242 4456 et
250 4419 301 4474 per
309 4402 434 4472 singulos
443 4402 505 4456 dies
515 4404 597 4456 rere*
607 4402 691 4456 simul
703 4419 735 4456 ae
751 4419 893 4457 renovare.
906 4385 1032 4454 Dsecum
1044 4399 1125 4468 (sicut
1135 4399 1303 4471 estlearnom
1313 4398 1401 4467 gratis
1411 4399 1445 4451 al
1459 4399 1578 4468 gloriam
1587 4398 1731 4469 perducat.

93 4493 171 4548 Sane
181 4491 325 4546 sciendum
337 4498 379 4546 est
389 4490 469 4545 nobis
477 4490 647 4557 omnimodo,
660 4491 733 4562 quod
745 4492 809 4548 lieet
820 4491 897 4546 aliud
937 4491 1037 4544 Amen.

93 4581 257 4654 specialiter
271 4597 372 4652 corpus
385 4580 499 4647 Christi,
511 4580 585 4634 unde
596 4581 725 4652 superius
739 4581 806 4647 dixi,
823 4581 896 4652 quod
1218 4558 1390 4613 EPlSTOLA
1406 4558 1451 4612 IV·

93 4671 176 4725 sedet
194 4670 229 4725 ad
245 4669 390 4724 dexteram
412 4669 462 4725 Dei
480 4688 486 4735 3
508 4675 537 4724 et
550 4670 627 4724 aliud
646 4670 805 4741 specialiter
821 4670 897 4724 istud
1137 4664 1172 4701 ΑΒ
1188 4664 1346 4702 ¹¹¹⁸G³¹⁸¹¹U¹
1362 4664 1531 4702 Rflffiffl·

95 4760 171 4832 qnod
185 4759 320 4814 divinitus
335 4762 447 4813 creatur
460 4765 488 4814 et
503 4765 682 4815 consecratur
700 4759 825 4831 quotidie
844 4775 896 4814 no·
1226 4753 1270 4817 [Ε]ι
1293 4753 1442 4817 Slf¹¹¹⁰ffl¹⁰l

94 4865 163 4905 sum
180 4867 186 4902 τ
202 4848 286 4904 amul
298 4854 394 4902 tamen
413 4865 469 4903 non
490 4849 545 4903 duo
560 4853 627 4903 sunt
639 4848 726 4920 (quod
740 4847 822 4916 absit)
837 4864 895 4902 cor·
972 4845 1208 4901 Reverentissimo
1222 4851 1250 4898 et
1262 4845 1521 4900 desiderantissimo
1533 4845 1621 4912 inuri,
1636 4851 1664 4899 et
1677 4862 1733 4900 rne-

94 4955 175 5011 pora,
184 4937 233 4993 sed
247 4954 335 4992 unurn
346 4955 352 4991 :
365 4938 504 5008 siquidem
518 4938 590 4992 sicut
604 4955 704 5009 corpus
714 4944 743 4991 et
752 4942 893 5004 carnatus,
936 4936 990 4990 rito
1006 4941 1086 4990 recl-a
1102 4935 1165 4989 lidei
1175 4952 1208 4988 ac
1217 4951 1292 4989 sana
1306 4935 1485 5005 professionis
1499 4933 1534 4986 ab
1544 4934 1674 4988 omnibus
1688 4950 1735 4988 ca·

94 5027 137 5081 sic
157 5025 243 5080 etiarn
266 5025 360 5080 horno.
376 5026 454 5081 Istud
474 5030 568 5080 autem
588 5031 703 5080 nonest
721 5026 896 5092 homo,lioet
936 5024 1046 5080 tholiris
1061 5025 1113 5078 rite
1127 5024 1445 5088 venerando,llrncn.mo
1461 5021 1733 5093 pontifici,llnn.inus
1769 5026 1777 5041 “

95 5131 162 5170 reru
178 5114 216 5169 sit
229 5131 294 5170 caro
311 5133 318 5168 ε
334 5120 527 5170 verumtamen
542 5116 571 5169 et
583 5114 652 5169 illud
666 5132 767 5187 corpus
777 5121 806 5169 et
820 5115 895 5170 istud
935 5130 1078 5169 servornm
1094 5113 1144 5167 Dei
1159 5128 1255 5168 servus
1269 5112 1299 5166 in
1314 5112 1432 5166 Domino
1445 5117 1579 5164 aternam
1593 5115 1673 5182 optat
1690 5127 1734 5166 sa·

96 5204 183 5277 quod,
196 5204 269 5259 sicut
286 5205 327 5259 ait
346 5209 459 5259 sauctus
478 5203 662 5276 Augustinus,
679 5204 848 5262 transfertur
865 5203 895 5260 iu
936 5204 1034 5258 lutern.
1062 5242 1065 5247 Δ

96 5293 177 5348 illud.
194 5292 236 5348 Ob
249 5293 276 5347 id
294 5310 350 5347 non
363 5294 419 5349 duo
433 5298 500 5348 sunt
513 5310 639 5365 corpora,
654 5294 703 5348 sed
719 5311 816 5359 ununr,
831 5293 896 5350 licet
962 5291 1101 5346 Proximo
1115 5307 1188 5357 rere,
1198 5291 1251 5344 hoc
1264 5296 1308 5346 est
1323 5291 1350 5345 in
1366 5289 1466 5344 Martio
1477 5305 1582 5353 mense,
1596 5288 1625 5343 in
1634 5289 1734 5345 diebus

96 5381 175 5437 aliud
189 5383 227 5436 sit
239 5382 398 5453 specialiter
412 5382 491 5449 illud,
502 5382 578 5437 aliud
594 5382 687 5437 istud:
701 5383 768 5455 quia
782 5399 896 5454 prorsus
938 5380 1174 5451 Quadnrgesimae,
1191 5379 1433 5452 appropinquante
1451 5378 1579 5432 Paschali
1600 5379 1733 5435 solemni-

97 5471 186 5542 adeps
203 5470 250 5525 ille
267 5471 412 5538 frumenti,
430 5472 458 5527 id
473 5479 516 5526 est
530 5471 660 5526 divinitas
673 5471 767 5537 Verbi,
781 5472 848 5526 lacit
866 5478 899 5529 ut
938 5477 1006 5537 tate,
1017 5475 1109 5524 nester
1120 5469 1282 5524 nuntiusad
1295 5485 1340 5523 me
1351 5467 1465 5522 veniens
1479 5468 1600 5539 portauit
1613 5474 1735 5526 vestram

136 5598 149 5626 ¹
165 5587 278 5644 Scilicet
291 5589 446 5656 Parrhasio,
463 5604 547 5660 quern
561 5585 666 5642 ironice
681 5587 841 5659 pontificem
857 5595 948 5645 vocat.
