3772 6120
118 277 164 332 3⁴5
340 278 629 336 ENARRATIONUM
646 279 685 334 IN
704 279 781 333 EPPa
802 280 910 335 PAULI
929 280 997 335 ΗΒ.
1018 279 1090 334 xv1.
1108 310 1140 320 -
1155 281 1194 336 IN
1208 279 1319 337 EPIST.
1336 279 1384 334 AD
1404 279 1532 334 emar.

118 419 274 475 repugnare
297 406 375 460 inter
397 423 437 471 se,
464 411 493 460 et
515 413 622 460 scatere
645 405 802 459 rideantur.
821 406 1021 475 (Orip.)Atcto
1033 410 1125 474 corde,
1141 426 1174 462 ex
1187 412 1247 461 tota
1261 406 1364 471 anima,
1380 422 1412 457 ex
1426 409 1487 458 tota
1500 414 1595 459 mente
1609 407 1698 461 Deum
1712 406 1755 460 di·

118 492 244 562 Origenis
259 495 359 566 itaque
377 495 434 550 haec
448 492 533 548 rerba
546 499 628 548 sunt:
641 494 766 548 Difficilis
777 495 853 548 locus
863 501 915 560 est,
959 496 1031 567 ligit,
1048 498 1147 568 diligat
1161 501 1190 549 et
1203 495 1362 566 proximum
1378 499 1513 564 tanquam
1528 493 1650 565 seipsum
1668 514 1673 549 ι
1691 495 1757 565 quia

116 581 194 635 etita
207 581 294 637 nobis
317 583 497 638 disserendus
511 583 629 637 ridetur.
647 582 699 647 Qui
723 581 794 636 liber
817 588 868 643 cst.
889 591 918 638 et
959 585 1011 640 hoc
1023 586 1105 656 jubet
1121 586 1167 639 illc
1182 601 1266 654 quem
1280 600 1313 637 ex
1328 589 1387 636 toto
1410 582 1502 648 corde,
1519 599 1551 636 ex
1569 587 1629 637 tcta
1649 584 1754 650 anima,

117 671 205 724 altiori
221 687 310 726 sensu
326 672 458 743 spiritum
472 672 656 726 etreritatem
668 671 804 740 sequitur,
817 688 917 742 praece·
959 691 993 727 ex
1007 680 1066 729 tota
1082 679 1175 728 mente
1191 672 1292 743 diligit.
1310 672 1389 737 Item,
1408 671 1524 741 diligere
1538 672 1706 742 proximum,
1727 673 1754 727 id

117 760 211 814 dentes
226 768 257 814 ct
273 768 358 833 typos
373 761 527 816 contemnit
542 765 570 814 et
584 761 707 814 litteram
720 779 726 827 ;
743 776 799 814 non
814 759 918 814 idcirco
959 769 1010 827 est,
1027 779 1140 817 omnem
1155 762 1298 816 hominem
1313 766 1449 831 tanquam
1464 777 1494 814 se
1509 759 1611 831 ipsum,
1628 761 1691 831 quis
1705 777 1755 832 po-

118 847 195 902 debct
209 849 339 904 minores
352 848 506 921 despicere,
524 857 553 903 et
573 849 748 903 occasionem
771 849 839 904 dare
861 849 915 917 his,
957 858 1022 918 test,
1039 851 1092 906 nisi
1108 851 1197 906 Deum
1212 850 1320 920 diligat,
1336 850 1416 919 cujus
1429 856 1568 920 praeopto
1583 853 1611 902 et
1624 850 1697 903 dono
1711 850 1754 903 di-

117 937 233 1009 quinon
249 946 372 1010 possunt
391 940 495 994 sentire
519 937 676 1003 sublimius,
691 939 726 991 de
752 955 781 992 se
805 939 916 1009 penitus
959 941 1106 996 lectionem
1117 939 1235 1011 proximi
1246 938 1334 1010 possit
1343 937 1559 1009 implerelCum
1567 954 1634 1008 ergo
1643 943 1755 992 utrum-

117 1027 285 1098 desperandi
297 1048 304 1096 3
319 1028 386 1083 licet
400 1029 475 1083 enirn
489 1028 593 1083 infirmi
613 1028 670 1081 sint
684 1033 713 1082 ct
725 1044 790 1082 caro
804 1044 917 1099 compa·
959 1047 1013 1101 que
1024 1035 1195 1101 pracceptum
1208 1029 1247 1082 ita
1263 1028 1308 1093 sit,
1321 1035 1353 1081 ut
1367 1043 1402 1080 no
1416 1043 1505 1081 tinum
1519 1027 1580 1081 sine
1595 1027 1683 1081 altero
1694 1043 1755 1097 pos·

118 1115 224 1170 ratione
254 1116 372 1187 spiritus
397 1118 583 1190 appellentur,
605 1133 669 1171 caro
692 1121 787 1170 tamen
814 1116 918 1171 Christi
959 1120 996 1172 sit
1005 1119 1103 1181 teneri,
1121 1118 1207 1171 etiarn
1220 1132 1308 1170 unum
1328 1116 1428 1169 horum
1452 1131 1673 1170 commemorare
1695 1116 1755 1187 ple-

118 1212 188 1260 sunt.
207 1205 238 1260 Si
257 1207 336 1260 enim
351 1206 485 1277 intelligit
497 1206 664 1277 mysterium
679 1206 823 1260 charitatis
836 1207 916 1259 inirr—
958 1224 1077 1278 rumque
1092 1206 1203 1271 sullicit,
1220 1223 1284 1259 curn
1299 1204 1393 1274 agitur
1413 1204 1447 1258 de
1469 1203 1599 1274 operibus
1613 1205 1752 1274 justitiae:

119 1292 253 1348 mioribus
263 1295 422 1355 servientis,
435 1295 519 1348 iaciat
529 1295 634 1365 aliquid
649 1300 764 1366 propter
778 1295 914 1359 inssrmos,
957 1295 1007 1350 sed
1016 1294 1267 1366 oportuniusillud,
1277 1294 1374 1363 dequo
1391 1292 1509 1363 quisque
1521 1292 1631 1347 facilius
1641 1293 1755 1347 convin-

118 1399 151 1436 ne
163 1383 193 1436 in
207 1383 329 1437 scientio
343 1399 396 1437 sua
408 1383 495 1437 trater
518 1390 624 1454 pereat,
641 1399 692 1454 pro
714 1399 769 1453 quo
788 1382 916 1437 Christus
957 1381 1388 1449 citur.UndeJ0annesdicitzoui
1393 1383 1630 1450 eniniaondilipit
1637 1383 1755 1449 fratrem

119 1479 158 1525 cst
171 1477 314 1526 mortuus.
331 1471 488 1542 Diligenter
501 1472 596 1544 itaque
610 1473 733 1537 attende,
750 1487 786 1524 an
802 1488 834 1525 ex
849 1488 916 1525 con·
957 1475 1127 1542 perincidet,
1145 1473 1240 1537 Druna,
1258 1488 1338 1541 quem
1355 1487 1412 1524 non
1427 1472 1509 1533 videt,
1525 1471 1657 1538 quomodo
1671 1475 1755 1539 potest

118 1560 302 1631 sequentibus
316 1577 416 1615 sensus
432 1561 485 1616 iste
500 1566 620 1615 texatur.
629 1562 683 1625 Vos,
694 1560 914 1631 inquit,sratrcs,
956 1563 1090 1630 dilipcrc?
1105 1562 1127 1627 (l
1135 1560 1215 1615 ioan.
1225 1565 1273 1629 rr).
1287 1557 1619 1629 Mentiebanturquidam
1629 1558 1755 1613 dilectio-

117 1653 146 1702 ia
161 1651 318 1703 libertatem
329 1653 419 1703 uocati
433 1653 504 1704 estis.
521 1649 649 1704 Forsitan
673 1650 746 1714 ideo,
773 1650 838 1720 quia
860 1666 916 1703 non
957 1666 1021 1703 nem
1032 1666 1062 1703 se
1072 1650 1123 1703 Dei
1133 1648 1246 1715 habere,
1256 1656 1284 1704 et
1297 1650 1332 1702 de
1344 1649 1407 1702 odio
1420 1648 1544 1702 fraterno
1555 1663 1617 1701 eam
1629 1663 1683 1701 non
1704 1648 1754 1701 lm·

117 1753 211 1791 omnes
228 1738 405 1792 vocationem
421 1745 551 1809 poterant
565 1755 664 1810 capere
680 1738 817 1793 libertatis
829 1757 835 1803 3
851 1739 1023 1810 pro-Bbere
1037 1738 1282 1803 contincebantur,
1294 1739 1329 1792 de
1341 1755 1395 1809 quo
1408 1737 1537 1809 judicare
1548 1737 1577 1790 in
1591 1736 1756 1806 quotidiana

116 1834 174 1897 pter
197 1827 275 1898 quod
298 1843 374 1882 nunc
399 1827 510 1894 auditis,
528 1833 639 1882 tantuin
662 1845 695 1881 ne
718 1829 870 1882 libertatem
886 1832 917 1882 ia
956 1829 1013 1882 rita
1024 1833 1053 1881 et
1066 1827 1190 1882 moribus
1205 1828 1284 1880 facilc
1300 1834 1351 1881 est.
1374 1829 1507 1894 (Hieron.)
1525 1825 1674 1897 Apostolus
1688 1842 1754 1896 ergo

117 1918 281 1969 occasionem
314 1918 383 1969 detis
419 1920 521 1970 carnis,
549 1918 603 1971 Per
629 1916 808 1971 dilectionem
841 1918 915 1971 enirn
957 1933 1021 1970 curn
1044 1923 1118 1970 esset
1133 1916 1203 1969 libcr
1222 1933 1255 1968 ex
1277 1914 1415 1975 omnibus,
1437 1915 1565 1969 omnium
1588 1931 1618 1970 se
1641 1918 1755 1986 propter

118 2010 224 2078 oportet
248 2004 407 2059 minoribus
424 2006 533 2071 ,servire
557 2007 689 2077 majores,
707 2005 773 2077 quia
791 2006 838 2076 qui
858 2006 917 2061 vult
957 2005 1125 2060 charitatem
1133 2022 1244 2059 serrum
1255 2005 1329 2068 iecit,
1337 2010 1369 2057 ut
1379 2004 1472 2075 plures
1483 2003 1755 2059 lucrifaceretUnde

117 2110 174 2147 esse
184 2095 288 2164 major,
304 2094 358 2147 crit
373 2094 498 2147 omnium
513 2111 618 2148 servus.
639 2095 737 2165 Neque
751 2111 817 2166 ergo
832 2096 915 2166 spiri·
957 2102 1031 2149 recte
1046 2095 1176 2148 hortatur
1197 2099 1226 2147 ot
1241 2100 1366 2159 caeteros,
1384 2100 1414 2147 ut
1433 2110 1483 2163 per
1506 2093 1673 2147 charitatem
1702 2091 1755 2146 sibi

118 2182 176 2236 talis
195 2182 303 2236 laceret
319 2182 424 2236 Christi
438 2199 544 2249 carnes,
560 2200 651 2253 neque
672 2183 845 2237 occasionem
859 2184 915 2238 illis
956 2184 1087 2249 serviant,
1101 2200 1162 2254 quae
1175 2200 1231 2237 non
1246 2183 1346 2253 quaerit
1362 2182 1435 2252 quod
1450 2198 1533 2235 suurn
1548 2187 1601 2246 est,
1616 2182 1665 2235 sed
1680 2181 1754 2252 quod

118 2269 230 2333 tribuat,
247 2276 281 2325 ut
296 2287 327 2325 se
342 2272 523 2326 remordeant
537 2276 744 2342 provocantem,
757 2288 792 2326 ne
802 2271 837 2326 ab
848 2273 916 2327 inri—
958 2273 1086 2344 proximi.
1102 2273 1156 2336 Qui
1170 2272 1246 2325 enirn
1259 2269 1318 2324 xult
1337 2270 1398 2323 heri
1422 2270 1539 2340 primae,
1553 2270 1607 2323 erit
1628 2269 1753 2323 omnium

1706 279 1757 334 346
1862 270 1873 292 “

119 2377 173 2414 cem
187 2366 404 2415 consumantur.
418 2360 587 2431 (Auatflaec
602 2367 645 2415 est
658 2377 722 2432 spes
736 2366 841 2427 nostra,
858 2367 917 2415 uta
957 2379 1063 2428 semus,
1080 2365 1113 2414 ut
1127 2361 1266 2431 quomodo
1284 2360 1411 2414 Salvator
1420 2359 1450 2412 in
1460 2359 1550 2412 forma
1558 2358 1609 2412 Dei
1619 2358 1754 2412 constitu·
1858 2428 1862 2439 ,

120 2449 203 2505 libero
214 2448 381 2516 liberemur,
391 2454 419 2503 et
429 2449 573 2504 liberando
584 2466 678 2504 servos
689 2467 740 2504 nos
750 2451 815 2504 iecit
826 2469 832 2503 :
844 2450 915 2505 servi
957 2456 1011 2514 tus,
1026 2466 1080 2503 tion
1093 2453 1224 2518 rapinam
1239 2450 1395 2502 arbitratus
1407 2454 1443 2501 cst
1454 2464 1506 2500 csse
1515 2464 1541 2500 se
1551 2450 1682 2516 aqualem
1692 2447 1753 2508 lieo,

119 2540 188 2593 cuim
199 2555 315 2594 eramus
323 2538 494 2611 cupiditatis,
502 2539 613 2594 liberati
624 2540 762 2594 efficimur
771 2540 842 2593 servi
852 2540 916 2593 cha-
956 2541 1001 2593 aad
1010 2543 1128 2607 serpsurn
1139 2540 1294 2591 exinanivit
1304 2540 1426 2606 sormam
1436 2540 1508 2590 serui
1519 2538 1661 2605 accipiam,
1672 2542 1696 2589 ct
1704 2537 1754 2589 lta·

119 2628 214 2682 ritatis.
224 2629 284 2682 Hoc
295 2636 324 2682 et
333 2628 484 2700 Apostolus
495 2628 581 2682 dicit:
599 2631 652 2693 Vos,
666 2630 777 2696 fratres,
791 2632 823 2682 in
833 2631 915 2683 liber·
958 2629 1016 2680 bila
1033 2630 1161 2680 incertius
1171 2632 1202 2679 ut
1212 2627 1299 2687 ironic,
1310 2627 1471 2678 liutailiavit
1485 2640 1521 2690 sc,
1532 2626 1622 2692 fuctus
1632 2625 1755 2677 obediens

120 2722 195 2770 tatem
206 2721 297 2770 carati
304 2720 375 2781 estis,
386 2722 496 2770 tantam
507 2734 540 2770 ne
548 2719 699 2771 libertatem
708 2721 740 2771 in
750 2722 915 2771 occasione-m
957 2732 1041 2784 usque
1054 2717 1092 2769 ad
1103 2720 1226 2777 nrcrtrm,
1235 2719 1350 2768 mortam
1360 2718 1454 2767 aretem
1465 2715 1554 2766 mucis
1562 2714 1679 2779 <rtrum
1693 2730 1700 2778 ;
1716 2712 1756 2765 ita

118 2806 180 2859 detis
192 2809 300 2870 carnis,
317 2807 424 2874 scalper
435 2806 703 2860 charitatcmsereitc
714 2809 840 2859 invicem.
853 2806 915 2860 Non
957 2809 986 2857 ct
996 2821 1046 2858 nos
1056 2821 1229 2875 quaecunque
1243 2812 1309 2857 ante
1323 2801 1376 2856 sub
1392 2802 1453 2873 lege
1479 2801 1645 2855 necessitato
1664 2800 1755 2855 iacere
1830 2828 1831 2832 ,

119 2910 178 2964 crgo
194 2893 272 2948 dicat
282 2893 459 2948 Christianus
475 2893 577 2948 :Liber
585 2909 657 2956 sum,
668 2894 696 2947 in
705 2894 864 2949 libertatern
872 2911 918 2947 ro-
957 2892 1129 2953 videbamur,
1146 2909 1219 2947 nunc
1236 2892 1359 2946 sciamus
1382 2890 1463 2944 nobis
1485 2890 1581 2944 liberis
1603 2890 1691 2960 magis
1706 2906 1756 2959 per

119 2991 190 3037 catus
203 2999 286 3041 sum:
306 2998 403 3036 servus
418 2998 503 3048 eram,
514 2982 564 3037 sod
575 2983 918 3053 redemptassum,etipsa
957 2981 1123 3035 charitatem
1134 2998 1194 3035 esse
1203 2981 1339 3035 facienda.
1352 2981 1473 3034 Tantum
1485 2985 1579 3034 autern
1594 2977 1698 3032 bonum
1713 2985 1755 3031 est

120 3071 308 3142 redemptione
324 3069 395 3124 liber
407 3071 521 3124 effectus
540 3088 619 3137 sum;
636 3071 736 3125 faciam
754 3072 827 3142 quod
843 3066 1089 3136 volo,Cchan'tas,
1106 3077 1138 3124 ut
1152 3071 1243 3123 omnis
1266 3070 1310 3123 lex
1328 3070 1356 3123 in
1380 3069 1429 3122 illa
1452 3067 1661 3139 recapituletur.
1679 3067 1754 3120 Enu-

120 3175 195 3213 uemo
210 3176 257 3213 me
273 3159 422 3231 prohibeat
436 3176 453 3212 a
466 3160 610 3215 voluntate
626 3177 689 3214 mea
709 3160 732 3213 si
748 3159 819 3214 liber
841 3177 913 3214 sum.

121 3248 166 3301 Sed
180 3249 205 3302 si
221 3248 279 3302 ista
292 3249 436 3302 voluntate
452 3255 595 3319 peceatum
605 3249 682 3312 iacis
695 3265 791 3303 servus
806 3266 836 3303 es
851 3265 915 3319 pec-

120 3336 176 3389 cati.
189 3336 256 3390 Noli
272 3353 340 3407 ergo
352 3336 482 3391 libertate
492 3337 569 3392 abuti
583 3339 618 3391 ad
633 3338 719 3392 libere
733 3338 914 3410 peccandum,

120 3425 160 3479 sed
174 3432 258 3480 utere
274 3425 310 3479 ad
334 3442 390 3479 non
408 3427 578 3496 peccandum
595 3445 600 3479 :
617 3427 671 3480 crit
689 3427 764 3482 enim
788 3427 916 3480 voluntas

120 3520 161 3569 tua
174 3513 277 3581 libera,
295 3515 319 3568 si
333 3514 420 3569 suerit
434 3515 498 3585 pia,
515 3515 571 3567 eris
586 3514 665 3581 liber,
677 3516 700 3570 si
710 3515 797 3570 fueris
808 3529 924 3569 servusz·

120 3602 181 3658 liber
186 3604 308 3675 peceati,
323 3620 418 3658 serras
426 3603 552 3673 justitiae.
565 3601 616 3657 Sed
624 3620 673 3672 per
683 3605 853 3669 charitatem,
872 3604 915 3658 in-

119 3693 181 3762 quit,
198 3695 299 3747 servite
318 3696 456 3746 invicem:
472 3692 546 3762 quod
562 3691 623 3745 fieri
636 3708 691 3746 non
701 3698 801 3763 potest,
813 3693 866 3747 nisi
878 3693 916 3746 al·

119 3782 199 3836 tenus
212 3780 411 3835 infirmitatem
425 3781 542 3853 quisque
552 3780 663 3846 lrabeat,
682 3781 761 3852 quasi
777 3798 867 3848 suam,
884 3789 917 3835 ut

118 3885 173 3923 eam
184 3869 385 3940 equanimiter
398 3869 478 3937 ferat,
495 3871 592 3953 donce,
608 3869 643 3923 ab
657 3887 691 3924 ea
713 3869 848 3924 liberetur
869 3870 915 3923 ille

117 3960 192 4029 cujus
201 3960 423 4014 curatsalutem.
437 3960 533 4014 Omnis
544 3962 672 4013 enitatur
683 3963 714 4013 in
724 3975 780 4013 uno
793 3975 916 4013 sermone

118 4050 246 4117 impletur
255 4049 373 4116 :Dilipcs
379 4052 540 4117 proximum
551 4054 632 4101 tuam
642 4054 776 4116 tanquam
788 4050 912 4116 teipsam.

117 4135 204 4200 Queri
214 4142 313 4191 autam
324 4142 425 4206 potest,
437 4138 643 4208 curApostolus
654 4141 682 4189 et
691 4137 736 4190 hic
746 4137 834 4190 solam
842 4153 915 4189 corn-

957 3165 1048 3214 merat
1063 3166 1091 3213 et
1110 3159 1138 3212 in
1152 3158 1208 3213 alio
1227 3159 1286 3212 loco
1300 3158 1452 3229 Apostolus
1466 3157 1610 3211 charitatis
1625 3155 1697 3210 bona
1711 3155 1753 3208 di-

957 3264 1022 3302 cens
1037 3266 1043 3299 z
1060 3249 1119 3302 A'on
1139 3251 1252 3312 tratur,
1272 3263 1328 3300 aaa
1342 3249 1401 3315 apii
1413 3262 1559 3315 perperam
1576 3247 1602 3312 (l
1615 3243 1752 3313 Gor.xm);

957 3337 1109 3408 multisque
1119 3337 1148 3391 in
1159 3337 1251 3390 medio
1262 3335 1414 3407 replicatis,
1425 3335 1454 3388 in
1465 3337 1520 3389 sine
1530 3334 1685 3388 concludit:
1695 3334 1756 3388 Om-

958 3431 1012 3480 nia
1022 3431 1120 3495 sperat,
1134 3430 1228 3480 omnia
1243 3428 1377 3489 sustinct;
1394 3425 1517 3478 ebaritas
1527 3440 1674 3493 utinquam
1684 3425 1755 3476 eroi-

957 3515 1011 3577 ate
1029 3519 1058 3567 et
1072 3514 1199 3569 Salvator
1218 3514 1246 3567 in
1272 3514 1421 3583 Evangelio
1442 3513 1493 3566 hoc
1511 3513 1623 3583 signum
1646 3511 1690 3565 sui
1716 3510 1755 3564 ait

957 3619 1017 3655 esse
1032 3602 1170 3675 discipuli,
1183 3602 1207 3655 si
1223 3601 1322 3671 diligat
1342 3602 1501 3672 proximum
1518 3619 1523 3652 :
1542 3600 1615 3671 quod
1640 3598 1753 3670 quidem

957 3696 1024 3762 puto
1038 3706 1094 3743 non
1109 3691 1199 3743 solum
1216 3689 1385 3754 horninibus,
1402 3690 1551 3742 sedetiam
1566 3688 1673 3758 angelis
1686 3703 1753 3741 con·

956 3779 1061 3833 venire.
1076 3779 1147 3833 Aliis
1167 3778 1257 3832 serbis
1277 3778 1306 3832 id
1329 3778 1421 3849 ipsum
1443 3776 1545 3830 dicitur
1561 3795 1566 3828 :
1585 3778 1660 3844 Quod
1679 3777 1754 3833 rabis
1846 3846 1848 3851 ⁴

957 3871 1019 3936 ficri
1032 3884 1088 3921 tran
1103 3870 1197 3933 cultis,
1209 3870 1294 3935 alteri
1305 3884 1337 3921 ae
1350 3868 1468 3934 feceritis
1484 3884 1492 3918 :
1508 3871 1532 3919 et
1546 3881 1604 3934 qna
1618 3867 1711 3930 virttis,
1723 3870 1754 3918 ut

956 3959 1063 4025 saciant
1073 3957 1146 4010 uobis
1156 3957 1289 4021 horarium,
1299 3957 1354 4010 hac
1367 3956 1459 4009 cadem
1474 3960 1498 4008 ct
1511 3970 1556 4007 ros
1570 3956 1607 4007 ais
1621 3955 1704 4021 facita
1713 3957 1751 4006 ri·

956 4048 1061 4100 militer
1075 4047 1183 4114 (Matth.
1196 4048 1253 4113 vn).
1270 4044 1341 4099 Nolo
1352 4043 1505 4098 adultemri
1521 4059 1636 4097 uxorem
1650 4058 1752 4105 meam,

956 4134 1020 4187 nolo
1030 4134 1215 4189 substantiam
1226 4134 1320 4205 diripi,
1333 4133 1397 4188 nolo
1409 4151 1453 4187 me
1462 4133 1532 4186 falso
1543 4132 1662 4203 opprimi
1678 4133 1755 4186 testi·

117 4226 280 4280 memorarit
304 4225 424 4296 proximi
447 4225 635 4291 dilectionem,
652 4242 709 4295 qua
733 4225 823 4295 legem
846 4224 915 4280 dixit
956 4223 1060 4289 monia,
1073 4229 1101 4277 et
1114 4231 1146 4277 ut
1159 4230 1260 4278 cuncta
1273 4223 1349 4277 brevi
1364 4239 1492 4278 sermone
1506 4222 1753 4292 comprehendam,

118 4312 233 4385 impleri,
251 4314 330 4368 etad
347 4315 496 4375 Romanos,
513 4331 576 4368 curn
592 4314 621 4367 in
639 4314 737 4367 eadem
761 4313 914 4384 quaestiane
956 4311 1070 4382 indigno
1084 4312 1142 4365 iero
1157 4312 1262 4382 aliquid
1279 4313 1348 4366 rnihi
1363 4312 1423 4365 fieri
1449 4311 1522 4381 quod
1548 4310 1686 4381 injustum
1701 4317 1752 4363 eet.

118 4408 290 4457 versaretur:
305 4403 360 4470 Qui
371 4405 446 4455 enim
456 4405 549 4471 dilicit
563 4406 695 4466 alterum,
713 4402 813 4473 inquit,
830 4406 947 4484 lepeatD
957 4401 1021 4455 Haec
1036 4401 1134 4455 cadem
1147 4401 1170 4454 si
1181 4417 1231 4472 per
1240 4401 1406 4455 charitatem
1422 4400 1450 4453 in
1465 4416 1510 4452 mc
1526 4403 1699 4469 operantem,
1713 4399 1754 4450 rel

119 4492 236 4558 implebit
252 4509 258 4543 :
277 4507 344 4545 nam
357 4506 414 4544 aaa
422 4492 603 4555 adulterabis,
616 4507 672 4545 nan
684 4492 865 4544 homicidium
873 4493 915 4558 sa·
955 4489 1046 4544 fecero
1070 4490 1161 4555 alteri,
1178 4490 1220 4543 rel
1245 4490 1368 4553 voluero,
1391 4490 1434 4541 lex
1455 4486 1546 4540 omnis
1566 4485 1682 4556 impleta
1700 4491 1751 4538 est.

119 4581 175 4644 ries,
197 4596 253 4633 aaa
272 4580 425 4647 furaberis,
450 4595 506 4633 aon
521 4583 697 4648 oancrrpisccs,
717 4585 740 4632 ct
754 4583 780 4632 si
792 4581 864 4648 quod
878 4584 916 4632 cst
955 4580 1013 4633 Nec
1022 4579 1134 4632 difficile
1147 4586 1190 4632 cst
1200 4578 1299 4632 docere
1314 4576 1453 4647 quomodo
1464 4574 1751 4645 universapraecepta‚

120 4669 195 4721 aliud
203 4669 371 4721 mandatum
381 4670 413 4721 in
422 4668 600 4723 hocscrmone
608 4671 811 4737 recapitulatur
822 4688 830 4721 :
842 4669 914 4721 Dili-
955 4685 1012 4721 non
1023 4668 1140 4734 occides,
1153 4684 1209 4721 nnn
1219 4664 1401 4728 adulterabis,
1414 4679 1469 4717 non
1479 4662 1627 4728 furaberis,
1639 4678 1694 4716 non
1705 4662 1753 4716 fal·

120 4759 328 4824 petproaimam
343 4757 914 4826 taumtanquamtarpeaimliilactioproai·
954 4772 1017 4812 sum
1032 4756 1225 4809 testimonium
1239 4755 1322 4819 dices,
1340 4759 1368 4807 ct
1381 4760 1482 4807 caetera
1504 4752 1548 4805 his
1568 4751 1681 4816 similia,
1697 4768 1754 4806 una

122 4848 158 4896 nu‘
170 4848 276 4898 malum
291 4860 348 4897 aaa
357 4850 488 4912 operatur
499 4847 659 4912 :plenitudo
668 4851 760 4899 autem
776 4847 841 4911 lepis
852 4844 914 4897 aba·
954 4844 1099 4898 charitatis
1109 4842 1470 4897 observationeteneantur.
1484 4842 1543 4895 Hoc
1551 4840 1698 4896 ostendere
1708 4856 1753 4894 ar-

122 4935 184 4987 ritas
199 4935 290 5001 (nona,
303 4933 369 4999 xnrl.
378 4933 448 4987 Cum
459 4949 525 5002 ergo
536 4933 589 4986 nisi
602 4932 630 4987 in
646 4932 754 4987 duobus
767 4933 914 5004 praeceptis
955 4933 1041 4986 dnum
1057 4937 1108 4996 est,
1122 4932 1261 5002 quomodo
1270 4931 1367 4984 hostiae
1378 4948 1499 5002 quoque,
1512 4947 1574 5002 quae
1592 4930 1620 4983 in
1632 4929 1753 4982 Levitico

120 5018 269 5074 diaconis
280 5020 333 5074 Dei
349 5027 378 5074 et
388 5019 516 5091 proximi,
530 5020 653 5091 perfecta
670 5020 707 5074 sit
719 5021 852 5083 charitas,
864 5036 915 5075 cur
955 5026 1021 5075 sunt
1030 5026 1184 5091 praecepta,
1198 5024 1227 5073 et
1236 5019 1362 5073 ciborum
1373 5020 1417 5073 rel
1430 5018 1610 5082 abstinentia,
1626 5034 1673 5071 rec
1689 5035 1753 5088 per·

122 5108 272 5178 Apostolus,
282 5108 348 5162 etin
358 5108 418 5172 hac,
428 5115 457 5162 et
470 5109 500 5162 iu
510 5109 558 5163 illa
568 5110 687 5179 epistola
696 5108 784 5162 solam
794 5109 913 5180 proximi
956 5109 1050 5162 missio
1061 5126 1124 5163 curn
1135 5109 1191 5162 alia
1203 5108 1317 5175 munda,
1327 5109 1383 5162 alia
1398 5109 1527 5163 dicantur
1536 5106 1690 5171 immunda,
1707 5124 1752 5159 so-

122 5194 292 5251 dilecticncm
307 5198 531 5251 commemorat?
546 5198 599 5251 nisi
620 5198 686 5269 quia
710 5198 744 5250 de
766 5197 914 5252 dilectione
955 5197 1129 5251 ieiunitatem
1140 5214 1250 5268 qnoque
1257 5197 1334 5268 jugis
1345 5214 1395 5268 per
1405 5213 1493 5250 annos
1501 5211 1640 5260 recursus,
1652 5195 1682 5249 in
1697 5210 1753 5248 uno

122 5282 292 5356 Duposaunt
305 5285 420 5339 mentiri
438 5286 574 5351 homineS,
592 5287 658 5357 quia
679 5286 800 5339 rariores
820 5292 913 5340 tenta·
954 5286 1099 5340 charitatis
1114 5292 1252 5357 praecepto
1275 5285 1497 5355 recapitulentur
1513 5301 1518 5335 ι
1535 5282 1589 5337 uisi
1604 5283 1675 5337 sorte
1691 5283 1753 5354 quis

121 5373 203 5428 Aones
210 5390 273 5428 eam
284 5372 414 5444 probant.
430 5374 462 5428 ln
473 5374 619 5429 dilectione
631 5382 726 5430 autem
736 5374 855 5446 proximi
872 5373 912 5427 fa·
955 5375 1002 5428 illo
1013 5392 1043 5429 se
1053 5374 1248 5440 transferat,ut
1258 5373 1381 5428 affirmet
1389 5374 1479 5443 legem
1490 5371 1646 5443 spiritalem
1653 5378 1755 5438 esse,et
1815 5366 1821 5373 ’

120 5461 192 5516 cilius
202 5463 408 5517 convincuntur
416 5479 478 5516 eam
489 5479 545 5517 non
555 5463 912 5536 habere,cuminiquecum
953 5461 1752 5534 imaginibusetexemplaribusncscalestiumdeservisse.

120 5548 274 5605 bominibus
286 5556 384 5619 agunt.
396 5552 575 5622 Consequens
588 5560 632 5606 est
650 5559 797 5615 autemut
815 5554 863 5622 qui
879 5570 912 5606 ex
953 5559 1104 5623 antequam
1118 5569 1199 5606 verus
1220 5552 1343 5623 pontifex
1359 5550 1524 5604 adveniret:
1542 5551 1590 5621 qui
1604 5557 1752 5621 postquam
