3772 6120
38 302 42 308 ι
110 322 181 381 lm
418 323 450 377 B.
470 321 607 377 annam
625 320 741 378 must
759 322 929 380 anunm
947 319 1110 377 nouum.
1131 316 1390 393 optauimus
1408 316 1455 371 tv.
1687 304 1753 364 10)]

146 449 353 505 Commendans
365 448 493 511 Domino,
510 463 610 516 meque
621 448 701 517 juret
718 447 856 518 precibus.
915 445 1104 515 AMultiplim
1114 460 1181 512 ergo
1191 444 1238 513 pio
1251 447 1389 513 precepta
1401 440 1512 495 talenta
1524 437 1636 504 laboro,

111 539 194 594 Lucis
208 540 238 592 in
249 555 313 593 arce
327 554 454 597 manens,
466 536 541 607 quod
554 542 647 589 tecum
665 537 771 607 gaudia
784 553 907 608 carpam,
987 535 1108 589 blasima
1121 533 1195 604 quod
1209 533 1278 587 coelo
1298 533 1414 602 praemia
1423 529 1575 601 percipias.

146 628 268 682 AEternae
276 627 339 681 vitae
354 626 424 681 lucis
434 626 463 680 in
477 642 541 679 arce
557 641 683 679 manens.
951 626 992 679 h'c
1000 624 1086 694 judex
1101 623 1216 676 veniens
1229 623 1393 676 thesaurum
1410 635 1539 691 querere
1549 622 1699 688 promptus

988 714 1075 767 Tarra
1084 711 1226 767 defossm
1239 711 1360 782 turpiter
1367 709 1503 765 inveniat.

953 802 1090 857 Omnibus
1103 800 1261 872 exemplum
1274 799 1366 873 [ntae]
1383 799 1421 853 sis
1436 812 1597 868 normaque
1604 795 1684 850 recti.

111 893 245 947 Versibus
258 892 303 947 his
313 893 408 965 paucis
420 893 502 947 liceat
517 893 652 953 mandare
665 893 771 948 salutes
988 892 1108 946 lustitia
1118 892 1209 945 cultor
1222 895 1252 944 et
1263 890 1376 962 piatatis
1391 906 1482 943 amor.

147 983 251 1037 Doctor
264 988 357 1037 amate
369 982 430 1047 tibi,
451 983 541 1036 dulcis
555 983 655 1047 amice,
671 983 742 1037 vale.
953 982 1036 1036 Ebria
1050 982 1144 1034 divina
1154 996 1222 1049 rogo
1235 979 1389 1051 precordia
1407 978 1502 1044 laude,

113 1071 230 1143 Oquem
243 1079 271 1126 ts
284 1072 413 1136 vocitem,
431 1087 467 1125 ne
475 1071 666 1126 controversia
676 1078 794 1127 constat,
988 1071 1078 1141 Impia
1086 1086 1141 1123 non
1154 1069 1252 1124 Bacchi
1266 1069 1368 1139 pocula
1383 1068 1470 1121 corda
1480 1070 1629 1138 premant.

147 1162 254 1230 Vulgus
269 1167 301 1215 ut
311 1178 395 1215 omne
409 1169 497 1224 vocat,
514 1178 550 1215 ttn
563 1161 654 1220 aliena
664 1161 757 1232 petis?
952 1159 1059 1230 saepius
1074 1158 1196 1212 excubiis
1204 1158 1298 1213 visites
1308 1163 1338 1211 ct
1352 1157 1458 1210 moenia
1471 1156 1592 1211 Christi.

151 761 234 821 Xlll.
251 794 291 806 -
314 777 353 819 su
369 770 382 799 ¹
397 776 611 825 anuawlmms
626 775 872 827 cuoasrisooroit

111 1250 211 1311 Dicite,
227 1250 361 1315 Pierides,
373 1250 452 1304 illum
467 1267 522 1321 quo
538 1250 649 1303 nomine
657 1249 765 1327 dicam,
989 1249 1041 1303 Pro
1055 1253 1083 1301 te
1099 1264 1210 1318 quoque
1223 1246 1280 1302 tuis
1295 1247 1356 1317 ipse
1371 1262 1488 1318 precare
1503 1245 1608 1299 Deum

67 1388 71 1393 .
147 1339 277 1394 Carmine
292 1356 376 1410 quem
391 1355 524 1403 memoro,
539 1354 642 1408 oreque
656 1344 759 1403 mente,
777 1353 873 1391 manu.
953 1338 1061 1408 Septies
1077 1337 1162 1408 inque
1189 1337 1235 1391 dia
1249 1336 1400 1390 Dominum
1411 1336 1531 1390 laudare
1541 1341 1693 1392 memento.

112 1429 171 1482 lloc
186 1445 297 1500 quoque
312 1429 433 1499 pollente
443 1428 531 1490 vultu,
549 1428 602 1480 hoc
615 1426 714 1481 ordine
728 1443 815 1490 sucro,
986 1427 1024 1481 Ut
1042 1425 1191 1481 Psalmista
1204 1425 1280 1480 canit
1290 1425 1378 1480 David
1392 1424 1429 1479 ah
1441 1440 1491 1479 om
1506 1425 1568 1479 Dei.
1603 1462 1609 1469 -

147 1519 257 1583 Nescio,
271 1535 332 1589 qum
343 1517 420 1572 haus
430 1522 473 1571 ast
482 1516 604 1571 nominis
617 1516 647 1570 in
661 1516 762 1587 capite,
952 1516 1023 1571 Hine
1032 1521 1081 1570 tua
1094 1515 1241 1586 multiplici
1250 1515 1404 1570 concrescit
1411 1515 1508 1583 gloria
1518 1514 1616 1578 nude,

13 1602 16 1609 '
112 1607 467 1677 ¹’Ultimaquemclarum
482 1606 556 1661 hunc
568 1611 666 1659 causat
679 1605 910 1676 primenigeilum
988 1606 1058 1659 Cum
1072 1606 1184 1658 Christo
1203 1604 1344 1659 etsanctis
1358 1620 1459 1675 perpes
1478 1602 1509 1658 in
1524 1620 1591 1657 arce
1608 1603 1673 1674 poli.

148 1695 270 1766 Syllaba,
287 1711 338 1753 nec
353 1702 460 1749 certum
476 1712 521 1749 res
535 1694 613 1749 dabit
627 1695 688 1765 ipsa
703 1695 829 1749 modum.
952 1695 996 1747 Sia
1012 1710 1121 1751 memor
1134 1699 1222 1764 utque
1239 1693 1304 1757 mei,
1320 1696 1410 1746 testor
1421 1708 1473 1762 per
1487 1698 1604 1762 sceptra
1613 1692 1746 1747 Tonantis.

111 1783 216 1838 Dicunt
228 1784 361 1845 Pierides,
377 1785 518 1839 consentit
530 1785 644 1837 Maurus
653 1788 683 1837 et
697 1783 766 1854 ipso,
919 1770 944 1831 Β
986 1783 1035 1842 Te,
1050 1782 1136 1837 Pater
1149 1790 1176 1836 et
1193 1787 1298 1853 pastor,
1315 1781 1354 1837 sis
1365 1797 1476 1835 mentor
1488 1781 1551 1852 ipse
1566 1781 1634 1835 mci.

148 1873 205 1927 Nee
219 1874 366 1940 dissensio,
383 1891 434 1935 nec
452 1873 566 1928 nomino
580 1873 658 1927 fraus
673 1873 776 1926 latimt.
952 1872 1019 1925 l'ire
1034 1872 1091 1926 Deo
1108 1872 1184 1938 i'elix,
1195 1872 1259 1927 felix
1273 1876 1303 1925 et
1315 1871 1376 1924 rire
1395 1888 1446 1941 per
1457 1887 1553 1925 aarum

111 1962 159 2025 Te,
178 1964 262 2028 Daue,
278 1980 311 2017 ex
326 1963 427 2018 humili
443 1978 585 2017 mutinum
596 1963 727 2017 exaltavit
741 1962 769 2016 in
785 1961 861 2027 orbe,
988 1962 1059 2019 Cum
1073 1961 1184 2016 Christo
1199 1968 1227 2015 et
1242 1960 1346 2015 sanctis
1359 1975 1448 2030 regna
1468 1958 1557 2015 beata
1572 1966 1681 2014 musas.

147 2052 185 2106 Ut
197 2058 289 2106 rector
304 2052 413 2124 populis
427 2052 465 2106 sis
480 2069 561 2107 sator
573 2058 658 2122 atque
672 2052 766 2106 decus.

111 2140 208 2195 Prima
222 2148 327 2207 monet,
346 2142 440 2197 meras
453 2142 527 2212 quod
547 2157 621 2196 nunc
637 2158 676 2207 es,
693 2140 800 2212 syllaba
813 2139 911 2195 laudat
1010 2148 1090 2209 le,
1105 2181 1145 2192 ..
1158 2165 1199 2208 An
1215 2158 1227 2187 ο
1242 2162 1420 2208 uncam„
1436 2162 1694 2208 inutilium.

147 2230 261 2297 Ultima,
275 2232 331 2295 lux,
345 2232 499 2303 speculum,
512 2231 614 2302 praesul
628 2231 658 2284 in
672 2232 732 2285 ude
742 2231 801 2284 Dei.

112 2320 157 2374 Sic
172 2337 236 2374 reor
259 2328 290 2375 ut
304 2337 408 2393 sponsa
422 2321 592 2391 hymnorum
614 2320 642 2377 iu
665 2320 790 2373 carmine
804 2325 908 2381 osnmt,
951 2318 999 2384 Tc,
1012 2318 1096 2372 Pater
1109 2317 1183 2373 alme
1206 2318 1308 2381 virum,
1326 2316 1534 2371 monachorum
1552 2324 1639 2387 uque
1652 2318 1748 2387 optime

148 2410 190 2464 llli
206 2408 273 2480 qnid
289 2411 387 2476 virtus,
403 2409 613 2480 quidquslshor
626 2409 742 2465 tribuat,
987 2408 1086 2461 Invoco
1102 2406 1254 2478 propitium
1270 2405 1406 2477 ipsetnus
1421 2405 1560 2461 famulus.
1639 2404 1748 2478 [peston

112 2499 180 2553 Sum
194 2499 285 2569 nigra,
298 2499 345 2553 ssd
362 2499 488 2570 pulchra,
504 2498 624 2553 celestis
639 2499 697 2553 alia
712 2498 803 2568 regni,
951 2496 988 2550 Ut
996 2502 1046 2551 tua
1058 2512 1132 2550 nunc
1150 2497 1241 2566 pietas
1254 2496 1389 2550 miserum
1402 2512 1438 2549 ne
1448 2496 1589 2551 exaudiat
1606 2497 1689 2550 alma.

147 2587 309 2642 Castrorum
320 2596 406 2659 utque
416 2589 489 2642 acies
500 2588 633 2643 terribilis
647 2588 757 2641 decore.
985 2586 1027 2639 hd
1042 2590 1070 2639 te
1089 2586 1268 2649 clamantsm,
1281 2591 1375 2639 rector
1388 2585 1497 2655 ubique
1510 2586 1588 2656 pius.

110 2675 149 2729 Te
159 2692 236 2745 rogo,
252 2683 337 2746 teque
347 2677 389 2731 tui
404 2683 437 2731 ut
450 2677 538 2731 iactor
548 2677 586 2730 sis
597 2675 720 2730 nominis
734 2678 836 2741 almus,
949 2675 1011 2727 lam
1025 2674 1094 2728 mihi
1105 2675 1242 2728 concessit
1252 2673 1361 2729 bonitas
1376 2681 1427 2727 tua
1439 2674 1554 2728 discsre
1567 2674 1662 2741 libros,

147 2765 237 2835 thue
253 2766 330 2837 operi
340 2766 455 2820 verbum
470 2773 605 2820 consonet
620 2772 704 2837 atque
719 2766 787 2819 illies
803 2783 809 2818 :
986 2763 1040 2817 Sed
1049 2780 1094 2816 ine
1109 2769 1260 2834 paupertas
1272 2764 1523 2830 sullucatingenii.

111 2848 183 2907 Urbs
198 2855 363 2913 aaronita
373 2856 440 2911 ostis
451 2872 499 2909 ros
517 2863 546 2910 et
560 2856 668 2909 lumina
682 2855 790 2920 mundi,
951 2853 995 2907 lile
1006 2854 1073 2923 quia
1088 2870 1260 2924 quascunque
1275 2854 1494 2907 docueruntore
1504 2853 1647 2924 magistri,

147 2941 201 2996 l'os
215 2943 342 2998 Christus
357 2945 457 2998 statuit
467 2952 560 2998 castra
573 2952 655 2997 tuere
669 2961 730 2998 sua.
918 2928 940 2987 C
987 2944 1106 3012 Nemga
1121 2960 1200 2997 mens
1216 2943 1326 3013 perdat,
1341 2948 1444 2998 cuncta
1459 2943 1528 2999 dedi
1543 2942 1628 2997 foliis.

112 3029 169 3083 Vos
184 3029 274 3085 sontes
288 3031 351 3096 vivi,
365 3032 488 3101 paradisi
497 3040 525 3087 et
540 3033 660 3086 llumina
670 3049 768 3088 sacra:
954 3032 1025 3085 Hine
1040 3048 1151 3103 qnoque
1167 3048 1241 3086 nunc
1256 3038 1387 3086 constant
1395 3033 1499 3102 glossa*
1509 3033 1649 3103 partique
1662 3030 1748 3089 libelli.

146 3118 279 3174 Doctores
293 3119 398 3189 populi,
411 3119 473 3173 laus
481 3120 576 3188 gregis
585 3127 669 3189 atque
681 3119 775 3186 ducas,
989 3121 1064 3185 Quos
1079 3138 1177 3192 precor
1188 3121 1304 3191 indigno
1314 3121 1432 3175 reddere
1440 3121 1605 3193 praecipias.

111 3207 157 3261 Sal
173 3214 264 3272 terite,
277 3207 384 3277 lapidos
394 3208 519 3278 pretiosi,
532 3209 561 3265 in
572 3213 723 3264 stemmate
735 3210 838 3263 Christi
952 3211 1030 3264 Serri
1047 3211 1183 3281 quidquid
1193 3210 1307 3271 habent,
1321 3209 1507 3266 dominorum
1519 3211 1590 3281 jure
1604 3215 1721 3267 machir.

147 3297 203 3350 llos
217 3303 316 3362 mater,
332 3295 420 3353 irater
433 3297 521 3368 ipsius
531 3306 615 3367 atque
629 3314 718 3352 soror.
987 3300 1032 3354 Sic
1046 3316 1098 3370 ego
1109 3316 1170 3371 quae
1189 3300 1296 3372 scripsi,
1312 3299 1482 3369 omniajure
1496 3305 1593 3356 tonos.

606 3449 762 3509 subeam
782 3451 1052 3512 CHRISTOPHORI
1072 3454 1254 3515 BROWERI.

145 3574 218 3633 Usus
240 3576 298 3630 iere
314 3576 398 3645 hujus
418 3575 509 3631 astatis
534 3573 633 3633 hahuit
646 3581 679 3628 ut
699 3573 914 3645 chorepiscopus
955 3584 1051 3631 tainen
1067 3594 1140 3631 nune
1152 3577 1234 3642 dabo,
1250 3577 1384 3633 benellcio
1400 3581 1515 3649 peranti
1539 3582 1569 3634 ni
1595 3598 1649 3636 ins.
1665 3581 1753 3634 indicis

110 3647 154 3700 vel
167 3646 430 3718 coepiscopusidem
444 3652 528 3711 esset,
544 3646 592 3716 qui
605 3648 665 3714 jam
680 3645 914 3715 nobisvulgosut—
955 3647 1089 3705 abliatum
1108 3667 1140 3701 :n
1161 3651 1313 3718 Ratgarius
1332 3651 1360 3705 in
1377 3651 1508 3721 partibus
1571 3653 1697 3713 rmaniae,
1712 3667 1752 3722 pa·

109 3717 269 3787 maneus,
286 3724 315 3774 et
335 3718 456 3799 episcopi
480 3718 509 3779 in
524 3716 668 3789 pontilicis
682 3717 824 3778 functione
839 3717 914 3773 rica·
955 3719 1082 3773 rentibus
1102 3720 1251 3785 nobilibus,
1275 3730 1367 3785 natus,
1388 3730 1542 3794 susceptus
1554 3730 1600 3779 est
1613 3726 1670 3783 aS.
1684 3725 1753 3779 sur

111 3788 180 3842 rius.
210 3786 343 3863 Exempla
362 3805 465 3863 passim
489 3793 651 3865 suppetunt,
671 3787 699 3841 in
720 3788 788 3859 ipsis
803 3805 914 3859 queque
955 3791 1048 3843 mione
1064 3791 1093 3845 in
1109 3792 1311 3846 monasterinm
1325 3792 1345 3846 F
1348 3793 1476 3859 uldeiise,
1494 3801 1525 3849 et
1540 3795 1679 3851 suecessit
1690 3795 1753 3849 Bau·

111 3859 220 3914 Rabani
234 3860 322 3914 libris.
337 3861 477 3914 Caeterum
493 3858 692 3918 Brunwardus,
709 3874 792 3929 quern
808 3876 913 3982 praesu-
954 3862 1030 3931 gullo
1046 3861 1072 3914 iu
1085 3862 1220 3929 regimine
1235 3862 1362 3923 abbatim,
1379 3880 1455 3917 antio
1465 3864 1585 3920 Domini
1600 3864 1655 3921 80³2
1675 3872 1701 3920 cl
1715 3863 1753 3917 de·

109 3930 165 3985 lem
178 3937 206 3984 et
229 3935 371 4002 pastorem
398 3930 495 3984 laudat
517 3930 661 3991 Rabanus,
680 3930 810 4000 Haistnlp
833 3935 914 3984 oaut
955 3932 1062 4003 positus
1082 3934 1136 3986 ibit
1158 3950 1232 3988 anno
1255 3935 1368 3990 Domini
1383 3933 1447 3989 817.
1472 3936 1528 3990 llic
1544 3937 1681 3992 nobiliter
1694 3935 1754 3989 rexit

109 4001 226 4071 Otgario
242 4003 402 4072 Mogontia,
417 4002 458 4057 rel
471 4001 572 4071 quibus
584 4000 650 4056 alibi
662 4002 787 4061 iocorum
797 4018 913 4071 operam
956 4005 1158 4063 monasterium
1186 4022 1237 4075 per
1255 4007 1393 4061 sexdecim
1416 4022 1521 4070 annos,
1542 4016 1572 4063 et
1599 4014 1634 4063 ut
1656 4009 1754 4079 sapiens

109 4072 228 4135 dederit,
243 4078 361 4135 tacetur.
380 4074 528 4131 Drunwart
543 4071 649 4143 alioqui
666 4072 806 4129 celebrem
832 4073 916 4127 llers-
957 4076 1126 4130 architectus
1147 4076 1318 4135 occidentale
1342 4079 1481 4149 templum
1497 4073 1574 4135 mira
1591 4088 1655 4135 arte
1670 4088 1698 4140 ot
1711 4081 1754 4132 iu-

110 4143 242 4196 seldensis
253 4142 415 4200 monasterii
426 4142 554 4196 abbatem
567 4148 705 4196 memorat
714 4142 916 4200 Lambertusin
957 4163 1054 4200 mensa
1065 4147 1259 4213 magnitudine
1273 4148 1354 4202 alteri
1368 4150 1517 4221 copulatae,
1535 4168 1626 4205 unam
1642 4152 1706 4206 lecit
1719 4165 1754 4204 eo·

109 4214 248 4268 Chronico
259 4231 319 4277 suo,
337 4213 371 4267 ad
385 4229 490 4267 annum
504 4212 565 4275 ala,
582 4213 632 4266 stab
649 4230 713 4288 quo,
737 4214 916 4283 utaequalam
957 4218 1080 4270 clesiam.
1100 4218 1244 4272 ltalmnnm
1260 4225 1286 4272 et
1307 4220 1458 4273 Hattonem
1471 4221 1600 4276 lunonis
1616 4222 1715 4277 direxit
1727 4220 1754 4272 ad

109 4285 217 4340 Rabani
235 4292 263 4338 ct
278 4284 446 4338 iarnillarem
456 4285 543 4344 noris,
553 4284 668 4338 ecclesia
679 4284 883 4338 Hersseldensis
898 4302 919 4338 a
956 4288 1089 4342 Albinum
1100 4290 1275 4352 maoistrum,
1290 4291 1382 4360 pratia
1392 4291 1527 4347 liberales
1541 4293 1670 4348 discendi
1681 4302 1754 4347 anes.

109 4355 225 4410 Rabano
249 4356 386 4419 dedicata.
415 4355 579 4417 Etabbatoe
593 4372 626 4411 ee
645 4361 772 4425 tempore
786 4356 914 4426 chorepi·
956 4360 1116 4412 Brunonem
1127 4333 1163 4413 ad
1171 4357 1487 4423 Einardum,rariarum
1505 4364 1615 4418 artium
1625 4366 1754 4419 doctorem
1801 4424 1803 4428 Α

110 4428 185 4496 scopi
210 4444 313 4481 munus
327 4427 457 4499 gessisse,
475 4429 503 4482 S.
520 4427 660 4495 ll'igberti
674 4426 827 4481 ethlbuini
852 4427 914 4485 Fri*
955 4430 1168 4500 peritissimum.
1187 4434 1344 4489 Modestum
1378 4433 1544 4489 (fandidum
1568 4453 1636 4492 cum
1653 4437 1712 4490 aliis
1728 4432 1756 4488 ad

109 4498 314 4558 tislariensium
335 4498 461 4569 exempla
478 4498 587 4551 docent.
608 4497 811 4552 lirunsardum
828 4497 1128 4593 igiturDClemcntem
1139 4502 1275 4570 Scottum,
1292 4505 1484 4575 grainrnaticae
1507 4506 1648 4561 studendi
1663 4506 1754 4577 gratis

109 4569 395 4623 hunchaudabnuas
422 4569 544 4653 episcopi
570 4569 627 4621 rita
650 4568 914 4639 in'l'huringiapro
956 4573 1009 4625 Sed
1021 4589 1089 4625 aure
1104 4582 1132 4626 et
1146 4580 1272 4642 arpenta,
1285 4575 1394 4628 coronis
1410 4576 1589 4643 etlueernis,
1603 4576 1755 4632 stemnihus

110 4638 227 4709 Otgmrio
244 4641 403 4699 excubasse,
422 4648 507 4710 atque
518 4640 583 4693 inde
597 4640 763 4711 amplissimi
774 4651 914 4694 inonaste-
956 4643 1044 4703 bonis,
1074 4645 1165 4698 locum
1193 4646 1267 4699 hanc
1282 4647 1403 4716 gloriose
1426 4648 1567 4716 provexit.
1588 4650 1668 4703 Fecit
1682 4648 1755 4701 etiam

110 4710 145 4765 rii
153 4710 345 4792 gubernacula
359 4712 615 4782 adeptumessedd
626 4712 700 4767 hunc
710 4712 914 4770 lirnnwardum
959 4715 1003 4768 hic
1030 4717 1207 4773 venerandus
1234 4718 1318 4775 Pater
1342 4719 1550 4775 monasterium
1573 4720 1754 4775 laudabiiiset

109 4782 454 4852 scripsisse‘Hincmarum,
467 4782 632 4842 [thamensis
640 4783 768 4839 Ecclesiae
775 4782 913 4855 archiepi·
955 4785 1081 4841 discretae
1104 4804 1254 4854 mensurae,
1277 4789 1306 4842 in
1322 4796 1416 4843 monte
1431 4790 1478 4843 cui
1494 4791 1644 4864 pretiosus
1659 4795 1755 4859 martir

109 4869 234 4923 scopum.
248 4852 559 4907 FloddardusHistoriae
575 4871 632 4907 sum
645 4853 694 4906 lib.
712 4853 835 4913 meti-l,
853 4870 913 4907 me·
955 4857 1113 4912 Bonitbcius
1125 4859 1248 4912 Mentem
1263 4859 1389 4930 Episcopi
1403 4875 1510 4914 noriien
1532 4861 1641 4917 indidit
1657 4883 1663 4925 ς
1686 4866 1713 4915 et
1725 4858 1753 4912 ab

110 4925 202 4991 minii,
220 4926 332 4994 quando
349 4925 374 4977 ei
392 4924 580 4994 possessiones
592 4924 681 4977 sancti
695 4924 815 4992 Remigii
832 4928 860 4977 et
871 4941 915 4977 eo·
957 4928 1092 4982 Haistollo
1114 4929 1336 4999 llegtmtinensis
1359 4930 1488 4984 Ecclesiae
1508 4933 1721 5005 archiepiscopo
1733 4930 1754 4983 in

29 5012 32 5019 ’
109 4995 190 5049 lones
208 4996 415 5053 commendarit
425 4996 571 5050 Remensis
585 4995 713 5049 Fcolesiis
723 4995 751 5048 in
760 4996 916 5066 Thuringia
957 5000 1091 5053 lienorem
1103 5007 1205 5055 sanctae
1212 5002 1262 5055 Dei
1270 5001 1416 5070 genitricis
1432 5003 1532 5057 llario}
1546 5004 1677 5059 dedicari
1691 5003 1754 5056 lecit.

109 5066 287 5121 constitutos.
957 5078 985 5124 et
999 5071 1028 5124 iu
1038 5072 1156 5129 introitu
1169 5073 1312 5129 claustrali
1333 5073 1423 5143 ipsius
1432 5073 1563 5130 eeclesiae
1578 5077 1617 5130 ad
1628 5077 1754 5133 dextram,

144 5137 271 5192 hliliisne
275 5179 328 5192 .....
344 5139 562 5206 ,syllababusus
587 5142 629 5192 est
649 5138 916 5209 Brunwarddissyi-
958 5158 1042 5197 series
1057 5150 1086 5196 et
1100 5144 1200 5214 plenus
1213 5143 1323 5201 dierum
1336 5143 1486 5210 bonarum,
1504 5147 1666 5217 sepulturae
1679 5144 1757 5203 tradi

109 5206 202 5267 laben,
222 5214 254 5262 ut
268 5210 334 5263 olim
347 5226 490 5264 servorum
506 5208 699 5264 nomemb'am
716 5211 803 5261 lirino
815 5209 916 5262 Teuto-
958 5220 1003 5266 tus
1019 5220 1071 5278 est,
1087 5214 1132 5267 cui
1158 5218 1291 5268 successit
1315 5215 1423 5285 :Egiir
1447 5215 1547 5279 Porro,
1565 5218 1643 5288 quod
1658 5214 1692 5272 ad
1706 5216 1756 5269 Cle

110 5276 172 5331 nice
187 5281 297 5358 fuscina
309 5284 580 5347 ctnlpcllumsonat.
598 5279 810 5342 ll'ard,clarum,
821 5280 917 5349 quire·
959 5292 1082 5338 nieritem
1098 5286 1222 5351 Scotum,
1239 5287 1262 5339 si
1279 5286 1388 5340 idemis
1403 5287 1506 5367 estqui
1522 5305 1602 5342 atino
1618 5288 1755 5344 ithama-

110 5345 183 5400 ferat
198 5365 228 5401 m
248 5350 299 5403 hae
311 5352 477 5406 idiomatum
495 5351 659 5412 deflexione,
674 5350 841 5433 inquiritur.
862 5352 916 5407 Sed
961 5362 1005 5413 cto
1025 5356 1166 5415 Borrilscio
1182 5363 1211 5412 et
1239 5358 1370 5415 Ziieharia
1395 5358 1530 5426 pontifice
1549 5358 1587 5411 ob
1609 5358 1755 5414 haresinin

118 5418 198 5470 Wurt
214 5426 263 5472 aut
284 5424 376 5476 ll'urd.
394 5428 443 5490 qui
459 5428 489 5477 in
501 5427 588 5491 pratia
603 5427 649 5481 esi,
668 5420 778 5474 facilem
796 5422 917 5474 adhunc
960 5426 1066 5485 synodo
1083 5427 1209 5480 liciniano
1233 5427 1391 5492 damnatus
1409 5435 1554 5482 retrusum
1580 5432 1609 5483 in
1626 5442 1756 5484 alienasse·

112 5492 914 5569 ἰοιιῑεηινίἢῃωρρήῑυῃᾱρ(ὲρῃῃῃῃὶςένόοξ,ιρῑεὺγενεις
961 5485 1034 5551 rium
1058 5499 1159 5551 alicubi
1183 5500 1342 5570 resipuisse,
1356 5510 1385 5553 ct
1407 5501 1555 5570 decrepita
1583 5510 1667 5555 state
1681 5499 1755 5572 purri-

111 5577 194 5638 niori,
204 5575 342 5643 ejusmodi
352 5580 548 5635 dicunturlirh
561 5583 715 5635 irridererdt
729 5598 778 5650 per
791 5575 917 5631 ἰταόυνα-
961 5576 1078 5634 stlitem,
1095 5569 1214 5625 dimin
1242 5571 1278 5625 ad
1297 5571 1493 5639 illiuflmfflcae
1517 5588 1645 5628 fflssffilffl
1667 5575 1757 5627 ibiibi

112 5645 180 5720 μίαν
195 5657 253 5706 oiri
265 5661 406 5723 preclari.
961 5657 1070 5710 aciamus
1088 5641 1247 5713 digitosque
1260 5658 1336 5696 suos.
1347 5642 1381 5696 ln
1396 5641 1516 5697 &bario
1531 5643 1580 5699 hic
1596 5644 1708 5699 laudem
1720 5657 1756 5695 sn

147 5724 208 5779 ⁰Do
214 5725 359 5798 ltetgario,
367 5728 513 5784 midensis
520 5731 755 5787 Ecclesiaeabbate
761 5730 856 5798 tertio,
866 5731 920 5785 etsi
962 5714 1023 5768 ‘5²'oe
1037 5716 1211 5780 mimmii
1232 5712 1367 5779 ⁸⁸⁰di¹¹ms
1394 5713 1443 5784 (ilfi
1463 5729 1501 5769 ¹¹⁰
1524 5714 1645 5786 quidm
1660 5711 1756 5786 W

119 5797 212 5855 mults
224 5796 255 5854 in
268 5789 479 5874 achonitanae
492 5801 675 5858 haldendum
689 5802 776 5869 libris,
786 5802 923 5858 nonnulla
962 5782 1006 5843 θῶ
1017 5783 1155 5883 ΜΝ
1163 5783 1300 5841 ”fflfli
1312 5782 1467 5858 hml>aie
1475 5784 1531 5842 ⁸15
1543 5785 1703 5844 'iffi‘-
