3786 6128
129 337 180 393 tta
420 338 451 393 Β.
471 337 607 393 atham
626 339 742 394 omum
762 340 930 396 nactum.
950 340 1112 397 MOGUNT.
1135 339 1284 395 OPERUM
1301 338 1393 394 PARS
1412 339 1462 394 111.
1710 338 1761 393 66⁴

127 478 187 516 esse
201 467 354 534 peecatum.
367 463 485 533 Propter
499 462 666 516 sacramenti
682 470 777 518 autern
793 465 1196 527 sanctita-Aincontinentiam
1212 463 1246 516 ab
1268 463 1320 516 hoc
1334 463 1423 533 gradu
1442 463 1554 516 arcendi
1584 462 1683 516 simus.
1702 463 1766 526 Qua

126 557 193 615 tem,
208 553 281 605 sieut
294 552 400 605 femina
409 552 518 605 etiamsi
526 553 727 605 catechumena
743 553 828 607 fuerit
841 554 923 609 vitia·
964 555 1039 609 enini
1055 554 1183 607 libertate
1194 570 1341 623 possumus
1355 552 1461 606 alienos
1478 553 1549 606 filios
1567 552 1720 622 corripere,
1737 556 1767 604 et

125 645 164 706 ta,
181 656 236 694 non
250 646 343 711 potest
361 646 424 710 post
443 639 615 712 baptismum
639 642 713 695 inter
726 642 778 695 Dei
802 643 923 713 virgines
964 644 1064 697 docere
1079 660 1139 713 quae
1163 648 1239 696 reeta
1266 648 1341 707 sunt,
1357 658 1421 695 curn
1448 641 1529 695 nohis
1553 640 1650 694 statim
1675 640 1768 710 possit

127 723 283 784 consecrari
297 749 303 782 :
321 730 361 784 ita
374 747 430 784 non
444 730 564 785 absurde
578 730 669 784 visum
679 737 723 785 est
735 747 800 785 eum
811 732 859 803 qui
874 748 923 786 ex·
965 733 1012 803 qui
1027 738 1172 803 correptus
1187 738 1231 786 est
1244 732 1390 801 ingerere:
1420 732 1492 784 hnte
1507 730 1575 784 doce
1589 729 1664 783 filios
1678 729 1768 783 tuos?

125 819 209 873 cessit
223 836 341 874 uxorum
356 837 505 875 numerum
518 820 699 890 singularem,
712 837 768 874 non
778 828 923 892 peccatum
963 824 1021 875 Aut
1031 820 1183 893 quafronte
1193 826 1358 874 extraneum
1366 819 1485 889 corripio
1494 819 1691 884 fornicantem,
1701 834 1768 872 eum

125 907 238 979 aliquod
252 909 435 976 commisisse,
450 910 499 964 sed
514 925 642 963 normam
657 910 810 980 quamdam
829 927 923 964 sacia·
965 911 1034 964 milri
1051 909 1222 965 conscientia
1242 926 1305 964 mea
1326 910 1388 981 ipsa
1401 909 1570 980 respondeat
1586 926 1592 959 ε
1610 907 1769 961 Exhaereda

67 1020 70 1024 Δ
125 998 213 1052 menti
229 998 366 1066 amisisse,
378 1016 435 1053 non
447 1000 481 1053 ad
496 999 559 1053 vitm
572 998 651 1053 bonae
666 998 808 1066 meritum,
823 1000 870 1053 sed
888 999 923 1053 ad
964 1016 1031 1070 ergo
1047 995 1770 1068 flliumfornicantem,abjicef1liostuosvitrisser

126 1087 310 1142 ordinationis
320 1089 518 1143 Ecclesiasticae
530 1088 706 1159 signaculum
716 1090 920 1155 necessarium,
963 1088 1175 1142 vientes?0um
1193 1093 1289 1142 autem
1314 1104 1436 1158 nequam
1459 1088 1533 1140 filius
1547 1087 1577 1140 in
1597 1103 1658 1139 una
1671 1090 1769 1139 tecum

126 1191 159 1229 ac
172 1193 224 1247 per
241 1177 294 1231 hoc
305 1177 379 1232 sieut
391 1179 486 1249 plures
498 1177 679 1248 antiquorum
694 1183 806 1247 patrum
822 1194 923 1232 uxores
963 1177 1109 1232 conveniat
1123 1178 1216 1242 domo,
1224 1184 1254 1231 tu
1270 1178 1356 1230 audes
1366 1177 1523 1231 dealterius
1532 1176 1612 1230 oculo
1627 1175 1769 1229 festucam

125 1264 355 1336 significaverunt
368 1266 478 1320 futuras
492 1265 781 1321 nostrasexomnibus
791 1266 922 1336 gentibus
963 1267 1120 1331 detrahere,
1130 1267 1160 1320 in
1170 1266 1335 1321 tuotrabem
1346 1282 1403 1319 non
1412 1265 1532 1319 videns?
1548 1266 1621 1327 ttae.
1638 1267 1688 1331 vr.)
1703 1264 1768 1317 Non

126 1355 257 1409 ecelmias
271 1355 320 1410 uni
338 1356 397 1409 viro
419 1354 547 1410 subditas
562 1355 682 1421 Christe,
700 1355 740 1409 ita
763 1360 858 1409 noster
870 1372 922 1409 an·
963 1355 1057 1426 itaque
1069 1357 1163 1426 justus
1173 1355 1347 1426 p'olluiturex
1359 1354 1434 1408 vitiis
1448 1353 1639 1419 filiorum,sed
1649 1351 1768 1406 libertas

123 1443 205 1498 tistes
219 1444 303 1498 unius
314 1445 409 1499 uxoris
420 1445 461 1497 vir
483 1444 623 1514 significat
642 1460 675 1497 ex
690 1443 819 1498 omnibus
832 1444 923 1514 genti·
964 1443 999 1498 ab
1017 1445 1151 1516 Apostolo
1168 1443 1295 1498 Ecclesiae
1320 1443 1438 1514 principi
1457 1446 1627 1509 reservatur,
1644 1446 1677 1495 ut
1699 1440 1764 1495 talis

124 1532 176 1587 bus
189 1533 329 1587 unitatem
341 1533 390 1587 uni
400 1533 459 1587 viro
466 1533 607 1587 subditam
618 1533 740 1599 Christo,
751 1549 806 1603 quo
814 1539 923 1587 etnuuc
964 1536 1022 1600 frat,
1040 1533 1088 1605 qui
1100 1550 1156 1586 non
1172 1533 1271 1587 timeat
1283 1540 1397 1603 propter
1410 1532 1479 1585 vitia
1502 1530 1656 1585 liberorum
1672 1538 1764 1584 extra·

123 1622 294 1692 perficietur,
311 1638 374 1677 eum
388 1623 553 1676 revelaverit
564 1622 673 1676 occulta
686 1621 879 1684 tenebrarum,
896 1628 925 1676 et
965 1640 1032 1677 neos
1048 1621 1262 1694 reprehendere.
1275 1622 1382 1675 Deinde
1403 1622 1488 1675 etiarn
1503 1621 1572 1674 illud
1591 1625 1635 1673 est
1645 1620 1764 1673 inferen-

124 1715 242 1764 caetera:
259 1727 333 1765 nunc
347 1717 442 1765 autem
457 1718 524 1765 sunt
538 1711 701 1778 manifesta,
723 1718 790 1765 sunt
804 1712 923 1766 latentes
965 1713 1032 1767 ditm
1047 1711 1194 1766 adversum
1214 1728 1262 1764 eos
1276 1711 1324 1781 qui
1337 1712 1372 1764 de
1384 1711 1546 1781 episcopatu
1560 1709 1761 1773 intumescunt,

125 1799 324 1866 dissensiones,
341 1801 426 1854 etiam
450 1801 526 1854 salva
548 1799 694 1863 charitate,
718 1800 857 1854 intereos
877 1789 993 1871 quiBet
1007 1805 1109 1871 putant
1130 1816 1235 1853 senon
1256 1798 1494 1871 dispensationem
1510 1797 1626 1861 Christi,
1641 1795 1692 1849 sed
1716 1796 1764 1848 im·

123 1904 212 1942 unum
226 1892 255 1944 et
270 1889 299 1942 in
314 1905 403 1943 unum
413 1888 499 1944 futuri
515 1895 589 1954 sunt,
603 1906 664 1960 quae
673 1894 740 1943 tune
754 1889 924 1960 utiquenul-
965 1889 1075 1960 perium
1095 1895 1268 1951 consecutos
1293 1888 1360 1959 quia
1381 1904 1437 1941 non
1457 1887 1553 1940 statim
1572 1884 1705 1939 omnibus
1723 1884 1763 1937 his

123 1976 157 2031 1ae
171 1983 264 2032 erunt.
279 1978 378 2049 Itaque
398 1978 471 2033 sicut
484 1976 592 2033 duobus
617 1978 738 2032 dominis
764 1977 924 2049 pluribusve
965 1978 1095 2031 meliores
1109 1978 1166 2031 sint
1176 1977 1335 2048 quicunque
1350 1977 1471 2047 episcopi
1496 1992 1552 2029 non
1572 1973 1680 2028 fuerint
1694 1973 1764 2026 ordi·

124 2065 238 2132 servire,
254 2065 295 2120 sic
306 2083 324 2120 a
337 2066 399 2120 vivo
413 2067 472 2121 viro
486 2067 608 2120 transire
626 2066 656 2120 in
679 2066 795 2120 alterius
816 2083 923 2121 oonnu·
965 2066 1034 2131 nati,
1047 2071 1076 2120 et
1090 2084 1122 2120 ex
1138 2065 1254 2137 eoquod
1264 2065 1318 2137 ipsi
1337 2065 1417 2118 electi
1438 2069 1513 2126 sunt,
1521 2080 1551 2117 se
1565 2062 1658 2132 magis
1673 2061 1766 2115 existi·

123 2153 201 2207 bium
215 2170 267 2208 nec
279 2161 347 2209 tunc
366 2155 454 2218 licuit,
471 2172 521 2209 nec
541 2172 615 2210 nune
634 2155 707 2222 licet,
724 2172 775 2210 nec
798 2171 923 2226 unquam
964 2162 1041 2210 ment
1057 2154 1260 2226 comprobatos.
1277 2155 1331 2209 Sed
1343 2154 1503 2223 intelligant
1516 2159 1667 2223 propterea
1681 2166 1763 2221 quos·

123 2242 231 2310 licebit3
247 2248 407 2315 apostatare
423 2244 527 2316 quippe
539 2243 574 2298 ab
589 2260 646 2297 uno
656 2245 723 2309 Deo,
736 2249 765 2298 et
779 2245 820 2298 ire
836 2245 866 2298 in
881 2244 923 2298 al·
964 2244 1029 2297 dam
1040 2244 1163 2297 asacerd
1177 2243 1223 2298 »tio
1242 2250 1374 2308 remotos,
1383 2243 1449 2313 quia
1463 2258 1510 2295 eos
1529 2242 1684 2294 liberorum
1697 2239 1764 2293 vitia

123 2331 212 2386 terius
226 2332 414 2388 adulterinam
427 2333 666 2404 superstitionem,
677 2350 788 2404 semper
805 2340 848 2387 est
864 2350 923 2387 ma·
964 2333 1153 2403 impedierint.
1164 2333 1192 2386 Si
1203 2339 1297 2386 autem
1305 2337 1419 2402 peccata
1428 2328 1590 2384 filiorumab
1601 2328 1763 2400 episcopatu

123 2419 193 2475 lum.
208 2422 266 2476 Nee
279 2438 364 2476 causa
378 2439 445 2492 ergo
463 2422 665 2477 numerosioris
689 2422 775 2493 prolis
797 2422 924 2476 fecerunt
961 2423 1071 2493 justum
1095 2421 1252 2491 prohibent,
1274 2420 1487 2491 quantomagis
1515 2435 1545 2471 se
1570 2416 1765 2488 unusquisque

122 2510 212 2564 sancti
223 2510 394 2582 nostriquod
410 2512 479 2566 Cato
490 2511 593 2565 dicitur
606 2510 703 2565 fecisse
722 2511 876 2577 Romanus,
892 2516 923 2566 ut
965 2511 1154 2576 considerans,
1170 2516 1199 2565 et
1215 2510 1305 2564 sciens
1320 2526 1387 2580 quia
1399 2530 1411 2561 a
1426 2514 1555 2580 potentes
1570 2511 1766 2578 potentertor·

122 2598 248 2653 traderet
261 2599 339 2653 avus
354 2616 469 2654 uxorem
485 2600 569 2654 etiam
586 2599 616 2654 in
627 2599 743 2654 alterius
754 2600 878 2667 domum,
895 2605 924 2654 et
964 2605 1059 2654 menta
1072 2600 1241 2670 patientur»
1257 2598 1332 2667 (Sap.
1341 2601 1390 2666 vr),
1405 2599 1531 2651 retrahet
1544 2615 1574 2652 se
1589 2595 1625 2650 ab
1640 2596 1694 2650 hoe
1709 2611 1765 2649 non

123 2686 163 2741 sic
178 2686 244 2740 filiis
257 2687 380 2759 impletae
394 2695 460 2754 sunt
472 2707 478 2755 ;
490 2688 520 2742 in
532 2693 694 2742 nostrarum
705 2688 807 2760 quippe
818 2689 922 2761 nuptiis
942 2682 945 2687 ’
963 2693 1022 2742 tam
1033 2690 1138 2743 honore
1154 2705 1238 2759 quarn
1248 2704 1342 2752 onere,
1351 2687 1503 2740 etaliorum
1518 2686 1610 2739 locum
1621 2686 1670 2756 qui
1676 2684 1766 2754 magis

123 2765 274 2845 plus'valet
302 2776 436 2830 sanctitas
462 2777 629 2830 sacramenti
655 2794 739 2848 quam
767 2777 923 2832 fecunditas
964 2778 1042 2848 digni
1050 2783 1116 2832 sunt
1125 2793 1180 2831 non
1191 2776 1296 2830 ambiet
1308 2777 1461 2847 occupare!
1477 2775 1519 2828 nd
1531 2781 1701 2839 extremum,
1715 2773 1767 2827 hoc

124 2863 209 2918 uteri.
223 2866 323 2932 (Hier.)
336 2865 370 2919 Et
385 2865 497 2935 quidem
519 2882 579 2919 esse
602 2866 663 2920 sine
683 2866 800 2921 erimine
820 2867 923 2938 episco-
963 2866 1197 2921 dicendumestin
1207 2865 1360 2936 Scripturis
1369 2864 1506 2936 persilios,
1516 2854 1668 2932 λογισμούς,
1682 2862 1711 2916 id
1725 2868 1768 2916 est

125 2950 268 3024 pum,sive
282 2953 486 3025 presbyterum,
497 2960 524 3007 et
541 2971 627 3008 unam
638 2971 752 3009 uxorem
767 2955 880 3023 habere,
894 2957 922 3010 in
953 2958 1154 3023 capitationem
1171 2971 1222 3026 per
1240 2954 1310 3008 illias
1332 2970 1408 3019 vero,
1427 2944 1545 3021 πράξεις,
1557 2951 1586 3005 id
1610 2957 1654 3005 est
1671 2966 1765 3019 operm

124 3046 223 3095 nostra
233 3047 433 3113 estpotestate.
450 3043 590 3098 Caeterum
604 3043 672 3098 illud
689 3045 762 3115 quod
784 3045 920 3115 sequitur,
964 3043 1092 3114 intelligi,
1103 3049 1201 3098 etcum
1208 3042 1400 3114 nuncpraecipi
1408 3041 1510 3095 debere
1520 3040 1686 3111 episcopum
1694 3039 1765 3105 fieri,

126 3148 140 3181 a
154 3129 259 3185 habere
272 3131 345 3185 filios
359 3131 464 3199 fideles,
480 3148 536 3186 non
557 3132 585 3186 in
602 3133 779 3187 amusatione
793 3133 919 3199 luxuria,
931 3133 954 3192 G
964 3133 1011 3204 qui
1027 3138 1056 3187 et
1065 3132 1247 3201 cogitationes
1257 3136 1287 3185 et
1299 3131 1422 3201 operain
1436 3129 1599 3184 suahabeat
1614 3134 1766 3199 potestate,

125 3231 157 3273 ac
168 3234 225 3273 non
239 3218 375 3287 subditos,
393 3240 405 3272 u
431 3226 509 3275 extra
525 3227 651 3290 rmstram
673 3226 715 3278 ost
738 3222 921 3276 voluntatem.
965 3228 994 3275 et
1006 3238 1070 3275 vere
1084 3220 1180 3274 credat
1193 3221 1222 3274 in
1238 3220 1358 3284 Christo,
1370 3225 1398 3274 et
1412 3219 1490 3273 nulla
1503 3217 1719 3289 subrepentium
1725 3218 1768 3271 vi·

75 3339 81 3349 .
125 3307 300 3379 Estoquippe
310 3315 441 3379 parentes
451 3309 521 3364 bene
532 3311 687 3365 instituisse
696 3309 797 3364 liberos
812 3326 887 3376 suos,
896 3315 924 3364 et
963 3311 1068 3365 tiorum
1082 3308 1145 3381 labe
1159 3310 1325 3363 maculetur.
1344 3334 1356 3360 a
1375 3309 1491 3379 Oportet
1503 3308 1578 3361 enim
1600 3307 1768 3379 episcopum

125 3412 234 3468 aparva
245 3402 328 3452 aetate
340 3415 452 3470 semper
461 3399 614 3453 Dominicis
625 3398 751 3453 erudisse
761 3399 919 3470 praeceptis:
964 3399 1024 3453 sine
1039 3399 1156 3452 erimine
1179 3415 1249 3464 esse,
1270 3404 1406 3468 tanquam
1430 3397 1480 3450 Dei
1499 3396 1735 3466 dispensatorem.
1752 3414 1765 3447 o

124 3483 154 3538 hi
162 3485 186 3538 si
196 3490 294 3556 postea
303 3486 421 3541 luxuries
433 3487 604 3541 se‘dederint
611 3492 640 3541 et
647 3487 771 3557 superati
781 3487 856 3541 vitiis
864 3486 924 3541 libi·
964 3486 1105 3551 Quaeritur
1119 3503 1186 3557 ergo
1196 3487 1271 3540 inter
1284 3486 1502 3557 dispensatores,
1512 3492 1544 3537 ut
1553 3483 1645 3538 fidelis
1651 3484 1768 3554 quisin-

124 3573 184 3627 dini
198 3574 279 3628 frena
289 3575 479 3645 permiserint,
494 3576 621 3647 nunquid
642 3576 724 3647 culpa
736 3576 771 3630 ad
794 3582 924 3647 parentes
963 3576 1092 3630 veniatur
1107 3581 1136 3629 et
1148 3591 1204 3629 non
1221 3575 1369 3629 comedens
1384 3581 1413 3628 et
1434 3573 1534 3627 bibens
1555 3589 1619 3626 cum
1635 3572 1766 3638 ebriosis,

125 3661 303 3729 redundabit,
316 3669 345 3717 et
366 3665 545 3719 sanctitatem
566 3664 654 3736 patris
669 3665 720 3718 filii
734 3671 848 3735 peecata
862 3681 923 3718 ma·
965 3665 1103 3736 percutiat
1117 3681 1211 3718 servos
1226 3670 1253 3717 et
1274 3663 1399 3728 ancillas,
1417 3663 1465 3716 sed
1488 3663 1627 3716 incertum
1651 3661 1767 3715 Domini

125 3749 279 3806 culabuntf
297 3753 326 3808 Si
341 3754 404 3824 quis
417 3753 488 3808 bene
510 3753 631 3808 erudivit
654 3753 726 3807 filios
747 3770 820 3820 suos,
837 3754 866 3808 in
880 3753 924 3809 his
965 3753 1271 3824 exspectetadventum,
1288 3758 1317 3806 et
1330 3753 1376 3806 det
1391 3752 1531 3806 conservis
1544 3751 1572 3804 in
1586 3756 1718 3820 tempore
1732 3749 1768 3804 ci·

126 3845 194 3911 puto
206 3839 291 3895 fuisse
311 3848 340 3895 et
362 3842 450 3909 Isaac,
466 3843 515 3913 qui
529 3843 626 3913 utique
646 3843 719 3897 Esau
738 3843 827 3896 filiurn
841 3859 924 3898 suum
965 3842 1052 3896 baria.
1071 3844 1147 3897 Inter
1156 3842 1278 3896 villicum
1289 3847 1383 3895 autem
1398 3848 1427 3894 et
1439 3839 1641 3894 familiamhaec
1651 3840 1715 3893 sols
1723 3839 1768 3894 di-

126 3926 196 3982 bene
210 3929 366 3984 instituisse
381 3930 537 3985 credendus
551 3936 602 3985 est.
620 3931 726 3985 Verum
746 3933 817 3986 Esau
840 3931 925 3985 forni—
965 3930 1070 3985 stantia
1084 3931 1207 4002 estquod
1222 3947 1371 3985 conservus
1386 3929 1551 4001 praepositus
1565 3934 1610 3982 est
1624 3929 1768 3983 conservis

125 4017 218 4070 carius
233 4022 262 4070 et
276 4018 409 4088 profanus
421 4036 472 4089 pro
488 4035 545 4072 una
563 4036 627 4072 esca
639 4019 766 4073 vendidit
786 4020 925 4090 primoge·
965 4020 1032 4073 suis.
1052 4021 1167 4088 tharala.)
1182 4020 1243 4073 Duo
1259 4020 1311 4073 hoe
1324 4019 1353 4072 in
1368 4019 1428 4073 loeo
1438 4018 1561 4073 ostendit
1574 4034 1637 4088 quae
1652 4033 1672 4070 a
1687 4017 1769 4072 nobis

126 4105 187 4158 nita
198 4121 250 4158 sua
265 4106 340 4172 (Gen.
355 4122 417 4171 xxv,
435 4122 509 4172 xxvi,
523 4124 566 4174 seq
578 4110 598 4175 ).
618 4108 731 4161 Samuel
744 4124 864 4177 quoque,
877 4108 924 4179 qui
962 4110 1023 4179 jani
1039 4108 1113 4162 dicta
1125 4107 1229 4161 suntin
1244 4106 1768 4179 primaEpistolaTimothei,quonia1n

125 4191 191 4246 talis
205 4192 259 4246 fuit
271 4199 304 4247 ut
316 4193 459 4248 invocaret
472 4195 622 4248 Dominum
638 4202 667 4249 et
689 4196 825 4250 Dominus
838 4212 923 4251 exau·
965 4196 1027 4250 illos
1038 4197 1085 4267 qui
1100 4213 1174 4252 iiunc
1189 4197 1370 4251 nominantur
1386 4195 1552 4268 presbyteri,
1568 4211 1625 4249 non
1646 4196 1769 4268 presby-

126 4279 200 4335 diret
210 4288 322 4346 eum,et
332 4282 360 4335 in
371 4287 496 4354 tempore
506 4284 605 4338 messis
621 4283 744 4354 pluriam
758 4285 858 4339 hiemis
873 4286 924 4339 im·
964 4291 1040 4340 teros
1059 4285 1159 4350 solum,
1176 4285 1224 4338 sed
1239 4291 1267 4339 et
1282 4285 1425 4356 episcopos
1447 4292 1514 4339 tunc
1529 4283 1670 4338 dicebant.
1693 4285 1769 4339 Nam

124 4375 259 4441 patraret,
274 4368 374 4425 habuit
383 4371 455 4426 fllios
472 4371 520 4442 qui
533 4372 743 4427 declinaverunt
757 4379 821 4444 post
833 4375 924 4428 avari·
965 4375 981 4428 d
986 4390 1032 4427 um
1043 4374 1119 4440 dicit,
1128 4393 1141 4426 «
1152 4382 1184 4429 ut
1197 4374 1351 4429 constituas
1360 4374 1540 4445 percivitates
1550 4372 1768 4444 prestqteros,s

124 4458 206 4526 tiam,
222 4463 251 4513 et
264 4458 439 4531 accipiebant
456 4475 582 4528 munera,
599 4466 700 4515 ettam
714 4461 803 4532 iniqui
815 4441 1036 4532 judicesDetde
1050 4461 1220 4534 presbyteris
1235 4463 1380 4533 disputans
1395 4463 1491 4532 adjicit
1506 4481 1511 4514 :
1529 4482 1542 4513 a
1558 4462 1681 4532 Oportet
1690 4463 1769 4516 enim

125 4546 301 4613 exstiterunt,
317 4555 349 4602 ut
364 4549 483 4620 populus
501 4567 680 4622 nequaqnam
703 4550 804 4617 ferens,
828 4568 923 4621 regem
964 4552 1125 4622 episcopum
1139 4551 1412 4622 irreprehensibilem
1424 4551 1574 4614 esse,sicut
1589 4549 1640 4604 Dei
1652 4550 1770 4622 dispen-

125 4633 179 4700 sibi
192 4636 222 4689 in
232 4636 448 4693 similitudinem
458 4644 622 4693 caeterarum
631 4639 758 4709 gentium
769 4640 924 4709 postularet
964 4645 1102 4707 satoren13
1114 4662 1126 4692 »
1139 4641 1248 4710 etquod
1259 4640 1367 4695 dixerat
1381 4656 1431 4710 per
1445 4639 1570 4693 civitates
1584 4637 1768 4710 presbyteros

125 4724 151 4791 (1
160 4725 222 4791 fleg.
237 4729 304 4794 vm).
322 4726 395 4794 Ergo
419 4727 442 4781 si
470 4727 569 4782 electio
595 4728 676 4782 fieret
699 4729 874 4783 sacerdotum
894 4735 921 4783 et
963 4727 1066 4782 debere
1084 4729 1228 4794 constitui,
1249 4729 1295 4799 qui
1313 4729 1493 4782 ecclesiarum
1515 4727 1623 4799 possint
1643 4727 1769 4800 implere

125 4810 203 4865 isaac
217 4818 332 4883 propter
348 4815 430 4882 Esau,
447 4822 475 4870 et
491 4816 605 4871 Samuel
625 4823 741 4888 propter
755 4817 827 4870 filios
845 4834 920 4884 suos,
962 4817 1209 4888 dispensationem,
1228 4817 1384 4888 provincias
1407 4817 1511 4871 etenim
1529 4817 1654 4887 integras
1679 4818 1712 4873 in
1726 4818 1769 4872 id·

122 4897 231 4970 indigni
246 4901 403 4957 sacerdotio
418 4909 594 4974 putarentur.
615 4905 650 4960 Et
666 4921 730 4959 curn
744 4911 857 4976 peccata
872 4923 921 4979 pa·
962 4906 1055 4977 ipsum
1068 4904 1281 4960 committebant
1292 4905 1356 4970 illis,
1364 4904 1466 4975 quibus
1475 4905 1623 4959 ordinandi
1638 4912 1768 4976 potesta-

121 4994 234 5043 rentum
248 4989 314 5046 flliis
327 5007 384 5046 non
396 4992 582 5064 imputentur,
606 5010 784 5065 nequaquam
796 4996 856 5066 jam
874 4995 923 5049 illa
962 5000 1020 5050 tem
1030 4993 1200 5066 praebebant,
1216 4993 1263 5064 qui
1276 4994 1403 5047 civitates
1418 4999 1610 5065 peragrantes,
1622 4994 1700 5049 sicut
1709 4995 1769 5066 epi·

123 5076 233 5146 vigente
246 5080 387 5134 sententia
402 5099 407 5133 :
422 5100 435 5134 o
449 5089 580 5152 parentes
594 5099 678 5137 uvam
696 5084 824 5138 acerbam
841 5101 920 5138 man·
962 5083 1172 5154 scopiregiones
1181 5098 1311 5145 suaseos
1324 5082 1372 5152 qui
1390 5083 1419 5136 in
1434 5082 1623 5137 ministerium
1633 5083 1768 5139 Ecclesiae

121 5164 304 5235 ducaverunt,
315 5170 455 5225 et'dentes
469 5171 593 5225 filiorum
599 5171 805 5243 obstupuerunt
814 5173 919 5239 (Ezerh.
962 5170 1055 5226 minus
1071 5188 1131 5226 esse
1145 5170 1320 5235 videbantur,
1329 5171 1507 5238 ordinabant,
1518 5176 1548 5225 et
1555 5169 1768 5244 docebantque

121 5256 208 5322 xvia),
226 5257 375 5312 »filiorum
401 5258 468 5313 vitia
491 5259 655 5330 parentibus
677 5259 921 5331 praejudieabuntf
963 5277 1010 5314 eos
1024 5260 1114 5315 facere
1133 5258 1322 5326 conveniebat,
1340 5261 1503 5315 ordinantes
1517 5261 1657 5330 simulque
1681 5260 1766 5315 insti·

123 5339 249 5395 Primum
258 5343 511 5415 itaquedioendum
520 5348 648 5418 estquod
658 5355 718 5404 tam
727 5355 855 5403 sanctum
869 5366 920 5403 no·
961 5354 1073 5403 tuentes
1087 5348 1222 5419 singulos
1231 5349 1303 5402 sicut
1317 5348 1446 5419 expedire
1461 5347 1669 5403 existimabant.
1685 5350 1767 5405 'lune

123 5443 188 5482 men
198 5429 236 5483 sit
245 5434 403 5501 sacerdotii,
416 5441 449 5490 ut
458 5435 538 5490 nobis
553 5436 639 5490 etius·
653 5454 687 5491 ea
703 5455 764 5509 quae
780 5442 858 5492 extra
870 5455 921 5492 nos
961 5455 1026 5492 vero
1039 5438 1086 5492 isti
1103 5438 1155 5508 ipsi
1169 5437 1216 5508 qui
1226 5437 1396 5491 ordinationi
1406 5441 1545 5508 praeerant
1559 5438 1682 5509 apostoli
1691 5439 1767 5493 dioe-

121 5521 189 5571 sunt
201 5518 301 5586 posita,
318 5529 557 5593 reputenturman
572 5524 645 5595 quod
660 5531 774 5597 propter
787 5527 854 5580 vitia
869 5541 920 5581 no·
961 5525 1072 5592 bantur,
1080 5525 1316 5596 contemplatione
1325 5523 1437 5596 quidem
1444 5526 1663 5581 reverentiashoe
1673 5528 1767 5582 nomi·

121 5608 180 5658 stra
193 5606 315 5681 episcopi
327 5627 383 5665 non
397 5613 497 5666 fiamus
507 5632 513 5666 ε
525 5614 574 5667 sed
589 5613 664 5684 quod
674 5619 790 5685 propter
798 5615 920 5669 filiorum
960 5630 995 5668 ne
1005 5631 1035 5667 se
1045 5615 1136 5668 vocari
1144 5630 1228 5683 grave
1239 5614 1439 5675 existimantes,
1448 5615 1661 5685 praeelegerunt,
1680 5622 1767 5670 utse-
