3786 6128
128 278 193 337 tutti
744 273 789 329 DE
808 273 986 330 PURITATE
1005 274 1145 330 connis.
1695 285 1767 344 iasa

125 401 324 458 ilincestenim
332 400 405 471 quod
416 397 511 464 Jacob,
520 397 586 468 quid
593 397 683 451 Deum
694 413 724 450 se
732 397 832 452 vidisse
838 399 956 457 testa-A
968 397 1058 451 Deum
1067 397 1193 452 dicerent
1207 399 1293 454 etiam
1305 401 1334 454 in
1350 402 1399 457 illa
1413 404 1526 474 regione
1541 405 1723 465 beatitudinis
1737 411 1767 466 in

126 498 183 549 tur.
200 491 275 545 hunc
288 505 345 543 non
358 488 412 543 nisi
425 488 454 540 in
473 486 573 557 angelo
588 486 657 540 vidit
673 505 678 539 :
696 485 763 540 binc
784 492 827 541 est
851 488 924 558 quod
966 484 1093 539 claritate
1108 486 1222 557 quidem
1234 491 1423 561 suacenspici,
1441 493 1489 547 sed
1503 493 1531 548 in
1545 497 1767 554 naturaminime

124 580 246 651 Moyses,
262 578 310 650 qui
325 594 389 633 cunt
401 578 458 631 Deo
469 576 538 630 facie
547 576 582 630 ad
593 575 692 629 faeiem
704 575 838 646 loquitur,
854 576 926 631 sicut
966 572 1063 627 videri.
1080 575 1155 638 Quos
1169 575 1305 631 nimirum
1321 578 1413 633 minor
1426 581 1615 652 inquisitionis
1626 585 1767 641 subtilitas

127 668 204 738 loqui
218 668 289 722 solet
307 667 390 720 homo
410 682 474 719 curn
492 665 583 718 arnico
598 681 658 727 suo,
680 664 715 718 ad
737 664 829 735 ipsum
843 665 926 719 verba
965 661 1072 725 teteltit,
1086 664 1259 734 nequeenim
1269 666 1387 738 simplici
1398 675 1427 723 et
1438 670 1659 727 incommutabili
1674 692 1767 730 essen-

123 773 177 811 sua
193 755 341 810 locutionis
350 759 515 809 convertens
529 753 597 808 dicit
612 753 683 808 :rSi
698 753 791 808 iuveni
804 755 925 823 gratiam
966 749 1014 804 tiae
1027 751 1103 805 aliud
1118 757 1162 806 tet
1175 754 1298 819 claritas,
1309 756 1385 811 aliud
1400 765 1511 823 natura,
1529 761 1577 815 Sed
1592 761 1651 833 ipsa
1665 770 1768 820 natura

123 845 153 900 in
161 850 311 916 conspectu
317 849 376 908 tuo,
385 843 501 898 ostende
508 841 575 895 mibi
583 842 761 912 temetipsum
768 842 924 908 manifeste,
966 854 1019 894 sua
1032 839 1154 906 claritas,
1168 849 1197 896 et
1210 842 1271 913 ipsa
1284 844 1397 900 claritas
1408 864 1461 901 sua
1471 853 1572 903 natura
1587 856 1627 904 est
1640 853 1768 924 :quiaet

124 940 159 989 ut
179 933 290 987 videam
313 938 342 986 tc
358 932 451 999 (daed.
469 948 562 995 xxxin,
592 929 646 999 13).
665 952 678 984 r
702 932 784 985 Certe
805 932 880 985 enim
902 933 926 986 si
968 928 1042 982 enirn
1057 929 1114 983 suis
1128 930 1318 998 dilectoribus,
1334 934 1393 989 baec
1407 935 1457 990 Dei
1473 938 1612 1009 sapientia
1633 958 1663 995 sc
1681 959 1768 1013 quan-

126 1023 203 1078 Deus
217 1038 273 1076 non
289 1027 359 1085 erat,
376 1037 440 1074 cum
456 1037 511 1091 quo
526 1019 703 1090 loquebatur,
720 1020 843 1074 Ostende
857 1021 927 1075 mihi
968 1015 1059 1087 doque
1074 1019 1207 1085 ostendit,
1224 1021 1254 1073 in
1269 1038 1298 1075 se
1314 1023 1461 1093 pollicetur
1474 1026 1569 1082 dicens
1579 1047 1603 1081 :r
1613 1029 1665 1092 Qui
1675 1031 1768 1103 diligit

126 1110 221 1168 Deum
232 1111 345 1173 diceret,
353 1115 451 1169 etnun,
460 1108 786 1180 Ostendetemetipsum;
799 1109 822 1163 si
831 1114 926 1164 autem
968 1121 1013 1159 me
1027 1106 1162 1175 diligetur
1177 1125 1194 1162 a
1207 1109 1289 1164 Patre
1305 1128 1377 1173 rireo,
1398 1120 1426 1167 et
1448 1132 1499 1185 ego
1520 1116 1636 1187 diligam
1657 1135 1722 1174 eum
1738 1126 1767 1175 et

124 1198 201 1255 Deus
215 1205 278 1253 erat
290 1215 353 1253 cum
369 1215 425 1269 quo
435 1197 506 1251 lucie
524 1198 560 1251 ad
575 1196 675 1252 laciern
684 1198 860 1268 loquebatur,
876 1215 927 1253 cur
967 1194 1150 1251 manifestabo
1175 1214 1219 1251 me
1246 1198 1340 1270 ipsum
1352 1201 1392 1255 illi
1410 1205 1497 1268 (Joaa.
1514 1222 1567 1271 itti,
1586 1207 1646 1275 2¹);
1664 1227 1679 1260 a
1695 1210 1765 1264 acsi

126 1287 281 1360 repetebat
294 1305 376 1359 posse
391 1286 494 1352 videre,
510 1303 594 1358 quem
609 1286 738 1341 videbat'l
753 1287 807 1342 Sed
822 1287 850 1342 in
873 1288 926 1342 hac
967 1287 1095 1353 patenter
1105 1285 1181 1339 dieat
1195 1304 1200 1338 :
1215 1286 1269 1349 Qui
1283 1286 1312 1340 iu
1326 1295 1418 1343 vestra
1433 1308 1477 1345 me
1492 1293 1616 1359 cernitis,
1633 1301 1722 1350 restat
1734 1303 1766 1352 ut

126 1378 190 1448 ejus
203 1377 338 1448 petitione
352 1376 503 1447 colligitur,
511 1376 578 1446 quia
592 1392 657 1430 cum
667 1375 780 1430 sitiebat
789 1377 926 1448 perincir·
965 1369 994 1424 in
1020 1388 1083 1425 mea
1111 1390 1156 1428 me
1184 1380 1285 1428 nutura
1312 1376 1440 1432 videatis·
1470 1381 1542 1436 llinc
1566 1400 1677 1439 tursum
1702 1386 1762 1439 ait:

124 1465 302 1536 cumscripqae
314 1471 421 1519 natum
442 1482 499 1519 5„ae
518 1465 677 1519 claritatem
701 1481 825 1532 cernere,
840 1482 926 1536 quem
970 1459 1072 1513 «Beati
1085 1462 1189 1516 mundo
1204 1463 1296 1529 corde,
1313 1466 1445 1535 quoniam
1460 1469 1513 1539 ipsi
1529 1472 1618 1526 Deum
1632 1473 1766 1529 videbunt

121 1555 185 1625 jam
200 1560 323 1626 πρωὶ
336 1571 386 1625 per
399 1554 535 1625 quasdam
549 1553 687 1624 imagines
712 1554 815 1620 videre,
832 1560 865 1609 ut
886 1555 926 1608 sic
968 1548 1073 1615 (illectu.
1086 1567 1109 1602 v.
1127 1551 1164 1618 8).
1184 1570 1196 1601 r
1214 1551 1285 1605 ilinc
1300 1553 1404 1609 Paulus
1417 1555 1486 1609 dicit
1502 1575 1507 1609 :
1528 1560 1629 1614 «Nunc
1640 1561 1766 1618 videmus

125 1661 250 1715 superna
257 1644 380 1698 essentia
389 1643 492 1697 inentis
503 1643 657 1713 ejusoculis
663 1643 773 1696 adesset
788 1649 927 1714 quatenus
935 1635 957 1693 Β
966 1633 997 1688 in
1008 1638 1120 1707 speculo
1129 1655 1180 1710 per
1187 1641 1346 1709 aegnimata,
1356 1648 1423 1697 lunc
1431 1650 1525 1699 fluit-¹¹¹
1533 1647 1602 1702 facit
1608 1649 1643 1702 ad
1651 1649 1764 1707 faciem:

125 1733 153 1788 ei
168 1732 383 1788 adaeternitatis
397 1732 533 1786 visionem
548 1732 626 1786 nulla
641 1731 735 1803 imago
749 1737 844 1786 creata
854 1738 927 1786 tem·
968 1741 1042 1779 nunc
1056 1743 1191 1796 cognosco
1203 1745 1235 1782 ex
1251 1738 1341 1800 parte,
1368 1737 1435 1786 tunc
1455 1751 1619 1804 cognoscam
1640 1739 1712 1794 sicut
1739 1746 1768 1795 et

124 1822 262 1894 poraliter
275 1822 434 1876 interesset.
452 1822 486 1875 Et
498 1820 705 1891 videruntergo
720 1822 818 1876 Patres
831 1821 927 1876 Testa·
967 1814 1208 1883 008ssitUSS¹11¹1il
1223 1818 1283 1871 ‘3⁰²²
1300 1835 1356 1885 ¹¹¹¹,
1381 1819 1433 1889 ¹2)-
1452 1842 1464 1875 ¹>
1481 1824 1534 1878 Sed
1564 1830 1631 1897 (luia
1653 1829 1688 1883 de
1709 1829 1767 1884 Deo

126 1914 216 1966 menn
234 1910 344 1965 veteris
363 1911 525 1971 Dominum,
546 1915 574 1963 gt
590 1911 671 1979 jum
692 1910 808 1964 Joannis
831 1927 926 1964 vocem
967 1902 1090 1972 primum
1107 1920 1158 1974 per
1170 1905 1383 1976 praedicatorem
1399 1910 1528 1967 Ecclesiae
1550 1914 1673 1970 dicitur:
1694 1937 1706 1968 u
1734 1919 1766 1973 ln

125 2001 245 2056 «Neruo
259 2000 329 2055 vidit
343 2015 478 2071 unquam,
495 2018 509 2053 a
525 2004 554 2052 et
565 1999 647 2068 juxta
664 1999 790 2068 ejusdem
813 1998 925 2053 Domini
967 2006 1051 2061 quem
1065 1992 1226 2048 desiderant
1234 1997 1327 2065 angeli
1336 1999 1493 2068 prospicere
1504 2003 1528 2068 (l
1548 2005 1620 2057 I'ctr.
1642 2020 1661 2072 1,
1680 2005 1734 2076 lt),
1752 2027 1766 2061 a

125 2105 220 2144 secem
239 2108 250 2139 ι
268 2090 357 2143 Nemo
373 2089 461 2143 Deum
478 2087 547 2157 vidit
561 2092 590 2140 et
604 2087 680 2153 vixit,
700 2108 711 2135 u
734 2088 801 2158 quia
824 2088 854 2141 in
872 2088 925 2142 hac
966 2088 1033 2134 sunt
1042 2083 1169 2137 nonnulli
1181 2083 1229 2154 qui
1237 2100 1416 2157 nequaquam
1424 2088 1514 2143 Deum
1525 2090 1617 2146 videre
1626 2095 1667 2148 vel
1679 2111 1766 2167 ange·

122 2178 238 2234 mortali
255 2194 339 2232 carne
362 2175 578 2231 consistentibus
606 2180 636 2229 et
653 2175 740 2230 videri
759 2193 814 2230 non
833 2177 925 2247 potuit
966 2169 1008 2223 ios
1022 2171 1209 2241 suspicantur,
1227 2179 1255 2226 et
1266 2176 1473 2231 amenitatem
1492 2181 1686 2249 mulieritatis
1700 2201 1766 2238 sen-

122 2283 176 2339 per
189 2266 462 2337 incircumscriptum
475 2265 571 2319 lumen
590 2264 764 2319 aeternitatis.
791 2265 840 2320 Sin
859 2280 924 2319 vero
965 2258 1084 2312 tentiam
1100 2260 1226 2314 scimus:
1250 2264 1378 2333 ((Λῐῑὲθῐὶ
1394 2282 1490 2321 fiotum
1507 2268 1535 2321 in
1556 2269 1632 2324 coelis
1655 2288 1766 2344 semper

123 2357 293 2429 quibusdam
308 2360 400 2426 potest
415 2356 442 2408 i„
459 2356 511 2408 hac
533 2354 624 2407 adhuc
646 2353 821 2425 corruptibili
840 2371 923 2409 came
965 2344 1168 2402 videntlaciern
1179 2350 1345 2417 Patrismei,
1357 2352 1526 2423 quiincoelis
1542 2362 1592 2410 cst.
1606 2377 1618 2410 u
1631 2359 1765 2431 Nunquid

122 2445 290 2507 viventibus,
314 2445 363 2498 sed
385 2442 573 2498 inaesqifflabiq
598 2443 701 2497 virtute
724 2442 921 2509 crescentibus,
965 2451 1031 2505 ergo
1041 2436 1117 2490 aliud
1131 2438 1242 2504 veritas,
1259 2439 1334 2493 aliud
1350 2443 1516 2511 praedicator
1525 2453 1607 2500 sonat
1616 2448 1765 2503 veritatis?

123 2535 247 2606 quodam
256 2532 500 2604 contemplationis
506 2531 801 2586 acumineaeternaDei
810 2532 923 2586 claritas
965 2524 1019 2578 Sed
1034 2524 1057 2578 Si
1073 2527 1214 2581 sententia
1226 2533 1346 2599 uitaque
1359 2531 1765 2608 00¹¹ft21'lubquistsibissssqssfl·

121 2622 221 2687 rideri.
239 2624 291 2677 hoc
305 2638 417 2694 quoque
431 2620 466 2675 ab
482 2621 609 2692 ejusdem
619 2620 730 2675 virtutis
751 2621 920 2675 sententiam
964 2627 1049 2682 quant
1065 2614 1206 2669 discordet
1218 2618 1388 2686 agnoscitur.
1406 2619 1495 2674 Deum
1511 2622 1613 2693 quippe
1627 2625 1720 2696 angeli
1734 2632 1764 2680 et

121 2728 181 2767 non
194 2711 336 2776 abhorret,
353 2727 408 2782 qua
422 2710 564 2764 diciturt
592 2710 654 2762 Non
670 2708 744 2764 enim
759 2709 923 2764 videbitme
963 2699 1097 2756 videntct
1112 2703 1204 2757 videre
1222 2705 1391 2767 desiderant,
1419 2716 1448 2762 ct
1470 2710 1574 2764 intueri
1599 2713 1707 2779 sitiunt,
1734 2720 1763 2768 et

121 2799 218 2866 bomo,
229 2800 341 2855 etvivet
353 2800 445 2863 lEaad.
459 2815 554 2862 xxxur,
574 2795 630 2865 ⁶20),
646 2817 657 2847 s
682 2797 815 2868 quoniam
844 2797 922 2869 quis.
962 2787 1118 2845 intuentur.
1131 2792 1160 2846 Si
1175 2793 1250 2847 eninr
1262 2793 1301 2847 sic
1316 2795 1409 2849 videre
1419 2798 1590 2861 desiderant,
1604 2807 1635 2855 ut
1646 2803 1759 2857 allectus

123 2889 379 2962 quissapientiatn,
400 2905 462 2958 quae
486 2888 559 2942 Deus
583 2892 635 2952 est,
659 2886 744 2953 videt,
773 2886 838 2941 huic
860 2886 922 2941 vitm
963 2877 1007 2931 sui
1025 2878 1165 2934 desiderio
1178 2881 1293 2935 minime
1308 2883 1496 2953 pertruantur,
1516 2888 1687 2944 desiderium
1702 2891 1763 2946 sine

121 2977 505 3047 fundit031n0rit„,‚nejam
521 2977 581 3046 ejus
591 2991 687 3029 amore
703 2981 842 3030 teneatur·
856 2949 1056 3029 Nu1.Cfructu
1071 2969 1241 3023 anxietatem
1256 2971 1350 3038 habet,
1367 2981 1396 3028 ct
1406 2976 1531 3031 anxietas
1546 2995 1667 3049 poenam.
1684 2980 1764 3035 Beati

121 3066 167 3122 lus
182 3068 286 3139 quippe
309 3083 372 3120 eam
398 3065 472 3120 videt
495 3065 542 3136 qui
567 3065 658 3119 adhuc
673 3065 825 3118 carnaliter
843 3063 919 3129 vivit,
963 3071 1028 3108 tem
1043 3058 1135 3127 angeli
1160 3058 1195 3112 ab
1216 3060 1292 3114 ⁰¹¹¹¹l5
1313 3078 1396 3132 1³oessss
1419 3065 1567 3121 sssslieiflfis
1580 3069 1662 3138 ¹⁰¹¹ts⁷⁰
1685 3075 1761 3136 Simia

122 3156 190 3229 quia
203 3172 287 3211 nemo
302 3160 395 3226 potest
408 3155 539 3225 amplecti
554 3154 642 3208 Deum
659 3159 688 3208 et
709 3154 851 3208 seculum.
868 3153 921 3218 Qui
964 3144 1029 3214 quia
1043 3161 1187 3218 nunquam
1201 3148 1285 3203 simul
1296 3167 1378 3221 poeua
1388 3160 1416 3206 ct
1430 3152 1574 3209 beatitudo
1583 3158 1760 3213 conveniunt.

121 3247 200 3301 enim
214 3246 305 3299 Deum
320 3244 397 3297 videt
410 3260 443 3297 eo
458 3244 518 3313 ipso
534 3243 662 3300 moritur.
678 3240 752 3312 quod
768 3242 810 3296 sel
832 3241 923 3297 inten·
964 3231 1085 3289 Rursum
1098 3252 1161 3289 cum
1175 3253 1222 3291 eos
1237 3238 1356 3293 dicimus
1370 3241 1420 3295 Dei
1442 3243 1548 3298 visione
1572 3244 1680 3311 satiari,
1696 3246 1763 3318 quia

122 3334 202 3389 tione
215 3333 307 3389 cordis
321 3333 364 3386 vel
380 3333 479 3387 ellectu
488 3331 580 3403 operis
590 3331 624 3385 ab
633 3331 716 3401 buJ'us
726 3331 789 3384 vitae
800 3330 922 3385 delecta-
964 3328 992 3376 et
1013 3323 1162 3378 Psalmista
1185 3326 1247 3379 ait:
1268 3346 1281 3378 a
1297 3328 1426 3383 satiabor
1445 3332 1512 3386 (lum
1538 3335 1763 3391 manifestabitur

123 3421 250 3479 tionibus
263 3427 324 3476 tota
338 3428 432 3475 tuente
445 3426 601 3492 separatur.
617 3437 631 3472 t
647 3421 736 3474 Nemo
751 3435 818 3490 ergo
833 3419 922 3474 Deum
963 3412 1054 3482 gloria
1068 3420 1116 3468 tua
1133 3416 1214 3479 (Psal.
1237 3432 1294 3482 xvv,
1319 3417 1371 3485 lb),
1389 3438 1400 3468 ι
1417 3421 1655 3478 considerandum
1682 3424 1761 3480 nobis

119 3511 307 3576 viditetvixit,
321 3531 334 3559 n
347 3511 407 3564 acsi
417 3509 782 3581 apertediceretur:Nullus
797 3524 921 3578 unquam
963 3508 1006 3556 est
1026 3502 1093 3572 quia
1113 3503 1273 3558 satietatem
1295 3505 1367 3559 501οῑ
1388 3508 1532 3563 fastidium
1557 3510 1699 3583 subsequi·
1725 3515 1762 3568 Ut

119 3600 211 3655 Deum
225 3598 618 3670 spirituliterviditetmunde
632 3596 863 3651 cmualiterrixit.
876 3597 922 3650 Vi·
962 3606 1029 3660 ergo
1043 3598 1118 3644 recte
1141 3591 1194 3646 sibi
1215 3599 1334 3662 utusque
1358 3596 1533 3662 conveniant,
1551 3599 1625 3654 dicat
1649 3600 1760 3657 Veritas

120 3688 251 3744 debimus
265 3688 351 3758 igitur
364 3689 464 3753 Deum,
480 3686 503 3742 si
519 3704 569 3758 per
581 3687 722 3742 calestem
737 3686 921 3740 conversatio·
962 3679 1029 3749 quia
1043 3695 1154 3749 semper
1167 3680 1271 3739 vident.
1285 3681 1360 3735 dicat
1373 3683 1539 3753 praedicator
1549 3689 1679 3759 egregius
1694 3691 1761 3761 quia

120 3793 185 3833 nem
199 3792 287 3849 supra
298 3776 425 3830 homines
440 3793 501 3831 esse
516 3791 685 3839 recreamur,
699 3790 750 3829 nee
771 3780 867 3829 temen
882 3774 922 3829 ita
962 3767 1055 3821 videre
1066 3785 1177 3839 semper
1191 3769 1361 3831 desiderant,
1376 3788 1410 3826 ue
1425 3773 1500 3827 enirn
1515 3775 1552 3829 sit
1570 3776 1600 3830 in
1623 3777 1761 3837 desiderio

120 3864 287 3928 ridebimus,
303 3865 375 3918 sicut
388 3864 464 3918 videt
478 3863 538 3934 ipse
552 3863 685 3934 seipsum.
709 3863 803 3933 Longe
818 3862 921 3933 quippe
961 3857 1097 3922 anxiatae,
1113 3856 1304 3912 desiderantes
1320 3859 1469 3915 satiantur.
1478 3863 1520 3917 Ne
1527 3869 1622 3919 autem
1632 3866 1705 3921 sitin
1719 3885 1762 3924 sa·

120 3953 295 4025 dispariliter
305 3953 380 4007 videt
398 3953 515 4006 Creator
537 3969 567 4006 se
589 3967 673 4022 quam
695 3950 770 4005 videt
793 3956 923 4005 creatura
961 3946 1059 4001 tietate
1072 3947 1217 4001 lastidium
1231 3948 1326 4003 satiati
1349 3950 1519 4017 desiderant,
1543 3953 1664 4024 qualiter
1681 3956 1762 4012 electi
1861 3990 1866 3997 ·

121 4043 285 4098 Creatorem
302 4059 307 4094 :
321 4047 456 4113 quantum
466 4039 852 4111 pertinetadimmensitatem
858 4041 918 4103 Dei,
962 4033 1088 4089 homines
1103 4051 1153 4105 per
1167 4037 1238 4091 hanc
1252 4036 1338 4092 vitam
1353 4038 1494 4094 satiantur
1508 4041 1613 4096 visione
1627 4042 1722 4100 divina
1733 4052 1762 4101 ct

121 4132 238 4204 quidam
249 4129 537 4197 nobismoduslrgitur
551 4128 805 4200 contemplationis,
822 4145 878 4199 qua
887 4144 920 4183 eo
961 4123 1140 4192 desiderant;
1158 4125 1244 4196 igitur
1260 4127 1311 4181 hoc
1326 4128 1386 4182 sine
1402 4128 1497 4184 labore
1508 4137 1560 4198 est,
1574 4134 1761 4204 quiadeside·

120 4221 183 4294 ipso
194 4221 318 4293 pondere
330 4218 570 4274 circumscribitur
583 4234 638 4289 quo
653 4222 784 4272 creatura
799 4234 917 4285 sumus;
960 4212 1034 4267 rium
1048 4214 1162 4268 satietas
1177 4215 1337 4281 comitatur,
1355 4223 1383 4272 et
1397 4219 1537 4274 satiantur
1556 4221 1617 4276 sine
1637 4223 1759 4291 fastidio,

120 4309 171 4364 sed
186 4309 309 4380 profecto
324 4324 380 4362 non
394 4308 434 4361 ita
448 4305 634 4377 conspicimus
653 4306 743 4360 Deum
765 4306 838 4365 sicut
861 4306 921 4377 ipse
931 4266 1028 4373 unia
1039 4302 1100 4373 ipsa
1114 4304 1231 4358 satietas
1245 4321 1277 4358 ex
1291 4305 1430 4362 desiderio
1453 4325 1564 4380 semper
1588 4313 1758 4368 accenditur,

120 4396 260 4468 oonspicit
275 4413 314 4463 se,
343 4396 417 4449 sicut
442 4412 498 4449 non
518 4395 558 4449 ita
578 4393 781 4465 requiescimus
805 4394 834 4448 in
862 4394 920 4449 Deo
961 4391 1007 4445 Sic
1021 4408 1132 4463 quoque
1147 4399 1240 4448 etnos
1254 4394 1369 4461 erimus,
1385 4398 1760 4469 quandoadipsumtontem

121 4485 360 4558 quemadmodum
368 4485 427 4556 ipse
435 4483 619 4556 requiescitin
625 4499 664 4538 sc.
674 4482 922 4538 Namvisionostra
961 4479 1024 4536 rita
1038 4483 1206 4537 venerimus.
1224 4483 1284 4538 Erit
1297 4485 1372 4539 enim
1386 4485 1467 4540 nobis
1489 4487 1692 4544 delectabiliter
1705 4490 1760 4546 im-

120 4575 167 4630 vel
181 4574 293 4647 requies
306 4573 361 4629 erit
374 4580 516 4645 utcunque
538 4571 639 4628 similis
657 4571 757 4626 visioni
781 4572 922 4643 requieive
962 4585 1059 4640 pressa
1072 4570 1133 4625 sitis
1146 4571 1230 4626 simul
1247 4576 1333 4643 atque
1344 4573 1468 4628 satietas.
1486 4575 1540 4629 Sed
1558 4575 1641 4647 longe
1658 4577 1693 4632 ab
1707 4578 1761 4635 ista

120 4664 221 4730 illius;
241 4665 290 4719 sed
313 4664 428 4736 aqualis
452 4678 509 4717 non
535 4662 599 4716 crit.
614 4661 740 4716 Perfecta
754 4660 865 4731 requies
879 4665 923 4714 est
963 4657 1009 4712 siti
1025 4660 1185 4721 necessitas,
1201 4660 1283 4732 longe
1297 4677 1315 4715 a
1335 4662 1466 4717 satietate
1484 4663 1638 4729 fastidium,
1652 4667 1719 4738 quie
1732 4676 1761 4724 et

121 4770 180 4827 qua
193 4755 268 4809 Deus
277 4754 409 4815 cernitur,
419 4757 448 4807 et
457 4756 552 4806 armen
562 4755 659 4805 nostra
668 4749 780 4821 requies
787 4748 924 4821 aequanda
963 4745 1090 4802 sitientes
1104 4747 1270 4802 satiabimur
1283 4755 1312 4803 et
1328 4750 1422 4804 satiati
1445 4750 1581 4806 sitiemus.
1597 4755 1760 4812 Videbimus

122 4860 180 4899 non
191 4850 235 4898 est
244 4842 351 4914 requiei
366 4842 453 4906 illius,
465 4841 597 4912 quianon
612 4856 629 4893 a
641 4855 671 4893 se
685 4839 714 4892 in
731 4837 818 4892 alium
833 4843 923 4892 trans-
963 4833 1050 4904 igitur
1061 4835 1161 4901 Deum,
1170 4836 1319 4908 ipsumque
1329 4838 1384 4892 erit
1397 4840 1653 4910 praemiumlaboris
1661 4845 1758 4907 nostri,

123 4932 156 4999 it,
172 4937 205 4986 ut
218 4932 352 5003 quiescat.
365 4931 414 4985 Est
431 4930 527 5001 itaque
547 4929 709 4999 requies‚ut
725 4927 767 4982 ita
777 4926 867 4981 dicam
881 4926 921 4980 si·
963 4927 1004 4988 ut,
1020 4929 1084 4993 post
1103 4925 1281 4979 mortalitatis
1305 4927 1390 4995 liujus
1410 4928 1551 4993 tenebras,
1568 4947 1684 4986 accensa
1698 4934 1760 5003 ejus

122 5020 201 5075 milis
215 5026 301 5091 atque
313 5018 466 5079 dissimilis.
483 5016 550 5089 quia
565 5016 638 5087 quod
662 5014 731 5070 illud
747 5015 921 5086 requiescere
962 5011 1023 5067 luce
1036 5013 1219 5083 gaudeamus.

123 5114 177 5176 est,
188 5109 242 5164 hoc
252 5116 350 5163 nostra
358 5107 470 5179 requies
479 5106 617 5170 imitatur,
630 5104 696 5159 risio
714 5104 764 5160 Dei
778 5120 853 5159 nunc
865 5103 921 5159 fide

121 5198 280 5257 inchoatur,
305 5196 354 5250 scd
372 5201 440 5251 tunc
462 5194 492 5248 in
514 5194 606 5265 specie
627 5193 779 5265 perficitur,
807 5192 919 5265 quando
1204 5227 1311 5284 LIBER
1324 5229 1519 5288 SECUNDUS·

118 5292 289 5343 ecaeternam
302 5285 361 5340 Deo
370 5283 547 5356 sapientiam,
565 5299 649 5354 quam
671 5280 754 5336 modo
770 5297 820 5352 per
834 5296 926 5353 opera,

119 5374 334 5450 predicantium
349 5373 429 5444 quasi
438 5389 489 5445 per
502 5369 680 5426 decurrentia
694 5368 813 5423 llumina
834 5369 920 5425 sumi·

120 5481 194 5531 inus,
210 5465 272 5536 ipso
286 5465 362 5519 tonte
373 5461 536 5517 biberimus.
999 5461 1030 5514 ln
1043 5459 1188 5530 superiore
1201 5458 1272 5513 libro
1280 5460 1361 5530 juxta
1370 5460 1527 5516 doctrinam
1537 5468 1698 5521 sanctorum
1709 5468 1760 5523 Pa-

158 5553 309 5608 Sciendum
331 5568 396 5607 vero
421 5556 464 5605 est
485 5550 559 5621 quod
580 5550 695 5604 suerunt
718 5547 844 5602 nonnulli
873 5549 920 5617 qui
962 5554 1038 5602 trum
1053 5545 1087 5600 tle
1101 5546 1207 5602 visione
1221 5547 1271 5601 Ilei
1286 5547 1381 5604 lutura
1394 5559 1696 5624 sermonemquantum
1707 5575 1758 5629 po-

1191 5350 1225 5389 DE
1258 5351 1388 5391 ruattatu
1421 5352 1524 5392 toanis.
