3772 6120
118 306 188 365 saar
378 274 381 281 ’
547 303 595 361 oa
613 303 890 364 accoususmoa
909 307 1127 366 oracrrnmx.
1157 338 1189 352 -
1210 308 1279 365 ure.
1301 311 1351 367 ru.
1693 305 1763 366 rasa

115 428 162 487 dit
174 428 247 496 illos,
263 435 293 484 et
304 443 414 486 cessare
427 428 493 483 lecit
510 427 676 483 memoriam
697 444 794 483 eorum
807 434 923 485 eterra.
939 431 1174 502 lganimitatem,
1190 438 1219 488 et
1227 449 1277 505 per
1289 433 1427 490 rationem
1441 433 1668 497 intellectualem,
1680 426 1765 504 quam

124 518 255 574 Perdidit
268 519 344 573 Deus
369 516 534 573 memoriam
561 516 755 589 superborum,
772 522 801 571 et
816 519 931 590 reliquit
971 521 1045 576 Deus
1059 522 1159 577 inserit
1172 522 1313 579 mentibus
1336 523 1476 584 humanis,
1492 527 1521 576 et
1534 539 1584 594 per
1598 520 1767 577 recordatio-

119 606 300 663 memoriam
324 606 474 662 humilium
498 622 583 661 sensu
600 607 681 674 (Eccl.
697 622 724 669 x,
745 607 801 675 tl).
821 626 835 659 a
853 607 929 672 Qua·
970 626 1034 664 nem
1047 610 1183 665 orationis
1197 611 1350 666 Dominicre
1365 610 1411 667 ubi
1422 612 1480 667 Deo
1493 610 1609 667 dicitur:
1624 634 1637 659 a
1649 609 1766 666 Dimitte

117 702 240 769 propter
253 696 331 751 omni
350 695 418 750 vitio
430 694 554 750 deterior
567 701 611 750 est
630 693 763 766 superbia
778 712 784 747 :
801 712 862 767 quae
876 713 929 751 sae·
970 698 1050 755 nobis
1062 698 1157 757 debita
1168 706 1266 757 nostra
1279 701 1352 756 sicut
1365 706 1394 756 et
1407 717 1458 755 nos
1472 700 1641 755 dimittimus
1658 699 1767 755 debito·

121 784 160 839 da
177 783 255 840 etde
269 783 351 840 bonis
365 782 473 839 actibus
496 784 630 847 nascitur,
646 783 713 838 dum
728 784 811 839 homo
826 784 855 839 in
870 785 929 841 suis
968 789 1046 844 ribus
1061 791 1174 846 nostris
1183 809 1196 843 a
1205 774 1382 863 Quapropter
1396 791 1420 845 si
1434 791 1511 845 illam
1525 807 1665 845 summam
1679 788 1766 845 divini

120 871 208 929 bouis
224 872 355 945 operibus
377 871 521 945 superbit:
539 877 568 926 et
585 873 637 928 hoc
657 872 749 944 perdit
763 889 814 945 per
833 891 928 946 super·
968 879 1076 950 premii
1083 880 1212 952 cupimus
1222 875 1451 952 adipiscidequo
1460 878 1675 945 dicitur,‹l3eati
1682 893 1765 934 mun·

117 959 199 1017 biam
213 961 288 1035 quod
304 960 405 1016 habuit
419 978 469 1032 per
481 960 658 1017 charitatem.
670 962 740 1017 ltcm
751 963 876 1018 omnium
889 963 928 1017 vi·
969 968 1005 1023 do
1016 969 1251 1040 cardamomum
1263 969 1316 1040 ipsi
1326 969 1416 1024 Deum
1430 968 1564 1023 videbunt
1570 963 1763 1035 (Mattb.v,8),r

119 1050 231 1106 tiorum
246 1049 429 1106 novissimum
451 1056 495 1105 est
515 1049 656 1122 superbia,
673 1051 740 1122 quia
754 1051 822 1106 dum
842 1052 926 1106 homo
967 1072 1023 1112 non
1038 1058 1128 1112 solum
1142 1059 1200 1113 haec
1214 1075 1230 1113 ε
1243 1058 1347 1113 nostris
1368 1056 1499 1113 cordibus
1522 1057 1696 1129 amputanda
1711 1061 1764 1121 est,

119 1137 278 1194 virtutibus
292 1145 419 1205 ornatur,
434 1145 463 1192 et
484 1137 512 1192 in
531 1138 575 1193 his
593 1137 738 1211 superbire
751 1138 875 1211 coeperit,
892 1140 926 1195 de
967 1147 1112 1201 sedetiam
1128 1147 1162 1201 de
1177 1147 1297 1202 internis
1311 1147 1412 1201 anime
1420 1145 1561 1201 radicibus
1576 1144 1763 1217 exstirpanda.

116 1229 180 1284 alto
194 1228 308 1283 ruinam
319 1228 395 1284 lacit.
404 1227 502 1283 Omnis
512 1245 624 1300 quoque
632 1228 783 1301 petcatimt
792 1229 921 1296 diximus,
966 1235 1030 1289 Non
1049 1235 1123 1290 enim
1138 1236 1218 1290 valde
1232 1235 1358 1306 proderit
1372 1235 1523 1290 iracundiae
1535 1234 1674 1290 cohibitus
1688 1232 1767 1289 furor
1860 1236 1866 1247 ⁴

116 1317 238 1373 initium
252 1316 394 1390 superbia,
402 1317 469 1371 dum
483 1317 754 1389 animapraeceptum
768 1318 922 1374 contemnit
964 1324 993 1378 in
1003 1323 1096 1390 verbo,
1109 1341 1161 1379 nco
1178 1325 1208 1380 in
1224 1325 1354 1379 ellectum
1374 1324 1510 1396 prolatus,
1526 1324 1549 1378 si
1565 1323 1642 1378 illam
1656 1322 1765 1378 amanis

116 1407 276 1472 creatoris,
289 1423 353 1461 mox
368 1405 397 1460 in
411 1405 561 1476 cujuslibet
574 1406 680 1478 peccati
689 1407 795 1461 corruit
802 1407 919 1463 foveam.
964 1413 1085 1484 pectoris
1101 1414 1190 1469 nostri
1206 1414 1291 1477 Deus,
1300 1429 1382 1483 quem
1399 1418 1507 1468 secreta
1520 1413 1647 1468 cordium
1657 1428 1714 1467 non
1727 1412 1767 1467 la·

116 1496 194 1553 Nam
212 1495 303 1550 omnis
314 1494 447 1567 superbia
460 1494 581 1571 tantuin
597 1496 653 1550 imo
670 1497 755 1566 jacet,
772 1503 878 1568 quanto
892 1513 922 1552 se
964 1507 1037 1570 tent,
1058 1503 1150 1558 inesse
1164 1502 1347 1575 perspexerit.
1364 1503 1449 1568 Quasi
1462 1518 1526 1556 vero
1540 1503 1671 1557 universa
1689 1502 1765 1557 viru-

116 1585 149 1641 in
164 1585 256 1640 altum
269 1584 361 1655 erigit,
374 1589 509 1655 tantoque
523 1584 808 1655 profunderentur,
818 1593 923 1657 quanto
965 1591 1041 1646 lenta
1051 1591 1223 1662 serpentium
1235 1607 1341 1661 genero
1349 1589 1394 1644 vel
1403 1589 1537 1656 serarum,
1552 1606 1615 1644 curu
1630 1589 1658 1644 in
1669 1589 1766 1645 solitu·

119 1675 262 1729 emelsius
273 1673 465 1737 elevatur-Qui
474 1672 923 1745 enimperpropriamsuperuiam
965 1680 1030 1735 dine
1045 1680 1158 1751 suisque
1172 1679 1310 1734 cubilibus
1320 1679 1509 1734 immorantur
1521 1679 1767 1750 innoxiaperscve·

116 1761 781 1835 attollitur,pcrDeijustitiamdamnatur.Unde
791 1757 1041 1835 scriptumBrent,
1059 1786 1111 1824 nec
1126 1776 1221 1824 tamen
1232 1785 1265 1823 ex
1277 1785 1310 1823 eo
1320 1768 1497 1840 pronuntiari
1519 1774 1636 1839 possunt
1654 1767 1767 1823 innoxia

118 1857 185 1907 est:
204 1872 217 1904 a
234 1852 308 1906 Ante
322 1850 433 1905 ruinam
449 1850 570 1905 hominis
578 1850 718 1905 exaltatur
733 1851 849 1922 spiritus
865 1854 926 1923 ejus
968 1859 1034 1930 quia
1045 1858 1115 1913 nulli
1130 1864 1259 1913 noceant.
1271 1857 1330 1912 Hoc
1343 1857 1418 1912 enim
1433 1857 1474 1912 eis
1488 1873 1544 1911 non
1559 1857 1675 1912 allectus
1688 1842 1780 1911 boni·¹

120 1943 216 2011 [Prota
231 1957 284 2005 xvv,
295 1938 347 2010 18).
359 1958 372 1992 a
382 1939 475 2010 Igitur
485 1939 555 1994 nihil
568 1940 660 2010 magis
669 1940 828 1996 Christiano
839 1942 927 1997 vitan·
966 1948 1044 2011 tatis,
1056 1947 1104 2001 scd
1121 1947 1273 2001 necessitas
1299 1945 1459 2001 solitudinis
1479 1944 1595 2000 confert.
1619 1946 1687 2010 Qua
1702 1961 1766 2000 cum

118 2029 192 2085 dum
208 2035 252 2084 est
265 2046 350 2100 quam
373 2028 594 2100 superb182quae
617 2029 688 2083 iram
710 2029 760 2085 Dei
783 2037 924 2100 provocat.
967 2035 1085 2091 laedendi
1099 2042 1181 2090 nacta
1193 2034 1300 2089 fuerint
1312 2033 1421 2105 copiam
1435 2051 1441 2086 z
1456 2033 1485 2087 in
1498 2033 1656 2104 semetipsis
1671 2048 1767 2088 recon-

118 2120 198 2174 Nam
213 2117 345 2189 superbia
359 2134 392 2171 ex
405 2117 513 2189 angelis
527 2117 668 2173 daemones
691 2118 765 2185 lecit,
781 2119 926 2174 humilitas
966 2125 1057 2180 ditum
1072 2125 1157 2189 virus,
1181 2129 1209 2178 et
1223 2124 1325 2178 anima
1348 2122 1488 2176 feritatem
1504 2121 1631 2192 protinus
1648 2129 1767 2192 egerunt

116 2214 220 2264 autem
236 2207 364 2262 homines
377 2207 479 2261 sanctis
489 2207 597 2277 augelis
611 2207 717 2262 similes
727 2208 859 2262 reddidit.
872 2209 925 2264 Su·
967 2218 1052 2285 atque
1065 2214 1271 2268 demonstrant.
1290 2211 1410 2266 Radices
1425 2210 1501 2265 onim
1521 2209 1652 2264 vitiorum
1672 2209 1766 2280 potius

118 2294 204 2369 perbi
219 2296 336 2366 cupiunt
353 2295 383 2350 in
398 2313 428 2350 se
437 2295 581 2368 predicari
590 2296 663 2367 quod
678 2313 735 2351 non
749 2297 864 2363 iaciunt,
876 2298 927 2353 bu·
967 2302 1055 2357 excidi
1070 2287 1197 2375 praecipit
1205 2301 1382 2372 evangelicus
1396 2316 1488 2353 sermo
1499 2314 1583 2371 quam
1596 2298 1704 2353 fructus
1717 2299 1765 2369 qui

117 2385 205 2440 miles
224 2384 370 2455 refugiunt
383 2384 519 2457 quidquid
540 2382 606 2439 boni
625 2392 778 2455 operantur
800 2387 923 2456 agnosci.
967 2391 1064 2462 procul
1079 2390 1164 2445 dubio
1189 2387 1291 2444 evulsis
1310 2386 1434 2443 sontibus
1454 2404 1632 2459 nequaquam
1647 2387 1765 2443 ulterius

118 2474 319 2530 Nonelevetur
328 2490 395 2545 ergo
404 2474 489 2529 homo
503 2474 532 2528 in
544 2472 617 2528 bono
627 2491 742 2539 suo,nec
752 2475 864 2530 laudem
872 2475 924 2531 sibi
966 2479 1153 2551 pullulabunt,
1171 2485 1256 2550 atque
1274 2479 1314 2533 ita
1328 2494 1406 2532 mens
1418 2477 1521 2549 poterit
1532 2476 1677 2547 Jugiteriu
1688 2478 1765 2532 omni

117 2563 363 2635 quaeratquamvis
374 2563 480 2634 aliquid
488 2562 552 2617 boni
558 2561 704 2629 faciat,scd
714 2563 804 2618 Deum
815 2564 925 2620 laudari
966 2569 1104 2641 patientia
1116 2574 1145 2624 et
1154 2568 1303 2623 sanctitate
1316 2567 1430 2633 durare,
1451 2583 1514 2621 cum
1530 2565 1589 2622 hec
1603 2582 1659 2621 non
1668 2566 1703 2621 de
1716 2583 1765 2622 su·

116 2652 220 2724 cupiat
233 2651 262 2705 in
274 2652 356 2705 donis
370 2651 428 2706 suis
441 2651 489 2723 qui
511 2651 580 2706 nibil
603 2651 669 2705 boni
689 2651 756 2706 lacit
777 2653 832 2707 nisi
850 2655 923 2724 quod
966 2659 1079 2730 persicie
1093 2657 1264 2730 operationis
1277 2663 1306 2711 et
1319 2663 1443 2721 actuum,
1456 2656 1504 2710 sed
1520 2656 1555 2710 de
1564 2654 1767 2725 cogitationum

117 2740 197 2797 Deus
206 2740 322 2795 donavit
334 2740 360 2794 θί
376 2739 468 2794 facere
489 2759 495 2793 τ
517 2740 591 2794 unde
606 2740 641 2794 ad
652 2756 717 2794 eum
728 2747 829 2795 cuncta
842 2739 926 2796 debet
965 2745 1171 2802 lucrintcvulsa
1180 2744 1422 2816 penetralibus.Et
1429 2743 1573 2798 idcircone
1582 2742 1766 2798 homicidium

119 2829 228 2885 referre
241 2846 304 2900 quae
318 2828 390 2884 bene
404 2829 480 2895 facit,
496 2845 552 2883 nou
566 2829 603 2883 ad
617 2830 810 2901 semetipsum.
965 2841 1154 2908 perpetretur,
1171 2834 1223 2900 ira,
1237 2834 1388 2904 odiumque
1403 2833 1556 2890 succiditur
1572 2852 1578 2887 ι
1595 2832 1656 2887 sine
1666 2830 1767 2902 quibus
1787 2865 1798 2879 x

965 2924 1109 2978 homicidii
1121 2924 1219 2979 vitium
1234 2922 1405 2978 nullomodo
1419 2922 1523 2976 valebit
1536 2921 1656 2976 admitti.
1679 2939 1693 2972 u
1713 2920 1767 2985 Qui

966 3013 1096 3067 irascitur
1106 3012 1181 3067 euim
1195 3011 1345 3077 fratrisuo,
1360 3027 1426 3066 rcus
1436 3010 1491 3065 erit
1502 3010 1608 3082 judicio
1620 3010 1728 3076 (hatto.
1739 3026 1765 3076 v,

157 3098 234 3154 Dum
246 3113 313 3166 ergo
326 3097 407 3151 miles
417 3095 607 3151 Christianam
621 3095 741 3167 gloriam
763 3097 858 3152 studet
877 3078 1021 3171 ca-Gaa).
1038 3100 1092 3165 Qui
1105 3100 1166 3155 odit
1190 3099 1306 3155 fratrem
1321 3115 1404 3154 suum
1419 3098 1559 3153 homicida
1573 3104 1628 3166 est,
1651 3116 1664 3148 x
1685 3097 1715 3151 in
1734 3112 1768 3151 eo

120 3203 187 3243 vere
204 3201 290 3259 quam
303 3186 364 3240 lons
379 3184 465 3240 totius
480 3184 547 3239 mali
560 3184 691 3256 superbia
700 3186 796 3251 edidit,
812 3203 925 3242 necesse
966 3190 1073 3245 scilicet
1084 3206 1139 3260 quo
1148 3206 1213 3243 eum
1219 3189 1302 3245 corde
1312 3190 1406 3260 cupiat
1418 3188 1626 3258 interirc,cujus
1638 3201 1768 3242 cruorem

120 3275 209 3331 habet
224 3281 257 3329 ut
271 3275 320 3329 irae
334 3273 524 3345 vitium,quod
535 3273 665 3328 similiter
679 3275 777 3329 eadem
790 3276 876 3347 pestis
885 3277 926 3347 gi-
967 3278 1081 3349 propria
1092 3277 1227 3332 manuvel
1241 3277 1297 3331 telo
1313 3277 1387 3349 apud
1402 3276 1531 3331 homines
1539 3275 1654 3330 minime
1662 3274 1768 3330 fudisse

120 3365 305 3438 gnit,caveat,
313 3380 348 3418 ne
359 3379 391 3417 co
401 3363 431 3416 in
438 3363 562 3417 furorem
570 3363 760 3434 praecipitatus
771 3365 926 3420 clementiae
967 3365 1154 3435 cognoscitur.
1178 3366 1287 3419 Allecto
1309 3365 1357 3419 irae
1379 3364 1521 3419 homicida
1538 3362 1769 3434 pronuntiatura

121 3460 152 3509 et
167 3453 267 3525 pietati
280 3452 330 3507 Dei
346 3452 504 3506 contrarius
523 3451 634 3512 existat,
654 3451 719 3523 quia
743 3453 881 3507 Dominus
898 3461 927 3508 et
967 3454 1096 3520 Domino,
1104 3454 1170 3526 quia
1179 3470 1233 3508 non
1250 3453 1341 3507 solum
1354 3452 1587 3526 praeparationis
1599 3451 1767 3516 ellectu,sed

121 3543 252 3599 Salvator
265 3547 362 3595 noster
373 3558 424 3595 suo
439 3538 522 3595 verbo
538 3557 644 3612 suoque
653 3541 779 3613 exemplo
795 3542 830 3595 ad
845 3559 925 3596 man·
967 3543 1051 3598 etiam
1065 3560 1115 3614 pro
1129 3541 1281 3597 voluntatis
1296 3558 1329 3595 ac
1342 3541 1399 3594 voti
1409 3540 1549 3595 desiderio
1557 3540 1707 3611 unicuique
1718 3545 1768 3594 aut

120 3631 302 3688 suetudinem
313 3638 342 3685 et
351 3629 517 3701 patientiam
528 3645 579 3684 nos
594 3629 744 3684 instituens
752 3629 800 3685 irae
811 3637 840 3685 et
851 3631 926 3686 turo·
966 3632 1112 3704 praemium
1125 3631 1224 3684 reddet
1239 3636 1289 3684 aut
1307 3646 1429 3701 poenam.
1444 3628 1579 3699 Egregius
1588 3645 1655 3683 vero
1668 3627 1767 3683 mundi

121 3720 159 3776 ris
174 3719 361 3792 pertinaciam
376 3718 488 3791 penitus
504 3717 651 3784 abdicavit,
661 3723 693 3773 ut
705 3718 758 3772 hoc
768 3719 842 3789 quod
855 3719 925 3791 legis
966 3720 1131 3794 predicator
1140 3718 1208 3773 dicit
1224 3738 1229 3773 :
1247 3737 1259 3769 r
1272 3718 1370 3774 Omnis
1385 3717 1543 3772 amaritudo
1554 3723 1583 3772 et
1592 3715 1681 3783 ira,et
1693 3715 1767 3771 indi·

122 3809 258 3865 mandato
269 3807 380 3879 impleri
390 3824 446 3861 non
456 3807 553 3872 valuit,
563 3806 704 3877 Evangelii
715 3823 925 3862 consummare·
966 3809 1073 3881 gnatia,
1090 3813 1119 3862 et
1141 3808 1248 3863 clamor
1269 3812 1298 3862 et
1324 3806 1499 3877 blasphemia
1511 3804 1629 3861 tollatur
1651 3821 1669 3859 a
1690 3803 1767 3860 vobis

120 3904 169 3953 tur
182 3897 399 3970 praeceptabex
414 3896 489 3952 enirn
501 3895 683 3950 homicidium
700 3895 860 3966 prohibuit:
877 3897 927 3951 sed
967 3899 1073 3971 (lipara.
1085 3914 1122 3964 iv,
1140 3895 1194 3964 eu:
1213 3916 1226 3950 a
1251 3897 1310 3952 Nec
1326 3895 1401 3951 enim
1419 3895 1463 3950 ira
1484 3894 1535 3949 viri
1555 3894 1696 3964 justitiam
1716 3894 1767 3950 Dei

122 3987 189 4060 quia
203 3985 280 4041 nasci
296 3985 425 4057 permisit
437 3985 511 4057 quod
521 3983 705 4039 seminarium
717 3990 761 4038 est
770 3985 923 4051 homicidii,
968 3986 1079 4059 operari
1093 3986 1206 4059 poterit,
1223 3986 1289 4057 quia
1303 3985 1345 4039 ira
1357 3984 1418 4039 sinc
1431 3988 1655 4055 temperamento
1669 3999 1768 4055 expers

121 4075 217 4148 ipsum
231 4074 330 4129 vitium
340 4073 461 4146 perfecte
472 4090 528 4128 non
543 4072 669 4127 abstulit.
685 4072 857 4144 Redemptor
871 4073 925 4128 ita-
967 4083 1010 4131 est
1019 4075 1146 4130 rationis.
1161 4073 1316 4146 Responsio
1338 4073 1430 4128 mollis
1444 4073 1555 4144 mitigat
1577 4073 1659 4138 iram,
1675 4087 1767 4133 sermo

122 4181 175 4237 que
186 4171 294 4229 noster,
307 4163 356 4234 qui
371 4179 427 4217 non
442 4162 518 4217 venit
532 4162 623 4232 legem
638 4162 754 4227 solvere,
773 4163 822 4216 sed
834 4163 925 4216 adim·
966 4166 1054 4220 durus
1068 4165 1185 4219 suscitat
1195 4164 1329 4218 furorem.
1349 4184 1360 4215 ι
1373 4163 1423 4216 Vir
1437 4162 1598 4223 iracundus,
1613 4168 1647 4215 ut
1660 4161 1700 4215 ait
1716 4162 1767 4216 Sa·

122 4254 209 4325 plere,
226 4253 254 4307 id
266 4252 341 4324 quod
352 4252 380 4306 in
395 4252 459 4322 lege
471 4251 564 4306 minus
579 4251 641 4314 luit,
655 4267 707 4305 sua
716 4252 860 4307 sanctione
874 4252 925 4306 ad-
967 4255 1072 4321 lomon,
1098 4260 1231 4325 provocat
1249 4253 1343 4319 rixas3
1369 4252 1416 4323 qui
1440 4251 1549 4323 patiens
1577 4255 1629 4315 est,
1656 4249 1769 4319 mitigat

122 4342 260 4414 implevit,
275 4342 323 4397 irae
339 4341 513 4395 occasionem
528 4340 640 4406 tollens,
652 4344 681 4395 et
694 4356 750 4394 non
766 4340 856 4395 solum
870 4336 926 4396 non
969 4344 1117 4398 suscitatas
1135 4346 1221 4408 (Proo.
1238 4359 1281 4403 xv,
1297 4340 1354 4408 18).
1370 4360 1383 4390 ι
1403 4341 1538 4411 Spiritum
1553 4356 1619 4393 vcro
1629 4337 1767 4410 superbie

123 4430 205 4486 irasci
222 4430 264 4484 vel
277 4446 332 4484 non
353 4429 478 4484 occidere
498 4429 594 4499 jussit,
613 4429 681 4500 quin
703 4428 788 4482 etiam
810 4430 927 4484 adversa
969 4433 1004 4486 ad
1017 4431 1193 4486 irascendum
1216 4431 1326 4485 facilem
1355 4429 1417 4499 quis
1433 4428 1572 4484 sustinere
1585 4426 1709 4497 poterit?
1724 4426 1768 4481 lta

123 4536 243 4591 quaeque
253 4518 288 4573 ab
299 4517 361 4573 aliis
376 4517 501 4589 irrogata
511 4517 714 4588 patientissime
731 4534 781 4572 nos
806 4519 926 4573 tolerare
968 4537 1024 4576 non
1038 4519 1123 4575 habet
1137 4519 1368 4580 misericordiam,
1380 4534 1431 4571 nec
1440 4514 1766 4586 erumpenslurorllncm

123 4608 266 4681 pracepit.
281 4607 323 4663 lta
338 4607 412 4663 enim
428 4611 471 4661 est
486 4606 615 4678 quiedam
628 4607 722 4678 passio
733 4608 845 4673 mentis,
864 4625 925 4679 qum
965 4610 1093 4664 vindictae
1109 4608 1195 4663 novit.
1212 4607 1241 4662 Si
1257 4613 1296 4664 te.
1315 4623 1331 4660 ο
1350 4606 1444 4670 homo,
1461 4603 1696 4677 preoccupaverat
1713 4604 1765 4671 ira,

122 4699 145 4753 si
158 4697 272 4752 ratione
286 4712 341 4751 non
357 4696 465 4766 regitur
484 4696 513 4750 in
531 4695 655 4750 furorem
675 4695 792 4750 vertitur
808 4714 814 4749 :
831 4696 871 4750 ita
893 4704 925 4751 ut
966 4698 1066 4769 mitiga
1081 4714 1153 4752 eam.
1167 4696 1218 4752 Illa
1231 4696 1275 4750 ira
1284 4696 1359 4749 mala
1370 4700 1425 4759 est,
1442 4711 1503 4764 quac
1516 4699 1640 4748 mentem
1659 4692 1764 4759 turbat,

122 4787 208 4843 homo
220 4786 264 4841 sui
274 4785 362 4840 animi
372 4785 512 4856 impotens
527 4783 687 4839 sratfacicns
701 4785 776 4856 quod
791 4802 847 4840 non
860 4802 925 4840 con·
965 4795 998 4841 ut
1011 4793 1117 4841 rectum
1134 4785 1279 4840 consilium
1296 4784 1405 4855 perdat.
1422 4783 1474 4838 llla
1487 4783 1530 4836 ira
1539 4788 1582 4837 est
1593 4784 1671 4853 justa
1683 4789 1711 4837 et
1720 4798 1767 4837 ne·
1818 4800 1829 4813 ·

124 4876 208 4931 venit.
228 4875 292 4929 llaec
304 4874 412 4929 enimsi
424 4874 507 4928 corde
522 4873 625 4927 insidet
635 4890 746 4928 omnem
754 4874 851 4928 eximit
862 4891 925 4945 pro·
966 4875 1096 4937 cessaria,
1113 4874 1224 4946 quando
1235 4874 1425 4928 homocontra
1440 4871 1554 4943 propria
1562 4871 1693 4926 irascitur
1706 4887 1767 4942 pec

124 4965 277 5021 videntiam
292 4963 327 5017 ab
342 4980 375 5017 eo
389 4963 465 5029 lacti,
478 4979 529 5018 nec
541 4962 680 5033 judicium
690 4970 772 5018 rectae
783 4962 926 5018 discretio·
965 4971 1037 5026 cata,
1055 4970 1084 5018 et
1096 4969 1195 5018 contra
1209 4962 1331 5033 seipsum
1346 4961 1510 5031 indignatur
1525 4959 1593 5014 dum
1609 4959 1680 5013 male
1696 4959 1764 5030 agit.

123 5055 166 5109 nia
179 5053 335 5124 inquirere,
358 5069 408 5107 nec
431 5052 558 5106 honestae
577 5052 821 5122 contemplationis
837 5052 925 5108 virtu-
966 5053 1038 5108 Hinc
1052 5053 1120 5107 dicit
1134 5058 1163 5107 et
1174 5051 1316 5123 Propheta
1332 5070 1337 5104 :
1358 5068 1371 5100 a
1388 5049 1544 5104 Irascimini
1557 5054 1586 5102 et
1603 5047 1691 5103 nolite
1705 5064 1767 5119 pec-

122 5148 179 5198 tem
200 5158 253 5197 nec
278 5142 471 5196 maturitatem
491 5140 598 5195 consilii
621 5140 723 5194 habere
748 5141 860 5212 poterit,
877 5142 925 5196 sed
966 5144 1177 5214 carc(Pml.1v,
1195 5139 1232 5209 b).
1247 5160 1258 5189 i
1272 5138 1618 5209 Concessitquodnaturae
1633 5136 1768 5192 estztulit

123 5232 219 5287 omnia
235 5248 286 5302 per
296 5230 481 5302 praecipitium
497 5230 637 5301 quoddam
653 5229 744 5284 lacere
757 5230 877 5284 videtur.
886 5231 926 5285 De
968 5231 1042 5302 quod
1057 5231 1145 5302 culpa
1159 5235 1210 5283 cst.
1229 5228 1284 5284 Sed
1296 5228 1397 5292 adhuc,
1413 5227 1487 5298 quod
1503 5231 1545 5280 ost
1558 5226 1682 5296 gravius,
1697 5225 1768 5280 alius

123 5337 178 5392 qua
191 5321 260 5375 item
280 5319 401 5390 pullulat
413 5325 508 5374 tumor
522 5319 634 5381 mentis,
651 5318 725 5381 rixae,
735 5319 922 5384 contumeliae,
966 5319 1089 5392 postulat
1103 5324 1221 5373 mortem
1236 5316 1341 5372 inimici
1359 5322 1408 5370 :et
1421 5332 1485 5369 eum
1501 5330 1585 5385 quem
1600 5312 1694 5385 gladio
1704 5330 1767 5386 pro·

121 5410 237 5474 clamor,
244 5408 410 5480 indignatio,
419 5408 608 5479 praesumptio,
616 5407 804 5479 blasphemia,
814 5407 925 5478 sangui-
966 5409 1045 5480 scqui
1059 5424 1115 5463 non
1125 5412 1226 5479 potest,
1244 5405 1422 5477 persequitur
1437 5404 1573 5459 oratione.
1586 5403 1620 5458 Et
1634 5403 1708 5459 vivet
1719 5404 1767 5458 ad·

122 5500 165 5555 nis
180 5497 289 5564 effusio,
303 5497 463 5562 homicidia,
481 5496 631 5553 ulciscendi
646 5496 794 5568 cupiditas,
806 5497 924 5568 injuria·
966 5499 1019 5554 huc
1035 5497 1083 5569 qui
1097 5496 1283 5561 maledicitur,
1300 5500 1439 5551 ettamen
1454 5493 1541 5566 isqui
1557 5493 1700 5550 maledicit
1705 5494 1765 5564 jam

121 5605 185 5645 rum
205 5588 357 5645 memoria:
375 5605 437 5661 quae
452 5587 574 5642 vincitur
586 5604 637 5659 per
644 5587 810 5659 patientiam
821 5593 851 5642 et
863 5586 923 5642 lou·
963 5588 998 5642 de
1012 5592 1104 5643 morte
1117 5585 1193 5641 illius
1207 5600 1272 5641 reus
1285 5590 1407 5640 tenetur.
1419 5581 1585 5640 lubetenim
1598 5582 1767 5639 Demutdi·

471 2973 508 3026 lle
520 2973 576 3025 ira.
