3786 6128
139 263 210 322 iooi
440 265 470 318 n.
492 262 627 318 annam
647 262 761 318 naum
783 260 949 317 anonim.
972 255 1133 312 noounr.
1155 256 1304 313 oennun
1322 257 1414 313 rans
1434 256 1483 313 m.
1602 216 1605 221 ¹
1709 256 1785 316 sins

139 388 261 441 mundus
278 386 357 441 luero
378 385 492 439 ellectus
513 386 644 442 desiderii
669 389 789 444 coelestis
803 404 936 460 compun-
947 385 969 444 Α
980 383 1026 452 sti,
1045 384 1120 438 utin
1136 384 1276 439 Psalmis:
1299 407 1310 437 ι
1329 386 1382 450 Qui
1406 385 1486 458 ponis
1512 385 1614 442 nubem
1629 402 1783 442 ascensum

139 476 286 530 ctionibus.
977 479 1058 527 tuum
1071 473 1103 538 ¹¹,
1112 492 1125 524 n
1134 471 1163 527 id
1175 478 1228 539 est,
1245 473 1293 545 qui
1303 475 1488 546 corporaliter
1496 475 1531 529 ad
1544 475 1628 530 coelos
1639 475 1782 531 ascendis.

174 567 279 619 ll'oclno
291 571 334 618 est
358 580 437 618 mens
456 565 550 632 fallax,
566 566 641 620 utin
659 566 749 635 Lege:
770 590 781 615 a
798 568 935 621 Noctuam
977 563 1245 627 Nostra'consolatio
1255 563 1359 629 divina,
1376 564 1447 618 utin
1461 564 1534 619 lsaia
1550 584 1556 618 :
1575 564 1717 621 «Nubem
1730 581 1783 637 per

139 660 167 707 et
183 653 343 723 accipitrem
366 671 421 707 non
448 655 600 708 comedetis
613 656 632 718 ¹,
650 674 663 707 a
688 656 760 725 quod
781 656 933 720 hominem,
977 650 1051 704 diem
1064 651 1096 715 ¹³,
1116 651 1211 722 »quod
1227 652 1363 707 Dominus
1376 653 1595 708 consolationem
1609 654 1719 725 praebet
1730 670 1783 724 per

139 742 250 812 quando
266 748 389 795 aientem
403 743 477 811 gerit
491 744 617 797 fallacem
629 749 657 797 et
674 760 815 814 rapacem,
831 744 935 798 imitari
977 740 1201 810 prosperitatem.
1219 741 1317 800 Nailos,
1335 742 1522 812 refrigerium,
1538 748 1571 796 ut
1587 742 1616 797 in
1637 743 1781 814 Apocaly-

139 848 195 886 non
205 830 349 885 debemus.
977 828 1020 899 psi
1038 848 1043 882 :
1063 850 1074 880 ι
1092 830 1127 883 Et
1136 829 1323 884 ascenderunt
1335 830 1364 884 in
1383 830 1456 885 nube
1470 831 1499 885 in
1514 832 1615 886 celum
1631 831 1663 896 ¹¹,
1678 853 1689 884 ι
1703 832 1781 903 quod

174 922 313 975 Novaculo
328 926 372 974 est
398 919 515 990 quilibet
536 922 709 992 praedicator,
724 927 755 975 ut
784 922 812 975 in
840 923 933 977 lsaia:
977 924 1045 971 tunc
1058 919 1138 988 plene
1153 919 1246 973 Enoch
1267 926 1296 974 et
1323 920 1398 975 Elias
1413 921 1576 991 pervenient
1593 920 1630 975 ad
1644 937 1777 992 regnum,

139 1029 151 1061 e
169 1010 260 1064 Radet
279 1009 353 1063 Deus
375 1010 511 1063 novacula
536 1011 681 1074 conducta,
698 1009 728 1063 in
747 1010 782 1064 iis
795 1010 842 1081 qui
856 1017 936 1066 trans
977 1006 1025 1061 ubi
1035 1012 1102 1061 sunt
1112 1007 1142 1061 in
1152 1007 1298 1078 refrigerio
1307 1009 1367 1063 sine
1379 1010 1444 1064 fine.
1455 1010 1552 1077 Nubes,
1564 1011 1703 1081 protectio
1715 1010 1778 1078 Dei,

31 1084 35 1092 ¹
138 1100 244 1154 llumen
258 1104 333 1165 sunt,
350 1098 491 1170 caput³,·
518 1100 591 1170 quod
620 1105 743 1154 mentem
775 1116 872 1155 eorum
887 1101 935 1172 qul
977 1101 1010 1149 ut
1022 1096 1051 1149 in
1064 1097 1336 1168 Exodo:·Cumque
1347 1098 1521 1154 ascendisset
1533 1100 1654 1171 Moyses,
1665 1101 1781 1170 operuit

138 1189 167 1242 in
181 1188 303 1243 Ecclesia
318 1195 385 1243 sunt
403 1188 546 1259 baptizati,
561 1188 596 1241 ab
611 1188 686 1242 onini
700 1189 781 1242 sorde
802 1188 934 1242 vitiorum
977 1190 1101 1239 montem
1114 1184 1202 1241 nubes
1213 1185 1246 1252 ¹⁰,
1261 1208 1272 1237 ι
1288 1187 1432 1258 quodcum
1444 1187 1546 1259 aliquis
1558 1188 1777 1262 adoontempla-

137 1295 188 1348 per
202 1278 397 1348 praedicatores
412 1294 478 1332 suos
492 1279 632 1332 emendat.
649 1280 799 1342 Novaculo,
818 1277 935 1347 quilibet
977 1273 1062 1328 tionis
1075 1272 1253 1329 altitudinem
1268 1276 1412 1347 pertingit,
1429 1293 1541 1332 necesse
1560 1284 1604 1333 est
1623 1283 1656 1334 ut
1666 1278 1695 1333 ei
1711 1295 1777 1350 pro-

138 1368 250 1439 impius,
263 1372 294 1421 ut
308 1368 336 1421 in
352 1367 469 1421 Psalmis
486 1385 491 1418 :
507 1385 521 1418 s
538 1367 618 1421 Sicut
634 1367 770 1420 novacula
780 1374 862 1421 acuta
871 1367 934 1421 leci·
975 1363 1060 1418 tectio
1075 1363 1170 1418 divina
1183 1365 1261 1430 assit,
1281 1382 1316 1419 ne
1327 1364 1448 1420 aberret.
1464 1367 1562 1433 Nubes,
1574 1366 1696 1440 quilibet
1709 1384 1775 1424 ean·

136 1457 174 1511 sti
183 1457 279 1511 dolum
294 1456 315 1522 ³,
339 1475 352 1508 a
367 1456 395 1509 id
410 1461 453 1510 est
456 1495 521 1518 ......
538 1461 567 1510 et
579 1454 934 1526 expedite,quibuscunque
975 1457 1046 1519 ctus,
1060 1459 1092 1507 ut
1105 1453 1134 1508 in
1146 1453 1257 1508 Exodo:
1276 1473 1289 1507 s
1304 1455 1777 1526 Respexeruntadsolitudinem,et

136 1547 220 1611 vales,
237 1546 347 1616 persicis
363 1546 479 1599 malurn.
500 1545 649 1609 Novaricia,
666 1544 840 1614 poenitentia,
854 1550 885 1598 ut
904 1545 933 1600 in
975 1558 1038 1596 ecce
1044 1542 1253 1612 gloriaDomini
1263 1540 1395 1615 apparuit
1404 1543 1608 1608 innube¹¹,»id
1619 1545 1776 1613 estintuiti

136 1633 214 1688 libris
228 1634 335 1704 Regum
353 1652 358 1685 :
375 1658 386 1683 l
408 1633 549 1688 Novacula
570 1650 626 1687 non
648 1633 780 1687 ascendet
794 1651 878 1705 super
890 1651 933 1688 ca-
974 1636 1040 1686 sunt
1055 1632 1253 1698 Ecclesiam,et
1267 1633 1341 1687 risus
1352 1639 1395 1688 est
1409 1635 1484 1688 Deus
1498 1633 1626 1689 habitare
1642 1634 1672 1689 in
1682 1635 1775 1691 nomi-

134 1730 187 1794 put
211 1725 272 1793 ejus
289 1723 309 1781 ¹,
341 1722 496 1793 »tsciliceq
520 1723 668 1787 Samuelis,
696 1723 769 1793 quod
789 1723 818 1777 in
839 1702 1130 1779 mentessnesancto.
1160 1722 1397 1788 lt'rcbes,humana
1423 1740 1488 1777 caro
1505 1723 1534 1777 in
1554 1723 1677 1790 Christo,
1697 1730 1731 1779 ut
1745 1725 1774 1781 iu

78 1819 81 1825 '
135 1811 239 1866 Christi
254 1812 330 1866 nulla
347 1813 422 1866 lluna
439 1811 571 1882 cogitatio
584 1812 645 1878 luit,
661 1828 722 1884 qum
735 1829 785 1883 per
796 1813 932 1883 poeniten·
973 1809 1059 1864 lsaia:
1074 1831 1085 1861 ι
1099 1810 1609 1883 Dominusingredieturinll'gyptum
1620 1813 1775 1870 menseu-

134 1900 202 1955 tiam
215 1901 336 1955 resecari
345 1900 450 1955 debuit.
973 1915 1024 1970 per
1033 1897 1136 1953 nubem
1152 1898 1184 1965 ¹¹,
1203 1917 1216 1952 a
1232 1900 1259 1954 id
1278 1902 1421 1971 estquod
1441 1901 1530 1956 Filius
1552 1902 1602 1956 Dei
1622 1901 1770 1958 introivit:

170 1992 233 2045 aloc
244 1995 288 2044 est
302 1989 456 2057 tribulatio,
468 1995 501 2044 ut
525 1990 552 2044 in
568 1988 707 2044 Psalmis:
724 2010 734 2039 ι
753 1992 850 2061 Neque
864 1991 933 2045 luna
973 1988 1047 2043 huno
1060 1989 1205 2053 mundum,
1218 2006 1331 2044 earnem
1346 1989 1453 2044 habens
1466 1991 1620 2046 humanam
1641 1991 1678 2046 ab
1695 1993 1772 2049 omni

132 2087 306 2151 pernoctem
321 2079 341 2140 ³,
359 2097 372 2131 a
390 2080 417 2132 id
432 2085 483 2145 est,
500 2079 624 2133 desectus
648 2079 760 2133 virtutis
787 2096 843 2134 non
858 2080 931 2133 fran·
972 2077 1394 2149 ponderepeccatiimmunem.
1411 2080 1635 2147 linteaminis
1656 2082 1771 2149 mentis,

131 2174 180 2240 get
193 2175 221 2222 tc
237 2185 287 2240 per
299 2168 520 2222 tribulationem.
543 2169 612 2236 Noc,
629 2168 685 2222 rita
707 2184 837 2238 praesens,
856 2169 930 2223 utin
971 2167 1042 2220 utin
1053 2166 1212 2222 Ezechiele:
1229 2190 1239 2216 ι
1253 2168 1359 2223 Ventus
1368 2167 1490 2224 turbinis
1501 2168 1772 2243 veniebatabdqui·

132 2258 205 2312 lsaia
221 2276 226 2310 :
245 2257 372 2311 «Anima
386 2274 449 2310 mea
464 2257 633 2312 desideravit
646 2262 674 2311 te
688 2257 717 2310 in
731 2263 821 2323 nocte,
838 2258 887 2313 sed
902 2264 930 2312 et
971 2256 1043 2320 lone,
1061 2254 1204 2328 nubesque
1220 2274 1322 2328 magna
1335 2257 1368 2324 ¹³,
1384 2258 1480 2329 »quod
1497 2257 1772 2330 adiaboloprocedit

131 2346 247 2418 spiritus
261 2360 340 2401 nreus
356 2347 376 2399 ¹¹.
397 2345 451 2400 »id
464 2352 515 2410 est,
533 2348 561 2399 in
589 2347 734 2416 presentis
757 2347 820 2400 vitm
833 2346 930 2401 obscu·
970 2344 1088 2399 tentatio
1102 2346 1251 2400 vehemens
1265 2351 1295 2400 et
1306 2347 1415 2401 caecitas
1427 2347 1457 2402 in
1468 2353 1562 2402 mente
1573 2347 1707 2403 hominis.
1717 2349 1771 2404 Per

131 2436 225 2490 ritate.
247 2437 316 2499 Nox,
332 2434 506 2490 conversatio
529 2436 675 2501 laicnum,
691 2441 723 2490 nt
746 2436 775 2490 in
803 2436 904 2490 Genesi
920 2456 925 2490 ι
971 2436 1054 2488 nubes
1068 2434 1274 2504 predicatores,
1286 2441 1319 2490 ut
1333 2436 1361 2490 in
1374 2435 1466 2491 lsaia:
1484 2456 1495 2487 r
1513 2436 1608 2491 Nubes
1618 2436 1772 2508 pluantju·

132 2526 313 2579 ‹Luminare
328 2527 430 2595 majus,
448 2530 480 2578 ut
501 2530 634 2594 pimesset
647 2524 713 2590 diei,
740 2529 768 2578 et
789 2525 928 2579 luminare
969 2527 1046 2577 stum
1059 2523 1321 2596 ¹¹,npraedicatores
1336 2524 1469 2580 nuntient
1482 2524 1636 2580 Christum.
1647 2526 1705 2581 Per
1719 2543 1770 2582 aa·

130 2615 234 2680 minus,
251 2620 283 2667 ut
297 2620 429 2685 praesset
445 2614 518 2667 nocti
530 2613 549 2678 ¹,
569 2633 580 2664 i
594 2613 623 2668 id
645 2619 696 2678 est,
714 2614 925 2681 sacerdotalem,
969 2613 1011 2665 bes
1021 2613 1169 2684 propheta,
1191 2621 1224 2669 ut
1243 2614 1272 2669 in
1288 2614 1425 2668 Psalmis:
1443 2613 1631 2670 «Tenebrosa
1647 2630 1726 2687 equa
1738 2615 1768 2671 in

130 2720 191 2775 quae
207 2709 316 2773 regeret
330 2703 453 2765 clericos,
468 2708 497 2755 et
510 2702 626 2771 regiam,
646 2702 828 2773 quieturbam
851 2721 929 2774 rege-
968 2701 1090 2756 nubibus
1100 2701 1132 2768 ²³,
1146 2720 1159 2755 a
1171 2703 1246 2774 quod
1256 2704 1364 2758 occulta
1376 2709 1420 2758 est
1428 2702 1545 2758 seientia
1564 2704 1593 2758 in
1610 2704 1767 2775 prophetis.

130 2799 172 2846 ret
200 2792 342 2846 laicorum.
360 2793 429 2857 nnc,
446 2791 504 2861 ipse
532 2790 668 2857 diabolus,
683 2798 715 2845 ut
736 2792 765 2845 in
784 2793 924 2846 Psalmis:
970 2791 1024 2844 Per
1033 2793 1116 2845 irrites
1126 2792 1254 2862 apostoli,
1267 2799 1300 2847 ut
1314 2793 1342 2846 in
1356 2792 1490 2846 Psalmis:
1509 2812 1521 2845 c
1539 2792 1667 2848 Educens
1679 2792 1770 2849 nubes

132 2903 143 2931 a
161 2883 195 2935 Et
204 2898 258 2935 nox
273 2881 347 2935 nocti
372 2880 506 2943 imlicnt³,
527 2881 628 2950 »quon
656 2880 784 2935 diabolus
804 2883 925 2952 primuni
968 2879 1003 2932 ab
1016 2884 1233 2934 extremotenm
1243 2880 1275 2946 ¹³,
1290 2900 1300 2930 i
1314 2881 1660 2951 quodnonoratores,sed
1675 2882 1769 2954 pisca--

127 2971 271 3024 hominem
288 2969 405 3024 obscure
419 2970 567 3039 deceptum
582 2970 617 3023 ad
636 2969 740 3024 factum
753 2971 821 3039 ligni
835 2971 926 3025 scien·
937 2942 1052 3031 Ctores,
1064 2969 1092 3022 in
1104 2968 1244 3039 apostolos
1255 2969 1498 3041 Deusassumpsit.
1515 2971 1569 3024 Per
1579 2971 1664 3024 naba
1674 2971 1765 3026 sanai

127 3059 174 3113 tiae
189 3059 253 3116 boni
268 3064 296 3112 et
311 3058 376 3112 mali
398 3058 536 3128 perduxit.
555 3059 624 3123 ,lon
649 3059 804 3113 adversitas
825 3061 923 3127 sancti,
967 3056 1036 3111 Nori
1050 3057 1234 3117 Testamenti,
1248 3058 1322 3111 utin
1338 3059 1429 3112 lsaia:
1443 3076 1457 3111 c
1471 3058 1524 3122 Qui
1537 3064 1604 3113 sunt
1618 3059 1658 3114 illi
1669 3060 1721 3132 qui
1735 3066 1769 3117 ut

128 3155 160 3202 ut
175 3149 203 3201 in
218 3147 288 3201 lob:
307 3166 319 3197 o
336 3147 491 3211 Quisdcdit
502 3146 628 3200 carmina
642 3148 670 3200 in
681 3154 762 3201 nocte
773 3148 806 3200 ¹?
821 3167 835 3201 a
852 3148 926 3219 quod
968 3144 1055 3200 nubes
1067 3146 1160 3200 volant
1176 3145 1219 3199 ²¹?
1239 3165 1250 3198 n
1262 3147 1422 3217 qnodnovae
1431 3147 1530 3217 gratiae
1539 3147 1628 3202 sancti
1640 3147 1769 3204 etverbis

128 3238 203 3291 Deus
218 3237 321 3290 electos
335 3253 401 3289 suos
423 3237 583 3289 consolatur
599 3235 626 3288 in
645 3235 835 3290 tribulatione.
854 3238 923 3304 Noa,
966 3235 1068 3306 pluunt
1081 3242 1109 3288 et
1123 3235 1266 3289 miraculis
1280 3242 1438 3300 coruscunt,
1456 3241 1485 3290 et
1494 3253 1545 3307 per
1553 3241 1683 3292 sanctam
1699 3254 1767 3293 oon-

128 3325 296 3396 ignorantia,
314 3325 384 3379 utin
396 3325 448 3378 lob
463 3344 467 3378 :
488 3345 498 3375 ι
517 3325 605 3378 Nocte
617 3325 758 3396 opprimet
777 3342 841 3379 cum
857 3333 926 3380 tem-
967 3324 1153 3378 versationem
1161 3324 1190 3378 in
1202 3323 1369 3378 sublimibus
1383 3326 1486 3379 volant.
1500 3325 1555 3379 Per
1563 3328 1647 3379 nubes
1661 3326 1762 3398 iniqui,

127 3422 221 3488 postas
232 3415 265 3482 ¹⁰,
280 3434 293 3468 a
310 3415 336 3468 id
350 3421 401 3477 est,
422 3413 582 3483 ignorantia
602 3430 667 3468 eum
682 3414 827 3469 damnatio
850 3433 926 3486 pros·
965 3413 1040 3467 utin
1054 3414 1177 3484 Epistola
1191 3413 1284 3469 Judae:
1300 3413 1415 3468 «Nubes
1430 3414 1491 3468 sine
1500 3431 1583 3486 aqua,
1597 3408 1661 3485 quae
1673 3431 1692 3471 a
1703 3431 1767 3470 ren·

45 3516 52 3526 ’
125 3511 228 3559 ternet.
249 3506 319 3568 Nox,
341 3504 472 3558 seductor
485 3502 601 3557 humani
615 3504 735 3573 generis,
752 3510 785 3559 ut
806 3505 834 3558 in
849 3505 922 3559 lob:
966 3502 1003 3556 tis
1017 3502 1294 3570 circumferunturffl,
1309 3522 1320 3553 ι
1338 3504 1411 3574 quod
1428 3502 1518 3574 iniqui
1532 3503 1633 3573 gratiae
1646 3504 1767 3560 humore

129 3611 143 3646 ι
159 3594 202 3650 Sit
211 3611 265 3648 nox
279 3593 328 3648 illa
341 3591 467 3648 solitaria
480 3591 510 3657 ¹¹,
531 3611 543 3644 i
559 3592 587 3646 id
603 3597 655 3659 est,
677 3593 772 3647 electis
786 3594 820 3647 ad
838 3595 925 3648 salva·
966 3597 1103 3659 carentes,
1118 3591 1324 3649 tentationibus
1338 3592 1491 3662 agitantur.

126 3683 232 3738 tionem
247 3682 398 3754 assumptis
412 3682 488 3736 solus
502 3680 629 3735 diabolus
646 3698 710 3736 cum
724 3698 840 3754 corpore
862 3698 922 3749 suo,
1002 3681 1110 3749 Nuptis
1126 3685 1193 3734 sunt
1206 3680 1310 3750 gaudia
1319 3680 1417 3751 patriae
1432 3679 1561 3747 coelestis,
1584 3685 1618 3735 ut
1631 3681 1661 3736 in
1674 3681 1765 3738 Evan-

127 3788 220 3826 massa
234 3771 361 3825 videlicet
377 3769 560 3842 reproborum
584 3771 743 3825 damnetur.
762 3771 831 3837 Noc,
844 3771 924 3825 insir-
964 3769 1038 3839 gelio
1055 3787 1061 3824 :
1076 3787 1088 3819 ι
1106 3769 1225 3832 Quando
1238 3774 1396 3824 revertatur
1408 3785 1425 3823 a
1439 3769 1545 3840 nuptiis
1553 3767 1609 3832 ’ἣν
1626 3771 1704 3842 quod
1720 3787 1763 3826 as·

127 3861 211 3914 mitas
226 3860 337 3924 inentis,
355 3865 386 3914 ut
400 3860 429 3913 in
441 3859 492 3914 Job
509 3881 513 3912 :
531 3879 544 3911 a
559 3860 593 3913 Et
607 3875 660 3912 nox
687 3859 716 3913 in
739 3876 794 3930 qua
817 3859 923 3914 dictum
965 3858 1059 3913 cendit
1073 3857 1102 3912 in
1114 3857 1225 3925 coelum,
1241 3864 1269 3913 et
1298 3857 1363 3911 inde
1378 3864 1512 3913 venturus
1535 3865 1579 3913 est
1604 3859 1763 3929 jndicatum

127 3955 169 4004 est
183 3969 188 4002 :
204 3951 362 4018 Conceptus
377 3949 516 4002 esthemo
531 3947 563 4010 ¹¹,
582 3948 682 4019 »quod
694 3948 760 4002 dum
771 3954 864 4003 mente
883 3950 924 4003 in·
965 3947 1039 4001 viros
1062 3952 1091 4000 et
1117 3952 1252 4001 mortuos.
1277 3948 1395 4016 dluptlae,
1410 3947 1518 4001 vocatio
1533 3946 1675 4014 Ecclesia,
1691 3949 1762 4005 utin

126 4039 264 4103 llrmatur,
279 4038 375 4091 statim
386 4037 421 4090 ad
435 4045 580 4108 peccatum
595 4037 726 4091 trahitur.
741 4038 807 4103 Noa,
824 4055 922 4109 pecca·
964 4035 1113 4106 Evangelio
1130 4051 1161 4086 z«
1180 4036 1234 4100 Qui
1249 4036 1314 4090 lecit
1328 4036 1440 4106 nuptias
1458 4036 1515 4090 lilio
1524 4034 1557 4101 ³⁰,
1572 4037 1675 4106 »quod
1690 4037 1763 4094 Deus

125 4131 197 4190 lum,
214 4134 245 4180 nt
259 4127 287 4180 in
303 4127 396 4180 lsaia:
416 4143 429 4178 c
446 4127 555 4191 Custos,
569 4126 636 4196 quid
661 4127 696 4179 de
722 4133 804 4181 nocte
817 4126 848 4192 ¹³,
868 4127 922 4181 sid
963 4126 1048 4180 Pater
1068 4129 1194 4178 sanctam
1219 4125 1368 4179 Ecclesiam
1398 4125 1519 4178 vocando
1544 4123 1580 4179 ad
1600 4125 1688 4181 noem
1703 4142 1762 4182 eam

121 4220 183 4270 est:
201 4216 224 4270 Ο
240 4214 405 4284 Deus,quid
431 4214 541 4284 judicas
569 4215 603 4268 de
629 4222 741 4285 peccato
768 4217 851 4270 meo?
870 4217 923 4270 Per
964 4213 1243 4283 cbristoconjmxit.

126 4310 230 4358 tractem.
241 4303 396 4358 obscuritas
407 4305 491 4374 hujus
506 4304 607 4369 saculi,
624 4304 695 4357 utin
710 4305 825 4359 Cantica
842 4324 847 4358 :
863 4328 872 4354 ιι
891 4306 923 4360 ln
1000 4303 1096 4358 Nitens
1110 4307 1153 4356 est
1168 4301 1297 4360 Ecclesia.
1309 4308 1342 4356 ut
1353 4302 1382 4356 in
1402 4302 1473 4357 libro
1487 4301 1583 4356 Ruth:
1602 4319 1617 4356 c
1633 4303 1676 4358 De
1691 4319 1765 4360 nuru

126 4394 227 4447 lectulo
240 4411 302 4448 meo
318 4410 368 4465 per
380 4401 474 4447 noctes
493 4394 606 4465 quaesiui
621 4410 704 4464 quem
720 4393 813 4463 diligit
828 4394 922 4448 anima
964 4398 1013 4446 tua
1026 4397 1172 4457 natusest,
1190 4390 1238 4460 qui
1248 4396 1277 4444 te
1290 4390 1389 4460 diliget
1401 4390 1435 4456 ³¹,
1447 4408 1460 4444 i
1474 4389 1549 4461 quod
1561 4389 1674 4446 fructus
1688 4393 1765 4457 lidei,

126 4499 188 4536 mea
201 4483 232 4538 ¹¹.
246 4507 257 4532 a
275 4484 302 4537 id
316 4489 368 4548 est,
384 4483 413 4536 in
424 4484 554 4553 praesenti
569 4482 737 4540 obscuritate
748 4482 923 4554 quaesii'iDo·
963 4482 1011 4554 qui
1027 4482 1062 4535 de
1077 4480 1200 4535 Ecclesia
1215 4479 1349 4551 procedit,
1364 4479 1504 4535 delectum
1519 4479 1678 4552 Synagogae
1699 4498 1768 4538 vera

126 4574 233 4627 minum
248 4575 277 4626 in
291 4574 384 4644 quieto
400 4590 472 4627 nica.
493 4575 548 4628 Per
576 4578 680 4628 iioctcni
701 4571 876 4640 afflictiones,
891 4580 923 4627 ut
962 4570 1155 4642 compassione
1169 4571 1189 4621 ⁶.

125 4662 155 4716 in
168 4662 299 4717 Psalmis:
313 4681 324 4711 a
335 4663 367 4716 ln
383 4661 639 4717 noctibusextollite
648 4679 747 4717 manus
756 4668 862 4717 vestras
869 4662 918 4728 ¹³‚s
1350 4692 1373 4747 Ο

125 4751 154 4804 id
175 4757 227 4816 est,
245 4751 273 4806 in
294 4751 492 4806 afflictionibus
514 4753 645 4806 elevate·
662 4758 740 4807 actus
760 4755 865 4806 vestros
884 4753 920 4807 acl

122 4839 224 4899 Deum.
964 4821 1113 4888 Obrysum.
1229 4819 1317 4874 Orbis.
1495 4817 1664 4874 obstetrices.

160 4931 248 4986 Nastos
263 4936 306 4984 est
332 4929 454 5001 Spiritus
482 4936 605 4996 sanctus,
627 4935 659 4984 ut
680 4930 709 4984 in
728 4931 815 4985 Paulo
832 4951 837 4984 :
857 4932 919 4985 cln
960 4892 1081 5018 gfff·
1228 4889 1327 5015 mli·
1493 4888 1636 5015 332κῖ9

124 5019 219 5091 Moyse
231 5019 363 5091 baptizati
377 5025 443 5073 sunt
455 5019 484 5073 in
500 5018 583 5085 nube,
599 5025 627 5073 et
640 5018 752 5073 inmari
764 5019 852 5083 ¹³,aid
865 5025 917 5084 est,
961 5034 1003 5090 03,
1226 5032 1330 5087 oleum,
1492 5030 1563 5087 0023,

123 5122 140 5160 a
155 5108 266 5162 Christo
285 5114 314 5161 et
327 5125 343 5161 a
358 5107 464 5178 Spiritu
475 5109 685 5174 sanctoNnbes,
698 5107 822 5162 ascensio
837 5107 919 5161 Chri·
962 5106 1097 5160 Occidens.
1227 5103 1333 5156 Oriens.
1493 5103 1714 5160 Onooenlonncs.

159 5267 166 5301 ¹
182 5269 245 5322 Lev.
263 5283 300 5323 xi.
318 5268 360 5324 lt.
381 5257 460 5323 ¹lsa.
477 5283 525 5335 vn,
538 5267 582 5325 ⁸20.
604 5269 700 5323 ³Psal.
718 5284 754 5334 nr,
771 5268 797 5322 t.
822 5269 832 5301 ¹
847 5269 859 5323 l
875 5269 943 5338 lteg.
960 5282 979 5332 1,
995 5268 1040 5322 11.
1061 5265 1160 5320 ⁵Psal.
1181 5277 1243 5331 cxx,
1255 5262 1282 5317 6.
1303 5263 1384 5318 ³Isa.
1408 5276 1483 5328 nnn,
1501 5262 1528 5319 ¹l.
1554 5261 1564 5297 ¹
1580 5261 1653 5317 Gen.
1674 5277 1696 5330 1,
1712 5263 1757 5335 16.

121 5338 221 5392 ¹Psal.
238 5354 316 5403 nun,
332 5340 358 5395 3.
381 5341 453 5395 ³Job
464 5355 544 5405 xxxv,
556 5341 600 5394 10,
629 5339 649 5374 ¹⁰
663 5340 714 5395 Job
729 5355 815 5406 xxtn,
830 5339 874 5396 20.
891 5340 911 5373 ¹¹
923 5339 975 5394 Job
991 5353 1032 5403 ni,
1050 5339 1075 5393 7.
1091 5337 1113 5371 ¹¹
1127 5335 1179 5391 Job
1190 5350 1231 5390 in.
1250 5334 1276 5389 3.
1297 5333 1320 5369 ¹³
1333 5334 1388 5389 lsa.
1401 5348 1458 5400 xxi,
1471 5333 1512 5388 11.
1529 5332 1553 5368 ¹¹
1564 5333 1650 5389 Cant.
1667 5347 1712 5402 111,
1729 5335 1756 5390 l.

120 5407 228 5462 ¹³Psal.
246 5423 360 5476 oxxxrn,
375 5413 402 5466 1.
419 5413 467 5467 ¹¹¹l
483 5412 545 5466 Cor.
558 5428 583 5478 x,
601 5411 626 5467 9.
643 5411 665 5446 ¹¹
678 5413 751 5467 Psal.
764 5428 790 5477 x,
808 5412 834 5466 3.
862 5411 883 5446 ¹⁸
905 5413 958 5476 isa,
973 5425 1011 5472 iv,
1028 5410 1053 5465 5.
1076 5408 1098 5443 ¹³
1117 5410 1202 5479 Apoc.
1219 5421 1236 5460 x
1251 5445 1258 5471 ,
1276 5404 1358 5463 12⁸⁰
1371 5405 1458 5461 Exod.
1475 5417 1550 5470 xxm,
1564 5403 1613 5459 15.
1628 5402 1651 5440 ¹¹
1669 5405 1756 5461 Exod.

120 5493 194 5545 xxia,
211 5478 255 5536 l0.
271 5480 294 5514 ³¹
308 5482 362 5536 Isa.
378 5497 433 5543 xnr,
448 5484 474 5537 1.
496 5481 520 5515 ¹³
535 5483 632 5549 Ezech.
650 5498 668 5540 1.
681 5484 707 5537 1.
734 5483 757 5518 ¹¹
772 5484 825 5538 lsa.
842 5497 905 5546 xcv,
919 5479 946 5538 8.
968 5480 992 5516 ¹³
1009 5481 1083 5536 Psal.
1100 5493 1168 5541 xvii,
1185 5477 1266 5535 12²⁰
1286 5477 1359 5532 Psal.
1375 5490 1487 5542 mxiv,
1506 5476 1533 5531 l.
1552 5473 1576 5511 ¹³
1591 5476 1649 5533 lea.
1665 5488 1712 5542 u,
1727 5475 1754 5531 8.

120 5549 142 5583 ³¹
153 5550 233 5604 Vers.
250 5550 294 5606 lt.
311 5551 334 5587 ¹³
350 5553 415 5607 Luc.
432 5568 481 5619 xn,
499 5552 543 5607 36.
559 5553 583 5590 ³³
598 5554 696 5612 Matth.
712 5569 780 5621 nnn,
797 5552 823 5612 2.
840 5553 861 5589 ³¹
879 5553 964 5608 Rutli.
983 5567 1019 5607 iv.
1035 5552 1075 5609 15.
