3772 6120
177 227 225 284 'iil
471 229 501 282 ll.
523 227 657 281 ansani
678 229 792 282 MAURI
815 229 982 283 nasama.
1003 231 1165 287 MOGUNT.
1189 232 1336 286 OPERUM
1356 232 1448 286 PARS
1468 234 1517 287 lll.
1762 235 1814 293 ‘272

176 354 274 410 tudine
284 354 364 427 quasi
375 353 496 407 secunda
507 358 608 405 natura
618 350 755 422 putabant
768 368 798 405 se
813 354 973 407 ascisteris
983 356 1088 416 Astoli,
1106 362 1134 409 et
1148 355 1268 408 maxime
1283 355 1393 417 Patrue,
1404 357 1417 409 J
1422 354 1524 409 acobus
1532 361 1560 409 et
1570 357 1700 422 loannes,
1720 375 1735 410 e
1751 358 1815 429 qui-

175 444 306 515 gentibus
326 443 388 514 plus
407 441 520 506 liaberc,
543 440 623 493 facile
642 445 821 495 contemnere
844 449 975 511 poterant
1014 442 1066 498 bus
1081 445 1137 498 duo
1152 461 1216 496 cum
1231 443 1349 497 Donnno
1361 444 1511 497 ascendere
1527 449 1674 500 merentur
1690 447 1718 499 in
1733 463 1815 500 mon-

177 551 210 588 ea
228 533 258 587 in
278 531 379 603 quibus
397 528 600 600 gloriabantur.
620 529 799 582 Providentia
813 529 908 600 itaque
923 531 972 584 Dei
1014 538 1081 596 tem,
1094 549 1215 603 quorum
1230 549 1303 586 unus
1313 533 1342 585 in
1353 533 1519 604 Apocalypsi
1536 534 1709 589 Salvatorem
1725 535 1815 589 intro-

176 622 248 677 alius
258 621 401 692 apostolus
416 616 588 672 circumcisis
601 617 685 670 datus
700 623 751 679 est,
764 617 812 687 qui
827 618 895 687 legis
910 635 973 672 um-
1015 621 1091 675 ducit
1101 620 1261 692 loquentem
1271 639 1276 673 :
1288 624 1342 688 θα(
1350 624 1462 690 vicerit,
1471 625 1574 689 seciam
1585 640 1647 676 eirea
1656 627 1813 678 οοῐιιιιιιιαιιι

175 711 232 765 bris
247 710 390 763 videretur
399 706 677 777 acquiescere3allus
687 705 715 759 in
727 707 863 777 praeputio
873 707 974 761 consti·
1014 714 1046 764 ia
1068 714 1164 778 teriiplo
1186 712 1235 763 llci
1255 713 1310 763 mci
1333 710 1422 778 (alpos.
1446 713 1493 778 ιιι),
1510 711 1613 765 docens
1636 729 1735 766 omnes
1758 730 1816 766 cre-

175 799 254 864 miis,
270 797 318 868 qui
333 795 475 865 Evangelii
489 794 677 865 gratissnlnon
692 801 877 864 putarotessc
890 796 974 850 servi·
1014 799 1112 853 dentes
1136 799 1183 869 qui
1207 798 1398 852 adversarium
1423 799 1540 853 vicerint
1565 817 1646 870 posse
1670 801 1816 856 columnas

175 891 257 954 tium,
272 887 321 941 sed
336 884 453 939 liberam
473 884 566 949 fidem,
585 900 621 936 nc
642 882 694 936 sub
715 883 810 954 aliqua
828 885 972 938 occasione
1014 887 1141 942 Ecclesiae
1156 886 1227 941 lieri.
1244 888 1287 941 nd
1303 888 1482 942 Timotheum
1497 905 1561 942 vero
1572 890 1675 943 Paulus
1691 889 1815 944 scribens

174 975 408 1049 impedimentum
423 972 488 1027 tidei
498 976 670 1039 nasceretur,
685 977 714 1026 et
728 972 972 1043 proptercircum-
1014 976 1070 1030 ait:
1090 977 1122 1030 ot
1135 980 1203 1030 sciat
1221 978 1354 1045 qacornodo
1368 982 1487 1046 oporteat
1503 983 1526 1030 te
1545 981 1576 1031 ia
1597 980 1676 1032 deine
1690 979 1740 1033 [ιρι
1753 995 1814 1033 can-

175 1067 309 1121 cisionem
325 1064 382 1118 sive
401 1061 579 1133 praeputium,
599 1077 656 1114 non
671 1061 834 1115 crederetur
847 1061 876 1115 in
894 1061 972 1116 Chri·
1012 1068 1129 1130 ocmarr',
1141 1070 1244 1133 qssaest
1258 1060 1377 1119 Ecclesia
1391 1065 1441 1119 lici
1454 1069 1521 1129 eloi,
1536 1070 1666 1120 cottanae
1682 1074 1775 1121 eutem
1790 1074 1814 1121 et

173 1162 260 1212 stum.
275 1155 334 1209 Nec
348 1153 401 1207 hoc
415 1151 543 1217 dicimus,
561 1148 636 1221 quod
650 1149 750 1203 Petrus
764 1150 812 1221 qui
828 1150 929 1222 etipse
943 1150 972 1204 in
1013 1156 1225 1229 firmeiizeatam
1245 1156 1369 1207 raritatis
1390 1154 1416 1221 (l
1437 1156 1506 1208 Tira.
1523 1156 1572 1224 m).
1591 1154 1640 1209 His
1660 1161 1689 1209 et
1704 1156 1814 1211 caeteris

174 1243 289 1301 llctibus
317 1242 508 1314 apostolorum
536 1240 603 1303 (Act.
627 1242 666 1307 x),
692 1238 800 1292 nullum
829 1239 972 1294 hominem
1013 1242 1812 1316 instruimurtamapostolosomnesquecredenteS,quarn

174 1348 351 1390 communem
367 1346 428 1385 esse
449 1333 569 1382 testatus
584 1332 635 1393 est,
658 1334 687 1380 et
707 1327 736 1381 in
752 1327 799 1381 illo
818 1345 882 1381 sose
897 1328 971 1399 quod
1012 1331 1102 1402 ipsam
1118 1347 1228 1402 quoque
1243 1331 1394 1385 Ecclesiam
1419 1333 1578 1386 columnam
1601 1333 1631 1387 in
1656 1334 1809 1405 Scripturis

175 1429 296 1495 quatuor
309 1419 419 1490 angulis
433 1418 467 1472 de
477 1417 547 1471 coelo
561 1416 709 1470 dimissum
720 1416 828 1470 viderat
840 1417 972 1471 edocetur
1012 1421 1157 1492 appellari,
1169 1427 1197 1473 et
1206 1419 1276 1488 nihil
1289 1420 1424 1475 interesse
1441 1421 1475 1475 de
1486 1438 1601 1492 corpore
1611 1422 1678 1492 quid
1688 1422 1808 1479 dicatur.

173 1512 244 1567 nihil
258 1511 393 1565 interesse
407 1507 521 1562 Judaeus
535 1505 572 1559 sit
586 1505 688 1576 aliquis
703 1521 739 1559 an
754 1505 877 1575 gentilis,
892 1505 972 1576 quasi
1013 1525 1048 1562 an
1061 1509 1204 1573 membris,
1215 1525 1278 1562 cum
1289 1515 1318 1563 et
1331 1526 1432 1580 corpus
1442 1510 1583 1564 dividatur
1595 1510 1769 1574 inmembra,
1787 1520 1815 1566 et

173 1601 277 1657 oblitus
301 1599 437 1671 priorum,
463 1611 549 1667 super
572 1593 714 1664 Evangelii
738 1594 860 1664 gratiam
881 1594 972 1664 legem
1014 1597 1813 1670 membrosintcorporis.DedcruntitaquePetrusetJaco·

173 1689 314 1763 putaverit
327 1685 529 1742 observandam
545 1702 551 1747 ;
568 1684 617 1737 sed
633 1688 665 1738 ut
680 1683 740 1753 ipse
754 1699 865 1754 quoque
879 1682 970 1753 legem
980 1669 1730 1757 Bbas,etloannesquividebanturcolumnae,dextras
1737 1690 1812 1744 Peu-

174 1778 314 1835 custodire
323 1794 353 1831 se
368 1774 513 1839 simulans,
527 1772 663 1845 paulatim
677 1773 691 1826 J
695 1772 788 1826 udaias
804 1771 839 1825 ab
854 1772 970 1843 antiquo
1011 1774 1809 1846 loctbarnabaesocietatis,sedTitoquicumeiseratdex-

173 1868 282 1924 risendi
295 1882 372 1921 more
382 1864 541 1919 deduceret.
553 1862 617 1916 Non
631 1861 707 1915 enim
716 1865 847 1931 poterant
860 1866 971 1914 tantum
1011 1869 1070 1919 tras
1081 1881 1136 1917 non
1153 1863 1294 1918 dederunt
1309 1883 1314 1917 z
1336 1865 1456 1918 necdum
1471 1864 1573 1935 quippe
1583 1866 1618 1919 ad
1629 1882 1691 1919 eam
1702 1883 1813 1920 mensu·

174 1955 375 2013 observationis
394 1953 528 2017 laborem,
545 1957 573 2004 ot
586 1950 687 2004 veteris
701 1950 764 2005 ritae
779 1949 970 2004 cautissimam
1012 1970 1072 2007 ram
1082 1957 1256 2025 pervenerat,
1272 1957 1305 2006 ut
1315 1953 1418 2006 Christi
1429 1954 1537 2024 possint
1548 1953 1573 2007 ei
1584 1954 1769 2008 mercimonia
1779 1971 1813 2009 ex

173 2044 412 2103 ⁰⁰¹¹V²r⁸²ii⁰¹10ffl
426 2041 506 2113 quasi
522 2043 709 2111 purgamenta
723 2037 815 2092 subitO
829 2044 857 2092 et
867 2038 971 2092 damna
1011 2059 1090 2112 aequo
1108 2058 1172 2096 cum
1191 2041 1344 2111 majoribus
1359 2041 1446 2106 credi,
1463 2050 1492 2096 et
1506 2043 1637 2096 eumdem
1651 2048 1749 2097 tenere
1763 2060 1810 2098 ne·

173 2142 362 2191 contemnere.
371 2132 409 2186 Ex
424 2146 478 2201 quo
492 2128 685 2199 perspicimus,
696 2133 845 2198 propterea
858 2127 969 2180 dextras
1010 2130 1171 2201 gotiationis
1177 2131 1280 2196 locum,
1290 2147 1374 2201 quem
1386 2129 1528 2184 Barnabas
1536 2130 1650 2185 tenebat
1657 2137 1686 2185 et
1696 2132 1810 2186 paulus,

173 2225 254 2279 (18188
268 2222 355 2278 Palll⁰
370 2226 399 2274 θῐ
420 2217 554 2273 ssstmabae
578 2216 720 2271 8001813118
743 2233 760 2270 8
781 2216 864 2270 Petro
879 2222 907 2269 tt
921 2216 969 2269 Ja·
1014 2220 1044 2274 ilt
1059 2235 1116 2284 nos,
1132 2218 1232 2289 inquit,
1249 2222 1281 2272 ia
1294 2221 1427 2286 pentibus,
1441 2222 1496 2288 ipsi
1509 2226 1601 2273 aretem
1618 2223 1649 2274 in
1665 2224 1812 2275 circumci-

173 2314 251 2378 00b⁰‚
276 2316 306 2366 θῑ
323 2312 441 2373 10311110(
462 2324 498 2361 1¹0
521 2305 550 2360 in
571 2305 765 2360 Obsesl'sstlont
784 2304 862 2358 varia
882 2304 971 2358 diver·
1011 2310 1095 2373 sione,
1113 2312 1432 2376 tantamntpeaperum
1450 2325 1579 2362 irremores
1595 2310 1810 2375 emanantium

172 2419 235 2459 sum
253 2399 358 2455 Christi
372 2396 553 2466 Evangelium
570 2400 725 2465 putaretur,
743 2394 792 2448 scd
809 2400 838 2448 et
848 2393 970 2448 circum·
1010 2399 1094 2450 etiem
1107 2399 1241 2450 sollicitas
1255 2397 1300 2463 feei
1314 2397 1362 2450 boe
1376 2399 1468 2465 ipsum
1480 2400 1569 2464 secere
1587 2396 1725 2466 (Hieron.)
1743 2399 1811 2451 San·

173 2492 334 2546 cisorumet
344 2485 507 2541 habentium
518 2483 687 2556 praeputium
697 2489 837 2536 cssetuna
847 2499 970 2536 commu·
1010 2485 1047 2538 cti
1061 2500 1198 2556 pauperes
1208 2500 1328 2554 quorum
1336 2485 1473 2556 praecipue
1484 2485 1519 2539 ab
1527 2486 1660 2556 apostolis
1677 2486 1765 2541 Paulo
1784 2492 1812 2540 et

173 2581 230 2635 nio.
251 2577 371 2632 Pulchre
391 2578 485 2628 autem
505 2572 664 2642 praestruxit
685 2571 802 2625 dicens:
821 2574 874 2638 (lui
895 2573 969 2624 casim
1011 2572 1422 2628 Barnabeecuramandaturhi
1436 2580 1511 2638 sunt,
1530 2574 1623 2644 quiex
1636 2575 1811 2628 Judaejscw.

173 2673 299 2739 operatas
319 2670 357 2719 cst
380 2667 459 2718 Petro
481 2665 512 2715 in
535 2663 717 2729 apostolatum
739 2662 967 2723 circunscr'sioais,
1010 2661 1116 2728 dentes,
1129 2661 1220 2733 pretia
1235 2662 1442 2732 possessionum
1458 2679 1573 2716 suarum
1588 2663 1623 2716 ad
1640 2662 1724 2734 pedes
1739 2668 1808 2735 'alm-

173 2774 209 2813 nc
224 2755 287 2829 quis
302 2769 368 2808 eum
382 2754 497 2823 putaret
511 2748 660 2803 detrahere
680 2748 772 2814 Petro,
790 2747 839 2801 sed
858 2754 890 2802 ut
907 2748 968 2801 lau·
1010 2751 1113 2804 stolum
1138 2750 1308 2816 deferebant,
1327 2750 1473 2820 egentibus
1494 2751 1661 2820 largienda:
1679 2752 1721 2805 rel
1742 2752 1808 2823 quia

173 2844 255 2901 dibus
284 2844 344 2914 ejus
367 2845 432 2895 ante
461 2837 612 2910 praemissis
642 2835 848 2906 intelligeretur
869 2837 969 2890 Petrus
1010 2838 1222 2905 contribulibus,
1235 2839 1361 2909 cognatis
1375 2845 1403 2892 ct
1416 2839 1745 2911 parentibassuiS,quasi
1760 2840 1807 2895 de·

173 2935 235 2990 ideo
264 2928 504 2988 circumcisionem
527 2926 624 2996 aliqua
651 2942 684 2979 ex
710 2932 790 2995 parte
816 2925 966 2996 suscipere,
1009 2934 1130 2982 sertores
1140 2927 1219 2998 legis,
1232 2933 1262 2981 et
1275 2928 1303 2981 in
1317 2928 1479 2982 crucifixum
1493 2929 1637 2983 bominem
1648 2929 1803 2988 credentes,

172 3029 206 3081 ut
214 3040 262 3079 cos
271 3020 319 3093 qui
328 3019 382 3074 sibi
391 3034 424 3072 ex
434 3019 448 3071 J
452 3016 538 3071 udaeis
549 3014 649 3070 crediti
660 3014 773 3068 fuerant
783 3012 965 3080 lucrifaceret,
979 2984 1186 3071 Cdetestationi
1202 3023 1230 3069 et
1244 3016 1354 3087 piaculo
1365 3016 1547 3071 ducebantur.
1564 3018 1596 3071 ln
1606 3018 1708 3071 horum
1725 3018 1806 3072 mini·

172 3119 201 3168 et
210 3112 240 3166 in
253 3109 359 3165 Christi
368 3107 423 3162 tide
432 3111 461 3161 et
475 3104 624 3175 Evangelio
634 3103 795 3158 custodiret.
809 3102 969 3157 Subintelli·
1009 3105 1094 3158 sterio
1109 3111 1221 3159 sanctus
1236 3106 1379 3176 apostolus
1389 3106 1493 3159 Paulus
1504 3112 1610 3177 quanto
1621 3105 1716 3160 labore
1728 3107 1810 3161 suda·

171 3191 968 3274 gitetiamquodsiillealisqueculpataceretetadtempus
1009 3194 1089 3259 verit,
1106 3194 1229 3265 epistolae
1250 3195 1310 3264 ejus
1333 3200 1419 3248 testes
1440 3195 1559 3247 suntad
1581 3195 1750 3260 Corinthios
1773 3196 1809 3250 ad

171 3287 343 3347 observando
354 3285 428 3358 quod
441 3300 497 3338 non
506 3283 622 3348 licetne
633 3281 684 3335 sibi
696 3281 816 3336 creditos
827 3281 964 3351 perderet,
1007 3282 1276 3348 Thessalonicenses,
1301 3283 1336 3336 ad
1348 3299 1445 3336 onmes
1459 3283 1587 3353 gentium
1610 3283 1755 3349 Ecclesias,
1777 3290 1811 3339 ut

171 3395 202 3435 se
216 3377 307 3449 magis
316 3391 367 3448 pro
382 3372 523 3443 Evangelii
534 3371 651 3426 veritate
663 3371 753 3425 lacere
769 3369 879 3436 debere,
894 3369 968 3440 quod
1008 3377 1167 3442 praeparent
1180 3388 1282 3425 rnunus
1296 3372 1347 3424 boc
1361 3388 1413 3442 per
1421 3389 1460 3433 sc,
1478 3372 1520 3425 rel
1536 3389 1586 3442 per
1603 3372 1683 3439 alios,
1700 3373 1748 3443 qui
1768 3374 1809 3427 eis

172 3467 225 3524 sibi
235 3465 372 3523 creditum
383 3468 426 3516 est
439 3462 468 3516 in
481 3460 627 3532 praeputio,
640 3477 675 3515 ne
687 3466 786 3530 gentes
800 3459 869 3529 legis
884 3475 968 3513 onere
1008 3460 1179 3532 placuissent
1189 3459 1410 3531 Hierosolymam
1425 3459 1616 3514 deferendum.
1635 3461 1715 3516 Unde
1730 3478 1804 3515 nanc

173 3562 202 3613 et
215 3555 381 3611 difficultate
391 3550 533 3606 deterrita
545 3566 562 3602 a
576 3548 679 3603 Christi
693 3548 747 3602 tide
763 3553 791 3601 ct
802 3546 968 3602 credulitate
1009 3549 1182 3603 confidenter
1195 3548 1349 3618 dicitquod
1362 3552 1444 3603 etium
1456 3553 1589 3604 sollicitus
1599 3551 1645 3617 sai
1653 3551 1743 3617 secere
1757 3552 1805 3604 hoe

172 3646 356 3702 discederent.
370 3642 487 3709 (aanor.)
497 3640 612 3693 Petrum
627 3633 716 3692 solum
733 3637 860 3691 nominat
873 3643 902 3690 et
915 3635 968 3689 sibi
1009 3641 1109 3706 ipsane.
1120 3638 1240 3692 Possunt
1251 3643 1379 3691 autemct
1389 3638 1444 3692 alio
1449 3654 1552 3707 genere
1558 3654 1696 3709 pauperes
1704 3638 1802 3710 accipi.

170 3739 325 3806 comparat,
341 3731 408 3802 quia
427 3728 579 3800 primatum
594 3725 654 3798 ipse
672 3726 778 3797 accepit
797 3725 832 3778 ad
847 3725 968 3779 tundan·
1008 3727 1043 3779 de
1058 3725 1160 3795 quibus
1170 3726 1198 3780 in
1213 3726 1363 3796 Evangelio
1377 3725 1495 3780 dicitur:
1513 3729 1588 3781 Eceti
1599 3742 1731 3795 pauperes
1744 3729 1802 3796 spi·

81 3839 84 3843 '
172 3827 236 3881 dam
253 3820 422 3878 Ecclesiam:
440 3836 469 3873 se
485 3833 595 3889 quoque
615 3816 676 3887 pari
697 3815 779 3869 modo
800 3815 919 3868 electum
937 3819 969 3868 ut
1008 3816 1806 3884 ritu,paeoniamipsorumestrepreamceloram(lluttlasp

171 3913 323 3985 primatum
338 3908 441 3963 habeat
456 3907 485 3960 in
504 3905 655 3960 fundandis
671 3904 799 3974 gentium
819 3903 966 3969 Ecclesiis;
1009 3903 1262 3975 merenturquippe
1273 3904 1344 3957 tales
1355 3904 1383 3957 in
1394 3903 1806 3974 irremoriaesseapostolorum.

171 4003 211 4057 ita
225 4007 322 4054 tamon
332 4004 364 4052 ut
372 4002 401 4050 et
414 3996 514 4050 Petrus
526 3994 692 4065 praedicaret
704 3993 834 4063 gentibus
850 3992 969 4046 sisausa
1008 3992 1123 4047 Necnon
1138 3998 1166 4046 et
1179 3992 1219 4046 illi
1230 4008 1366 4063 pauperes
1377 3992 1411 4045 de
1422 3991 1522 4063 quibus
1536 3991 1566 4047 in
1578 3992 1727 4047 Salomone
1737 3993 1808 4046 scri-

171 4089 290 4154 lecisset,
307 4091 335 4141 et
354 4085 458 4139 Paulus
472 4083 584 4147 iudeis,
602 4099 668 4136 nam
688 4087 805 4152 uterque
827 4080 969 4135 invenitur
1009 4079 1098 4134 bitur:
1111 4082 1263 4149 Redemptio
1274 4083 1441 4134 cirionimac
1448 4083 1688 4149 propriam-citis,
1701 4096 1808 4150 praepes·

170 4185 323 4247 utrumque
333 4174 447 4229 secisse:
465 4171 513 4225 sed
527 4176 623 4224 tamen
634 4171 718 4241 plena
728 4169 879 4224 auctoritas
891 4169 967 4223 l‘etri
1008 4185 1070 4223 aero
1086 4185 1141 4223 non
1155 4172 1270 4223 sustinet
1291 4172 1533 4223 concinnationem
1547 4167 1640 4237 (Pron.
1657 4174 1715 4238 xnr)
1729 4187 1735 4221 :
1751 4186 1807 4223 non

170 4263 346 4323 inludaismi
356 4259 553 4334 predicatione
566 4259 633 4313 data
648 4258 836 4329 dignoscitur,
844 4263 873 4312 et
887 4257 1084 4359 PauliDenim
1108 4262 1200 4328 potest
1221 4257 1348 4311 futurum
1371 4273 1516 4328 poenarnm
1543 4256 1641 4310 audire
1655 4263 1804 4319 terrorem,

172 4355 294 4431 perfecta
303 4351 455 4408 auctoritas
471 4349 499 4402 in
514 4348 711 4419 praedicatione
721 4348 849 4419 gentium
863 4346 968 4400 inveni·
1008 4361 1115 4418 pauper
1127 4346 1155 4400 in
1163 4346 1226 4411 side,
1235 4362 1341 4417 pauper
1350 4346 1379 4399 in
1395 4345 1496 4415 gratia,
1508 4361 1565 4399 non
1579 4345 1686 4400 habens
1696 4345 1808 4400 divitias

169 4455 219 4502 tur
229 4465 236 4513 ;
247 4444 321 4500 unde
332 4448 361 4496 et
370 4438 538 4510 magistrum
551 4454 580 4491 se
592 4443 671 4491 vocat
684 4437 813 4507 gentium
825 4436 854 4491 in
869 4437 924 4490 nde
940 4442 968 4490 ct
1008 4434 1156 4507 spiritales
1173 4452 1224 4489 nec
1248 4434 1394 4488 scientiam
1415 4434 1633 4504 Scripturarum,
1651 4451 1712 4505 quae
1737 4450 1805 4489 auro

171 4536 297 4598 veritate,
309 4529 501 4602 unusquisque
516 4527 592 4582 enim
608 4544 658 4598 pro
672 4525 777 4580 viribus
793 4526 851 4579 suis
867 4530 895 4579 ct
909 4525 967 4578 dis·
1009 4527 1037 4576 et
1051 4529 1176 4593 argento,
1192 4529 1221 4576 et
1235 4523 1357 4593 pretioso
1367 4522 1458 4593 lapide
1468 4528 1656 4592 comparatur.
1668 4521 1807 4586 Quoniam

171 4623 335 4697 pensatione
357 4619 474 4674 sortitus
496 4622 560 4671 est:
581 4615 722 4670 difficilius
747 4615 821 4669 enim
845 4614 898 4668 tuit
920 4631 967 4668 eos
1008 4611 1095 4683 igitur
1104 4629 1160 4666 non
1171 4611 1320 4682 egentsani
1328 4596 1446 4671 medico,
1459 4611 1507 4664 sed
1518 4611 1545 4664 hi
1557 4609 1605 4681 qui
1614 4611 1688 4664 male
1703 4610 1808 4665 habent

172 4713 221 4785 qui
235 4711 317 4780 longe
342 4712 424 4762 emnt
442 4724 459 4760 a
481 4707 538 4760 Deo
563 4706 599 4759 ad
621 4706 705 4759 sidem
725 4720 805 4759 suam
825 4703 967 4759 attrahere
994 4704 1083 4772 ttae.
1095 4701 1131 4770 ι’),
1144 4707 1292 4772 propterea
1307 4706 1335 4753 et
1344 4699 1477 4770 apostolis
1490 4699 1519 4753 in
1535 4699 1715 4753 dexterarum
1730 4716 1807 4753 com-

172 4818 256 4873 quam
273 4797 422 4870 proximos.
432 4795 565 4862 (Hieron.)
577 4797 682 4861 Petras,
693 4794 793 4864 inquit,
805 4799 828 4847 et
837 4796 964 4857 leonicos,
1008 4790 1199 4845 manicatione
1208 4789 1354 4843 conuenit:
1372 4805 1408 4842 ne
1424 4793 1590 4859 spernerent
1600 4804 1747 4858 pauperes.
1758 4805 1808 4842 nec

172 4895 196 4944 ct
210 4890 325 4944 ,lacobus
341 4889 390 4954 qui
404 4885 571 4941 uidebantur
588 4886 721 4937 eotairma
734 4899 796 4936 csse.
814 4882 869 4935 Ter
884 4897 968 4952 supra
1008 4879 1185 4950 despicerent
1194 4882 1363 4949 peccatores,
1375 4877 1423 4931 sed
1433 4892 1545 4947 semper
1554 4876 1752 4930 meminissent
1761 4893 1809 4930 eo·

172 4979 278 5034 dictum
298 4976 332 5030 de
355 4972 489 5045 apostolis
512 4958 640 5042 legir'nus,
663 4972 789 5026 Seorsum
810 4976 901 5024 nartem
926 4970 968 5024 his
1008 4965 1809 5035 runi,sicutPaulusCorinthiiilliusmominit,quemcum

172 5070 221 5138 qui
235 5067 400 5122 tristabantur
413 5080 418 5114 :
432 5066 471 5122 ct,
487 5061 526 5115 Ab
541 5063 583 5113 his
599 5064 648 5130 qui
666 5061 830 5114 ridebuntur
845 5076 897 5113 esse
913 5061 968 5113 oli·
1009 5057 1130 5129 inpriori
1138 5055 1255 5127 epistola
1264 5055 1457 5109 contristasset
1466 5054 1502 5108 ad
1514 5060 1635 5125 tempus,
1645 5059 1677 5107 ut
1691 5070 1808 5125 corpore

173 5161 254 5227 aperiri:
264 5161 301 5218 et,
314 5154 384 5208 ,tlibi
392 5154 467 5206 caim
479 5153 528 5219 qui
539 5150 702 5202 ridebantur
711 5165 764 5202 csse
774 5151 885 5217 aliquid
896 5149 968 5202 niln‘t
1009 5145 1262 5217 perpoenitentiam
1273 5143 1426 5208 laborante,
1441 5143 1557 5214 spiritus
1571 5143 1663 5197 salvus
1679 5143 1768 5203 tieret,
1781 5142 1810 5196 in

91 5303 95 5310 ,
174 5249 359 5302 contulerant.
376 5240 511 5295 sollicitus
526 5237 621 5307 itaque
639 5237 814 5307 requirebam
835 5235 968 5306 quidnam
1010 5234 1141 5299 secunda,
1159 5251 1194 5287 ne
1212 5233 1240 5287 in
1257 5233 1357 5303 irlajori
1375 5232 1492 5286 tristitia
1506 5231 1712 5293 absorberetur,
1731 5247 1808 5285 roro-

174 5339 248 5389 esset
267 5331 339 5403 quo‘l
362 5330 475 5389 eliceret,
490 5329 539 5396 psci
556 5327 730 5379 radebantur.
751 5326 803 5379 Sed
828 5342 902 5378 ιιιιιιι
923 5342 967 5377 mo
1009 5330 1054 5376 cat
1070 5323 1105 5377 ad
1133 5322 1292 5387 Ecclesiam,
1310 5321 1434 5392 petitque
1458 5327 1572 5374 cunctos
1588 5326 1620 5374 ut
1640 5319 1807 5374 confirment

174 5421 250 5479 anmi
268 5420 398 5490 scrupulo
419 5415 555 5479 liberarit,
576 5413 718 5483 adjiciens,
735 5417 784 5483 pei
803 5415 968 5468 ridebantur
1008 5411 1037 5466 in
1053 5429 1117 5466 euni
1132 5411 1306 5476 clmritatcm,
1324 5416 1353 5463 et
1367 5411 1472 5464 donent
1486 5409 1576 5468 fratri,
1593 5407 1730 5479 sicutipse
1741 5408 1805 5462 uni·

175 5515 383 5573 columnatae.
400 5506 543 5560 Columnae
564 5501 651 5574 igitur
669 5508 735 5556 sarit
756 5502 883 5557 Ecclesia
903 5518 968 5572 apo·
1008 5500 1110 5573 cuique
1139 5516 1236 5555 eorum
1251 5517 1280 5554 m
1295 5499 1364 5553 facie
1377 5498 1482 5554 Christi
1509 5499 1670 5563 donaverat,
1687 5496 1807 5568 implens
