3772 6120
83 300 137 363 lbl
320 303 610 363 undenariorum
629 304 668 364 IN
687 308 764 364 EPP.
784 306 892 363 PAULI
914 306 984 364 LlB.
1005 300 1053 364 lll.
1075 340 1107 351 ·-
1128 302 1168 386 ΙΝ
1186 304 1296 366 EPIST.
1318 310 1331 367 l
1350 308 1398 368 dn
1417 310 1498 368 COR.
1680 314 1731 372 158

84 431 977 507 noneommutabuntur.incorruptiquidemresurgentin-Aset
994 435 1125 491 resistere
1143 436 1289 504 voluntati,
1313 442 1342 492 et
1369 454 1434 492 curn
1461 437 1557 494 dolore
1584 437 1723 509 cohibere,

83 522 219 591 tegritate
230 521 890 595 mernbrorum,sedtamencorrumpendidolore
931 541 1016 595 cluam
1026 520 1253 592 delectationem,
1266 526 1332 597 quia
1350 527 1379 581 in
1389 524 1499 582 defectu
1510 533 1553 582 est
1571 529 1673 584 animae
1683 528 1730 584 de·

85 628 318 683 poenarmn,cum
330 610 472 665 audierint
484 629 489 662 :
504 612 542 665 lic
552 615 583 665 in
597 614 829 681 terrenieternunr
841 615 891 683 qui
930 613 1042 667 terioris
1051 614 1165 680 allectae,
1175 616 1239 684 jure
1251 621 1371 670 mortem
1382 616 1623 672 vocamus.Virtus
1635 626 1731 674 autem

81 707 205 769 peretur
225 706 263 754 est
287 701 396 754 diabolo
410 705 434 752 et
452 702 557 767 arrectis
576 703 634 770 ejas
654 702 761 768 (blettb.
779 704 889 767 xrrt,a
930 702 1088 772 peccatilex
1103 710 1154 767 est,
1166 700 1331 774 quiamulto
1348 704 1511 758 sceleratius
1523 710 1552 759 et
1565 704 1732 776 flagitiosius

84 806 141 859 quo
159 789 261 843 auditu
277 788 353 843 malo
372 789 467 859 justus
486 805 541 842 non
560 788 680 843 timebit.
700 786 741 845 De
762 790 811 844 illa
823 807 888 845 vero
932 807 992 862 quae
1003 791 1047 845 lex
1058 786 1188 864 prohibet
1203 792 1427 859 committuntur,
1441 810 1527 863 cluam
1542 793 1566 848 si
1581 795 1731 866 nullalege

83 877 460 947 eonrmutationeJustorum
475 893 537 930 cum
553 877 668 932 dixisset
676 896 724 932 noa
740 884 890 934 comnrnte-
931 879 1156 950 prohiberentur.
1176 882 1254 935 Tunc
1271 880 1367 952 itaque
1386 881 1519 952 absorpta
1537 882 1592 936 erit
1606 900 1682 937 mors
1701 884 1732 940 in

84 967 193 1032 bintur,
204 968 768 1038 tanquamquaercremusquomodoistud
777 969 834 1023 bat.
848 969 889 1023 rel
930 969 1054 1034 victoria,
1066 986 1130 1023 ciem
1141 986 1191 1040 per
1206 969 1456 1024 sanctificationem
1477 970 1594 1024 inomni
1610 967 1732 1027 hominis

84 1055 179 1126 qualis
189 1054 240 1110 illa
251 1055 435 1110 commutatio
447 1054 540 1108 sutura
554 1055 600 1121 sit,
621 1056 750 1127 adjungit
760 1063 787 1111 et
802 1058 886 1112 dicit:
930 1066 1009 1128 parte
1016 1056 1138 1129 perlecta
1147 1057 1332 1112 delectatione
1341 1058 1512 1130 spiritalium
1520 1059 1733 1114 delectatiocar-

85 1144 196 1212 Oportet
203 1148 279 1198 enine
290 1145 469 1213 corruptibile
478 1144 526 1197 boe
537 1144 652 1198 inducre
661 1148 886 1214 trecorrnptclorn,
930 1147 1001 1200 nalis
1012 1147 1155 1201 obruetur.
1166 1148 1287 1201 Aculeus
1304 1154 1399 1201 autem
1411 1146 1510 1201 mortis
1522 1152 1666 1218 peceatum
1679 1153 1730 1216 est,

83 1238 108 1286 et
126 1238 247 1286 excoriate
261 1233 310 1287 troc
325 1234 441 1286 iaciture
452 1237 462 1287 i
465 1252 488 1286 nt
494 1236 701 1287 ›nortatitetene
710 1234 781 1300 Non,
793 1235 889 1306 utopi-
929 1237 1009 1305 cnjus
1019 1236 1168 1306 punctione
1178 1236 1252 1289 sancta
1263 1243 1404 1289 cstmors:
1420 1241 1564 1306 peecatum
1574 1237 1654 1307 quasi
1660 1253 1733 1292 scor·

83 1339 147 1385 nor,
154 1321 344 1376 dubitandum
359 1327 402 1375 est
416 1322 570 1375 secundum
584 1322 634 1375 hoc
650 1319 755 1377 dictum
767 1325 855 1389 :floro
862 1330 890 1378 et
930 1324 993 1395 pius
1015 1332 1067 1388 est,
1087 1324 1205 1396 pupugit
1229 1341 1279 1378 nos
1299 1330 1327 1378 et
1356 1325 1459 1379 mortui
1480 1342 1586 1379 sumus.
1601 1325 1654 1379 Sed
1667 1342 1733 1396 quo-

83 1414 204 1479 sonpnis
219 1427 337 1480 reennm
353 1412 403 1464 bei
424 1426 477 1463 eron
491 1412 677 1478 possidebunt,
695 1412 761 1482 qnia
780 1429 836 1466 non
851 1412 889 1467 ibl
931 1412 1013 1467 modo
1029 1420 1080 1479 ost,
1093 1422 1126 1468 ut
1148 1414 1267 1476 dicatur,
1291 1412 1338 1467 ubi
1358 1420 1400 1467 est
1425 1430 1500 1466 mors
1521 1413 1635 1468 victoria
1657 1414 1733 1469 tual

83 1500 140 1553 erit
150 1499 296 1570 corruptio
307 1502 335 1553 et
349 1499 506 1553 mortalitas
518 1499 610 1553 earnis
626 1501 810 1570 etsanguinis
827 1520 832 1554 ι
847 1520 889 1555 se·
931 1498 983 1556 lioc
998 1502 1072 1556 enim
1094 1501 1173 1557 nobis
1190 1520 1245 1556 non
1265 1502 1293 1556 in
1325 1502 1377 1555 liae
1390 1501 1457 1568 rita,
1473 1502 1521 1555 scd
1538 1501 1566 1555 in
1591 1519 1732 1558 resurree-

82 1587 209 1642 cundum
230 1588 283 1641 has
308 1588 384 1641 enim
410 1588 559 1659 qualitates
579 1587 630 1642 hoc
651 1590 710 1642 loco
729 1607 842 1644 carnenn
861 1596 889 1645 et
931 1590 1007 1645 tione
1026 1591 1212 1662 promittitur,
1234 1597 1302 1646 tunc
1322 1584 1435 1644 dabitur
1455 1590 1559 1645 sanctis
1576 1597 1733 1663 utpeccare

83 1677 255 1748 sanguinem
266 1676 448 1748 nuncuparit.
462 1677 580 1746 (elrrtbr.)
602 1677 651 1732 Est
661 1679 734 1748 quod
748 1679 849 1743 induit,
861 1684 890 1734 et
930 1696 981 1733 nec
1011 1679 1096 1735 velint
1122 1680 1246 1745 omnino,
1262 1697 1313 1734 nec
1341 1680 1458 1751 possint.
1476 1680 1526 1734 Deo
1550 1686 1643 1734 eutem
1664 1696 1731 1749 pru·

83 1772 126 1819 est
141 1766 277 1820 similiter
292 1766 499 1820 indumentum.
514 1765 606 1834 (elue.)
629 1746 985 1838 Cunrergonecre-Bncs
1011 1771 1061 1838 qui
1080 1770 1154 1824 dedit
1174 1770 1251 1824 nobis
1274 1772 1418 1823 victoriani
1441 1785 1490 1837 per
1517 1769 1666 1823 bantinum
1686 1785 1734 1823 no-

83 1853 224 1907 surrectio
240 1854 311 1920 fieri,
328 1854 382 1909 nisi
401 1872 477 1908 mois
487 1855 669 1925 praecesserit,
686 1872 737 1910 nec
747 1854 891 1911 dormitio·
930 1861 1021 1911 atrurn
1054 1859 1144 1912 decenn
1183 1859 1337 1914 t'tndrtunr.
1375 1857 1527 1911 victoriam
1562 1857 1637 1912 illius
1668 1875 1732 1930 pec-

84 1959 151 1997 nem
165 1942 309 2013 possimus
319 1942 366 1996 illo
387 1942 446 1996 loco
457 1943 614 2014 intelligere
623 1943 677 1998 nisi
686 1952 815 2004 mortem,
824 1963 891 2017 quo·
931 1946 995 2009 cati,
1024 1946 1053 2000 in
1074 1963 1128 2017 quo
1147 1946 1190 2000 lex
1210 1964 1260 2017 per
1289 1945 1430 2000 carnalem
1458 1953 1583 2000 nostram
1608 1949 1733 2002 volunta-

85 2030 171 2084 modo
193 2048 292 2084 omnes
309 2032 352 2084 rel
373 2031 514 2085 dormient
534 2032 576 2085 vel
605 2039 762 2102 resurgent,
784 2034 807 2087 si
831 2038 889 2089 tam
931 2040 987 2088 tem
999 2034 1090 2090 luerat
1103 2035 1256 2101 infirmata,
1273 2034 1494 2105 quemchristus
1504 2052 1585 2089 cruce
1593 2035 1733 2106 extemplo

86 2119 170 2174 multi
182 2121 294 2190 quosiu
305 2136 422 2191 corpore
442 2121 606 2175 inventurus
622 2128 664 2176 est
678 2122 816 2185 Christus,
839 2140 891 2178 nee
930 2124 1078 2178 destruxit.
1094 2127 1198 2193 ltaque,
1215 2126 1318 2191 [ratres
1340 2127 1393 2177 niet
1409 2123 1511 2189 dilecti,
1529 2126 1638 2178 stabiles
1654 2126 1733 2178 estote

86 2208 239 2274 dormient,
257 2225 308 2262 nec
317 2208 486 2279 resurgent?
506 2209 536 2264 Si
555 2227 622 2280 ergo
633 2211 802 2282 sanctosqui
813 2228 890 2283 repe-
931 2219 955 2266 et
970 2214 1131 2279 barnabins,
1150 2215 1321 2266 abundantes
1339 2215 1369 2266 in
1387 2228 1463 2280 opere
1483 2214 1606 2277 Itonn'ni,
1627 2228 1732 2280 semper

86 2298 202 2351 riuntur
212 2297 326 2352 Christo
340 2298 469 2352 veniente
484 2299 617 2360 virentes,
634 2299 715 2370 eique
733 2299 761 2353 in
780 2298 890 2354 obviam
931 2304 1043 2355 scientes
1059 2304 1131 2369 qrcod
1147 2303 1321 2358 tuboreestcr
1334 2316 1390 2354 iton
1403 2304 1439 2353 cst
1449 2302 1544 2353 inanis
1560 2303 1589 2353 in
1604 2301 1730 2354 Domino.

86 2387 157 2457 rapi,
170 2386 375 2441 crediderimus
397 2387 427 2440 in
442 2387 539 2441 eodem
559 2392 652 2459 raptu,
671 2388 705 2442 de
726 2387 890 2444 mortalibus
933 2389 1052 2444 Reddita
1062 2388 1274 2443 resurrectionis
1285 2388 1403 2454 ratione,
1423 2388 1457 2441 de
1475 2406 1530 2459 qua
1553 2386 1730 2454 haesitabant,

86 2475 253 2546 corporibus
263 2474 396 2541 exituros,
409 2479 438 2529 et
445 2476 480 2530 ad
492 2474 590 2530 eadem
598 2493 661 2530 mox
671 2475 842 2532 immortalia
849 2495 891 2532 re·
931 2476 1061 2532 hortatur
1072 2494 1119 2532 eos
1131 2478 1160 2532 in
1174 2477 1224 2532 Dei
1237 2495 1320 2549 opere
1336 2494 1510 2548 permanere,
1519 2478 1579 2548 jam
1589 2484 1679 2532 certos
1698 2476 1732 2530 de

86 2564 205 2625 diturus,
216 2564 309 2619 nullas
317 2564 346 2618 in
354 2562 578 2636 verbisdpostoli
587 2566 888 2638 patiemurangustias,
932 2565 1116 2622 retributione
1127 2567 1230 2622 futura.

85 2652 293 2708 sireubidicit:
312 2654 560 2723 Tuquodscnn'nes
577 2671 632 2710 non
646 2658 816 2723 vivificatur,
833 2644 891 2711 n'isi
1229 2673 1346 2728 CAPUT
1361 2673 1433 2728 XVI,

86 2747 167 2811 prius
183 2742 341 2807 morietur,
356 2741 415 2795 sirc
428 2741 474 2796 ubi
489 2742 574 2798 dicit:
589 2744 686 2799 Omnes
704 2760 887 2813 reserpentem,
930 2763 1016 2818 Docet
1038 2764 1190 2833 ,ppopolus
1215 2762 1354 2835 quomodo
1373 2763 1600 2817 conversandum
1615 2768 1655 2816 332
1667 2777 1732 2816 cum

85 2837 133 2884 oet
142 2830 317 2885 dorrniemns
331 2848 434 2898 ornnes,
443 2831 509 2902 quia
517 2832 615 2886 necilli
629 2850 679 2904 per
694 2834 889 2888 immortalita-
965 2834 1110 2888 extraneis
1122 2836 1149 2887 et
1163 2835 1275 2901 vicinia,
1287 2851 1321 2887 uo
1336 2832 1366 2886 in
1380 2833 1438 2904 fine
1451 2831 1593 2903 Epirtotoe
1607 2835 1732 2887 annectit

87 2923 142 2973 tem
158 2919 386 2986 vivificabuntur,
412 2921 467 2975 nisi
490 2921 609 2992 quilibet
628 2922 773 2993 paululum
792 2926 888 2978 tamen
965 2907 1179 2960 ³⁶¹l‘4l‘lll0'wm·

87 3018 150 3062 ante
161 3009 332 3069 moriantur,
353 3026 386 3063 ac
402 3026 453 3081 per
471 3011 523 3064 hoe
533 3018 562 3064 et
580 3027 598 3064 a
616 3011 821 3066 resurrectione
832 3028 887 3066 non
967 3014 1036 3066 ‚tam
1053 3014 1084 3066 dc
1100 3014 1216 3066 collectis
1228 3027 1288 3080 pne
1301 3016 1374 3080 stem
1389 3015 1420 3065 in
1439 3017 1554 3071 sanctos,
1568 3012 1639 3064 steret
1654 3012 1729 3064 ordi·

86 3105 169 3152 erunt
180 3098 278 3165 alieni,
289 3099 319 3153 in
331 3116 388 3170 qua
396 3100 564 3154 dormitione
574 3102 744 3170 praecedunt,
762 3101 888 3172 quamvis
898 3074 920 3136 C
932 3104 999 3158 naui
1025 3103 1150 3156 Ecclesiae
1171 3101 1294 3165 Galatia,
1310 3104 1350 3155 ite
1368 3106 1392 3154 et
1408 3116 1453 3153 nos¹
1470 3102 1561 3167 [crate.
1579 3101 1630 3152 Per
1644 3114 1731 3152 anem

87 3185 318 3242 bretissimanon
327 3194 423 3242 tumen
434 3186 597 3242 nullaene
611 3194 702 3242 entem
720 3190 889 3245 rnortoteboc
928 3191 1035 3244 sabboti
1039 3231 1044 3242 .
1057 3188 1176 3258 (Ambr.)
1185 3188 1225 3244 De
1233 3188 1392 3261 sumptibus
1400 3188 1468 3242 dicit
1482 3188 1529 3258 qui
1545 3187 1732 3258 persingulas

87 3277 212 3330 induerit
224 3279 546 3344 irnnrortalttatern,tnnc
558 3280 601 3344 fiet
611 3293 699 3331 annno
711 3281 887 3347 praescriptas
930 3279 1065 3334 Ecelesias
1077 3279 1185 3332 collecti
1205 3279 1409 3350 lerosolymam
1430 3276 1535 3330 sanctis
1559 3275 1729 3347 pauperibus

87 3370 122 3417 est
137 3385 145 3417 :
159 3366 296 3433 ⁴lbsorpte
312 3371 349 3419 est
366 3382 440 3419 neers
455 3370 484 3420 in
501 3369 627 3423 victorie.
644 3365 762 3434 (Ambe.)
777 3367 814 3421 Ut
827 3383 888 3420 eva·
930 3366 1124 3421 mittebantur.
1136 3367 1198 3422 Una
1209 3366 1317 3421 sabbati
1330 3366 1477 3422 Dominica
1484 3365 1544 3419 dies
1553 3370 1604 3427 est,
1617 3364 1690 3419 sicut
1699 3364 1728 3418 in

87 3453 176 3507 enatis
186 3453 280 3508 causis
298 3454 396 3508 mortis
411 3471 461 3525 per
470 3455 595 3509 divinam
611 3455 754 3509 notoriam
765 3471 798 3508 ac
808 3455 832 3508 si
841 3455 888 3509 ab
930 3456 1079 3525 Evatrgelio
1090 3455 1193 3510 dicitur
1203 3456 1355 3510 Dominum
1369 3471 1426 3510 una
1441 3453 1549 3509 sabbati
1564 3454 1729 3507 surrexisse.

87 3548 182 3613 sorpta
196 3559 272 3595 mors
288 3550 392 3613 percat.
412 3545 460 3597 tbi?
473 3549 510 3597 ert
525 3560 599 3597 eriere
614 3547 746 3597 stirnutns
757 3549 831 3609 tecua,
840 3546 889 3598 nbi
931 3546 1120 3613 tlrtnsqnirqne
1133 3550 1256 3601 oestrum>
1267 3546 1341 3612 cptcd
1352 3561 1378 3596 rc
1390 3545 1536 3597 recondens
1548 3544 1621 3611 praed
1631 3545 1656 3594 ci
1667 3545 1730 3594 berre

87 3637 122 3684 ert
137 3647 213 3683 neers
229 3634 346 3687 victorie
367 3632 433 3686 teet
454 3634 548 3702 (ring.)
566 3633 705 3703 Propheta
722 3650 754 3686 ex
770 3648 889 3703 persona
927 3637 1074 3701 placuerit,
1088 3638 1119 3686 ut
1132 3649 1185 3685 non
1199 3648 1262 3686 cum
1275 3648 1384 3695 penno,
1397 3638 1463 3685 turre
1478 3634 1590 3684 collecta
1601 3634 1680 3697 lieret.
1694 3630 1733 3684 Ut

86 3721 227 3789 justorum
237 3716 362 3789 loquitur
376 3720 573 3774 insultantium
582 3721 676 3774 morti.
692 3723 776 3786 Tenc,
786 3721 886 3792 inquit,
930 3722 1064 3792 paulatim
1081 3724 1256 3775 reservantes
1270 3736 1326 3774 non
1340 3736 1397 3775 una
1411 3720 1481 3772 hora
1499 3719 1610 3788 gravari
1638 3735 1668 3770 se
1682 3734 1732 3788 pu·

89 3811 130 3874 fiet
147 3824 248 3873 sereno,
271 3811 321 3878 qut
343 3813 461 3878 scriptur
481 3814 517 3862 ert
536 3827 541 3861 :
558 3806 692 3878 Absorptu
707 3815 744 3863 est
765 3826 837 3864 triers
857 3813 888 3864 in
929 3815 1038 3876 tent,ut
1051 3808 1154 3863 hilares
1167 3808 1441 3879 datoresdiligantur
1457 3825 1474 3860 a
1487 3806 1738 3861 Deodnmontern.

89 3899 275 3961 victoriandi
288 3898 678 3952 estmorscontentiotuuiubt
690 3904 810 3952 estmors
824 3915 888 3952 aeu-
929 3900 1323 3968 ficeropraeene,quoscunque
1331 3896 1727 3967 probarerr'tirperepistolum,

91 3991 145 4040 teus
162 3985 370 4041 trentenaires
383 3992 475 4041 uutcnn
492 3990 589 4041 mortis
602 3992 639 4040 est
651 3992 801 4055 peecatum.
817 3984 890 4042 Mor·
931 3983 1732 4056 bosinittuniperferreprotienteeetrurnJerusalem,quod

90 4086 145 4129 tem
156 4074 312 4144 significari
328 4075 507 4131 arbitrorhoc
521 4076 582 4130 loeo
592 4075 734 4130 carnalem
744 4083 891 4133 consuetu·
931 4078 1350 4145 sidimnnnsncrit,atepocone,
1360 4091 1462 4129 tetecum
1478 4071 1629 4127 ibuntPer
1640 4089 1670 4125 se
1678 4072 1732 4126 cla·

90 4163 195 4229 dinem,
212 4179 276 4235 quae
284 4164 390 4219 resistit
400 4164 620 4234 bonaeroluntati
631 4165 891 4220 delectationetem-
932 4182 995 4218 rum
1011 4171 1064 4231 est,
1077 4164 1144 4235 quia
1153 4169 1305 4235 utrumque
1315 4179 1411 4217 eorum
1423 4162 1539 4216 arbitrio
1550 4159 1730 4232 derelinquit,

91 4253 233 4324 poralium
243 4254 442 4308 fruendorum:
462 4254 604 4308 nonenim
620 4254 769 4320 diceretur,
786 4254 833 4308 ubi
849 4263 892 4310 est
932 4258 964 4307 ut
977 4260 1005 4308 et
1019 4254 1093 4325 quod
1105 4254 1235 4308 dederint
1245 4260 1382 4325 portetur,
1394 4256 1422 4306 et
1431 4269 1481 4322 per
1492 4269 1561 4322 quos
1567 4249 1730 4314 direxerint,

91 4343 237 4396 contentio
250 4348 309 4407 tua,
322 4342 346 4395 si
356 4359 412 4396 non
421 4343 571 4397 restitisset
580 4350 609 4396 et
617 4343 987 4414 repugnaret.lpsius1)ipsi
1002 4350 1076 4397 eant.
1101 4344 1177 4410 Quod
1192 4346 1216 4396 si
1230 4344 1357 4410 dientem,
1376 4341 1477 4412 inquit,
1492 4343 1578 4407 suerit
1594 4344 1625 4391 nt
1642 4344 1666 4391 ct
1685 4354 1731 4406 epo

90 4430 234 4485 contentio
248 4430 335 4484 etiam
350 4430 396 4485 illo
412 4432 471 4485 loco
485 4430 652 4485 describitur
667 4431 736 4497 (det.
754 4436 781 4499 v)
800 4450 804 4483 :
821 4433 891 4487 Coro
932 4449 1002 4497 carra,
1019 4448 1122 4485 reccnrn
1139 4434 1228 4485 ibunt.
1239 4431 1268 4485 ld
1285 4431 1373 4493 estol
1387 4429 1452 4483 talis
1466 4427 1551 4482 fuerit
1565 4425 1668 4480 oblatio
1683 4441 1730 4479 ve·

89 4523 258 4588 maercptscit
272 4520 403 4576 adversus
417 4521 821 4588 spiritnnr,spiritusodocrrns
831 4536 890 4575 eer-
931 4528 999 4585 stra,
1013 4537 1074 4592 quae
1089 4537 1152 4574 moa
1167 4536 1278 4591 quoqne
1297 4517 1489 4590 persecutione
1501 4514 1602 4569 debeat
1616 4512 1728 4568 deferri.

90 4626 162 4674 nerra,
171 4610 203 4662 ut
215 4622 271 4661 non
281 4624 340 4677 oue
350 4612 436 4665 nattis
446 4607 613 4676 sanctieFit
625 4624 693 4678 ergo
703 4625 754 4681 per
767 4608 889 4663 sanctiti-
937 4606 1046 4664 l'cnione
1057 4613 1149 4663 autent
1159 4611 1195 4662 ed
1205 4625 1249 4662 uos
1263 4624 1326 4661 enen
1335 4606 1522 4660 ,decedentum
1529 4605 1727 4673 pertransiero,

88 4698 229 4751 rationem
240 4696 402 4767 perfectam,
423 4702 455 4750 ut
473 4714 570 4751 omnes
593 4698 720 4752 carnales
737 4699 888 4769 appetitus,
931 4716 998 4753 recena¹
1013 4700 1199 4752 dlecedoniene
1210 4695 1527 4764 pcr·trenaibo,upndeor
1542 4697 1635 4747 entem
1645 4694 1728 4761 sorsi-

87 4786 189 4857 spiritu
210 4792 309 4839 nostro
323 4785 482 4839 illuminato
503 4792 531 4840 et
544 4782 696 4850 'vivificato
710 4786 800 4841 eidem
811 4786 889 4843 bonai
933 4794 980 4841 ten
998 4789 1170 4849 recumberet
1186 4788 1270 4838 ctione
1284 4784 1461 4845 lacerabant
1474 4799 1518 4836 nor
1535 4799 1576 4836 nee
1590 4783 1729 4835 eteducetis

88 4873 241 4930 voluntatis
250 4872 529 4946 subjicianturHanc
542 4880 637 4930 autem
647 4881 766 4930 mortem
776 4880 889 4947 peccato
930 4877 1163 4944 qtcocuapueiero.
1174 4874 1370 4928 Notocninreos
1379 4871 1727 4937 nnn-cintruneitneidere,

88 4964 254 5028 meruimus,
266 4965 340 5034 quod
351 4969 496 5036 peccatum
512 4971 574 5019 erat
584 4965 745 5019 omnimodo
762 4964 790 5018 in
801 4964 889 5018 libero
930 4980 1006 5033 spero
1016 4966 1062 5017 eni
1065 4981 1088 5015 nr
1103 4966 1328 5030 irrectipoentnne
1338 4964 1466 5029 temporis
1477 4974 1645 5014 mensurum
1654 4960 1730 5027 apud

87 5053 214 5113 arbitrio,
237 5066 302 5106 eum
320 5052 348 5106 in
377 5053 506 5124 paradiso
529 5054 623 5108 nullus
647 5054 726 5107 dolor
745 5053 889 5123 denegatae
930 5070 983 5117 ens,
997 5056 1022 5105 si
1036 5050 1426 5119 Itonn'nnsperemerit.Quia
1440 5049 1479 5103 ita
1493 5066 1523 5102 se
1536 5048 1727 5119 agtrntblaee·

87 5141 283 5197 delectationis
303 5142 440 5197 voluntati
468 5143 548 5197 bonae
577 5142 700 5196 hominis
728 5140 885 5197 resistebat.
929 5142 1026 5202 dones
1039 5145 1136 5194 utnon
1150 5139 1309 5193 sitneccsse
1325 5138 1395 5192 mihi
1406 5134 1480 5209 apud
1498 5153 1546 5190 eos
1569 5135 1728 5190 diutiusre-

87 5231 226 5287 Stinmlus
243 5236 334 5285 etitem
358 5235 505 5286 morinen
526 5238 675 5301 peccatum.
693 5230 812 5299 tdrnbr.)
836 5232 887 5286 Sa·
929 5246 1054 5289 manere,
1071 5227 1144 5299 apud
1164 5244 1333 5282 vosneoesse
1349 5233 1400 5293 est,
1417 5232 1449 5281 ut
1460 5242 1599 5288 maneam,
1611 5225 1651 5278 vel
1668 5224 1728 5278 hie·

87 5322 156 5391 gitta
165 5321 270 5376 mortis
280 5328 425 5391 peccatum
436 5337 486 5393 per
502 5323 577 5392 quod
587 5321 688 5375 animae
709 5320 885 5391 jugulantur.
928 5336 1002 5373 inem
1019 5337 1024 5370 :
1041 5319 1129 5371 multa
1137 5319 1212 5371 enim
1224 5324 1290 5372 sunt
1300 5334 1361 5388 ‹111ae
1369 5312 1669 5384 corrigunturavobis,
1676 5313 1727 5367 sie-

92 5411 179 5465 l'irtus
194 5426 261 5467 oero
274 5413 378 5478 peceati
392 5415 442 5464 ter.
452 5410 542 5465 Deum
552 5410 652 5464 fortius
665 5416 693 5464 et
703 5410 888 5480 majusbtper
928 5413 959 5463 ut
970 5407 1094 5462 medicus
1106 5406 1143 5460 ibi
1165 5423 1272 5460 moram
1294 5405 1387 5469 habet,
1404 5403 1451 5457 ubi
1469 5404 1563 5474 plures
1577 5406 1723 5473 aegrotant.

87 5499 234 5554 seientiam
243 5504 401 5570 peccatum,
421 5515 488 5568 ergo
503 5498 617 5553 aculem
632 5499 731 5553 mortis
741 5504 886 5569 peccatum
927 5498 1040 5552 Habebo
1054 5501 1147 5549 untern
1162 5494 1259 5563 Ephesi
1274 5510 1358 5562 usqne
1379 5492 1416 5545 od
1430 5494 1609 5557 Pentecosten,
1624 5493 1726 5545 ostium

86 5595 134 5655 ht,
148 5588 345 5661 quiapeeeoto
356 5586 430 5641 tacu
444 5581 486 5643 ert
497 5588 656 5656 delectatio,
668 5604 729 5660 quae
745 5588 808 5658 jam
821 5600 884 5659 poe-
925 5590 1020 5642 autem
1034 5584 1105 5640 milri
1114 5591 1240 5653 eperum
1251 5586 1289 5636 est
1303 5584 1483 5650 raapnnm,et
1493 5580 1610 5644 widem,
1622 5574 1724 5633 reded-
