<?xml version="1.0" encoding="UTF-8"?>
<!DOCTYPE html PUBLIC "-//W3C//DTD XHTML 1.0 Transitional//EN"
    "http://www.w3.org/TR/xhtml1/DTD/xhtml1-transitional.dtd">
<html xmlns="http://www.w3.org/1999/xhtml" xml:lang="en" lang="en">
 <head>
  <title>
</title>
<meta http-equiv="Content-Type" content="text/html;charset=utf-8" />
  <meta name='ocr-system' content='tesseract 3.04.00' />
  <meta name='ocr-capabilities' content='ocr_page ocr_carea ocr_par ocr_line ocrx_word'/>
</head>
<body>
  <div class='ocr_page' id='page_1' title='image "./patrologiaecurs22goog_0341.png"; bbox 0 0 3772 6120; ppageno 0'>
   <div class='ocr_carea' id='block_1_1' title="bbox 40 296 1668 367">
    <p class='ocr_par' dir='ltr' id='par_1_1' title="bbox 40 296 1668 367">
     <span class='ocr_line' id='line_1_1' title="bbox 40 296 1668 367; baseline 0.002 -6"><span class='ocrx_word' id='word_1_1' title='bbox 40 296 84 355; x_wconf 63' lang='grc' dir='ltr'>Μ</span> <span class='ocrx_word' id='word_1_2' title='bbox 277 304 567 363; x_wconf 58' lang='lat' dir='ltr'>mammenus</span> <span class='ocrx_word' id='word_1_3' title='bbox 578 305 619 362; x_wconf 83' lang='lat' dir='ltr'>IN</span> <span class='ocrx_word' id='word_1_4' title='bbox 632 305 710 361; x_wconf 79' lang='lat' dir='ltr'><strong>EPP.</strong></span> <span class='ocrx_word' id='word_1_5' title='bbox 726 304 834 363; x_wconf 75' lang='lat' dir='ltr'>reum</span> <span class='ocrx_word' id='word_1_6' title='bbox 847 304 917 363; x_wconf 80' lang='lat' dir='ltr'>Lm.</span> <span class='ocrx_word' id='word_1_7' title='bbox 933 305 1017 365; x_wconf 69' lang='lat' dir='ltr'>XXV.</span> <span class='ocrx_word' id='word_1_8' title='bbox 1040 324 1072 355; x_wconf 63' lang='grc' dir='ltr'>ι’·</span> <span class='ocrx_word' id='word_1_9' title='bbox 1093 307 1133 367; x_wconf 83' lang='lat' dir='ltr'>nl</span> <span class='ocrx_word' id='word_1_10' title='bbox 1152 302 1264 366; x_wconf 68' lang='grc' dir='ltr'>ΕΡΜ.</span> <span class='ocrx_word' id='word_1_11' title='bbox 1283 304 1333 366; x_wconf 76' lang='lat' dir='ltr'>AD</span> <span class='ocrx_word' id='word_1_12' title='bbox 1351 303 1420 361; x_wconf 76' lang='grc' dir='ltr'><strong>ΊῚΤ.</strong></span> <span class='ocrx_word' id='word_1_13' title='bbox 1614 302 1668 365; x_wconf 77' lang='lat' dir='ltr'>tlt</span> 
     </span>
    </p>
   </div>
   <div class='ocr_carea' id='block_1_2' title="bbox 10 422 1666 5655">
    <p class='ocr_par' dir='ltr' id='par_1_2' title="bbox 10 422 1666 5655">
     <span class='ocr_line' id='line_1_2' title="bbox 43 422 1665 503; baseline 0.005 -24"><span class='ocrx_word' id='word_1_14' title='bbox 43 422 220 489; x_wconf 69' lang='lat' dir='ltr'>muntenni,</span> <span class='ocrx_word' id='word_1_15' title='bbox 232 429 282 498; x_wconf 93' lang='lat' dir='ltr'>qui</span> <span class='ocrx_word' id='word_1_16' title='bbox 291 429 388 484; x_wconf 88' lang='lat' dir='ltr'>volunt</span> <span class='ocrx_word' id='word_1_17' title='bbox 401 431 471 500; x_wconf 80' lang='lat' dir='ltr'>legis</span> <span class='ocrx_word' id='word_1_18' title='bbox 485 430 641 487; x_wconf 80' lang='lat' dir='ltr'>doctrinam</span> <span class='ocrx_word' id='word_1_19' title='bbox 653 431 861 492; x_wconf 81' lang='lat' dir='ltr'>Christiano-A</span> <span class='ocrx_word' id='word_1_20' title='bbox 873 451 884 484; x_wconf 87' lang='lat' dir='ltr'>s</span> <span class='ocrx_word' id='word_1_21' title='bbox 901 435 960 487; x_wconf 88' lang='lat' dir='ltr'>tres</span> <span class='ocrx_word' id='word_1_22' title='bbox 970 431 1052 503; x_wconf 75' lang='lat' dir='ltr'>pigri.</span> <span class='ocrx_word' id='word_1_23' title='bbox 1063 431 1268 489; x_wconf 66' lang='lat' dir='ltr'>Testimonium</span> <span class='ocrx_word' id='word_1_24' title='bbox 1282 431 1335 489; x_wconf 88' lang='lat' dir='ltr'>hoe</span> <span class='ocrx_word' id='word_1_25' title='bbox 1348 444 1446 489; x_wconf 79' lang='lat' dir='ltr'>semin</span> <span class='ocrx_word' id='word_1_26' title='bbox 1465 436 1517 487; x_wconf 82' lang='lat' dir='ltr'>est.</span> <span class='ocrx_word' id='word_1_27' title='bbox 1536 447 1548 483; x_wconf 82' lang='lat' dir='ltr'>s</span> <span class='ocrx_word' id='word_1_28' title='bbox 1563 431 1665 497; x_wconf 53' lang='lat' dir='ltr'>&lt;smel</span> 
     </span>
     <span class='ocr_line' id='line_1_3' title="bbox 47 513 1665 590; baseline 0.005 -21"><span class='ocrx_word' id='word_1_29' title='bbox 47 528 94 569; x_wconf 84' lang='lat' dir='ltr'>rum</span> <span class='ocrx_word' id='word_1_30' title='bbox 110 513 343 572; x_wconf 72' lang='lat' dir='ltr'>subintroducere</span> <span class='ocrx_word' id='word_1_31' title='bbox 360 520 494 590; x_wconf 79' lang='lat' dir='ltr'>dogmati.</span> <span class='ocrx_word' id='word_1_32' title='bbox 512 520 591 574; x_wconf 84' lang='lat' dir='ltr'><strong>Unde</strong></span> <span class='ocrx_word' id='word_1_33' title='bbox 607 537 720 575; x_wconf 88' lang='lat' dir='ltr'>necesse</span> <span class='ocrx_word' id='word_1_34' title='bbox 740 525 783 574; x_wconf 86' lang='lat' dir='ltr'>est</span> <span class='ocrx_word' id='word_1_35' title='bbox 797 525 830 574; x_wconf 91' lang='lat' dir='ltr'>ut</span> <span class='ocrx_word' id='word_1_36' title='bbox 870 520 1012 585; x_wconf 80' lang='lat' dir='ltr'>Quantum</span> <span class='ocrx_word' id='word_1_37' title='bbox 1027 522 1185 577; x_wconf 75' lang='lat' dir='ltr'>adtentum</span> <span class='ocrx_word' id='word_1_38' title='bbox 1200 521 1338 575; x_wconf 83' lang='lat' dir='ltr'>sermonis</span> <span class='ocrx_word' id='word_1_39' title='bbox 1360 526 1389 575; x_wconf 90' lang='lat' dir='ltr'>et</span> <span class='ocrx_word' id='word_1_40' title='bbox 1407 520 1442 579; x_wconf 74' lang='lat' dir='ltr'>ed</span> <span class='ocrx_word' id='word_1_41' title='bbox 1464 519 1665 577; x_wconf 72' lang='lat' dir='ltr'>modulantiam</span> 
     </span>
     <span class='ocr_line' id='line_1_4' title="bbox 49 603 1666 681; baseline 0.004 -24"><span class='ocrx_word' id='word_1_42' title='bbox 49 603 220 659; x_wconf 84' lang='lat' dir='ltr'>rebrmentius</span> <span class='ocrx_word' id='word_1_43' title='bbox 234 614 401 676; x_wconf 61' lang='lat' dir='ltr'>eigusnmr,</span> <span class='ocrx_word' id='word_1_44' title='bbox 417 614 527 679; x_wconf 89' lang='lat' dir='ltr'>utpote</span> <span class='ocrx_word' id='word_1_45' title='bbox 551 614 647 663; x_wconf 88' lang='lat' dir='ltr'>contro</span> <span class='ocrx_word' id='word_1_46' title='bbox 667 610 828 680; x_wconf 76' lang='lat' dir='ltr'>equitatem</span> <span class='ocrx_word' id='word_1_47' title='bbox 869 610 923 665; x_wconf 92' lang='lat' dir='ltr'>leci</span> <span class='ocrx_word' id='word_1_48' title='bbox 932 610 1064 680; x_wconf 89' lang='lat' dir='ltr'>pertinet,</span> <span class='ocrx_word' id='word_1_49' title='bbox 1081 611 1133 665; x_wconf 92' lang='lat' dir='ltr'>hoc</span> <span class='ocrx_word' id='word_1_50' title='bbox 1150 610 1225 681; x_wconf 92' lang='lat' dir='ltr'>quod</span> <span class='ocrx_word' id='word_1_51' title='bbox 1239 610 1288 674; x_wconf 84' lang='lat' dir='ltr'>eit,</span> <span class='ocrx_word' id='word_1_52' title='bbox 1307 628 1319 663; x_wconf 88' lang='lat' dir='ltr'>s</span> <span class='ocrx_word' id='word_1_53' title='bbox 1337 610 1413 664; x_wconf 80' lang='lat' dir='ltr'>Dixit</span> <span class='ocrx_word' id='word_1_54' title='bbox 1431 609 1545 680; x_wconf 87' lang='lat' dir='ltr'>quidem</span> <span class='ocrx_word' id='word_1_55' title='bbox 1561 626 1595 665; x_wconf 80' lang='lat' dir='ltr'>ss</span> <span class='ocrx_word' id='word_1_56' title='bbox 1610 610 1666 664; x_wconf 90' lang='lat' dir='ltr'>illis</span> 
     </span>
     <span class='ocr_line' id='line_1_5' title="bbox 52 692 1663 771; baseline 0.003 -22"><span class='ocrx_word' id='word_1_57' title='bbox 52 692 168 750; x_wconf 73' lang='lat' dir='ltr'>temutes.</span> <span class='ocrx_word' id='word_1_58' title='bbox 184 693 227 748; x_wconf 85' lang='lat' dir='ltr'>its</span> <span class='ocrx_word' id='word_1_59' title='bbox 241 702 275 750; x_wconf 93' lang='lat' dir='ltr'>ut</span> <span class='ocrx_word' id='word_1_60' title='bbox 288 696 324 750; x_wconf 88' lang='lat' dir='ltr'>ab</span> <span class='ocrx_word' id='word_1_61' title='bbox 334 714 431 752; x_wconf 89' lang='lat' dir='ltr'>eorum</span> <span class='ocrx_word' id='word_1_62' title='bbox 440 698 603 752; x_wconf 74' lang='lat' dir='ltr'>seductione</span> <span class='ocrx_word' id='word_1_63' title='bbox 612 699 753 770; x_wconf 73' lang='lat' dir='ltr'>simplices</span> <span class='ocrx_word' id='word_1_64' title='bbox 762 698 828 753; x_wconf 90' lang='lat' dir='ltr'>libe-</span> <span class='ocrx_word' id='word_1_65' title='bbox 869 700 999 771; x_wconf 86' lang='lat' dir='ltr'>proprius</span> <span class='ocrx_word' id='word_1_66' title='bbox 1013 715 1111 755; x_wconf 89' lang='lat' dir='ltr'>eorum</span> <span class='ocrx_word' id='word_1_67' title='bbox 1127 699 1273 770; x_wconf 78' lang='lat' dir='ltr'>prophete,</span> <span class='ocrx_word' id='word_1_68' title='bbox 1288 712 1303 753; x_wconf 79' lang='lat' dir='ltr'>s</span> <span class='ocrx_word' id='word_1_69' title='bbox 1319 698 1429 753; x_wconf 86' lang='lat' dir='ltr'>videtur</span> <span class='ocrx_word' id='word_1_70' title='bbox 1444 698 1479 753; x_wconf 90' lang='lat' dir='ltr'>ed</span> <span class='ocrx_word' id='word_1_71' title='bbox 1493 714 1541 754; x_wconf 88' lang='lat' dir='ltr'>ecs</span> <span class='ocrx_word' id='word_1_72' title='bbox 1555 698 1663 761; x_wconf 75' lang='lat' dir='ltr'>taleni,</span> 
     </span>
     <span class='ocr_line' id='line_1_6' title="bbox 54 782 1666 860; baseline 0.003 -23"><span class='ocrx_word' id='word_1_73' title='bbox 54 790 137 837; x_wconf 86' lang='lat' dir='ltr'>rmtur.</span> <span class='ocrx_word' id='word_1_74' title='bbox 151 782 210 836; x_wconf 84' lang='lat' dir='ltr'>Nes</span> <span class='ocrx_word' id='word_1_75' title='bbox 221 790 320 839; x_wconf 82' lang='lat' dir='ltr'>sutem</span> <span class='ocrx_word' id='word_1_76' title='bbox 335 785 468 856; x_wconf 89' lang='lat' dir='ltr'>possibile</span> <span class='ocrx_word' id='word_1_77' title='bbox 483 794 527 841; x_wconf 89' lang='lat' dir='ltr'>est</span> <span class='ocrx_word' id='word_1_78' title='bbox 540 803 587 841; x_wconf 87' lang='lat' dir='ltr'>eos</span> <span class='ocrx_word' id='word_1_79' title='bbox 602 788 684 842; x_wconf 86' lang='lat' dir='ltr'>aliter</span> <span class='ocrx_word' id='word_1_80' title='bbox 694 804 711 842; x_wconf 87' lang='lat' dir='ltr'>a</span> <span class='ocrx_word' id='word_1_81' title='bbox 721 805 773 843; x_wconf 88' lang='lat' dir='ltr'>sus</span> <span class='ocrx_word' id='word_1_82' title='bbox 782 805 827 842; x_wconf 90' lang='lat' dir='ltr'>se-</span> <span class='ocrx_word' id='word_1_83' title='bbox 868 788 903 843; x_wconf 92' lang='lat' dir='ltr'>de</span> <span class='ocrx_word' id='word_1_84' title='bbox 918 788 1019 858; x_wconf 87' lang='lat' dir='ltr'>quibus</span> <span class='ocrx_word' id='word_1_85' title='bbox 1030 788 1210 860; x_wconf 78' lang='lat' dir='ltr'>superluceat</span> <span class='ocrx_word' id='word_1_86' title='bbox 1219 788 1338 852; x_wconf 88' lang='lat' dir='ltr'>locutus,</span> <span class='ocrx_word' id='word_1_87' title='bbox 1353 806 1365 839; x_wconf 92' lang='lat' dir='ltr'>s</span> <span class='ocrx_word' id='word_1_88' title='bbox 1379 786 1501 843; x_wconf 66' lang='lat' dir='ltr'>memma</span> <span class='ocrx_word' id='word_1_89' title='bbox 1510 786 1558 857; x_wconf 93' lang='lat' dir='ltr'>qui</span> <span class='ocrx_word' id='word_1_90' title='bbox 1568 787 1603 843; x_wconf 89' lang='lat' dir='ltr'>de</span> <span class='ocrx_word' id='word_1_91' title='bbox 1614 787 1666 842; x_wconf 89' lang='lat' dir='ltr'>oir-</span> 
     </span>
     <span class='ocr_line' id='line_1_7' title="bbox 57 870 1666 947; baseline 0.004 -24"><span class='ocrx_word' id='word_1_92' title='bbox 57 870 125 941; x_wconf 80' lang='lat' dir='ltr'>pnrsri</span> <span class='ocrx_word' id='word_1_93' title='bbox 134 870 288 938; x_wconf 88' lang='lat' dir='ltr'>dementis,</span> <span class='ocrx_word' id='word_1_94' title='bbox 300 875 348 945; x_wconf 93' lang='lat' dir='ltr'>qui</span> <span class='ocrx_word' id='word_1_95' title='bbox 362 890 445 933; x_wconf 87' lang='lat' dir='ltr'>omne</span> <span class='ocrx_word' id='word_1_96' title='bbox 457 892 526 947; x_wconf 89' lang='lat' dir='ltr'>opus</span> <span class='ocrx_word' id='word_1_97' title='bbox 541 877 711 947; x_wconf 72' lang='lat' dir='ltr'>expendunt,</span> <span class='ocrx_word' id='word_1_98' title='bbox 722 883 754 930; x_wconf 89' lang='lat' dir='ltr'>ut</span> <span class='ocrx_word' id='word_1_99' title='bbox 764 893 827 931; x_wconf 89' lang='lat' dir='ltr'>ver·</span> <span class='ocrx_word' id='word_1_100' title='bbox 868 877 1038 933; x_wconf 89' lang='lat' dir='ltr'>cumciaione</span> <span class='ocrx_word' id='word_1_101' title='bbox 1049 881 1116 932; x_wconf 91' lang='lat' dir='ltr'>sunt</span> <span class='ocrx_word' id='word_1_102' title='bbox 1132 894 1138 929; x_wconf 91' lang='lat'>:</span> <span class='ocrx_word' id='word_1_103' title='bbox 1157 892 1227 946; x_wconf 88' lang='lat' dir='ltr'>quoa</span> <span class='ocrx_word' id='word_1_104' title='bbox 1242 880 1354 946; x_wconf 88' lang='lat' dir='ltr'>oportet</span> <span class='ocrx_word' id='word_1_105' title='bbox 1377 875 1524 941; x_wconf 78' lang='lat' dir='ltr'>refrenari,</span> <span class='ocrx_word' id='word_1_106' title='bbox 1540 876 1589 946; x_wconf 92' lang='lat' dir='ltr'>qui</span> <span class='ocrx_word' id='word_1_107' title='bbox 1604 877 1666 930; x_wconf 85' lang='lat' dir='ltr'>uni-</span> 
     </span>
     <span class='ocr_line' id='line_1_8' title="bbox 58 959 1665 1044; baseline 0.003 -30"><span class='ocrx_word' id='word_1_108' title='bbox 58 959 129 1014; x_wconf 85' lang='lat' dir='ltr'>iotum</span> <span class='ocrx_word' id='word_1_109' title='bbox 137 975 255 1015; x_wconf 88' lang='lat' dir='ltr'>suorum</span> <span class='ocrx_word' id='word_1_110' title='bbox 264 964 644 1019; x_wconf 80' lang='lat' dir='ltr'>venitateunirersesdomus</span> <span class='ocrx_word' id='word_1_111' title='bbox 654 966 828 1044; x_wconf 75' lang='lat' dir='ltr'>subvertent2</span> <span class='ocrx_word' id='word_1_112' title='bbox 868 982 962 1021; x_wconf 84' lang='lat' dir='ltr'>verses</span> <span class='ocrx_word' id='word_1_113' title='bbox 977 966 1076 1020; x_wconf 87' lang='lat' dir='ltr'>domos</span> <span class='ocrx_word' id='word_1_114' title='bbox 1089 964 1266 1030; x_wconf 88' lang='lat' dir='ltr'>subvertunt,</span> <span class='ocrx_word' id='word_1_115' title='bbox 1282 965 1414 1019; x_wconf 80' lang='lat' dir='ltr'>‹locentes</span> <span class='ocrx_word' id='word_1_116' title='bbox 1429 980 1490 1034; x_wconf 85' lang='lat' dir='ltr'>quse</span> <span class='ocrx_word' id='word_1_117' title='bbox 1511 980 1567 1018; x_wconf 91' lang='lat' dir='ltr'>non</span> <span class='ocrx_word' id='word_1_118' title='bbox 1582 981 1665 1034; x_wconf 51' lang='lat' dir='ltr'>opor*</span> 
     </span>
     <span class='ocr_line' id='line_1_9' title="bbox 58 1047 1666 1125; baseline 0.004 -22"><span class='ocrx_word' id='word_1_119' title='bbox 58 1047 236 1103; x_wconf 69' lang='lat' dir='ltr'>sinisterius</span> <span class='ocrx_word' id='word_1_120' title='bbox 250 1051 409 1106; x_wconf 84' lang='lat' dir='ltr'>deducent:</span> <span class='ocrx_word' id='word_1_121' title='bbox 428 1054 502 1123; x_wconf 90' lang='lat' dir='ltr'>quod</span> <span class='ocrx_word' id='word_1_122' title='bbox 520 1054 642 1107; x_wconf 71' lang='lat' dir='ltr'>menime</span> <span class='ocrx_word' id='word_1_123' title='bbox 655 1055 704 1108; x_wconf 89' lang='lat' dir='ltr'>ille</span> <span class='ocrx_word' id='word_1_124' title='bbox 722 1055 828 1109; x_wconf 74' lang='lat' dir='ltr'>iaciunt</span> <span class='ocrx_word' id='word_1_125' title='bbox 867 1060 910 1109; x_wconf 88' lang='lat' dir='ltr'>tet</span> <span class='ocrx_word' id='word_1_126' title='bbox 923 1055 1013 1125; x_wconf 88' lang='lat' dir='ltr'>turpis</span> <span class='ocrx_word' id='word_1_127' title='bbox 1034 1054 1103 1109; x_wconf 89' lang='lat' dir='ltr'>lucri</span> <span class='ocrx_word' id='word_1_128' title='bbox 1128 1053 1229 1120; x_wconf 66' lang='lat' dir='ltr'>gretie,</span> <span class='ocrx_word' id='word_1_129' title='bbox 1248 1072 1259 1103; x_wconf 80' lang='lat' dir='ltr'>s</span> <span class='ocrx_word' id='word_1_130' title='bbox 1279 1059 1312 1109; x_wconf 89' lang='lat' dir='ltr'>ut</span> <span class='ocrx_word' id='word_1_131' title='bbox 1326 1058 1470 1123; x_wconf 84' lang='lat' dir='ltr'>sequetur,</span> <span class='ocrx_word' id='word_1_132' title='bbox 1488 1070 1502 1105; x_wconf 83' lang='lat' dir='ltr'>s</span> <span class='ocrx_word' id='word_1_133' title='bbox 1518 1053 1589 1108; x_wconf 82' lang='lat' dir='ltr'>dixit</span> <span class='ocrx_word' id='word_1_134' title='bbox 1602 1054 1666 1123; x_wconf 68' lang='lat' dir='ltr'>quis</span> 
     </span>
     <span class='ocr_line' id='line_1_10' title="bbox 58 1137 1665 1213; baseline 0.002 -23"><span class='ocrx_word' id='word_1_135' title='bbox 58 1137 146 1202; x_wconf 71' lang='lat' dir='ltr'>seinse,</span> <span class='ocrx_word' id='word_1_136' title='bbox 159 1144 193 1191; x_wconf 92' lang='lat' dir='ltr'>ut</span> <span class='ocrx_word' id='word_1_137' title='bbox 215 1140 400 1210; x_wconf 78' lang='lat' dir='ltr'>cupiditatem</span> <span class='ocrx_word' id='word_1_138' title='bbox 423 1143 548 1212; x_wconf 75' lang='lat' dir='ltr'>pecuniis</span> <span class='ocrx_word' id='word_1_139' title='bbox 568 1144 706 1213; x_wconf 78' lang='lat' dir='ltr'>expleant,</span> <span class='ocrx_word' id='word_1_140' title='bbox 728 1150 756 1197; x_wconf 90' lang='lat' dir='ltr'>ct</span> <span class='ocrx_word' id='word_1_141' title='bbox 775 1145 826 1198; x_wconf 89' lang='lat' dir='ltr'>teli</span> <span class='ocrx_word' id='word_1_142' title='bbox 867 1143 932 1199; x_wconf 80' lang='lat' dir='ltr'>deni</span> <span class='ocrx_word' id='word_1_143' title='bbox 946 1160 978 1197; x_wconf 81' lang='lat' dir='ltr'>ox</span> <span class='ocrx_word' id='word_1_144' title='bbox 992 1143 1047 1198; x_wconf 86' lang='lat' dir='ltr'>illis</span> <span class='ocrx_word' id='word_1_145' title='bbox 1058 1143 1187 1213; x_wconf 83' lang='lat' dir='ltr'>proprius</span> <span class='ocrx_word' id='word_1_146' title='bbox 1204 1154 1301 1203; x_wconf 84' lang='lat' dir='ltr'>eorum</span> <span class='ocrx_word' id='word_1_147' title='bbox 1321 1143 1465 1212; x_wconf 84' lang='lat' dir='ltr'>prophete.</span> <span class='ocrx_word' id='word_1_148' title='bbox 1482 1162 1495 1192; x_wconf 83' lang='lat' dir='ltr'>s</span> <span class='ocrx_word' id='word_1_149' title='bbox 1510 1142 1583 1205; x_wconf 83' lang='lat' dir='ltr'>Quis</span> <span class='ocrx_word' id='word_1_150' title='bbox 1600 1158 1665 1195; x_wconf 86' lang='lat' dir='ltr'>vern</span> 
     </span>
     <span class='ocr_line' id='line_1_11' title="bbox 58 1225 1664 1302; baseline 0.003 -22"><span class='ocrx_word' id='word_1_151' title='bbox 58 1225 137 1280; x_wconf 72' lang='lat' dir='ltr'>micus</span> <span class='ocrx_word' id='word_1_152' title='bbox 166 1228 314 1298; x_wconf 86' lang='lat' dir='ltr'>scquirare</span> <span class='ocrx_word' id='word_1_153' title='bbox 339 1231 448 1300; x_wconf 78' lang='lat' dir='ltr'>possint</span> <span class='ocrx_word' id='word_1_154' title='bbox 474 1232 614 1301; x_wconf 86' lang='lat' dir='ltr'>pecunius.</span> <span class='ocrx_word' id='word_1_155' title='bbox 646 1233 743 1298; x_wconf 67' lang='lat' dir='ltr'>(liter.)</span> <span class='ocrx_word' id='word_1_156' title='bbox 773 1233 827 1296; x_wconf 84' lang='lat' dir='ltr'>Qui</span> <span class='ocrx_word' id='word_1_157' title='bbox 869 1232 896 1287; x_wconf 91' lang='lat' dir='ltr'>in</span> <span class='ocrx_word' id='word_1_158' title='bbox 923 1232 1000 1289; x_wconf 90' lang='lat' dir='ltr'>nullo</span> <span class='ocrx_word' id='word_1_159' title='bbox 1022 1231 1232 1302; x_wconf 79' lang='lat' dir='ltr'>prophetarum,</span> <span class='ocrx_word' id='word_1_160' title='bbox 1258 1231 1305 1300; x_wconf 93' lang='lat' dir='ltr'>qui</span> <span class='ocrx_word' id='word_1_161' title='bbox 1325 1231 1400 1300; x_wconf 82' lang='lat' dir='ltr'>epud</span> <span class='ocrx_word' id='word_1_162' title='bbox 1420 1231 1547 1286; x_wconf 79' lang='lat' dir='ltr'>luceam</span> <span class='ocrx_word' id='word_1_163' title='bbox 1568 1231 1664 1285; x_wconf 58' lang='lat' dir='ltr'>vsdois</span> 
     </span>
     <span class='ocr_line' id='line_1_12' title="bbox 57 1314 1666 1390; baseline 0.002 -21"><span class='ocrx_word' id='word_1_164' title='bbox 57 1314 155 1371; x_wconf 69' lang='lat' dir='ltr'>Arimin</span> <span class='ocrx_word' id='word_1_165' title='bbox 168 1315 282 1371; x_wconf 85' lang='lat' dir='ltr'>iuturus</span> <span class='ocrx_word' id='word_1_166' title='bbox 299 1324 343 1371; x_wconf 87' lang='lat' dir='ltr'>est</span> <span class='ocrx_word' id='word_1_167' title='bbox 366 1319 494 1389; x_wconf 90' lang='lat' dir='ltr'>princeps</span> <span class='ocrx_word' id='word_1_168' title='bbox 518 1319 621 1373; x_wconf 83' lang='lat' dir='ltr'>hebent</span> <span class='ocrx_word' id='word_1_169' title='bbox 637 1321 826 1390; x_wconf 75' lang='lat' dir='ltr'>eloquentiam</span> <span class='ocrx_word' id='word_1_170' title='bbox 867 1321 927 1376; x_wconf 89' lang='lat' dir='ltr'>neti</span> <span class='ocrx_word' id='word_1_171' title='bbox 942 1326 1017 1385; x_wconf 86' lang='lat' dir='ltr'>sunt,</span> <span class='ocrx_word' id='word_1_172' title='bbox 1030 1321 1075 1375; x_wconf 90' lang='lat' dir='ltr'>hic</span> <span class='ocrx_word' id='word_1_173' title='bbox 1089 1321 1252 1375; x_wconf 77' lang='lat' dir='ltr'>hexameter</span> <span class='ocrx_word' id='word_1_174' title='bbox 1264 1319 1416 1375; x_wconf 82' lang='lat' dir='ltr'>versiculus</span> <span class='ocrx_word' id='word_1_175' title='bbox 1430 1319 1580 1390; x_wconf 86' lang='lat' dir='ltr'>reperitur,</span> <span class='ocrx_word' id='word_1_176' title='bbox 1591 1320 1666 1374; x_wconf 77' lang='lat' dir='ltr'>vide</span> 
     </span>
     <span class='ocr_line' id='line_1_13' title="bbox 55 1403 1662 1480; baseline 0.002 -23"><span class='ocrx_word' id='word_1_177' title='bbox 55 1419 98 1458; x_wconf 85' lang='lat' dir='ltr'>cun</span> <span class='ocrx_word' id='word_1_178' title='bbox 109 1403 167 1458; x_wconf 79' lang='lat' dir='ltr'>vitre</span> <span class='ocrx_word' id='word_1_179' title='bbox 180 1405 346 1473; x_wconf 61' lang='lat' dir='ltr'>integritate</span> <span class='ocrx_word' id='word_1_180' title='bbox 356 1408 500 1462; x_wconf 78' lang='lat' dir='ltr'>sociatam.</span> <span class='ocrx_word' id='word_1_181' title='bbox 509 1424 544 1461; x_wconf 88' lang='lat' dir='ltr'>ne</span> <span class='ocrx_word' id='word_1_182' title='bbox 554 1424 640 1479; x_wconf 87' lang='lat' dir='ltr'>opere</span> <span class='ocrx_word' id='word_1_183' title='bbox 651 1408 757 1480; x_wconf 87' lang='lat' dir='ltr'>ubsque</span> <span class='ocrx_word' id='word_1_184' title='bbox 767 1427 826 1463; x_wconf 89' lang='lat' dir='ltr'>ser·</span> <span class='ocrx_word' id='word_1_185' title='bbox 868 1416 915 1464; x_wconf 87' lang='lat' dir='ltr'>tur</span> <span class='ocrx_word' id='word_1_186' title='bbox 937 1410 1006 1465; x_wconf 89' lang='lat' dir='ltr'>mihi</span> <span class='ocrx_word' id='word_1_187' title='bbox 1032 1409 1181 1480; x_wconf 78' lang='lat' dir='ltr'>dupliciter</span> <span class='ocrx_word' id='word_1_188' title='bbox 1203 1408 1363 1477; x_wconf 82' lang='lat' dir='ltr'>legendum,</span> <span class='ocrx_word' id='word_1_189' title='bbox 1381 1413 1413 1462; x_wconf 92' lang='lat' dir='ltr'>ut</span> <span class='ocrx_word' id='word_1_190' title='bbox 1435 1408 1488 1462; x_wconf 91' lang='lat' dir='ltr'>hoc</span> <span class='ocrx_word' id='word_1_191' title='bbox 1510 1408 1585 1478; x_wconf 86' lang='lat' dir='ltr'>quod</span> <span class='ocrx_word' id='word_1_192' title='bbox 1599 1409 1640 1465; x_wconf 84' lang='lat' dir='ltr'>ait</span> <span class='ocrx_word' id='word_1_193' title='bbox 1656 1427 1662 1461; x_wconf 74' lang='lat' dir='ltr'>s</span> 
     </span>
     <span class='ocr_line' id='line_1_14' title="bbox 54 1482 1664 1568; baseline 0.005 -23"><span class='ocrx_word' id='word_1_194' title='bbox 54 1500 113 1545; x_wconf 88' lang='lat' dir='ltr'>nune</span> <span class='ocrx_word' id='word_1_195' title='bbox 126 1493 180 1546; x_wconf 87' lang='lat' dir='ltr'>sint</span> <span class='ocrx_word' id='word_1_196' title='bbox 192 1482 289 1555; x_wconf 74' lang='lat' dir='ltr'>tacite,</span> <span class='ocrx_word' id='word_1_197' title='bbox 307 1502 336 1549; x_wconf 90' lang='lat' dir='ltr'>et</span> <span class='ocrx_word' id='word_1_198' title='bbox 349 1496 424 1550; x_wconf 85' lang='lat' dir='ltr'>dicte</span> <span class='ocrx_word' id='word_1_199' title='bbox 443 1497 523 1550; x_wconf 82' lang='lat' dir='ltr'>fectis</span> <span class='ocrx_word' id='word_1_200' title='bbox 543 1497 738 1552; x_wconf 82' lang='lat' dir='ltr'>delinientibus</span> <span class='ocrx_word' id='word_1_201' title='bbox 761 1514 825 1553; x_wconf 92' lang='lat' dir='ltr'>eru·</span> <span class='ocrx_word' id='word_1_202' title='bbox 870 1516 884 1548; x_wconf 89' lang='lat' dir='ltr'>s</span> <span class='ocrx_word' id='word_1_203' title='bbox 903 1498 979 1555; x_wconf 83' lang='lat' dir='ltr'>Iliait</span> <span class='ocrx_word' id='word_1_204' title='bbox 989 1497 1103 1568; x_wconf 89' lang='lat' dir='ltr'>quidam</span> <span class='ocrx_word' id='word_1_205' title='bbox 1117 1515 1149 1552; x_wconf 89' lang='lat' dir='ltr'>ex</span> <span class='ocrx_word' id='word_1_206' title='bbox 1164 1498 1219 1555; x_wconf 90' lang='lat' dir='ltr'>illis</span> <span class='ocrx_word' id='word_1_207' title='bbox 1234 1497 1364 1568; x_wconf 86' lang='lat' dir='ltr'>proprius</span> <span class='ocrx_word' id='word_1_208' title='bbox 1379 1506 1477 1553; x_wconf 80' lang='lat' dir='ltr'>cerunt</span> <span class='ocrx_word' id='word_1_209' title='bbox 1493 1496 1664 1568; x_wconf 62' lang='lat' dir='ltr'>propheten</span> 
     </span>
     <span class='ocr_line' id='line_1_15' title="bbox 53 1579 1666 1657; baseline 0.003 -22"><span class='ocrx_word' id='word_1_210' title='bbox 53 1579 149 1635; x_wconf 60' lang='lat' dir='ltr'>mut.</span> <span class='ocrx_word' id='word_1_211' title='bbox 164 1582 287 1637; x_wconf 78' lang='lat' dir='ltr'>tissime</span> <span class='ocrx_word' id='word_1_212' title='bbox 299 1601 364 1638; x_wconf 88' lang='lat' dir='ltr'>cum</span> <span class='ocrx_word' id='word_1_213' title='bbox 383 1586 442 1639; x_wconf 88' lang='lat' dir='ltr'>sint</span> <span class='ocrx_word' id='word_1_214' title='bbox 463 1602 519 1639; x_wconf 91' lang='lat' dir='ltr'>nou</span> <span class='ocrx_word' id='word_1_215' title='bbox 541 1587 632 1656; x_wconf 84' lang='lat' dir='ltr'>pauci,</span> <span class='ocrx_word' id='word_1_216' title='bbox 649 1587 697 1641; x_wconf 88' lang='lat' dir='ltr'>sed</span> <span class='ocrx_word' id='word_1_217' title='bbox 720 1588 824 1657; x_wconf 87' lang='lat' dir='ltr'>plures,</span> <span class='ocrx_word' id='word_1_218' title='bbox 867 1600 930 1641; x_wconf 88' lang='lat' dir='ltr'>cum</span> <span class='ocrx_word' id='word_1_219' title='bbox 946 1586 1137 1657; x_wconf 85' lang='lat' dir='ltr'>superioribus</span> <span class='ocrx_word' id='word_1_220' title='bbox 1146 1587 1301 1656; x_wconf 87' lang='lat' dir='ltr'>copuletur,</span> <span class='ocrx_word' id='word_1_221' title='bbox 1315 1607 1325 1635; x_wconf 81' lang='grc' dir='ltr'>ι</span> <span class='ocrx_word' id='word_1_222' title='bbox 1345 1586 1436 1655; x_wconf 81' lang='lat' dir='ltr'>Huius</span> <span class='ocrx_word' id='word_1_223' title='bbox 1450 1585 1491 1641; x_wconf 89' lang='lat' dir='ltr'>rei</span> <span class='ocrx_word' id='word_1_224' title='bbox 1503 1585 1666 1656; x_wconf 57' lang='lat' dir='ltr'>grshsmlin</span> 
     </span>
     <span class='ocr_line' id='line_1_16' title="bbox 53 1669 1666 1746; baseline 0.002 -23"><span class='ocrx_word' id='word_1_225' title='bbox 53 1669 466 1744; x_wconf 82' lang='lat' dir='ltr'>esembditi,sedprotervi,qui</span> <span class='ocrx_word' id='word_1_226' title='bbox 479 1690 534 1728; x_wconf 91' lang='lat' dir='ltr'>non</span> <span class='ocrx_word' id='word_1_227' title='bbox 544 1681 644 1729; x_wconf 85' lang='lat' dir='ltr'>curent</span> <span class='ocrx_word' id='word_1_228' title='bbox 658 1675 728 1731; x_wconf 90' lang='lat' dir='ltr'>illud</span> <span class='ocrx_word' id='word_1_229' title='bbox 750 1676 826 1730; x_wconf 77' lang='lat' dir='ltr'>Psel-</span> <span class='ocrx_word' id='word_1_230' title='bbox 867 1675 915 1746; x_wconf 90' lang='lat' dir='ltr'>qui</span> <span class='ocrx_word' id='word_1_231' title='bbox 935 1682 963 1729; x_wconf 88' lang='lat' dir='ltr'>te</span> <span class='ocrx_word' id='word_1_232' title='bbox 984 1675 1083 1737; x_wconf 81' lang='lat' dir='ltr'>Crete,</span> <span class='ocrx_word' id='word_1_233' title='bbox 1106 1682 1139 1729; x_wconf 91' lang='lat' dir='ltr'>ut</span> <span class='ocrx_word' id='word_1_234' title='bbox 1161 1691 1195 1729; x_wconf 89' lang='lat' dir='ltr'>ee</span> <span class='ocrx_word' id='word_1_235' title='bbox 1217 1690 1279 1744; x_wconf 74' lang='lat' dir='ltr'>quas</span> <span class='ocrx_word' id='word_1_236' title='bbox 1305 1674 1423 1731; x_wconf 82' lang='lat' dir='ltr'>deerant</span> <span class='ocrx_word' id='word_1_237' title='bbox 1445 1674 1578 1744; x_wconf 76' lang='lat' dir='ltr'>corriges,</span> <span class='ocrx_word' id='word_1_238' title='bbox 1605 1679 1666 1728; x_wconf 86' lang='lat' dir='ltr'>set</span> 
     </span>
     <span class='ocr_line' id='line_1_17' title="bbox 53 1748 1665 1834; baseline 0.002 -21"><span class='ocrx_word' id='word_1_239' title='bbox 53 1759 236 1814; x_wconf 79' lang='lat' dir='ltr'>uhtedicere:</span> <span class='ocrx_word' id='word_1_240' title='bbox 251 1762 374 1817; x_wconf 79' lang='lat' dir='ltr'>«Nonne</span> <span class='ocrx_word' id='word_1_241' title='bbox 385 1764 443 1817; x_wconf 75' lang='lat' dir='ltr'>lieo</span> <span class='ocrx_word' id='word_1_242' title='bbox 453 1763 579 1833; x_wconf 84' lang='lat' dir='ltr'>subjecte</span> <span class='ocrx_word' id='word_1_243' title='bbox 589 1748 1011 1834; x_wconf 77' lang='lat' dir='ltr'>estsnimamestflscquamr,</span> <span class='ocrx_word' id='word_1_244' title='bbox 1030 1763 1130 1818; x_wconf 77' lang='lat' dir='ltr'>edixit</span> <span class='ocrx_word' id='word_1_245' title='bbox 1144 1763 1259 1833; x_wconf 84' lang='lat' dir='ltr'>quidem</span> <span class='ocrx_word' id='word_1_246' title='bbox 1280 1780 1313 1819; x_wconf 79' lang='lat' dir='ltr'>ea</span> <span class='ocrx_word' id='word_1_247' title='bbox 1334 1763 1390 1817; x_wconf 89' lang='lat' dir='ltr'>illia</span> <span class='ocrx_word' id='word_1_248' title='bbox 1413 1763 1544 1833; x_wconf 85' lang='lat' dir='ltr'>proprius</span> <span class='ocrx_word' id='word_1_249' title='bbox 1567 1777 1665 1818; x_wconf 81' lang='lat' dir='ltr'>ectum</span> 
     </span>
     <span class='ocr_line' id='line_1_18' title="bbox 53 1846 1665 1925; baseline 0.003 -24"><span class='ocrx_word' id='word_1_250' title='bbox 53 1846 111 1915; x_wconf 63' lang='grc' dir='ltr'>(Μ.</span> <span class='ocrx_word' id='word_1_251' title='bbox 125 1852 190 1916; x_wconf 81' lang='lat' dir='ltr'>cxi).</span> <span class='ocrx_word' id='word_1_252' title='bbox 209 1867 223 1901; x_wconf 84' lang='lat' dir='ltr'>s</span> <span class='ocrx_word' id='word_1_253' title='bbox 242 1851 296 1904; x_wconf 82' lang='lat' dir='ltr'>Sed</span> <span class='ocrx_word' id='word_1_254' title='bbox 312 1851 413 1905; x_wconf 80' lang='lat' dir='ltr'>lienem</span> <span class='ocrx_word' id='word_1_255' title='bbox 431 1853 569 1907; x_wconf 88' lang='lat' dir='ltr'>mentium</span> <span class='ocrx_word' id='word_1_256' title='bbox 591 1861 747 1909; x_wconf 89' lang='lat' dir='ltr'>sementem</span> <span class='ocrx_word' id='word_1_257' title='bbox 765 1871 826 1925; x_wconf 77' lang='lat' dir='ltr'>queo</span> <span class='ocrx_word' id='word_1_258' title='bbox 867 1854 1012 1924; x_wconf 84' lang='lat' dir='ltr'>prophete,</span> <span class='ocrx_word' id='word_1_259' title='bbox 1034 1872 1045 1905; x_wconf 79' lang='lat' dir='ltr'>s</span> <span class='ocrx_word' id='word_1_260' title='bbox 1062 1852 1156 1917; x_wconf 85' lang='lat' dir='ltr'>idest,</span> <span class='ocrx_word' id='word_1_261' title='bbox 1172 1852 1359 1906; x_wconf 72' lang='lat' dir='ltr'>Cretensium.</span> <span class='ocrx_word' id='word_1_262' title='bbox 1377 1851 1432 1905; x_wconf 85' lang='lat' dir='ltr'>Sed</span> <span class='ocrx_word' id='word_1_263' title='bbox 1451 1852 1517 1921; x_wconf 90' lang='lat' dir='ltr'>quie</span> <span class='ocrx_word' id='word_1_264' title='bbox 1531 1851 1621 1907; x_wconf 79' lang='lat' dir='ltr'>multe</span> <span class='ocrx_word' id='word_1_265' title='bbox 1635 1851 1665 1906; x_wconf 92' lang='lat' dir='ltr'>in</span> 
     </span>
     <span class='ocr_line' id='line_1_19' title="bbox 53 1937 1665 2014; baseline 0.002 -25"><span class='ocrx_word' id='word_1_266' title='bbox 53 1937 418 1994; x_wconf 82' lang='lat' dir='ltr'>mtnreliterhnbetnutitiem</span> <span class='ocrx_word' id='word_1_267' title='bbox 425 1942 567 2006; x_wconf 78' lang='lat' dir='ltr'>Dei,insni</span> <span class='ocrx_word' id='word_1_268' title='bbox 576 1944 759 2012; x_wconf 77' lang='lat' dir='ltr'>persuasione</span> <span class='ocrx_word' id='word_1_269' title='bbox 765 1961 827 2014; x_wconf 88' lang='lat' dir='ltr'>per-</span> <span class='ocrx_word' id='word_1_270' title='bbox 866 1941 959 1996; x_wconf 88' lang='lat' dir='ltr'>medic</span> <span class='ocrx_word' id='word_1_271' title='bbox 970 1948 1046 2001; x_wconf 84' lang='lat' dir='ltr'>suxit,</span> <span class='ocrx_word' id='word_1_272' title='bbox 1056 1941 1146 1994; x_wconf 90' lang='lat' dir='ltr'>ethoc</span> <span class='ocrx_word' id='word_1_273' title='bbox 1155 1938 1307 1997; x_wconf 79' lang='lat' dir='ltr'>absurdum</span> <span class='ocrx_word' id='word_1_274' title='bbox 1323 1940 1441 2006; x_wconf 86' lang='lat' dir='ltr'>videtur,</span> <span class='ocrx_word' id='word_1_275' title='bbox 1453 1945 1482 1995; x_wconf 94' lang='lat' dir='ltr'>et</span> <span class='ocrx_word' id='word_1_276' title='bbox 1494 1940 1567 1994; x_wconf 85' lang='lat' dir='ltr'>forts</span> <span class='ocrx_word' id='word_1_277' title='bbox 1582 1950 1665 1994; x_wconf 87' lang='lat' dir='ltr'>nemo</span> 
     </span>
     <span class='ocr_line' id='line_1_20' title="bbox 54 2026 1665 2100; baseline 0.002 -22"><span class='ocrx_word' id='word_1_278' title='bbox 54 2026 825 2099; x_wconf 74' lang='lat' dir='ltr'>retmtdlocquippemihiPaulusvidetursensisse.eum</span> <span class='ocrx_word' id='word_1_279' title='bbox 866 2030 983 2100; x_wconf 88' lang='lat' dir='ltr'>recipiet</span> <span class='ocrx_word' id='word_1_280' title='bbox 999 2048 1004 2082; x_wconf 77' lang='grc' dir='ltr'><em>τ</em></span> <span class='ocrx_word' id='word_1_281' title='bbox 1021 2035 1170 2100; x_wconf 79' lang='lat' dir='ltr'>prepterea</span> <span class='ocrx_word' id='word_1_282' title='bbox 1187 2044 1251 2085; x_wconf 84' lang='lat' dir='ltr'>curn</span> <span class='ocrx_word' id='word_1_283' title='bbox 1273 2028 1473 2097; x_wconf 86' lang='lat' dir='ltr'>superioribus,</span> <span class='ocrx_word' id='word_1_284' title='bbox 1490 2045 1552 2099; x_wconf 78' lang='lat' dir='ltr'>que</span> <span class='ocrx_word' id='word_1_285' title='bbox 1574 2028 1665 2098; x_wconf 79' lang='lat' dir='ltr'>magis</span> 
     </span>
     <span class='ocr_line' id='line_1_21' title="bbox 54 2112 1665 2192; baseline 0 -21"><span class='ocrx_word' id='word_1_286' title='bbox 54 2112 679 2191; x_wconf 70' lang='lat' dir='ltr'>lisitpprssnsisecnonmtsimpliciterLutinus</span> <span class='ocrx_word' id='word_1_287' title='bbox 687 2121 825 2192; x_wconf 89' lang='lat' dir='ltr'>interpres</span> <span class='ocrx_word' id='word_1_288' title='bbox 865 2119 956 2179; x_wconf 86' lang='lat' dir='ltr'>vicino</span> <span class='ocrx_word' id='word_1_289' title='bbox 966 2124 1041 2182; x_wconf 89' lang='lat' dir='ltr'>sunt,</span> <span class='ocrx_word' id='word_1_290' title='bbox 1051 2119 1134 2173; x_wconf 88' lang='lat' dir='ltr'>aliter</span> <span class='ocrx_word' id='word_1_291' title='bbox 1142 2118 1296 2188; x_wconf 76' lang='lat' dir='ltr'>aptandum</span> <span class='ocrx_word' id='word_1_292' title='bbox 1316 2124 1368 2180; x_wconf 90' lang='lat' dir='ltr'>est,</span> <span class='ocrx_word' id='word_1_293' title='bbox 1378 2124 1410 2172; x_wconf 92' lang='lat' dir='ltr'>ut</span> <span class='ocrx_word' id='word_1_294' title='bbox 1427 2118 1573 2187; x_wconf 83' lang='lat' dir='ltr'>legemus:</span> <span class='ocrx_word' id='word_1_295' title='bbox 1593 2117 1665 2171; x_wconf 83' lang='lat' dir='ltr'>Sunt</span> 
     </span>
     <span class='ocr_line' id='line_1_22' title="bbox 54 2202 1665 2278; baseline 0.001 -22"><span class='ocrx_word' id='word_1_296' title='bbox 54 2202 179 2267; x_wconf 76' lang='lat' dir='ltr'>musclis,</span> <span class='ocrx_word' id='word_1_297' title='bbox 195 2204 371 2275; x_wconf 82' lang='lat' dir='ltr'>deceptores,</span> <span class='ocrx_word' id='word_1_298' title='bbox 388 2207 437 2259; x_wconf 88' lang='lat' dir='ltr'>sed</span> <span class='ocrx_word' id='word_1_299' title='bbox 452 2207 588 2261; x_wconf 88' lang='lat' dir='ltr'>mentium</span> <span class='ocrx_word' id='word_1_300' title='bbox 604 2208 774 2278; x_wconf 74' lang='lat' dir='ltr'>deceptoree</span> <span class='ocrx_word' id='word_1_301' title='bbox 792 2210 826 2262; x_wconf 87' lang='lat' dir='ltr'>Et</span> <span class='ocrx_word' id='word_1_302' title='bbox 866 2208 941 2263; x_wconf 88' lang='lat' dir='ltr'>enim</span> <span class='ocrx_word' id='word_1_303' title='bbox 956 2207 1038 2263; x_wconf 86' lang='lat' dir='ltr'>multi</span> <span class='ocrx_word' id='word_1_304' title='bbox 1048 2213 1077 2262; x_wconf 89' lang='lat' dir='ltr'>et</span> <span class='ocrx_word' id='word_1_305' title='bbox 1090 2222 1146 2262; x_wconf 91' lang='lat' dir='ltr'>non</span> <span class='ocrx_word' id='word_1_306' title='bbox 1155 2206 1269 2274; x_wconf 74' lang='lat' dir='ltr'>subditi,</span> <span class='ocrx_word' id='word_1_307' title='bbox 1280 2206 1422 2277; x_wconf 76' lang='lat' dir='ltr'>vaniloqui</span> <span class='ocrx_word' id='word_1_308' title='bbox 1430 2212 1459 2261; x_wconf 90' lang='lat' dir='ltr'>et</span> <span class='ocrx_word' id='word_1_309' title='bbox 1469 2205 1606 2262; x_wconf 84' lang='lat' dir='ltr'>ruentium</span> <span class='ocrx_word' id='word_1_310' title='bbox 1618 2205 1665 2260; x_wconf 91' lang='lat' dir='ltr'>de-</span> 
     </span>
     <span class='ocr_line' id='line_1_23' title="bbox 55 2290 1662 2368; baseline 0.001 -23"><span class='ocrx_word' id='word_1_311' title='bbox 55 2290 824 2365; x_wconf 75' lang='lat' dir='ltr'>qsidemsineScripturnrumauctoritategsrrnlitesnon</span> <span class='ocrx_word' id='word_1_312' title='bbox 866 2303 1002 2368; x_wconf 75' lang='lat' dir='ltr'>septenes,</span> <span class='ocrx_word' id='word_1_313' title='bbox 1012 2296 1235 2353; x_wconf 82' lang='lat' dir='ltr'>meximeeuterc</span> <span class='ocrx_word' id='word_1_314' title='bbox 1246 2295 1295 2366; x_wconf 92' lang='lat' dir='ltr'>qui</span> <span class='ocrx_word' id='word_1_315' title='bbox 1309 2295 1344 2350; x_wconf 90' lang='lat' dir='ltr'>de</span> <span class='ocrx_word' id='word_1_316' title='bbox 1354 2294 1565 2351; x_wconf 86' lang='lat' dir='ltr'>circumcisione</span> <span class='ocrx_word' id='word_1_317' title='bbox 1586 2301 1662 2349; x_wconf 88' lang='lat' dir='ltr'>sunt.</span> 
     </span>
     <span class='ocr_line' id='line_1_24' title="bbox 10 2376 1664 2465; baseline 0.003 -33"><span class='ocrx_word' id='word_1_318' title='bbox 10 2422 13 2465; x_wconf 71' lang='lat'>,</span> <span class='ocrx_word' id='word_1_319' title='bbox 55 2376 142 2434; x_wconf 79' lang='lat' dir='ltr'>bberet</span> <span class='ocrx_word' id='word_1_320' title='bbox 150 2381 245 2439; x_wconf 77' lang='lat' dir='ltr'>fidem.</span> <span class='ocrx_word' id='word_1_321' title='bbox 258 2383 312 2436; x_wconf 87' lang='lat' dir='ltr'>nisi</span> <span class='ocrx_word' id='word_1_322' title='bbox 322 2383 485 2437; x_wconf 89' lang='lat' dir='ltr'>viderentur</span> <span class='ocrx_word' id='word_1_323' title='bbox 494 2400 657 2454; x_wconf 82' lang='lat' dir='ltr'>perversam</span> <span class='ocrx_word' id='word_1_324' title='bbox 667 2386 824 2440; x_wconf 81' lang='lat' dir='ltr'>doctrinam</span> <span class='ocrx_word' id='word_1_325' title='bbox 867 2386 942 2451; x_wconf 83' lang='lat' dir='ltr'>Quos</span> <span class='ocrx_word' id='word_1_326' title='bbox 952 2387 1056 2443; x_wconf 79' lang='lat' dir='ltr'>inultus</span> <span class='ocrx_word' id='word_1_327' title='bbox 1066 2391 1158 2440; x_wconf 87' lang='lat' dir='ltr'>etncn</span> <span class='ocrx_word' id='word_1_328' title='bbox 1168 2384 1305 2448; x_wconf 85' lang='lat' dir='ltr'>subditos,</span> <span class='ocrx_word' id='word_1_329' title='bbox 1317 2383 1481 2454; x_wconf 77' lang='lat' dir='ltr'>vaniloquos</span> <span class='ocrx_word' id='word_1_330' title='bbox 1490 2383 1664 2438; x_wconf 84' lang='lat' dir='ltr'>ettnentiuus</span> 
     </span>
     <span class='ocr_line' id='line_1_25' title="bbox 10 2467 1662 2546; baseline 0.004 -27"><span class='ocrx_word' id='word_1_331' title='bbox 10 2480 12 2519; x_wconf 87' lang='lat'><strong>:</strong></span> <span class='ocrx_word' id='word_1_332' title='bbox 55 2467 226 2524; x_wconf 60' lang='lat' dir='ltr'>&amp;indivisis</span> <span class='ocrx_word' id='word_1_333' title='bbox 239 2472 411 2525; x_wconf 83' lang='lat' dir='ltr'>testimoniis</span> <span class='ocrx_word' id='word_1_334' title='bbox 425 2472 567 2526; x_wconf 88' lang='lat' dir='ltr'>robcrsre.</span> <span class='ocrx_word' id='word_1_335' title='bbox 582 2474 617 2527; x_wconf 85' lang='lat' dir='ltr'>lli</span> <span class='ocrx_word' id='word_1_336' title='bbox 639 2480 706 2528; x_wconf 86' lang='lat' dir='ltr'>sunt</span> <span class='ocrx_word' id='word_1_337' title='bbox 720 2475 755 2528; x_wconf 89' lang='lat' dir='ltr'>de</span> <span class='ocrx_word' id='word_1_338' title='bbox 769 2476 824 2528; x_wconf 90' lang='lat' dir='ltr'>cir·</span> <span class='ocrx_word' id='word_1_339' title='bbox 866 2475 1037 2546; x_wconf 81' lang='lat' dir='ltr'>deceptores.</span> <span class='ocrx_word' id='word_1_340' title='bbox 1066 2491 1130 2528; x_wconf 88' lang='lat' dir='ltr'>cum</span> <span class='ocrx_word' id='word_1_341' title='bbox 1160 2474 1202 2527; x_wconf 86' lang='lat' dir='ltr'>his</span> <span class='ocrx_word' id='word_1_342' title='bbox 1226 2473 1273 2543; x_wconf 93' lang='lat' dir='ltr'>qui</span> <span class='ocrx_word' id='word_1_343' title='bbox 1303 2472 1336 2527; x_wconf 92' lang='lat' dir='ltr'>de</span> <span class='ocrx_word' id='word_1_344' title='bbox 1359 2471 1569 2527; x_wconf 85' lang='lat' dir='ltr'>circumcisione</span> <span class='ocrx_word' id='word_1_345' title='bbox 1586 2473 1662 2536; x_wconf 89' lang='lat' dir='ltr'>suut,</span> 
     </span>
     <span class='ocr_line' id='line_1_26' title="bbox 10 2558 1662 2633; baseline 0.002 -23"><span class='ocrx_word' id='word_1_346' title='bbox 10 2564 12 2587; x_wconf 85' lang='lat'><strong>¹</strong></span> <span class='ocrx_word' id='word_1_347' title='bbox 55 2558 195 2613; x_wconf 75' lang='lat' dir='ltr'>emisione</span> <span class='ocrx_word' id='word_1_348' title='bbox 219 2560 319 2625; x_wconf 77' lang='lat' dir='ltr'>iudei,</span> <span class='ocrx_word' id='word_1_349' title='bbox 346 2560 394 2631; x_wconf 90' lang='lat' dir='ltr'>qul</span> <span class='ocrx_word' id='word_1_350' title='bbox 418 2568 484 2615; x_wconf 90' lang='lat' dir='ltr'>tunc</span> <span class='ocrx_word' id='word_1_351' title='bbox 506 2564 641 2633; x_wconf 89' lang='lat' dir='ltr'>temporis</span> <span class='ocrx_word' id='word_1_352' title='bbox 663 2564 824 2619; x_wconf 81' lang='lat' dir='ltr'>nascentem</span> <span class='ocrx_word' id='word_1_353' title='bbox 865 2569 976 2633; x_wconf 85' lang='lat' dir='ltr'>oportet</span> <span class='ocrx_word' id='word_1_354' title='bbox 989 2563 1136 2628; x_wconf 82' lang='lat' dir='ltr'>refrenari,</span> <span class='ocrx_word' id='word_1_355' title='bbox 1153 2561 1201 2632; x_wconf 94' lang='lat' dir='ltr'>qui</span> <span class='ocrx_word' id='word_1_356' title='bbox 1215 2562 1359 2617; x_wconf 81' lang='lat' dir='ltr'>universes</span> <span class='ocrx_word' id='word_1_357' title='bbox 1374 2562 1472 2616; x_wconf 87' lang='lat' dir='ltr'>domos</span> <span class='ocrx_word' id='word_1_358' title='bbox 1487 2560 1662 2625; x_wconf 89' lang='lat' dir='ltr'>subvertunt,</span> 
     </span>
     <span class='ocr_line' id='line_1_27' title="bbox 56 2643 1664 2722; baseline 0.002 -22"><span class='ocrx_word' id='word_1_359' title='bbox 56 2643 131 2700; x_wconf 75' lang='lat' dir='ltr'>tenni</span> <span class='ocrx_word' id='word_1_360' title='bbox 139 2646 290 2703; x_wconf 77' lang='lat' dir='ltr'>Ecclesiam</span> <span class='ocrx_word' id='word_1_361' title='bbox 305 2648 466 2703; x_wconf 86' lang='lat' dir='ltr'>subvertere</span> <span class='ocrx_word' id='word_1_362' title='bbox 476 2650 648 2717; x_wconf 76' lang='lat' dir='ltr'>nitebantur,</span> <span class='ocrx_word' id='word_1_363' title='bbox 659 2657 688 2706; x_wconf 91' lang='lat' dir='ltr'>et</span> <span class='ocrx_word' id='word_1_364' title='bbox 699 2653 825 2707; x_wconf 91' lang='lat' dir='ltr'>iutrodu·</span> <span class='ocrx_word' id='word_1_365' title='bbox 865 2652 1070 2722; x_wconf 79' lang='lat' dir='ltr'>docentesque</span> <span class='ocrx_word' id='word_1_366' title='bbox 1083 2668 1140 2708; x_wconf 89' lang='lat' dir='ltr'>non</span> <span class='ocrx_word' id='word_1_367' title='bbox 1153 2656 1274 2721; x_wconf 74' lang='lat' dir='ltr'>onomat,</span> <span class='ocrx_word' id='word_1_368' title='bbox 1280 2650 1372 2720; x_wconf 88' lang='lat' dir='ltr'>turpis</span> <span class='ocrx_word' id='word_1_369' title='bbox 1382 2650 1454 2705; x_wconf 86' lang='lat' dir='ltr'>lucri</span> <span class='ocrx_word' id='word_1_370' title='bbox 1460 2648 1664 2719; x_wconf 69' lang='lat' dir='ltr'>gratimuisis</span> 
     </span>
     <span class='ocr_line' id='line_1_28' title="bbox 55 2737 1662 2812; baseline 0.001 -23"><span class='ocrx_word' id='word_1_371' title='bbox 55 2748 97 2787; x_wconf 74' lang='lat' dir='ltr'>sur</span> <span class='ocrx_word' id='word_1_372' title='bbox 108 2742 241 2808; x_wconf 80' lang='lat' dir='ltr'>precepta</span> <span class='ocrx_word' id='word_1_373' title='bbox 253 2739 356 2807; x_wconf 77' lang='lat' dir='ltr'>legalis</span> <span class='ocrx_word' id='word_1_374' title='bbox 373 2757 378 2790; x_wconf 92' lang='lat'>:</span> <span class='ocrx_word' id='word_1_375' title='bbox 394 2739 429 2792; x_wconf 88' lang='lat' dir='ltr'>dc</span> <span class='ocrx_word' id='word_1_376' title='bbox 441 2739 543 2809; x_wconf 89' lang='lat' dir='ltr'>quibus</span> <span class='ocrx_word' id='word_1_377' title='bbox 554 2740 775 2796; x_wconf 82' lang='lat' dir='ltr'>cdltcmenoset</span> <span class='ocrx_word' id='word_1_378' title='bbox 788 2743 823 2795; x_wconf 88' lang='lat' dir='ltr'>ed</span> <span class='ocrx_word' id='word_1_379' title='bbox 866 2740 979 2811; x_wconf 86' lang='lat' dir='ltr'>quidem</span> <span class='ocrx_word' id='word_1_380' title='bbox 994 2756 1027 2794; x_wconf 83' lang='lat' dir='ltr'>es</span> <span class='ocrx_word' id='word_1_381' title='bbox 1042 2741 1097 2795; x_wconf 87' lang='lat' dir='ltr'>illis</span> <span class='ocrx_word' id='word_1_382' title='bbox 1116 2740 1246 2812; x_wconf 91' lang='lat' dir='ltr'>proprius</span> <span class='ocrx_word' id='word_1_383' title='bbox 1265 2754 1364 2793; x_wconf 89' lang='lat' dir='ltr'>eorum</span> <span class='ocrx_word' id='word_1_384' title='bbox 1384 2738 1538 2809; x_wconf 85' lang='lat' dir='ltr'>prephete;</span> <span class='ocrx_word' id='word_1_385' title='bbox 1557 2757 1570 2792; x_wconf 82' lang='lat' dir='ltr'>a</span> <span class='ocrx_word' id='word_1_386' title='bbox 1589 2742 1622 2791; x_wconf 90' lang='lat' dir='ltr'>ut</span> <span class='ocrx_word' id='word_1_387' title='bbox 1634 2737 1662 2790; x_wconf 92' lang='lat' dir='ltr'>id</span> 
     </span>
     <span class='ocr_line' id='line_1_29' title="bbox 56 2820 1660 2901; baseline 0.001 -24"><span class='ocrx_word' id='word_1_388' title='bbox 56 2820 141 2877; x_wconf 70' lang='lat' dir='ltr'>[idem</span> <span class='ocrx_word' id='word_1_389' title='bbox 154 2825 265 2895; x_wconf 85' lang='lat' dir='ltr'>plenius</span> <span class='ocrx_word' id='word_1_390' title='bbox 279 2827 384 2881; x_wconf 81' lang='lat' dir='ltr'>Paulus</span> <span class='ocrx_word' id='word_1_391' title='bbox 393 2827 564 2897; x_wconf 81' lang='lat' dir='ltr'>exsequitur.</span> <span class='ocrx_word' id='word_1_392' title='bbox 576 2828 611 2882; x_wconf 84' lang='lat' dir='ltr'>Et</span> <span class='ocrx_word' id='word_1_393' title='bbox 621 2845 672 2882; x_wconf 90' lang='lat' dir='ltr'>nos</span> <span class='ocrx_word' id='word_1_394' title='bbox 682 2836 823 2901; x_wconf 86' lang='lat' dir='ltr'>eutepeu·</span> <span class='ocrx_word' id='word_1_395' title='bbox 865 2830 938 2900; x_wconf 89' lang='lat' dir='ltr'>quod</span> <span class='ocrx_word' id='word_1_396' title='bbox 952 2829 1002 2893; x_wconf 85' lang='lat' dir='ltr'>eit,</span> <span class='ocrx_word' id='word_1_397' title='bbox 1022 2849 1033 2880; x_wconf 84' lang='grc' dir='ltr'>ι</span> <span class='ocrx_word' id='word_1_398' title='bbox 1050 2829 1180 2899; x_wconf 90' lang='lat' dir='ltr'>proprius</span> <span class='ocrx_word' id='word_1_399' title='bbox 1189 2844 1286 2883; x_wconf 86' lang='lat' dir='ltr'>eorum</span> <span class='ocrx_word' id='word_1_400' title='bbox 1301 2827 1447 2898; x_wconf 83' lang='lat' dir='ltr'>propheto,</span> <span class='ocrx_word' id='word_1_401' title='bbox 1462 2846 1472 2880; x_wconf 85' lang='lat' dir='ltr'>v</span> <span class='ocrx_word' id='word_1_402' title='bbox 1485 2842 1541 2881; x_wconf 90' lang='lat' dir='ltr'>non</span> <span class='ocrx_word' id='word_1_403' title='bbox 1554 2825 1660 2896; x_wconf 85' lang='lat' dir='ltr'>specia-</span> 
     </span>
     <span class='ocr_line' id='line_1_30' title="bbox 55 2913 1661 2988; baseline 0.002 -26"><span class='ocrx_word' id='word_1_404' title='bbox 55 2924 86 2962; x_wconf 86' lang='lat' dir='ltr'>ens</span> <span class='ocrx_word' id='word_1_405' title='bbox 98 2926 209 2978; x_wconf 83' lang='lat' dir='ltr'>menses,</span> <span class='ocrx_word' id='word_1_406' title='bbox 227 2915 284 2968; x_wconf 87' lang='lat' dir='ltr'>trie</span> <span class='ocrx_word' id='word_1_407' title='bbox 298 2914 443 2968; x_wconf 86' lang='lat' dir='ltr'>volumina</span> <span class='ocrx_word' id='word_1_408' title='bbox 460 2916 489 2968; x_wconf 92' lang='lat' dir='ltr'>in</span> <span class='ocrx_word' id='word_1_409' title='bbox 505 2916 634 2987; x_wconf 79' lang='lat' dir='ltr'>Epistolae</span> <span class='ocrx_word' id='word_1_410' title='bbox 655 2918 690 2970; x_wconf 86' lang='lat' dir='ltr'>ed</span> <span class='ocrx_word' id='word_1_411' title='bbox 709 2919 822 2973; x_wconf 76' lang='lat' dir='ltr'>delatos</span> <span class='ocrx_word' id='word_1_412' title='bbox 864 2918 928 2973; x_wconf 88' lang='lat' dir='ltr'>liter</span> <span class='ocrx_word' id='word_1_413' title='bbox 942 2918 977 2973; x_wconf 89' lang='lat' dir='ltr'>ad</span> <span class='ocrx_word' id='word_1_414' title='bbox 989 2918 1109 2978; x_wconf 78' lang='lat' dir='ltr'>ludens,</span> <span class='ocrx_word' id='word_1_415' title='bbox 1121 2921 1206 2973; x_wconf 90' lang='lat' dir='ltr'>etecs</span> <span class='ocrx_word' id='word_1_416' title='bbox 1219 2913 1661 2988; x_wconf 85' lang='lat' dir='ltr'>meximequideclrcumcisione</span> 
     </span>
     <span class='ocr_line' id='line_1_31' title="bbox 55 2998 1660 3076; baseline 0.002 -23"><span class='ocrx_word' id='word_1_417' title='bbox 55 2998 222 3067; x_wconf 73' lang='lat' dir='ltr'>rxplsustione</span> <span class='ocrx_word' id='word_1_418' title='bbox 248 3003 424 3057; x_wconf 88' lang='lat' dir='ltr'>dictavimus.</span> <span class='ocrx_word' id='word_1_419' title='bbox 452 3004 533 3058; x_wconf 86' lang='lat' dir='ltr'>Telos</span> <span class='ocrx_word' id='word_1_420' title='bbox 566 3006 694 3059; x_wconf 85' lang='lat' dir='ltr'>homines</span> <span class='ocrx_word' id='word_1_421' title='bbox 726 3008 823 3062; x_wconf 90' lang='lat' dir='ltr'>doctor</span> <span class='ocrx_word' id='word_1_422' title='bbox 863 3013 939 3071; x_wconf 87' lang='lat' dir='ltr'>aunt,</span> <span class='ocrx_word' id='word_1_423' title='bbox 949 3007 999 3060; x_wconf 84' lang='lat' dir='ltr'>sed</span> <span class='ocrx_word' id='word_1_424' title='bbox 1013 3007 1048 3060; x_wconf 88' lang='lat' dir='ltr'>cd</span> <span class='ocrx_word' id='word_1_425' title='bbox 1063 3006 1167 3061; x_wconf 90' lang='lat' dir='ltr'>multos</span> <span class='ocrx_word' id='word_1_426' title='bbox 1179 3005 1327 3066; x_wconf 75' lang='lat' dir='ltr'>referetur,</span> <span class='ocrx_word' id='word_1_427' title='bbox 1339 3005 1387 3076; x_wconf 92' lang='lat' dir='ltr'>qui</span> <span class='ocrx_word' id='word_1_428' title='bbox 1402 3014 1458 3061; x_wconf 88' lang='lat' dir='ltr'>hon</span> <span class='ocrx_word' id='word_1_429' title='bbox 1469 3003 1572 3058; x_wconf 91' lang='lat' dir='ltr'>subditi</span> <span class='ocrx_word' id='word_1_430' title='bbox 1584 3008 1660 3067; x_wconf 90' lang='lat' dir='ltr'>sunt,</span> 
     </span>
     <span class='ocr_line' id='line_1_32' title="bbox 54 3061 1660 3167; baseline 0.001 -24"><span class='ocrx_word' id='word_1_431' title='bbox 54 3084 162 3151; x_wconf 68' lang='lat' dir='ltr'>husie,</span> <span class='ocrx_word' id='word_1_432' title='bbox 176 3091 222 3145; x_wconf 88' lang='lat' dir='ltr'>cui</span> <span class='ocrx_word' id='word_1_433' title='bbox 236 3092 338 3147; x_wconf 76' lang='lat' dir='ltr'>anime</span> <span class='ocrx_word' id='word_1_434' title='bbox 357 3093 525 3163; x_wconf 91' lang='lat' dir='ltr'>populorum</span> <span class='ocrx_word' id='word_1_435' title='bbox 542 3094 655 3148; x_wconf 86' lang='lat' dir='ltr'>credltm</span> <span class='ocrx_word' id='word_1_436' title='bbox 669 3061 853 3157; x_wconf 71' lang='lat' dir='ltr'>sunttlcri-c</span> <span class='ocrx_word' id='word_1_437' title='bbox 864 3102 893 3150; x_wconf 92' lang='lat' dir='ltr'>ct</span> <span class='ocrx_word' id='word_1_438' title='bbox 911 3095 1053 3167; x_wconf 81' lang='lat' dir='ltr'>vaniloqui</span> <span class='ocrx_word' id='word_1_439' title='bbox 1076 3095 1259 3151; x_wconf 73' lang='lat' dir='ltr'>stertentium</span> <span class='ocrx_word' id='word_1_440' title='bbox 1283 3094 1454 3164; x_wconf 83' lang='lat' dir='ltr'>deceptores,</span> <span class='ocrx_word' id='word_1_441' title='bbox 1479 3092 1526 3163; x_wconf 91' lang='lat' dir='ltr'>qui</span> <span class='ocrx_word' id='word_1_442' title='bbox 1552 3092 1660 3162; x_wconf 91' lang='lat' dir='ltr'>utique,</span> 
     </span>
     <span class='ocr_line' id='line_1_33' title="bbox 53 3178 1659 3255; baseline 0.001 -23"><span class='ocrx_word' id='word_1_443' title='bbox 53 3180 172 3244; x_wconf 63' lang='lat' dir='ltr'>murum</span> <span class='ocrx_word' id='word_1_444' title='bbox 185 3178 272 3233; x_wconf 91' lang='lat' dir='ltr'>debet</span> <span class='ocrx_word' id='word_1_445' title='bbox 283 3181 395 3235; x_wconf 79' lang='lat' dir='ltr'>radone</span> <span class='ocrx_word' id='word_1_446' title='bbox 406 3198 549 3252; x_wconf 80' lang='lat' dir='ltr'>superero,</span> <span class='ocrx_word' id='word_1_447' title='bbox 566 3187 594 3238; x_wconf 90' lang='lat' dir='ltr'>et</span> <span class='ocrx_word' id='word_1_448' title='bbox 607 3184 752 3238; x_wconf 89' lang='lat' dir='ltr'>silentium</span> <span class='ocrx_word' id='word_1_449' title='bbox 767 3186 822 3239; x_wconf 90' lang='lat' dir='ltr'>illis</span> <span class='ocrx_word' id='word_1_450' title='bbox 864 3184 931 3255; x_wconf 87' lang='lat' dir='ltr'>quie</span> <span class='ocrx_word' id='word_1_451' title='bbox 945 3185 973 3239; x_wconf 93' lang='lat' dir='ltr'>in</span> <span class='ocrx_word' id='word_1_452' title='bbox 987 3187 1072 3239; x_wconf 80' lang='lat' dir='ltr'>Crete</span> <span class='ocrx_word' id='word_1_453' title='bbox 1081 3186 1172 3251; x_wconf 83' lang='lat' dir='ltr'>erunt,</span> <span class='ocrx_word' id='word_1_454' title='bbox 1182 3185 1329 3239; x_wconf 83' lang='lat' dir='ltr'>Cretenses</span> <span class='ocrx_word' id='word_1_455' title='bbox 1339 3183 1425 3238; x_wconf 82' lang='lat' dir='ltr'>titisse</span> <span class='ocrx_word' id='word_1_456' title='bbox 1439 3180 1570 3236; x_wconf 88' lang='lat' dir='ltr'>credendi</span> <span class='ocrx_word' id='word_1_457' title='bbox 1583 3184 1659 3234; x_wconf 89' lang='lat' dir='ltr'>sunt.</span> 
     </span>
     <span class='ocr_line' id='line_1_34' title="bbox 52 3264 1661 3342; baseline 0.001 -23"><span class='ocrx_word' id='word_1_458' title='bbox 52 3264 601 3342; x_wconf 62' lang='lat' dir='ltr'>mnodommpondereimpcnere:qui</span> <span class='ocrx_word' id='word_1_459' title='bbox 617 3280 824 3330; x_wconf 86' lang='lat' dir='ltr'>nonunemsut</span> <span class='ocrx_word' id='word_1_460' title='bbox 863 3274 972 3328; x_wconf 89' lang='lat' dir='ltr'>Dicitur</span> <span class='ocrx_word' id='word_1_461' title='bbox 989 3280 1085 3328; x_wconf 82' lang='lat' dir='ltr'>eutem</span> <span class='ocrx_word' id='word_1_462' title='bbox 1109 3275 1161 3327; x_wconf 89' lang='lat' dir='ltr'>istc</span> <span class='ocrx_word' id='word_1_463' title='bbox 1181 3273 1333 3328; x_wconf 80' lang='lat' dir='ltr'>versiculus</span> <span class='ocrx_word' id='word_1_464' title='bbox 1353 3272 1382 3327; x_wconf 90' lang='lat' dir='ltr'>iu</span> <span class='ocrx_word' id='word_1_465' title='bbox 1407 3269 1579 3341; x_wconf 86' lang='lat' dir='ltr'>Epimenidis</span> <span class='ocrx_word' id='word_1_466' title='bbox 1592 3270 1661 3323; x_wconf 58' lang='lat' dir='ltr'>[ires</span> 
     </span>
     <span class='ocr_line' id='line_1_35' title="bbox 52 3356 1661 3433; baseline 0.001 -23"><span class='ocrx_word' id='word_1_467' title='bbox 52 3356 242 3424; x_wconf 68' lang='lat' dir='ltr'>meumes,</span> <span class='ocrx_word' id='word_1_468' title='bbox 253 3359 302 3412; x_wconf 90' lang='lat' dir='ltr'>sed</span> <span class='ocrx_word' id='word_1_469' title='bbox 318 3361 462 3414; x_wconf 80' lang='lat' dir='ltr'>universes</span> <span class='ocrx_word' id='word_1_470' title='bbox 476 3377 540 3419; x_wconf 81' lang='lat' dir='ltr'>cuin</span> <span class='ocrx_word' id='word_1_471' title='bbox 558 3362 678 3415; x_wconf 88' lang='lat' dir='ltr'>dominis</span> <span class='ocrx_word' id='word_1_472' title='bbox 693 3362 821 3417; x_wconf 86' lang='lat' dir='ltr'>familiis·</span> <span class='ocrx_word' id='word_1_473' title='bbox 862 3363 951 3417; x_wconf 87' lang='lat' dir='ltr'>tensis</span> <span class='ocrx_word' id='word_1_474' title='bbox 965 3369 1053 3433; x_wconf 80' lang='lat' dir='ltr'>poete</span> <span class='ocrx_word' id='word_1_475' title='bbox 1068 3362 1186 3417; x_wconf 81' lang='lat' dir='ltr'>oraculis</span> <span class='ocrx_word' id='word_1_476' title='bbox 1202 3361 1335 3432; x_wconf 85' lang='lat' dir='ltr'>reperiri;</span> <span class='ocrx_word' id='word_1_477' title='bbox 1353 3376 1436 3432; x_wconf 82' lang='lat' dir='ltr'>quens</span> <span class='ocrx_word' id='word_1_478' title='bbox 1450 3360 1480 3414; x_wconf 93' lang='lat' dir='ltr'>in</span> <span class='ocrx_word' id='word_1_479' title='bbox 1501 3359 1661 3430; x_wconf 69' lang='lat' dir='ltr'>presentiu-</span> 
     </span>
     <span class='ocr_line' id='line_1_36' title="bbox 52 3444 1661 3521; baseline 0 -22"><span class='ocrx_word' id='word_1_480' title='bbox 52 3454 93 3509; x_wconf 73' lang='lat' dir='ltr'>tut</span> <span class='ocrx_word' id='word_1_481' title='bbox 108 3444 275 3502; x_wconf 84' lang='lat' dir='ltr'>subvertunt.</span> <span class='ocrx_word' id='word_1_482' title='bbox 295 3448 427 3503; x_wconf 87' lang='lat' dir='ltr'>docentes</span> <span class='ocrx_word' id='word_1_483' title='bbox 446 3450 480 3502; x_wconf 91' lang='lat' dir='ltr'>dc</span> <span class='ocrx_word' id='word_1_484' title='bbox 499 3449 625 3504; x_wconf 90' lang='lat' dir='ltr'>ciborum</span> <span class='ocrx_word' id='word_1_485' title='bbox 645 3451 820 3506; x_wconf 88' lang='lat' dir='ltr'>dillerentiis.</span> <span class='ocrx_word' id='word_1_486' title='bbox 863 3467 926 3505; x_wconf 89' lang='lat' dir='ltr'>rum</span> <span class='ocrx_word' id='word_1_487' title='bbox 942 3451 999 3504; x_wconf 89' lang='lat' dir='ltr'>aiva</span> <span class='ocrx_word' id='word_1_488' title='bbox 1013 3451 1141 3505; x_wconf 87' lang='lat' dir='ltr'>elludens</span> <span class='ocrx_word' id='word_1_489' title='bbox 1154 3450 1320 3521; x_wconf 82' lang='lat' dir='ltr'>prophetem</span> <span class='ocrx_word' id='word_1_490' title='bbox 1335 3449 1452 3513; x_wconf 83' lang='lat' dir='ltr'>rocevit,</span> <span class='ocrx_word' id='word_1_491' title='bbox 1466 3447 1541 3518; x_wconf 85' lang='lat' dir='ltr'>quod</span> <span class='ocrx_word' id='word_1_492' title='bbox 1556 3446 1661 3501; x_wconf 87' lang='lat' dir='ltr'>seilicet</span> 
     </span>
     <span class='ocr_line' id='line_1_37' title="bbox 52 3518 1658 3606; baseline 0 -18"><span class='ocrx_word' id='word_1_493' title='bbox 52 3527 78 3581; x_wconf 71' lang='lat' dir='ltr'>it</span> <span class='ocrx_word' id='word_1_494' title='bbox 95 3532 186 3589; x_wconf 85' lang='lat' dir='ltr'>ssbstti</span> <span class='ocrx_word' id='word_1_495' title='bbox 205 3537 265 3606; x_wconf 76' lang='lat' dir='ltr'>ism</span> <span class='ocrx_word' id='word_1_496' title='bbox 283 3537 351 3590; x_wconf 90' lang='lat' dir='ltr'>olim</span> <span class='ocrx_word' id='word_1_497' title='bbox 370 3537 531 3604; x_wconf 80' lang='lat' dir='ltr'>abolitione,</span> <span class='ocrx_word' id='word_1_498' title='bbox 547 3539 581 3592; x_wconf 92' lang='lat' dir='ltr'>de</span> <span class='ocrx_word' id='word_1_499' title='bbox 603 3518 822 3595; x_wconf 73' lang='lat' dir='ltr'>circumcisionis</span> <span class='ocrx_word' id='word_1_500' title='bbox 862 3540 933 3595; x_wconf 80' lang='lat' dir='ltr'>teies</span> <span class='ocrx_word' id='word_1_501' title='bbox 944 3538 1104 3603; x_wconf 75' lang='lat' dir='ltr'>Christiani,</span> <span class='ocrx_word' id='word_1_502' title='bbox 1116 3539 1187 3593; x_wconf 79' lang='lat' dir='ltr'>tales</span> <span class='ocrx_word' id='word_1_503' title='bbox 1197 3543 1361 3592; x_wconf 84' lang='lat' dir='ltr'>mereantur</span> <span class='ocrx_word' id='word_1_504' title='bbox 1378 3534 1482 3591; x_wconf 89' lang='lat' dir='ltr'>habere</span> <span class='ocrx_word' id='word_1_505' title='bbox 1498 3535 1658 3606; x_wconf 84' lang='lat' dir='ltr'>prophetes,</span> 
     </span>
     <span class='ocr_line' id='line_1_38' title="bbox 52 3616 1661 3699; baseline -0.001 -22"><span class='ocrx_word' id='word_1_506' title='bbox 52 3616 133 3688; x_wconf 66' lang='lat' dir='ltr'>biurio</span> <span class='ocrx_word' id='word_1_507' title='bbox 143 3641 149 3677; x_wconf 73' lang='grc' dir='ltr'><em>ε</em></span> <span class='ocrx_word' id='word_1_508' title='bbox 161 3630 246 3695; x_wconf 89' lang='lat' dir='ltr'>atque</span> <span class='ocrx_word' id='word_1_509' title='bbox 253 3626 363 3679; x_wconf 83' lang='lat' dir='ltr'>utinam</span> <span class='ocrx_word' id='word_1_510' title='bbox 379 3627 429 3680; x_wconf 86' lang='lat' dir='ltr'>hoc</span> <span class='ocrx_word' id='word_1_511' title='bbox 444 3627 536 3697; x_wconf 87' lang='lat' dir='ltr'>ipsum</span> <span class='ocrx_word' id='word_1_512' title='bbox 547 3628 678 3682; x_wconf 83' lang='lat' dir='ltr'>nclctldei</span> <span class='ocrx_word' id='word_1_513' title='bbox 689 3622 820 3693; x_wconf 79' lang='lat' dir='ltr'>fecerent,</span> <span class='ocrx_word' id='word_1_514' title='bbox 864 3628 1004 3699; x_wconf 89' lang='lat' dir='ltr'>quemodo</span> <span class='ocrx_word' id='word_1_515' title='bbox 1019 3634 1047 3680; x_wconf 90' lang='lat' dir='ltr'>et</span> <span class='ocrx_word' id='word_1_516' title='bbox 1062 3627 1204 3698; x_wconf 77' lang='lat' dir='ltr'>prophete</span> <span class='ocrx_word' id='word_1_517' title='bbox 1219 3632 1301 3681; x_wconf 86' lang='lat' dir='ltr'>erent</span> <span class='ocrx_word' id='word_1_518' title='bbox 1314 3626 1390 3685; x_wconf 84' lang='lat' dir='ltr'>Bnel,</span> <span class='ocrx_word' id='word_1_519' title='bbox 1407 3631 1436 3678; x_wconf 86' lang='lat' dir='ltr'>et</span> <span class='ocrx_word' id='word_1_520' title='bbox 1449 3624 1587 3696; x_wconf 87' lang='lat' dir='ltr'>prophete</span> <span class='ocrx_word' id='word_1_521' title='bbox 1597 3638 1661 3676; x_wconf 90' lang='lat' dir='ltr'>cou-</span> 
     </span>
     <span class='ocr_line' id='line_1_39' title="bbox 52 3710 1661 3787; baseline -0.001 -21"><span class='ocrx_word' id='word_1_522' title='bbox 52 3718 151 3779; x_wconf 68' lang='lat' dir='ltr'>npsrts</span> <span class='ocrx_word' id='word_1_523' title='bbox 163 3714 258 3784; x_wconf 84' lang='lat' dir='ltr'>aliquo</span> <span class='ocrx_word' id='word_1_524' title='bbox 278 3721 372 3784; x_wconf 87' lang='lat' dir='ltr'>posset</span> <span class='ocrx_word' id='word_1_525' title='bbox 390 3715 505 3783; x_wconf 77' lang='lat' dir='ltr'>ignosci,</span> <span class='ocrx_word' id='word_1_526' title='bbox 530 3717 641 3771; x_wconf 87' lang='lat' dir='ltr'>dicente</span> <span class='ocrx_word' id='word_1_527' title='bbox 662 3719 795 3787; x_wconf 75' lang='lat' dir='ltr'>Aqmstclo</span> <span class='ocrx_word' id='word_1_528' title='bbox 814 3737 819 3771; x_wconf 75' lang='grc' dir='ltr'><em>ι</em></span> <span class='ocrx_word' id='word_1_529' title='bbox 862 3717 990 3782; x_wconf 85' lang='lat' dir='ltr'>fusionis,</span> <span class='ocrx_word' id='word_1_530' title='bbox 1012 3721 1040 3769; x_wconf 90' lang='lat' dir='ltr'>et</span> <span class='ocrx_word' id='word_1_531' title='bbox 1059 3715 1105 3768; x_wconf 90' lang='lat' dir='ltr'>alii</span> <span class='ocrx_word' id='word_1_532' title='bbox 1125 3715 1320 3777; x_wconf 88' lang='lat' dir='ltr'>olleuaicnum,</span> <span class='ocrx_word' id='word_1_533' title='bbox 1335 3719 1364 3768; x_wconf 89' lang='lat' dir='ltr'>et</span> <span class='ocrx_word' id='word_1_534' title='bbox 1381 3728 1562 3784; x_wconf 87' lang='lat' dir='ltr'>quoscunque</span> <span class='ocrx_word' id='word_1_535' title='bbox 1581 3710 1661 3764; x_wconf 86' lang='lat' dir='ltr'>vitio·</span> 
     </span>
     <span class='ocr_line' id='line_1_40' title="bbox 55 3796 1658 3875; baseline 0.001 -21"><span class='ocrx_word' id='word_1_536' title='bbox 55 3796 208 3867; x_wconf 68' lang='lat' dir='ltr'>&#39;Gonhmon</span> <span class='ocrx_word' id='word_1_537' title='bbox 222 3803 315 3857; x_wconf 90' lang='lat' dir='ltr'>selum</span> <span class='ocrx_word' id='word_1_538' title='bbox 330 3805 380 3858; x_wconf 90' lang='lat' dir='ltr'>Dei</span> <span class='ocrx_word' id='word_1_539' title='bbox 398 3803 512 3865; x_wconf 87' lang='lat' dir='ltr'>hebent,</span> <span class='ocrx_word' id='word_1_540' title='bbox 528 3805 576 3858; x_wconf 90' lang='lat' dir='ltr'>sed</span> <span class='ocrx_word' id='word_1_541' title='bbox 596 3822 652 3859; x_wconf 90' lang='lat' dir='ltr'>non</span> <span class='ocrx_word' id='word_1_542' title='bbox 667 3807 821 3861; x_wconf 87' lang='lat' dir='ltr'>secundum</span> <span class='ocrx_word' id='word_1_543' title='bbox 863 3822 908 3861; x_wconf 85' lang='lat' dir='ltr'>sos</span> <span class='ocrx_word' id='word_1_544' title='bbox 931 3805 1091 3875; x_wconf 83' lang='lat' dir='ltr'>prophetes,</span> <span class='ocrx_word' id='word_1_545' title='bbox 1106 3803 1246 3873; x_wconf 85' lang='lat' dir='ltr'>scriptura</span> <span class='ocrx_word' id='word_1_546' title='bbox 1266 3805 1478 3857; x_wconf 84' lang='lat' dir='ltr'>commemoret.</span> <span class='ocrx_word' id='word_1_547' title='bbox 1496 3801 1559 3855; x_wconf 78' lang='lat' dir='ltr'>Sive</span> <span class='ocrx_word' id='word_1_548' title='bbox 1584 3814 1658 3855; x_wconf 78' lang='lat' dir='ltr'>sere.</span> 
     </span>
     <span class='ocr_line' id='line_1_41' title="bbox 52 3884 1662 3966; baseline -0.006 -14"><span class='ocrx_word' id='word_1_549' title='bbox 52 3884 170 3943; x_wconf 56' lang='lat' dir='ltr'>”imm</span> <span class='ocrx_word' id='word_1_550' title='bbox 186 3893 270 3951; x_wconf 78' lang='lat' dir='ltr'>idom.</span> <span class='ocrx_word' id='word_1_551' title='bbox 283 3896 322 3959; x_wconf 74' lang='lat' dir='ltr'>x).</span> <span class='ocrx_word' id='word_1_552' title='bbox 342 3914 353 3941; x_wconf 84' lang='lat' dir='ltr'>s</span> <span class='ocrx_word' id='word_1_553' title='bbox 371 3893 476 3947; x_wconf 81' lang='lat' dir='ltr'>Verum</span> <span class='ocrx_word' id='word_1_554' title='bbox 492 3894 608 3953; x_wconf 89' lang='lat' dir='ltr'>nuncid</span> <span class='ocrx_word' id='word_1_555' title='bbox 630 3893 737 3949; x_wconf 86' lang='lat' dir='ltr'>sseiunt</span> <span class='ocrx_word' id='word_1_556' title='bbox 755 3895 822 3966; x_wconf 84' lang='lat' dir='ltr'>quie</span> <span class='ocrx_word' id='word_1_557' title='bbox 862 3894 929 3965; x_wconf 87' lang='lat' dir='ltr'>quie</span> <span class='ocrx_word' id='word_1_558' title='bbox 943 3894 978 3947; x_wconf 90' lang='lat' dir='ltr'>de</span> <span class='ocrx_word' id='word_1_559' title='bbox 993 3892 1112 3947; x_wconf 83' lang='lat' dir='ltr'>craculis</span> <span class='ocrx_word' id='word_1_560' title='bbox 1126 3891 1271 3962; x_wconf 87' lang='lat' dir='ltr'>scripserit</span> <span class='ocrx_word' id='word_1_561' title='bbox 1283 3896 1369 3962; x_wconf 85' lang='lat' dir='ltr'>atque</span> <span class='ocrx_word' id='word_1_562' title='bbox 1387 3889 1538 3960; x_wconf 85' lang='lat' dir='ltr'>responsis,</span> <span class='ocrx_word' id='word_1_563' title='bbox 1555 3904 1617 3959; x_wconf 77' lang='lat' dir='ltr'>que</span> <span class='ocrx_word' id='word_1_564' title='bbox 1632 3894 1662 3942; x_wconf 90' lang='lat' dir='ltr'>et</span> 
     </span>
     <span class='ocr_line' id='line_1_42' title="bbox 52 3970 1661 4055; baseline 0.001 -26"><span class='ocrx_word' id='word_1_565' title='bbox 52 3970 389 4052; x_wconf 72' lang='lat' dir='ltr'>incessenterlpsorum</span> <span class='ocrx_word' id='word_1_566' title='bbox 398 3984 510 4050; x_wconf 80' lang='lat' dir='ltr'>(Philip.</span> <span class='ocrx_word' id='word_1_567' title='bbox 523 3985 571 4052; x_wconf 83' lang='lat' dir='ltr'>in),</span> <span class='ocrx_word' id='word_1_568' title='bbox 578 3983 669 4053; x_wconf 91' lang='lat' dir='ltr'>turpis</span> <span class='ocrx_word' id='word_1_569' title='bbox 680 3984 748 4037; x_wconf 88' lang='lat' dir='ltr'>lucri</span> <span class='ocrx_word' id='word_1_570' title='bbox 759 4000 822 4053; x_wconf 72' lang='lat' dir='ltr'>pre·</span> <span class='ocrx_word' id='word_1_571' title='bbox 863 3983 924 4055; x_wconf 84' lang='lat' dir='ltr'>ipse</span> <span class='ocrx_word' id='word_1_572' title='bbox 946 3982 1042 4043; x_wconf 79' lang='lat' dir='ltr'>tutuno</span> <span class='ocrx_word' id='word_1_573' title='bbox 1061 3981 1253 4052; x_wconf 83' lang='lat' dir='ltr'>pronuntient,</span> <span class='ocrx_word' id='word_1_574' title='bbox 1271 3986 1299 4035; x_wconf 87' lang='lat' dir='ltr'>et</span> <span class='ocrx_word' id='word_1_575' title='bbox 1322 3996 1356 4034; x_wconf 89' lang='lat' dir='ltr'>ee</span> <span class='ocrx_word' id='word_1_576' title='bbox 1378 3995 1439 4051; x_wconf 86' lang='lat' dir='ltr'>quae</span> <span class='ocrx_word' id='word_1_577' title='bbox 1457 3983 1575 4034; x_wconf 81' lang='lat' dir='ltr'>venture</span> <span class='ocrx_word' id='word_1_578' title='bbox 1594 3980 1661 4031; x_wconf 89' lang='lat' dir='ltr'>sunt</span> 
     </span>
     <span class='ocr_line' id='line_1_43' title="bbox 52 4059 1661 4142; baseline 0 -23"><span class='ocrx_word' id='word_1_579' title='bbox 52 4059 174 4121; x_wconf 58' lang='lat' dir='ltr'>&amp;volunt</span> <span class='ocrx_word' id='word_1_580' title='bbox 186 4070 314 4139; x_wconf 86' lang='lat' dir='ltr'>proprios</span> <span class='ocrx_word' id='word_1_581' title='bbox 328 4070 418 4124; x_wconf 80' lang='lat' dir='ltr'>lacere</span> <span class='ocrx_word' id='word_1_582' title='bbox 431 4070 592 4141; x_wconf 86' lang='lat' dir='ltr'>discipules,</span> <span class='ocrx_word' id='word_1_583' title='bbox 605 4078 638 4125; x_wconf 91' lang='lat' dir='ltr'>ut</span> <span class='ocrx_word' id='word_1_584' title='bbox 657 4073 736 4142; x_wconf 86' lang='lat' dir='ltr'>qussi</span> <span class='ocrx_word' id='word_1_585' title='bbox 760 4088 821 4127; x_wconf 86' lang='lat' dir='ltr'>rne-</span> <span class='ocrx_word' id='word_1_586' title='bbox 863 4072 952 4128; x_wconf 86' lang='lat' dir='ltr'>multo</span> <span class='ocrx_word' id='word_1_587' title='bbox 967 4078 1032 4126; x_wconf 83' lang='lat' dir='ltr'>ente</span> <span class='ocrx_word' id='word_1_588' title='bbox 1047 4071 1208 4141; x_wconf 71' lang='lat' dir='ltr'>praedicunt.</span> <span class='ocrx_word' id='word_1_589' title='bbox 1224 4069 1351 4140; x_wconf 86' lang='lat' dir='ltr'>Denique</span> <span class='ocrx_word' id='word_1_590' title='bbox 1365 4069 1424 4140; x_wconf 89' lang='lat' dir='ltr'>ipse</span> <span class='ocrx_word' id='word_1_591' title='bbox 1441 4067 1513 4124; x_wconf 90' lang='lat' dir='ltr'>liber</span> <span class='ocrx_word' id='word_1_592' title='bbox 1528 4066 1661 4122; x_wconf 88' lang='lat' dir='ltr'>Oreculo-</span> 
     </span>
     <span class='ocr_line' id='line_1_44' title="bbox 54 4149 1661 4230; baseline -0.005 -13"><span class='ocrx_word' id='word_1_593' title='bbox 54 4149 113 4217; x_wconf 61' lang='grc' dir='ltr'><em>Μ</em></span> <span class='ocrx_word' id='word_1_594' title='bbox 124 4158 332 4213; x_wconf 66' lang='lat' dir='ltr'>sectatoribus</span> <span class='ocrx_word' id='word_1_595' title='bbox 346 4160 403 4214; x_wconf 90' lang='lat' dir='ltr'>suis</span> <span class='ocrx_word' id='word_1_596' title='bbox 417 4159 539 4213; x_wconf 70' lang='lat' dir='ltr'>aleretur.</span> <span class='ocrx_word' id='word_1_597' title='bbox 559 4161 712 4215; x_wconf 86' lang='lat' dir='ltr'>Possumus</span> <span class='ocrx_word' id='word_1_598' title='bbox 726 4168 821 4216; x_wconf 86' lang='lat' dir='ltr'>eutem</span> <span class='ocrx_word' id='word_1_599' title='bbox 863 4178 925 4215; x_wconf 89' lang='lat' dir='ltr'>rum</span> <span class='ocrx_word' id='word_1_600' title='bbox 940 4161 1023 4214; x_wconf 86' lang='lat' dir='ltr'>titulo</span> <span class='ocrx_word' id='word_1_601' title='bbox 1038 4165 1228 4230; x_wconf 75' lang='lat' dir='ltr'>prenotatur:</span> <span class='ocrx_word' id='word_1_602' title='bbox 1242 4175 1327 4230; x_wconf 88' lang='lat' dir='ltr'>quem</span> <span class='ocrx_word' id='word_1_603' title='bbox 1350 4159 1417 4228; x_wconf 83' lang='lat' dir='ltr'>quie</span> <span class='ocrx_word' id='word_1_604' title='bbox 1433 4157 1580 4212; x_wconf 87' lang='lat' dir='ltr'>videbatur</span> <span class='ocrx_word' id='word_1_605' title='bbox 1593 4154 1661 4210; x_wconf 92' lang='lat' dir='ltr'>divi·</span> 
     </span>
     <span class='ocr_line' id='line_1_45' title="bbox 55 4240 1661 4321; baseline 0.002 -26"><span class='ocrx_word' id='word_1_606' title='bbox 55 4240 338 4318; x_wconf 79' lang='lat' dir='ltr'>ttslitsrinterpretssi</span> <span class='ocrx_word' id='word_1_607' title='bbox 352 4249 404 4302; x_wconf 89' lang='lat' dir='ltr'>hcc</span> <span class='ocrx_word' id='word_1_608' title='bbox 423 4248 497 4319; x_wconf 91' lang='lat' dir='ltr'>quod</span> <span class='ocrx_word' id='word_1_609' title='bbox 512 4248 617 4303; x_wconf 86' lang='lat' dir='ltr'>dicturo</span> <span class='ocrx_word' id='word_1_610' title='bbox 633 4256 684 4314; x_wconf 84' lang='lat' dir='ltr'>est,</span> <span class='ocrx_word' id='word_1_611' title='bbox 702 4267 715 4303; x_wconf 83' lang='lat' dir='ltr'>s</span> <span class='ocrx_word' id='word_1_612' title='bbox 731 4252 822 4321; x_wconf 90' lang='lat' dir='ltr'>turpis</span> <span class='ocrx_word' id='word_1_613' title='bbox 863 4266 931 4304; x_wconf 88' lang='lat' dir='ltr'>num</span> <span class='ocrx_word' id='word_1_614' title='bbox 941 4249 1046 4320; x_wconf 78' lang='lat' dir='ltr'>aliquid</span> <span class='ocrx_word' id='word_1_615' title='bbox 1058 4247 1262 4320; x_wconf 88' lang='lat' dir='ltr'>repromittere,</span> <span class='ocrx_word' id='word_1_616' title='bbox 1274 4254 1424 4319; x_wconf 76' lang='lat' dir='ltr'>propterea</span> <span class='ocrx_word' id='word_1_617' title='bbox 1437 4246 1603 4318; x_wconf 83' lang='lat' dir='ltr'>Apostolum</span> <span class='ocrx_word' id='word_1_618' title='bbox 1617 4260 1661 4298; x_wconf 88' lang='lat' dir='ltr'>er·</span> 
     </span>
     <span class='ocr_line' id='line_1_46' title="bbox 57 4323 1659 4433; baseline -0.002 -44"><span class='ocrx_word' id='word_1_619' title='bbox 57 4323 221 4403; x_wconf 60' lang='lat' dir='ltr'>bipede·</span> <span class='ocrx_word' id='word_1_620' title='bbox 232 4341 265 4391; x_wconf 94' lang='lat' dir='ltr'>ut</span> <span class='ocrx_word' id='word_1_621' title='bbox 274 4341 407 4407; x_wconf 88' lang='lat' dir='ltr'>putemus</span> <span class='ocrx_word' id='word_1_622' title='bbox 416 4338 580 4408; x_wconf 83' lang='lat' dir='ltr'>Apostolum</span> <span class='ocrx_word' id='word_1_623' title='bbox 589 4339 730 4393; x_wconf 88' lang='lat' dir='ltr'>communi</span> <span class='ocrx_word' id='word_1_624' title='bbox 738 4339 822 4394; x_wconf 90' lang='lat' dir='ltr'>verbo</span> <span class='ocrx_word' id='word_1_625' title='bbox 832 4338 952 4433; x_wconf 54' lang='lat' dir='ltr'>libitmr</span> <span class='ocrx_word' id='word_1_626' title='bbox 962 4338 1124 4408; x_wconf 86' lang='lat' dir='ltr'>inspexisse,</span> <span class='ocrx_word' id='word_1_627' title='bbox 1132 4343 1165 4393; x_wconf 93' lang='lat' dir='ltr'>ut</span> <span class='ocrx_word' id='word_1_628' title='bbox 1173 4337 1280 4393; x_wconf 88' lang='lat' dir='ltr'>videret</span> <span class='ocrx_word' id='word_1_629' title='bbox 1292 4337 1359 4409; x_wconf 91' lang='lat' dir='ltr'>quid</span> <span class='ocrx_word' id='word_1_630' title='bbox 1367 4335 1516 4407; x_wconf 79' lang='lat' dir='ltr'>gentilium</span> <span class='ocrx_word' id='word_1_631' title='bbox 1525 4332 1659 4390; x_wconf 86' lang='lat' dir='ltr'>divinatio</span> 
     </span>
     <span class='ocr_line' id='line_1_47' title="bbox 56 4421 1657 4497; baseline 0 -23"><span class='ocrx_word' id='word_1_632' title='bbox 56 4428 125 4479; x_wconf 65' lang='lat' dir='ltr'>um.</span> <span class='ocrx_word' id='word_1_633' title='bbox 138 4439 189 4493; x_wconf 90' lang='lat' dir='ltr'>quo</span> <span class='ocrx_word' id='word_1_634' title='bbox 199 4442 297 4480; x_wconf 79' lang='lat' dir='ltr'>omnes</span> <span class='ocrx_word' id='word_1_635' title='bbox 312 4426 435 4481; x_wconf 75' lang='lat' dir='ltr'>heretici</span> <span class='ocrx_word' id='word_1_636' title='bbox 448 4442 512 4480; x_wconf 91' lang='lat' dir='ltr'>eum</span> <span class='ocrx_word' id='word_1_637' title='bbox 526 4442 656 4496; x_wconf 82' lang='lat' dir='ltr'>perverse</span> <span class='ocrx_word' id='word_1_638' title='bbox 670 4428 780 4493; x_wconf 88' lang='lat' dir='ltr'>docent,</span> <span class='ocrx_word' id='word_1_639' title='bbox 792 4446 822 4482; x_wconf 90' lang='lat' dir='ltr'>sc</span> <span class='ocrx_word' id='word_1_640' title='bbox 863 4427 1041 4497; x_wconf 83' lang='lat' dir='ltr'>pelliceretur</span> <span class='ocrx_word' id='word_1_641' title='bbox 1054 4445 1059 4479; x_wconf 75' lang='grc' dir='ltr'><em>τ</em></span> <span class='ocrx_word' id='word_1_642' title='bbox 1070 4434 1099 4480; x_wconf 91' lang='lat' dir='ltr'>et</span> <span class='ocrx_word' id='word_1_643' title='bbox 1114 4427 1143 4481; x_wconf 93' lang='lat' dir='ltr'>in</span> <span class='ocrx_word' id='word_1_644' title='bbox 1160 4432 1288 4497; x_wconf 86' lang='lat' dir='ltr'>tempore</span> <span class='ocrx_word' id='word_1_645' title='bbox 1302 4426 1422 4481; x_wconf 86' lang='lat' dir='ltr'>ebusum</span> <span class='ocrx_word' id='word_1_646' title='bbox 1436 4440 1497 4478; x_wconf 87' lang='lat' dir='ltr'>esse</span> <span class='ocrx_word' id='word_1_647' title='bbox 1511 4421 1657 4484; x_wconf 90' lang='lat' dir='ltr'>versiculo,</span> 
     </span>
     <span class='ocr_line' id='line_1_48' title="bbox 58 4500 1659 4585; baseline 0.001 -24"><span class='ocrx_word' id='word_1_648' title='bbox 58 4500 400 4569; x_wconf 77' lang='lat' dir='ltr'>bmnemsolentssscrcre</span> <span class='ocrx_word' id='word_1_649' title='bbox 408 4516 642 4580; x_wconf 83' lang='lat' dir='ltr'>lucretur·es,eu1n</span> <span class='ocrx_word' id='word_1_650' title='bbox 648 4533 704 4571; x_wconf 89' lang='lat' dir='ltr'>non</span> <span class='ocrx_word' id='word_1_651' title='bbox 712 4517 822 4572; x_wconf 85' lang='lat' dir='ltr'>lucrum</span> <span class='ocrx_word' id='word_1_652' title='bbox 862 4514 1030 4570; x_wconf 85' lang='lat' dir='ltr'>scribentem</span> <span class='ocrx_word' id='word_1_653' title='bbox 1040 4514 1177 4570; x_wconf 85' lang='lat' dir='ltr'>edTitum</span> <span class='ocrx_word' id='word_1_654' title='bbox 1194 4514 1242 4585; x_wconf 86' lang='lat' dir='ltr'>qul</span> <span class='ocrx_word' id='word_1_655' title='bbox 1255 4520 1317 4568; x_wconf 89' lang='lat' dir='ltr'>erat</span> <span class='ocrx_word' id='word_1_656' title='bbox 1330 4516 1436 4569; x_wconf 76' lang='lat' dir='ltr'>Gretsi:</span> <span class='ocrx_word' id='word_1_657' title='bbox 1449 4516 1482 4566; x_wconf 91' lang='lat' dir='ltr'>ut</span> <span class='ocrx_word' id='word_1_658' title='bbox 1496 4511 1580 4566; x_wconf 80' lang='lat' dir='ltr'>falsos</span> <span class='ocrx_word' id='word_1_659' title='bbox 1595 4510 1659 4564; x_wconf 80' lang='lat' dir='ltr'>Ore</span> 
     </span>
     <span class='ocr_line' id='line_1_49' title="bbox 60 4592 1657 4676; baseline -0.003 -19"><span class='ocrx_word' id='word_1_660' title='bbox 60 4592 147 4657; x_wconf 62' lang='lat' dir='ltr'>&#39;hed</span> <span class='ocrx_word' id='word_1_661' title='bbox 163 4603 292 4672; x_wconf 78' lang='lat' dir='ltr'>perdide,</span> <span class='ocrx_word' id='word_1_662' title='bbox 318 4605 428 4658; x_wconf 85' lang='lat' dir='ltr'>enimes</span> <span class='ocrx_word' id='word_1_663' title='bbox 448 4606 606 4659; x_wconf 84' lang='lat' dir='ltr'>interlicere</span> <span class='ocrx_word' id='word_1_664' title='bbox 629 4605 819 4676; x_wconf 88' lang='lat' dir='ltr'>deceptorum.</span> <span class='ocrx_word' id='word_1_665' title='bbox 863 4603 985 4658; x_wconf 73' lang='lat' dir='ltr'>ensium</span> <span class='ocrx_word' id='word_1_666' title='bbox 995 4604 1122 4658; x_wconf 89' lang='lat' dir='ltr'>doctores</span> <span class='ocrx_word' id='word_1_667' title='bbox 1135 4602 1248 4674; x_wconf 90' lang='lat' dir='ltr'>proprio</span> <span class='ocrx_word' id='word_1_668' title='bbox 1261 4602 1360 4657; x_wconf 82' lang='lat' dir='ltr'>insule</span> <span class='ocrx_word' id='word_1_669' title='bbox 1370 4606 1483 4656; x_wconf 85' lang='lat' dir='ltr'>auctore</span> <span class='ocrx_word' id='word_1_670' title='bbox 1490 4604 1657 4654; x_wconf 86' lang='lat' dir='ltr'>contereret.</span> 
     </span>
     <span class='ocr_line' id='line_1_50' title="bbox 61 4679 1659 4766; baseline 0.001 -25"><span class='ocrx_word' id='word_1_671' title='bbox 61 4679 192 4761; x_wconf 73' lang='lat' dir='ltr'>insequi</span> <span class='ocrx_word' id='word_1_672' title='bbox 205 4700 349 4747; x_wconf 75' lang='lat' dir='ltr'>errantem</span> <span class='ocrx_word' id='word_1_673' title='bbox 362 4694 478 4749; x_wconf 77' lang='lat' dir='ltr'>fratrem</span> <span class='ocrx_word' id='word_1_674' title='bbox 497 4709 580 4747; x_wconf 89' lang='lat' dir='ltr'>suum</span> <span class='ocrx_word' id='word_1_675' title='bbox 598 4694 679 4764; x_wconf 85' lang='lat' dir='ltr'>juxta</span> <span class='ocrx_word' id='word_1_676' title='bbox 701 4695 822 4766; x_wconf 82' lang='lat' dir='ltr'>Evangc-</span> <span class='ocrx_word' id='word_1_677' title='bbox 863 4694 922 4747; x_wconf 89' lang='lat' dir='ltr'>Hcc</span> <span class='ocrx_word' id='word_1_678' title='bbox 936 4698 1031 4747; x_wconf 87' lang='lat' dir='ltr'>cutem</span> <span class='ocrx_word' id='word_1_679' title='bbox 1041 4691 1145 4746; x_wconf 88' lang='lat' dir='ltr'>Pculus</span> <span class='ocrx_word' id='word_1_680' title='bbox 1155 4691 1307 4745; x_wconf 86' lang='lat' dir='ltr'>nouaclum</span> <span class='ocrx_word' id='word_1_681' title='bbox 1320 4690 1349 4745; x_wconf 91' lang='lat' dir='ltr'>in</span> <span class='ocrx_word' id='word_1_682' title='bbox 1361 4691 1414 4745; x_wconf 89' lang='lat' dir='ltr'>hcc</span> <span class='ocrx_word' id='word_1_683' title='bbox 1424 4691 1493 4755; x_wconf 92' lang='lat' dir='ltr'>loco,</span> <span class='ocrx_word' id='word_1_684' title='bbox 1509 4689 1559 4743; x_wconf 92' lang='lat' dir='ltr'>sed</span> <span class='ocrx_word' id='word_1_685' title='bbox 1573 4687 1659 4743; x_wconf 86' lang='lat' dir='ltr'>etism</span> 
     </span>
     <span class='ocr_line' id='line_1_51' title="bbox 63 4765 1660 4851; baseline 0 -21"><span class='ocrx_word' id='word_1_686' title='bbox 63 4765 283 4851; x_wconf 77' lang='lat' dir='ltr'>bnernpuevit,</span> <span class='ocrx_word' id='word_1_687' title='bbox 297 4783 321 4835; x_wconf 85' lang='lat' dir='ltr'>ei</span> <span class='ocrx_word' id='word_1_688' title='bbox 343 4782 429 4836; x_wconf 87' lang='lat' dir='ltr'>suerit</span> <span class='ocrx_word' id='word_1_689' title='bbox 447 4783 495 4835; x_wconf 87' lang='lat' dir='ltr'>illc</span> <span class='ocrx_word' id='word_1_690' title='bbox 514 4799 671 4847; x_wconf 87' lang='lat' dir='ltr'>conversus,</span> <span class='ocrx_word' id='word_1_691' title='bbox 698 4784 822 4838; x_wconf 84' lang='lat' dir='ltr'>lucratus</span> <span class='ocrx_word' id='word_1_692' title='bbox 864 4781 893 4836; x_wconf 91' lang='lat' dir='ltr'>in</span> <span class='ocrx_word' id='word_1_693' title='bbox 914 4781 977 4835; x_wconf 84' lang='lat' dir='ltr'>eliis</span> <span class='ocrx_word' id='word_1_694' title='bbox 1004 4780 1101 4834; x_wconf 85' lang='lat' dir='ltr'>iecisse</span> <span class='ocrx_word' id='word_1_695' title='bbox 1119 4779 1347 4850; x_wconf 87' lang='lat' dir='ltr'>deprehenditur.</span> <span class='ocrx_word' id='word_1_696' title='bbox 1369 4779 1402 4833; x_wconf 90' lang='lat' dir='ltr'>ln</span> <span class='ocrx_word' id='word_1_697' title='bbox 1421 4777 1538 4834; x_wconf 85' lang='lat' dir='ltr'>Actibus</span> <span class='ocrx_word' id='word_1_698' title='bbox 1557 4777 1660 4849; x_wconf 87' lang='lat' dir='ltr'>quippe</span> 
     </span>
     <span class='ocr_line' id='line_1_52' title="bbox 62 4866 1660 4942; baseline 0.001 -24"><span class='ocrx_word' id='word_1_699' title='bbox 62 4866 157 4919; x_wconf 74' lang='lat' dir='ltr'>tticum.</span> <span class='ocrx_word' id='word_1_700' title='bbox 169 4868 248 4933; x_wconf 88' lang='lat' dir='ltr'>Quod</span> <span class='ocrx_word' id='word_1_701' title='bbox 264 4871 340 4924; x_wconf 86' lang='lat' dir='ltr'>enim</span> <span class='ocrx_word' id='word_1_702' title='bbox 350 4873 444 4941; x_wconf 85' lang='lat' dir='ltr'>majus</span> <span class='ocrx_word' id='word_1_703' title='bbox 458 4872 566 4924; x_wconf 89' lang='lat' dir='ltr'>lucrum</span> <span class='ocrx_word' id='word_1_704' title='bbox 582 4877 674 4941; x_wconf 86' lang='lat' dir='ltr'>potest</span> <span class='ocrx_word' id='word_1_705' title='bbox 688 4888 758 4934; x_wconf 85' lang='lat' dir='ltr'>esse,</span> <span class='ocrx_word' id='word_1_706' title='bbox 772 4879 823 4927; x_wconf 88' lang='lat' dir='ltr'>eut</span> <span class='ocrx_word' id='word_1_707' title='bbox 863 4870 1064 4942; x_wconf 88' lang='lat' dir='ltr'>apostulorum,</span> <span class='ocrx_word' id='word_1_708' title='bbox 1081 4884 1144 4923; x_wconf 91' lang='lat' dir='ltr'>cum</span> <span class='ocrx_word' id='word_1_709' title='bbox 1159 4868 1372 4923; x_wconf 74' lang='lat' dir='ltr'>concionaretur</span> <span class='ocrx_word' id='word_1_710' title='bbox 1383 4868 1419 4921; x_wconf 83' lang='lat' dir='ltr'>sd</span> <span class='ocrx_word' id='word_1_711' title='bbox 1434 4868 1579 4940; x_wconf 85' lang='lat' dir='ltr'>populum,</span> <span class='ocrx_word' id='word_1_712' title='bbox 1589 4872 1618 4922; x_wconf 90' lang='lat' dir='ltr'>et</span> <span class='ocrx_word' id='word_1_713' title='bbox 1630 4866 1660 4920; x_wconf 90' lang='lat' dir='ltr'>in</span> 
     </span>
     <span class='ocr_line' id='line_1_53' title="bbox 62 4948 1658 5031; baseline -0.004 -16"><span class='ocrx_word' id='word_1_714' title='bbox 62 4948 104 5015; x_wconf 73' lang='lat' dir='ltr'>rel</span> <span class='ocrx_word' id='word_1_715' title='bbox 115 4958 266 5024; x_wconf 76' lang='lat' dir='ltr'>pretiosius,</span> <span class='ocrx_word' id='word_1_716' title='bbox 285 4975 369 5030; x_wconf 84' lang='lat' dir='ltr'>quem</span> <span class='ocrx_word' id='word_1_717' title='bbox 391 4961 414 5013; x_wconf 89' lang='lat' dir='ltr'>si</span> <span class='ocrx_word' id='word_1_718' title='bbox 438 4961 593 5013; x_wconf 87' lang='lat' dir='ltr'>humnnem</span> <span class='ocrx_word' id='word_1_719' title='bbox 613 4960 737 5014; x_wconf 82' lang='lat' dir='ltr'>enimam</span> <span class='ocrx_word' id='word_1_720' title='bbox 760 4961 822 5031; x_wconf 89' lang='lat' dir='ltr'>quis</span> <span class='ocrx_word' id='word_1_721' title='bbox 863 4960 1019 5028; x_wconf 77' lang='lat' dir='ltr'>Areopago,</span> <span class='ocrx_word' id='word_1_722' title='bbox 1031 4974 1093 5028; x_wconf 75' lang='lat' dir='ltr'>quie</span> <span class='ocrx_word' id='word_1_723' title='bbox 1108 4962 1152 5011; x_wconf 91' lang='lat' dir='ltr'>est</span> <span class='ocrx_word' id='word_1_724' title='bbox 1170 4957 1248 5011; x_wconf 85' lang='lat' dir='ltr'>euris</span> <span class='ocrx_word' id='word_1_725' title='bbox 1261 4956 1476 5023; x_wconf 79' lang='lat' dir='ltr'>Atheniensem,</span> <span class='ocrx_word' id='word_1_726' title='bbox 1492 4956 1658 5028; x_wconf 80' lang='lat' dir='ltr'>disputaret,</span> 
     </span>
     <span class='ocr_line' id='line_1_54' title="bbox 60 5030 1660 5119; baseline -0.001 -21"><span class='ocrx_word' id='word_1_727' title='bbox 60 5030 177 5099; x_wconf 55' lang='lat' dir='ltr'>heure</span> <span class='ocrx_word' id='word_1_728' title='bbox 204 5047 304 5101; x_wconf 84' lang='lat' dir='ltr'>Omnis</span> <span class='ocrx_word' id='word_1_729' title='bbox 327 5049 413 5117; x_wconf 78' lang='lat' dir='ltr'>igitur</span> <span class='ocrx_word' id='word_1_730' title='bbox 434 5049 532 5103; x_wconf 88' lang='lat' dir='ltr'>ductor</span> <span class='ocrx_word' id='word_1_731' title='bbox 556 5049 693 5115; x_wconf 80' lang='lat' dir='ltr'>Ecclesiae,</span> <span class='ocrx_word' id='word_1_732' title='bbox 719 5050 766 5119; x_wconf 92' lang='lat' dir='ltr'>qui</span> <span class='ocrx_word' id='word_1_733' title='bbox 788 5034 822 5103; x_wconf 78' lang='lat' dir='ltr'>rid</span> <span class='ocrx_word' id='word_1_734' title='bbox 863 5049 938 5102; x_wconf 84' lang='lat' dir='ltr'>inter</span> <span class='ocrx_word' id='word_1_735' title='bbox 955 5053 1056 5101; x_wconf 78' lang='lat' dir='ltr'>cetero</span> <span class='ocrx_word' id='word_1_736' title='bbox 1070 5046 1131 5101; x_wconf 84' lang='lat' dir='ltr'>sit:</span> <span class='ocrx_word' id='word_1_737' title='bbox 1150 5065 1161 5096; x_wconf 88' lang='grc' dir='ltr'>ι</span> <span class='ocrx_word' id='word_1_738' title='bbox 1180 5046 1259 5100; x_wconf 87' lang='lat' dir='ltr'>Sicut</span> <span class='ocrx_word' id='word_1_739' title='bbox 1268 5051 1297 5100; x_wconf 88' lang='lat' dir='ltr'>et</span> <span class='ocrx_word' id='word_1_740' title='bbox 1311 5047 1426 5117; x_wconf 84' lang='lat' dir='ltr'>quidem</span> <span class='ocrx_word' id='word_1_741' title='bbox 1438 5047 1472 5100; x_wconf 90' lang='lat' dir='ltr'>dc</span> <span class='ocrx_word' id='word_1_742' title='bbox 1486 5045 1587 5100; x_wconf 86' lang='lat' dir='ltr'>vestris</span> <span class='ocrx_word' id='word_1_743' title='bbox 1595 5059 1660 5114; x_wconf 89' lang='lat' dir='ltr'>pos·</span> 
     </span>
     <span class='ocr_line' id='line_1_55' title="bbox 58 5122 1657 5208; baseline -0.002 -21"><span class='ocrx_word' id='word_1_744' title='bbox 58 5122 132 5187; x_wconf 70' lang='lat' dir='ltr'>then</span> <span class='ocrx_word' id='word_1_745' title='bbox 144 5135 227 5191; x_wconf 88' lang='lat' dir='ltr'>fldem</span> <span class='ocrx_word' id='word_1_746' title='bbox 242 5144 319 5190; x_wconf 84' lang='lat' dir='ltr'>recto</span> <span class='ocrx_word' id='word_1_747' title='bbox 330 5138 440 5191; x_wconf 78' lang='lat' dir='ltr'>ratione</span> <span class='ocrx_word' id='word_1_748' title='bbox 453 5137 613 5208; x_wconf 80' lang='lat' dir='ltr'>persuadet,</span> <span class='ocrx_word' id='word_1_749' title='bbox 629 5138 763 5199; x_wconf 83' lang='lat' dir='ltr'>honestus</span> <span class='ocrx_word' id='word_1_750' title='bbox 779 5139 821 5192; x_wconf 93' lang='lat' dir='ltr'>lu·</span> <span class='ocrx_word' id='word_1_751' title='bbox 864 5134 1265 5207; x_wconf 81' lang='lat' dir='ltr'>tisdixeruntzlpsiusenimet</span> <span class='ocrx_word' id='word_1_752' title='bbox 1275 5138 1542 5204; x_wconf 75' lang='lat' dir='ltr'>genussumuslAet.</span> <span class='ocrx_word' id='word_1_753' title='bbox 1552 5135 1657 5203; x_wconf 71' lang='lat' dir='ltr'>xvsti.»</span> 
     </span>
     <span class='ocr_line' id='line_1_56' title="bbox 54 5223 1658 5298; baseline 0.001 -22"><span class='ocrx_word' id='word_1_754' title='bbox 54 5227 189 5278; x_wconf 55' lang='grc' dir='ltr'>Νοτιεῖς</span> <span class='ocrx_word' id='word_1_755' title='bbox 204 5227 335 5280; x_wconf 86' lang='lat' dir='ltr'>etcrnnis</span> <span class='ocrx_word' id='word_1_756' title='bbox 349 5227 494 5281; x_wconf 73' lang='lat' dir='ltr'>hereticus</span> <span class='ocrx_word' id='word_1_757' title='bbox 509 5227 557 5297; x_wconf 95' lang='lat' dir='ltr'>qui</span> <span class='ocrx_word' id='word_1_758' title='bbox 572 5226 739 5297; x_wconf 86' lang='lat' dir='ltr'>quibusdam</span> <span class='ocrx_word' id='word_1_759' title='bbox 751 5245 822 5298; x_wconf 76' lang='lat' dir='ltr'>prai-</span> <span class='ocrx_word' id='word_1_760' title='bbox 864 5226 944 5290; x_wconf 87' lang='lat' dir='ltr'>Quod</span> <span class='ocrx_word' id='word_1_761' title='bbox 959 5224 1166 5283; x_wconf 86' lang='lat' dir='ltr'>hemistichium</span> <span class='ocrx_word' id='word_1_762' title='bbox 1181 5223 1210 5278; x_wconf 90' lang='lat' dir='ltr'>iu</span> <span class='ocrx_word' id='word_1_763' title='bbox 1231 5224 1426 5279; x_wconf 68' lang='lat' dir='ltr'>Phaenomenis</span> <span class='ocrx_word' id='word_1_764' title='bbox 1445 5225 1524 5280; x_wconf 83' lang='lat' dir='ltr'>Arcti</span> <span class='ocrx_word' id='word_1_765' title='bbox 1545 5224 1658 5294; x_wconf 76' lang='lat' dir='ltr'>legitur,</span> 
     </span>
     <span class='ocr_line' id='line_1_57' title="bbox 51 5307 1662 5387; baseline 0.002 -22"><span class='ocrx_word' id='word_1_766' title='bbox 51 5307 119 5379; x_wconf 70' lang='lat' dir='ltr'>epu</span> <span class='ocrx_word' id='word_1_767' title='bbox 131 5313 258 5369; x_wconf 87' lang='lat' dir='ltr'>homines</span> <span class='ocrx_word' id='word_1_768' title='bbox 271 5316 344 5370; x_wconf 80' lang='lat' dir='ltr'>sellis</span> <span class='ocrx_word' id='word_1_769' title='bbox 364 5321 392 5369; x_wconf 90' lang='lat' dir='ltr'>et</span> <span class='ocrx_word' id='word_1_770' title='bbox 411 5316 526 5381; x_wconf 79' lang='lat' dir='ltr'>tollitur,</span> <span class='ocrx_word' id='word_1_771' title='bbox 544 5316 747 5387; x_wconf 76' lang='lat' dir='ltr'>loquiturque</span> <span class='ocrx_word' id='word_1_772' title='bbox 767 5333 822 5370; x_wconf 92' lang='lat' dir='ltr'>uon</span> <span class='ocrx_word' id='word_1_773' title='bbox 864 5331 948 5386; x_wconf 88' lang='lat' dir='ltr'>quem</span> <span class='ocrx_word' id='word_1_774' title='bbox 966 5313 1062 5369; x_wconf 83' lang='lat' dir='ltr'>Cicero</span> <span class='ocrx_word' id='word_1_775' title='bbox 1082 5313 1111 5368; x_wconf 91' lang='lat' dir='ltr'>in</span> <span class='ocrx_word' id='word_1_776' title='bbox 1129 5312 1259 5367; x_wconf 72' lang='lat' dir='ltr'>Lndnum</span> <span class='ocrx_word' id='word_1_777' title='bbox 1276 5330 1436 5369; x_wconf 89' lang='lat' dir='ltr'>sermonem</span> <span class='ocrx_word' id='word_1_778' title='bbox 1455 5314 1609 5381; x_wconf 72' lang='lat' dir='ltr'>ueneiulit,</span> <span class='ocrx_word' id='word_1_779' title='bbox 1631 5322 1662 5369; x_wconf 87' lang='lat' dir='ltr'>et</span> 
     </span>
     <span class='ocr_line' id='line_1_58' title="bbox 46 5403 1660 5477; baseline 0.001 -21"><span class='ocrx_word' id='word_1_780' title='bbox 46 5408 136 5468; x_wconf 57' lang='lat' dir='ltr'>verte</span> <span class='ocrx_word' id='word_1_781' title='bbox 150 5404 242 5474; x_wconf 88' lang='lat' dir='ltr'>turpis</span> <span class='ocrx_word' id='word_1_782' title='bbox 257 5404 326 5458; x_wconf 91' lang='lat' dir='ltr'>lucri</span> <span class='ocrx_word' id='word_1_783' title='bbox 336 5404 437 5473; x_wconf 79' lang='lat' dir='ltr'>gretia.</span> <span class='ocrx_word' id='word_1_784' title='bbox 863 5404 1047 5460; x_wconf 80' lang='lat' dir='ltr'>Germanicus</span> <span class='ocrx_word' id='word_1_785' title='bbox 1055 5403 1149 5456; x_wconf 69' lang='lat' dir='ltr'>(lassor</span> <span class='ocrx_word' id='word_1_786' title='bbox 1163 5406 1192 5455; x_wconf 90' lang='lat' dir='ltr'>et</span> <span class='ocrx_word' id='word_1_787' title='bbox 1204 5418 1295 5473; x_wconf 90' lang='lat' dir='ltr'>nuper</span> <span class='ocrx_word' id='word_1_788' title='bbox 1307 5403 1429 5458; x_wconf 88' lang='lat' dir='ltr'>Avienus</span> <span class='ocrx_word' id='word_1_789' title='bbox 1445 5408 1474 5457; x_wconf 90' lang='lat' dir='ltr'>et</span> <span class='ocrx_word' id='word_1_790' title='bbox 1486 5404 1577 5471; x_wconf 90' lang='lat' dir='ltr'>multi,</span> <span class='ocrx_word' id='word_1_791' title='bbox 1589 5420 1660 5477; x_wconf 91' lang='lat' dir='ltr'>quos</span> 
     </span>
     <span class='ocr_line' id='line_1_59' title="bbox 68 5490 1658 5566; baseline 0.004 -24"><span class='ocrx_word' id='word_1_792' title='bbox 68 5506 81 5541; x_wconf 89' lang='lat' dir='ltr'>s</span> <span class='ocrx_word' id='word_1_793' title='bbox 97 5490 171 5546; x_wconf 81' lang='lat' dir='ltr'>ltixit</span> <span class='ocrx_word' id='word_1_794' title='bbox 184 5492 299 5563; x_wconf 85' lang='lat' dir='ltr'>quidem</span> <span class='ocrx_word' id='word_1_795' title='bbox 307 5510 340 5546; x_wconf 85' lang='lat' dir='ltr'>es</span> <span class='ocrx_word' id='word_1_796' title='bbox 351 5493 406 5546; x_wconf 86' lang='lat' dir='ltr'>illis</span> <span class='ocrx_word' id='word_1_797' title='bbox 417 5494 547 5565; x_wconf 82' lang='lat' dir='ltr'>proprius</span> <span class='ocrx_word' id='word_1_798' title='bbox 557 5510 654 5548; x_wconf 89' lang='lat' dir='ltr'>eorum</span> <span class='ocrx_word' id='word_1_799' title='bbox 665 5494 819 5565; x_wconf 87' lang='lat' dir='ltr'>prophete:</span> <span class='ocrx_word' id='word_1_800' title='bbox 864 5508 1030 5550; x_wconf 75' lang='lat' dir='ltr'>enumerare</span> <span class='ocrx_word' id='word_1_801' title='bbox 1048 5491 1214 5562; x_wconf 81' lang='lat' dir='ltr'>perlongum</span> <span class='ocrx_word' id='word_1_802' title='bbox 1233 5494 1285 5546; x_wconf 89' lang='lat' dir='ltr'>est.</span> <span class='ocrx_word' id='word_1_803' title='bbox 1301 5493 1343 5547; x_wconf 92' lang='lat' dir='ltr'>Ad</span> <span class='ocrx_word' id='word_1_804' title='bbox 1360 5493 1520 5548; x_wconf 71' lang='lat' dir='ltr'>corinthios</span> <span class='ocrx_word' id='word_1_805' title='bbox 1537 5508 1658 5566; x_wconf 90' lang='lat' dir='ltr'>quoque,</span> 
     </span>
     <span class='ocr_line' id='line_1_60' title="bbox 41 5578 1660 5655; baseline 0.001 -20"><span class='ocrx_word' id='word_1_806' title='bbox 41 5578 210 5636; x_wconf 74' lang='lat' dir='ltr'>«dmmnses</span> <span class='ocrx_word' id='word_1_807' title='bbox 226 5594 340 5655; x_wconf 83' lang='lat' dir='ltr'>semper</span> <span class='ocrx_word' id='word_1_808' title='bbox 359 5583 518 5646; x_wconf 85' lang='lat' dir='ltr'>mendaces,</span> <span class='ocrx_word' id='word_1_809' title='bbox 533 5583 614 5638; x_wconf 78' lang='lat' dir='ltr'>maie</span> <span class='ocrx_word' id='word_1_810' title='bbox 633 5581 739 5651; x_wconf 78' lang='lat' dir='ltr'>bestie,</span> <span class='ocrx_word' id='word_1_811' title='bbox 755 5600 823 5639; x_wconf 87' lang='lat' dir='ltr'>ven·</span> <span class='ocrx_word' id='word_1_812' title='bbox 864 5584 912 5655; x_wconf 89' lang='lat' dir='ltr'>qui</span> <span class='ocrx_word' id='word_1_813' title='bbox 926 5582 1020 5654; x_wconf 85' lang='lat' dir='ltr'>stipsi</span> <span class='ocrx_word' id='word_1_814' title='bbox 1032 5579 1127 5638; x_wconf 80' lang='lat' dir='ltr'>Attice</span> <span class='ocrx_word' id='word_1_815' title='bbox 1139 5579 1271 5636; x_wconf 81' lang='lat' dir='ltr'>fecundis</span> <span class='ocrx_word' id='word_1_816' title='bbox 1284 5581 1447 5653; x_wconf 84' lang='lat' dir='ltr'>expoliti,et</span> <span class='ocrx_word' id='word_1_817' title='bbox 1460 5587 1576 5654; x_wconf 81' lang='lat' dir='ltr'>prepter</span> <span class='ocrx_word' id='word_1_818' title='bbox 1588 5583 1660 5637; x_wconf 80' lang='lat' dir='ltr'>lecc-</span> 
     </span>
    </p>
   </div>
   <div class='ocr_carea' id='block_1_3' title="bbox 0 0 1890 6117">
    <p class='ocr_par' dir='ltr' id='par_1_3' title="bbox 0 0 1890 6117">
     <span class='ocr_line' id='line_1_61' title="bbox 0 0 1890 6117; baseline 0 0"><span class='ocrx_word' id='word_1_819' title='bbox 0 0 1890 6117; x_wconf 95' lang='lat' dir='ltr'> </span> 
     </span>
    </p>
   </div>
  </div>
 </body>
</html>
