3772 6120
447 352 450 357 ·
503 332 677 391 cremat.
696 368 729 381 ·-
750 338 877 399 8ΕοΠο
893 340 918 397 Ι.
939 338 1110 398 Pomm
1130 338 1178 396 DE
1195 336 1371 395 owsnsrs.

269 459 336 514 Hac
344 474 443 521 sarua,
459 464 491 513 ut
502 459 641 527 audierat,

300 547 458 620 Gireiydros
473 548 653 607 etinriderat
731 566 734 571 ’

296 637 373 693 Dira
386 637 474 710 pestis
486 638 635 695 timuerat:

303 727 386 783 Unde
399 726 450 781 iiia
466 734 622 797 corruerat,

302 817 345 872 Ne
358 816 443 872 borno
457 817 559 872 cretum
575 817 687 881 habeat,

301 906 391 971 Quam
402 907 463 977 jam
477 906 649 978 plasmatum
661 908 779 964 uiderat.

265 995 334 1052 Adit
345 999 376 1051 et
385 1000 481 1051 tantm
493 995 637 1063 feminam,

305 1085 394 1150 Quem
408 1089 487 1140 sator
498 1086 594 1155 junxit
604 1087 743 1159 copulam.

299 1175 406 1231 Suadet
418 1189 535 1246 pomum
549 1176 695 1235 mandere.

300 1263 410 1320 dciiro
424 1279 477 1318 suo
488 1264 604 1320 tradere
686 1288 691 1299 ·

301 1352 447 1409 Promittit
459 1352 522 1408 deis
535 1354 650 1410 similes.
694 1380 697 1385 ·

304 1442 334 1500 st
347 1441 498 1514 bmgnmr
511 1443 628 1498 esuries.
688 1494 692 1503 ,
710 1470 713 1475 ·

269 1531 416 1589 consentit
428 1531 477 1585 iiia
490 1532 574 1588 citius

181 1645 185 1654 ·
302 1620 382 1687 Quod
395 1620 419 1676 si
431 1636 488 1676 non
504 1620 577 1676 toret
589 1621 688 1681 satius.
715 1620 731 1657 ¹

302 1710 411 1766 biandit
421 1715 451 1765 et
462 1710 522 1765 viro
537 1709 665 1778 tradidit,

304 1798 437 1856 Etmbo
455 1799 540 1856 simui
555 1800 673 1872 decepit,

303 1889 376 1945 Dum
391 1894 489 1944 contre
501 1890 613 1959 jussum
628 1889 740 1946 Domini

305 1977 354 2034 Est
367 1992 482 2051 pomum
496 1977 567 2050 ligni
581 1978 670 2034 vetiti.

270 2067 360 2124 Ambo
374 2067 575 2123 miserabiliter

301 2158 432 2214 oenum
444 2172 477 2211 se
487 2156 580 2211 nudos
589 2155 722 2228 turpiter,

305 2249 423 2304 certant
437 2262 502 2302 cum
517 2245 689 2318 perizomate

303 2337 492 2395 Commissum
506 2336 597 2391 scelus
609 2341 716 2408 tegere,

304 2425 545 2500 eatapnronym·
557 2425 635 2481 sotio.

304 2516 359 2573 Sed
374 2528 431 2572 non
442 2516 514 2570 taret
526 2530 545 2570 a
558 2515 690 2571 Domino.
708 2538 711 2543 ·

270 2605 401 2663 Exceisus
412 2604 585 2671 visitaverat,

304 2695 380 2761 Quos
390 2695 452 2764 jam
465 2708 549 2749 sanos
563 2692 727 2765 reliquerat,

302 2783 393 2840 Adam
402 2783 506 2838 timens
515 2781 568 2838 sub
580 2781 690 2841 arbore.

303 2871 649 2938 Latitabatumbramine,

305 2963 396 3028 Quem
409 2976 475 3017 voce
491 2962 532 3018 ita
542 2961 655 3019 duriter
689 2973 692 2979 ’

305 3051 464 3125 Increpavit
477 3056 507 3107 et
518 3051 640 3106 fartim.

270 3142 370 3210 Adam,
383 3141 563 3197 cambrane
576 3139 625 3196 ubi
636 3154 676 3205 es,

305 3229 472 3287 Inobadiens
489 3232 584 3303 tapsus
598 3245 638 3285 es.

302 3322 340 3376 At
352 3314 402 3376 iiie
416 3336 447 3375 se
456 3319 596 3375 toramine

304 3407 461 3466 Excuaabat
473 3408 616 3472 excedere,
654 3422 658 3429 ·

305 3497 393 3554 ditem
410 3512 524 3553 causam
539 3497 664 3552 criminis

303 3586 470 3643 vindicabat
493 3585 672 3658 peccaminis.

271 3677 338 3732 Post
351 3675 457 3731 hoc-eis
471 3675 647 3730 Altisaimua·

304 3766 428 3833 Fecerat,
444 3765 518 3837 quod
530 3762 714 3835 justissimus,

304 3853 399 3910 cinxit
409 3868 457 3909 eos
470 3852 611 3909 velamine

303 3942 398 4013 lipare
412 3940 468 3998 ¹‘ct
481 3943 679 3997 decentissime

304 4031 434 4089 Morituri
447 4030 578 4104 pelliculo

296 4120 336 4178 Ut
348 4121 519 4177 vestirentur
530 4123 652 4175 mortuo.

269 4211 347 4268 Tunc
357 4211 521 4283 paradisum
534 4209 657 4281 liquerat

304 4299 431 4356 Adamas
445 4315 529 4372 quem
550 4300 680 4369 ejecemt.

305 4390 381 4446 Deus
394 4402 506 4464 quoque
527 4390 700 4461 pertinacem

305 4479 331 4534 N
333 4495 388 4535 unc
402 4478 482 4534 durae
493 4484 577 4533 terrae
591 4477 729 4532 cultorem

307 4569 412 4624 Ydrost
424 4578 437 4610 ⁶
451 4568 478 4623 ei
492 4567 654 4623 attributos

307 4657 424 4712 Pareret
433 4664 518 4729 atque
532 4657 661 4712 carduos.

271 4746 325 4802 Hic
338 4747 484 4819 generarit
497 4746 622 4801 sobolem

307 4837 380 4892 Nam
393 4834 489 4892 binam
503 4848 568 4891 cum
581 4833 742 4889 discrimine
758 4853 764 4887 :

305 4925 386 4982 Alter
399 4927 521 4982 alterum
540 4925 656 4980 uulnere

307 5013 464 5072 Prottravit
478 5014 655 5087 impiissime,

288 5116 292 5123 ·
305 5102 367 5161 tioc
379 5120 520 5161 renonum
534 5103 645 5160 invidia

305 5194 415 5267 Anguis
426 5195 505 5252 sarit
518 5194 547 5251 in
563 5194 686 5250 homine.

936 470 960 530 A

935 4383 960 4442 D

1112 466 1254 522 Graasatis
1269 464 1364 536 sicque
1379 464 1488 520 iiuobus

1142 555 1328 626 Protoplastis
1352 555 1524 626 parentibus,

1143 645 1211 700 Post
1218 649 1281 699 tota
1293 643 1352 707 ruit
1364 660 1499 717 propago,

1145 735 1180 789 Et
1190 733 1297 805 absque
1311 733 1502 789 adminiculo

1142 824 1249 879 Auctor
1262 827 1409 893 peccatum
1430 830 1556 892 auxent,
1569 866 1575 883 .

1141 912 1184 967 nd
1199 910 1310 967 inferna
1320 912 1492 968 debuerat.

1106 1002 1264 1057 creverunt
1275 1000 1428 1056 homicidia

1142 1091 1216 1146 Dum
1229 1090 1318 1146 mevit
1331 1090 1521 1164 philargyria,-

1142 1179 1310 1235 Abundabat
1324 1180 1435 1236 luxuria

1142 1269 1215 1323 Dum
1233 1268 1311 1323 anxit
1323 1269 1548 1340 gastrimarchia,

1142 1359 1214 1413 Tota
1227 1357 1349 1412 nefanda
1363 1359 1481 1414 crimina

1143 1447 1157 1500 J
1160 1463 1206 1500 am
1220 1445 1383 1517 possidebat
1395 1446 1500 1517 glarea.

1109 1535 1169 1591 Noe
1183 1535 1259 1591 Deus
1272 1535 1448 1607 temporibus

1143 1623 1242 1680 Mersit
1254 1624 1336 1695 aquis
1351 1624 1501 1680 ultricibus

1140 1713 1241 1769 Totam
1250 1712 1349 1769 mundi
1358 1712 1533 1785 progeniem,

1144 1801 1235 1856 Adam
1248 1808 1278 1856 et
1293 1801 1400 1856 claram
1410 1801 1545 1869 sobolem,

1143 1891 1250 1946 Praeter
1264 1906 1335 1962 quos
1349 1907 1415 1945 arca
1428 1898 1551 1960 vexarat,

1143 1981 1179 2036 Et
1192 1979 1324 2035 Excelsm
1338 1985 1506 2036 servaverat.

1108 2070 1163 2127 Sed
1178 2070 1248 2124 item
1259 2072 1343 2141 ptyra
1356 2066 1371 2109 ἃ
1382 2084 1492 2140 coepere

1144 2159 1296 2215 Sordidare
1308 2158 1457 2226 beniuole,

1145 2250 1243 2321 Neque
1256 2248 1386 2302 laverunt
1398 2246 1527 2316 ilum,

1141 2337 1181 2394 Ut
1193 2341 1422 2397 concrescerent
1434 2337 1563 2405 crimina,
1628 2382 1631 2387 .

1144 2427 1204 2483 Nec
1216 2442 1287 2499 quos
1300 2443 1377 2482 mors
1391 2426 1585 2482 absorbuerat.

1143 2515 1274 2588 Epistimi
1283 2528 1298 2561 ο
1307 2516 1480 2572 domaverat.

1106 2606 1166 2662 Hoc
1180 2604 1323 2660 Abraham
1335 2611 1400 2678 post
1416 2606 1535 2672 uiderat,

1142 2696 1202 2751 Nec
1210 2700 1309 2750 mnan
1321 2695 1396 2751 huuc
1407 2695 1565 2766 juvaverat,

1141 2783 1220 2841 Isaac
1231 2799 1344 2857 quoque
1359 2783 1530 2852 diarchus,
1554 2784 1557 2789 '

1144 2872 1218 2929 Calai
1231 2877 1345 2945 patrum
1358 2888 1423 2928 cum
1436 2872 1563 2930 ooetibus.

1141 2961 1301 3034 Legisiator
1311 2966 1341 3017 et
1352 2961 1463 3035 Moyses
1504 2964 1507 2969 '

1142 3051 1232 3108 David
1245 3051 1330 3107 simui
1344 3056 1374 3106 et
1387 3051 1548 3124 prophetes.

1053 3126 1058 3135 ’
1111 3140 1434 3213 Necprotuitindustria

1145 3230 1236 3287 Ulliui
1250 3236 1336 3303 atque
1349 3230 1481 3303 stychia!

1145 3319 1346 3375 postmortem
1362 3319 1512 3374 infernalia

1146 3407 1339 3462 penetrabunt
1356 3407 1468 3463 cubilia.

1146 3494 1293 3566 Regnabat
1304 3512 1381 3550 mors
1395 3495 1532 3550 latissime

1145 3585 1237 3655 Super
1249 3600 1349 3639 omnes
1362 3584 1521 3639 durissime.

1110 3673 1146 3728 Ni
1160 3673 1247 3728 solius
1261 3672 1410 3728 clementia

1144 3762 1275 3818 Auctoris
1287 3768 1317 3817 et
1330 3761 1458 3833 potentia

1137 3850 1311 3907 Subveniret
1320 3850 1487 3905 miserrimis

1144 3938 1306 3997 iacentibus
1317 3940 1347 3993 in
1361 3938 1477 4003 intimis,

1142 4029 1230 4085 Totus
1242 4029 1328 4084 homo
1340 4045 1405 4084 cum
1424 4028 1519 4083 sobole

1144 4119 1277 4175 Interirct
1297 4118 1469 4190 peccamine.

1110 4208 1294 4280 Omnipotens
1307 4208 1457 4263 mitissime

1144 4297 1222 4353 Misit
1233 4298 1318 4352 Pater
1329 4297 1364 4352 ab
1379 4297 1483 4352 retbere

1146 4387 1248 4441 Filium
1267 4386 1446 4455 unigenitum

1143 4477 1277 4531 Amatum
1290 4480 1320 4528 ct
1328 4473 1536 4542 dulcissimum

1145 4565 1183 4620 Ut
1196 4564 1340 4619 bominem
1356 4581 1372 4619 a
1387 4563 1490 4619 tellure

1146 4653 1311 4709 sublevaret
1324 4653 1459 4725 piissime.

1107 4742 1208 4798 Aliena
1225 4742 1332 4798 astutia

1147 4833 1237 4898 Quem
1248 4831 1361 4887 seduxit
1374 4830 1497 4886 versutia

1147 4922 1208 4979 Diri
1221 4921 1351 4977 draconis
1362 4920 1472 4992 spionia

1148 5009 1342 5066 vulnerabant
1354 5006 1516 5081 praecordia.

1148 5100 1185 5156 Et
1201 5105 1313 5156 sontem
1327 5099 1379 5154 sibi
1394 5097 1526 5161 subdidit,

1149 5188 1241 5254 Quem
1251 5189 1326 5261 clepa
1340 5188 1401 5259 ipse
1416 5203 1471 5243 non
1483 5182 1618 5242 condidit.

626 5298 782 5374 scubnn
801 5312 1072 5375 onsisrornom
1089 5311 1272 5372 onowsru.

169 5416 599 5497 ·1taeeeptaa<‚conoapos.
684 5446 687 5453 ,
973 5442 976 5447 ·
1007 5414 1134 5491 tuden,
1150 5411 1359 5481 receperam,
1377 5411 1566 5464 tabernacula.

167 5495 182 5539 ὓ
197 5496 229 5554 id
244 5503 288 5555 est
301 5497 391 5571 pellis.
1009 5493 1205 5570 οἘπιστήμη,
1221 5495 1345 5555 scientia,
1363 5493 1540 5559 arperrrutic.

169 5562 315 5651 '‘lipiirn,
331 5575 400 5643 puta
411 5563 930 5649 stidortmmam53?2,00PP011⁸⁰5(11¹³·
1012 5579 1023 5624 i
1037 5575 1174 5652 Στοιχεῖκ,
1190 5572 1338 5637 translate,
1353 5587 1404 5645 pro
1417 5569 1566 5625 elementia
1578 5568 1771 5643 ortlumfflrat·

129 5647 201 5706 ῑῦῑῦ·
426 5662 429 5667 ’
729 5662 732 5667 ’
970 5653 1051 5728 cipue
1063 5650 1225 5727 geometris.
1241 5650 1293 5708 llic
1307 5648 1379 5708 torte
1393 5651 1454 5724 ipsa
1462 5656 1532 5706 arte.
