3772 6120
26 326 28 330 '
124 311 174 370 591
332 327 336 337 ·
420 311 454 367 Β.
474 309 610 367 uanam
629 307 745 365 unum
763 307 934 379 aRoHJsP.
952 307 1115 364 MOGUNT.
1135 305 1285 363 OPERUM
1303 305 1396 362 PARS
1413 305 1465 362 111.
1712 301 1765 361 592

123 434 365 493 consummatione
375 433 536 490 futurorum
548 449 599 506 pro
613 434 790 490 conscientie
806 432 952 506 pmssuitA
965 452 978 487 ι
993 435 1048 489 Pro
1064 432 1188 504 regibus,
1197 430 1299 504 inquit,
1309 437 1337 486 et
1349 430 1480 486 omnibus
1494 429 1542 501 qui
1551 427 1765 484 insublimitate

124 525 248 599 puritate
261 529 290 578 et
303 523 338 578 de
352 524 549 595 postulatione,
559 540 621 595 qun
627 523 661 577 de
667 523 812 578 charitatis
822 523 923 579 ardore
963 528 1056 578 sunt.»
1066 521 1256 577 Etostendens
1261 520 1394 592 quoniam
1402 525 1431 575 et
1436 515 1647 574 hoclucrumsit
1652 534 1762 585 eorum,

122 613 257 686 procedit,
269 618 298 667 et
306 612 340 667 de
346 612 503 683 gratiarum
514 611 632 680 actione,
649 629 710 684 quae
722 612 923 668 beneficiorum
965 608 1567 683 «utquietaminquitettranquillamvitam
1572 624 1762 679 agamuscum

122 719 155 759 ac
168 701 372 775 magnitudinis
390 718 423 756 ae
437 701 550 773 pietatis
565 702 626 773 ejus
640 701 863 757 consideratione
875 718 923 773 ge-
963 697 1761 771 omnipictateetsobrietate.»Sienim,utconveniensest,

120 797 248 858 εειειιιι,
263 790 482 845 ferventissimas
497 789 650 862 saepissime
672 789 802 844 novimus
826 798 922 861 preces
962 789 992 843 in
1002 806 1070 861 pace
1080 788 1120 843 illi
1129 788 1286 859 deguerint,
1293 787 1424 859 possibile
1439 792 1482 841 est
1496 794 1524 841 et
1539 803 1591 841 nos
1604 785 1763 857 tranquilli·

120 879 282 952 ignitasque
296 879 419 952 prodire,
427 879 469 934 ita
480 885 513 934 ut
526 879 662 934 consistat
672 894 769 933 omnes
783 878 835 933 has
852 895 922 949 quas
961 883 1050 934 tatem
1065 877 1169 932 faciens
1188 876 1286 949 pietati
1309 876 1464 942 intendere,
1480 881 1509 930 et
1521 874 1585 945 rite
1604 873 1760 940 sobrietati,

121 968 302 1042 praediximus
315 968 422 1040 species
430 967 560 1023 omnibus
567 967 729 1023 hominibus
735 967 817 1022 utiles
829 984 861 1021 ac
875 984 923 1022 ne·
963 973 992 1022 et
1005 967 1126 1023 suadens
1147 966 1188 1021 illi
1207 966 1262 1021 ista
1280 966 1320 1020 sic
1334 966 1435 1030 facere,
1451 963 1598 1036 sicutipse
1618 963 1760 1035 praecepit

120 1058 256 1115 cesserim
270 1057 400 1123 inveniri,
416 1057 493 1113 utin
516 1073 573 1112 uno
591 1056 745 1129 eodemque
766 1056 826 1111 viro
847 1072 922 1111 nunc
962 1072 1204 1128 communempro
1217 1053 1346 1110 omnibus
1359 1053 1519 1109 hominibus
1542 1052 1762 1108 sollicitudinem

120 1147 234 1221 quidem
240 1145 475 1214 obsecrationum,
484 1151 660 1202 nuncautem
668 1146 921 1210 orationum,nunc
963 1145 1011 1218 qui
1024 1162 1075 1218 per
1087 1149 1179 1200 toturn
1200 1143 1296 1198 orbem
1312 1160 1374 1198 esse
1402 1142 1540 1208 ridentur,
1557 1141 1717 1214 expendere
1735 1146 1764 1195 et

119 1235 341 1309 postulationum
357 1252 442 1307 puras
456 1252 489 1290 ac
501 1234 722 1290 ferventissimas
744 1234 922 1307 supplicatio·
962 1233 1201 1290 communiabona
1210 1232 1312 1289 debere
1320 1231 1483 1298 existimari,
1494 1248 1527 1287 ea
1546 1248 1608 1303 quae
1618 1230 1763 1286 universo·

120 1340 172 1381 nes
186 1325 363 1396 varietasque
375 1324 488 1379 emittat
501 1325 617 1378 allectus
633 1341 639 1377 :
655 1329 751 1379 tamen
770 1323 862 1395 prima
874 1323 920 1378 in·
961 1340 1025 1379 rum
1035 1328 1110 1378 sunt.
1120 1342 1133 1375 (ι
1145 1323 1352 1378 Hocautemest
1360 1321 1464 1377 bonum
1474 1327 1504 1375 et
1512 1326 1660 1393 acceptum
1667 1336 1763 1375 coram

119 1414 288 1487 cipientibus
302 1414 413 1469 videtur
426 1413 599 1486 peculiarius
612 1413 753 1485 pertinere
767 1412 815 1485 qui
829 1412 921 1467 adhuc
963 1412 1212 1468 Salvatorenostro
1227 1412 1316 1467 Deo.»
1330 1410 1658 1466 smficientersnasiteos
1667 1410 1708 1464 sic
1717 1425 1763 1464 sa·

118 1503 252 1559 vitiorum
262 1519 379 1558 suorum
390 1502 544 1570 aculeis,ac
552 1502 689 1557 memoria
703 1501 900 1557 remordentur
911 1502 934 1570 ;‘
961 1518 1037 1574 perc,
1049 1501 1187 1573 siquidem
1198 1505 1227 1555 et
1239 1501 1298 1555 Deo
1308 1500 1347 1554 sic
1368 1501 1468 1571 placet.
1484 1499 1564 1554 Unde
1578 1503 1608 1554 et
1621 1497 1764 1570 pmbatio

119 1592 243 1648 secunda
256 1591 293 1647 ad
308 1591 371 1647 illos
385 1591 434 1663 qni
448 1591 479 1647 in
493 1596 625 1662 prosectu
632 1592 693 1663 J‘sm
707 1590 827 1662 spiritali
837 1597 931 1662 etap¹
962 1607 1027 1645 nem
1035 1590 1148 1657 faciens,
1165 1590 1239 1662 quod
1248 1590 1307 1644 Deo
1317 1589 1373 1644 ista
1382 1589 1494 1660 placent
1502 1587 1608 1660 adjicit,
1617 1587 1688 1660 oqui
1701 1604 1763 1642 om-

119 1682 209 1754 petitu
221 1681 359 1736 virtutum
373 1680 495 1753 quadam
517 1679 620 1735 mentis
640 1679 814 1735 sublimitate
833 1679 922 1735 consi·
962 1676 1764 1748 nesbominesvultsalrosfieri,etadcognitionemveri·

119 1774 208 1825 ειιιιιι.
225 1768 320 1825 Tertia
334 1769 369 1823 ad
385 1785 433 1824 eos
447 1767 496 1840 qui
508 1767 708 1840 perlectionem
721 1759 1027 1824 votorumsuo-Btatis
1035 1768 1141 1823 venire.
1150 1787 1163 1821 ι
1175 1768 1247 1822 Nam
1259 1766 1326 1839 quia
1334 1768 1410 1822 Deus
1421 1765 1764 1822 deomnibushominibus

118 1874 183 1914 rum
208 1858 340 1932 operibus
361 1856 548 1928 adimplentes
580 1857 755 1913 intercedere
782 1874 833 1928 pro
856 1856 919 1912 aliia
960 1855 1015 1912 ista
1028 1855 1653 1928 relit,nemopoteritcontradicere.Evidens
1667 1860 1764 1910 autern

118 1963 231 2020 quoque
243 1947 468 2003 consideratione
481 1946 643 2018 fragilitatis
657 1963 755 2002 eorum
773 1946 920 2001 charitatis
960 1951 1012 2014 est,
1020 1946 1152 2018 quoniam
1162 1962 1259 2000 omnes
1271 1946 1331 2000 vult
1341 1945 1452 2012 salvari,
1467 1945 1534 2017 quia
1548 1949 1578 2000 et
1589 1960 1691 1999 omnes
1704 1950 1765 2000 tue·

118 2036 212 2092 studio
227 2040 423 2108 provocantur.
440 2036 548 2100 Quarta
558 2035 593 2090 ad
607 2035 670 2090 illos
679 2035 728 2107 qui
739 2036 800 2106 jam
814 2035 918 2107 poenali
960 2041 1016 2101 tur,
1025 2035 1216 2091 necessarium
1223 2039 1347 2106 estergo,
1356 2039 1389 2089 ut
1398 2051 1448 2089 nos
1460 2035 1522 2105 eius
1528 2033 1682 2089 tuitionem
1697 2050 1762 2104 erga
1781 2062 1785 2070 ‚

118 2125 295 2180 conscientia
310 2125 392 2196 spina
406 2124 440 2179 de
454 2123 585 2180 cordibus
599 2125 681 2197 pulsa
695 2124 724 2179 in
739 2124 919 2179 sacularibus
961 2140 1058 2180 omnes
1070 2124 1225 2189 imitemur,
1240 2124 1262 2178 si
1276 2126 1373 2178 tamen
1386 2123 1422 2177 ad
1436 2122 1550 2194 plenum
1571 2123 1760 2177 acceleramus

115 2213 177 2286 jam
190 2214 399 2270 munificentias
412 2213 526 2269 Domini
540 2230 573 2268 ac
586 2212 791 2280 miserationes,
799 2212 919 2285 quasvel
960 2213 1064 2268 similia
1072 2230 1172 2285 sapere
1180 2213 1249 2279 Deo,
1262 2217 1290 2267 et
1297 2212 1374 2267 omni
1388 2229 1421 2266 ex
1431 2217 1511 2283 parte
1525 2211 1680 2266 ostendens
1695 2211 1760 2283 adji-

117 2302 148 2358 in
166 2303 309 2376 preterito
322 2301 433 2369 tribuit,
455 2302 499 2357 vel
520 2302 715 2375 inpraesentia
731 2302 860 2373 largitur,
876 2303 919 2356 vel
960 2300 1759 2373 cit.«UnusautemDeusestnHocest,quiaestomnium
1780 2315 1786 2320 ²

3 2445 6 2451 .
119 2397 260 2465 preparat
269 2392 403 2447 insuturo
414 2396 510 2447 mente
519 2391 918 2464 purissimaretractantes,ad
959 2391 1105 2458 Dominus,
1122 2407 1178 2446 non
1193 2390 1313 2446 aliorum
1329 2390 1443 2462 quidem
1463 2395 1515 2445 est.
1531 2390 1681 2455 Dominus,
1697 2389 1759 2444 alio

118 2478 198 2536 illam
208 2481 337 2551 ignitam,
346 2484 376 2535 et
385 2496 446 2552 quae
455 2479 638 2535 oreomnium
653 2496 705 2535 nec
719 2479 918 2551 comprehendi
958 2498 1023 2536 rum
1037 2497 1103 2535 vero
1114 2496 1170 2535 non
1184 2486 1237 2534 est.
1249 2482 1348 2551 ltaque
1362 2496 1418 2534 non
1433 2485 1477 2534 est
1488 2478 1623 2550 possibile
1636 2495 1704 2533 eum
1717 2479 1760 2533 de

119 2583 171 2623 nec
186 2569 304 2641 exprimi
326 2573 428 2640 potest,
445 2568 601 2623 orationem
617 2567 823 2623 ferventissimo
836 2568 919 2623 corde
959 2569 1066 2641 spicere
1072 2569 1277 2640 aliquos,quasi
1292 2569 1398 2623 alienos
1413 2567 1465 2622 sibi
1476 2568 1639 2623 existentes.
1653 2586 1668 2620 u
1684 2568 1759 2623 Unus

119 2662 278 2729 raptentur,
290 2673 492 2729 nonnunquam
506 2661 603 2712 tamen
612 2673 702 2725 mene,
719 2673 781 2729 qum
795 2657 825 2712 in
839 2657 919 2712 illum
960 2664 1003 2713 est
1010 2658 1149 2713 mediator
1156 2657 1208 2713 Dei
1215 2663 1244 2712 et
1252 2657 1499 2725 hominum,homo
1509 2656 1639 2712 Christus
1646 2658 1662 2712 J
1664 2673 1757 2712 esus.»

119 2762 217 2801 verum
231 2745 363 2818 puritatis
377 2745 488 2818 prolicit
501 2746 641 2812 allectum,
661 2751 746 2817 atque
770 2746 800 2801 in
814 2762 846 2801 eo
858 2746 919 2817 jam
961 2748 1053 2817 (Any.)
1065 2747 1161 2801 Fallax
1169 2747 1419 2818 itaqnemediator,
1430 2746 1483 2800 hoc
1491 2751 1543 2813 est,
1549 2745 1688 2801 Diabolus
1707 2762 1759 2817 quo

118 2833 236 2907 capent
249 2834 380 2901 radicari,
396 2835 468 2889 solet
477 2835 536 2890 hac
550 2834 645 2889 omnia
658 2833 743 2890 simul
757 2833 918 2907 pariterque
959 2852 1010 2908 per
1023 2842 1131 2891 secreta
1141 2834 1247 2906 judicia
1261 2835 1312 2890 Dei
1326 2834 1458 2906 superbia
1471 2835 1619 2890 hominum
1634 2840 1761 2890 meretur

117 2921 277 2996 concipiens
291 2928 376 2996 atque
386 2922 416 2978 in
427 2923 919 2994 modumcnjusdamincomprehen·
958 2924 1049 2991 illudi,
1061 2941 1150 2980 unum
1164 2940 1228 2978 cum
1248 2922 1410 2979 hominibus
1431 2922 1524 2990 habet,
1541 2924 1570 2979 id
1594 2929 1648 2991 est,
1666 2939 1761 2996 pecca·

117 3011 208 3068 sibilis
221 3028 254 3066 ac
269 3010 457 3084 rapacissimae
478 3012 599 3067 llammae
612 3018 714 3067 cuncta
737 3012 916 3084 pervolitans,
958 3017 1030 3082 tum,
1042 3013 1117 3068 eliud
1127 3012 1216 3068 videri
1227 3011 1400 3067 vulthabere
1412 3029 1477 3068 cum
1490 3013 1558 3079 Deo,
1574 3017 1605 3067 et
1618 3013 1690 3084 quia
1703 3029 1761 3067 car·

117 3098 274 3156 ineffabiles
290 3100 326 3155 ad
339 3100 431 3155 Deum
444 3116 541 3171 preces
555 3111 699 3171 punssrmr
713 3101 816 3172 vigoris
830 3082 1001 3157 enan-Gnis
1010 3102 1181 3157 mortalitate
1197 3117 1254 3157 non
1262 3101 1378 3172 tegitur,
1394 3119 1445 3174 pro
1455 3101 1608 3156 immortali
1622 3118 1654 3156 se
1668 3106 1760 3157 osten·

117 3189 195 3256 dere,
210 3204 279 3261 ques
291 3189 352 3261 ipse
375 3187 491 3260 spiritus
513 3188 697 3260 interpellans
710 3187 863 3260 gemitibus
875 3188 918 3244 in·
957 3196 1007 3258 tet,
1016 3192 1065 3246 sed
1071 3190 1160 3262 quino
1171 3190 1342 3262 stipendium
1348 3191 1455 3262 peccati
1462 3207 1538 3245 mors
1544 3191 1702 3258 estnfflom.
1712 3190 1759 3261 u),

58 3352 62 3357 .
117 3275 321 3335 enarmbilibus
335 3277 531 3349 ignorantibus
551 3277 632 3333 nobis
646 3277 734 3333 mittit
755 3278 791 3333 ad
814 3279 914 3347 Deum,
956 3279 1107 3335 bochabet
1130 3295 1278 3335 commune
1302 3296 1366 3334 cnm
1389 3279 1560 3346 hominibus,
1576 3279 1655 3335 unde
1675 3279 1760 3335 simul

116 3370 198 3423 muta
206 3366 313 3422 scilicet
322 3366 352 3421 in
366 3365 443 3421 illius
457 3366 533 3421 borae
547 3370 690 3422 momento
703 3367 872 3439 concipiens,
888 3372 918 3422 et
957 3370 1126 3424 damnentur
1138 3369 1169 3424 in
1182 3369 1411 3424 mortem.Verex
1420 3375 1515 3424 eutem
1527 3368 1760 3441 mediatorquem

116 3454 917 3528 ineffabiliterinsupplicationeprofundeaa,quantanon
957 3457 1761 3526 secretatuamisericordia,Domine,demonstrastihomi-

117 3542 210 3600 dicam
224 3560 273 3600 ore
282 3560 445 3617 percurrere
464 3543 645 3616 pmsundens,
663 3545 712 3599 sed
727 3561 763 3600 ne
781 3545 843 3616 ipsa
857 3544 917 3616 qui·
957 3546 1040 3603 nibus
1054 3552 1083 3601 et
1096 3546 1198 3602 misisti
1209 3551 1242 3601 ut
1255 3548 1317 3619 ejus
1330 3548 1456 3618 exemplo
1466 3547 1552 3602 etiam
1563 3547 1656 3618 ipsam
1669 3546 1760 3602 disce

116 3632 183 3689 dem
196 3639 291 3689 mente
306 3634 398 3688 valeat
413 3632 468 3687 alio
486 3637 614 3705 tempore
637 3633 788 3701 recordari,
809 3638 838 3688 et
850 3632 917 3689 inde
957 3640 1022 3690 rent
1034 3634 1233 3689 humilitatem.
1250 3635 1389 3690 Mediator
1414 3636 1463 3690 ille
1487 3634 1537 3690 Dei
1561 3641 1590 3690 et
1608 3636 1760 3691 hominum

117 3726 162 3778 est
174 3723 249 3794 quod
262 3721 293 3778 in
307 3721 432 3795 qualibet
444 3738 577 3777 mensura
593 3721 655 3794 quis
669 3722 776 3794 positus
789 3738 917 3777 nonnun·
957 3725 1041 3779 homo
1056 3723 1184 3778 Christus
1197 3725 1278 3778 lesus
1300 3724 1375 3779 inter
1397 3724 1530 3779 mortales
1550 3730 1714 3795 peccatores
1732 3731 1760 3780 et

118 3817 204 3884 quam
217 3827 304 3884 puras
317 3810 498 3882 intentosque
511 3827 608 3883 preces
622 3810 763 3867 invenitur
776 3811 914 3877 emittere,
956 3812 1146 3868 immortalem
1158 3813 1270 3867 lustum
1285 3812 1417 3884 apparuit
1426 3812 1552 3868 mortalis
1561 3829 1626 3868 cum
1639 3814 1760 3869 homini·

117 3900 186 3973 quia
194 3900 229 3956 de
238 3900 287 3956 illo
297 3900 389 3973 primo
398 3906 428 3956 et
436 3899 536 3955 humili
546 3899 654 3966 ordine,
670 3900 718 3972 qui
726 3905 768 3955 est
781 3917 867 3973 super
875 3917 917 3954 rc-
957 3900 1019 3967 bus,
1031 3901 1127 3973 iustus
1140 3917 1204 3956 cum
1214 3901 1281 3966 Deo,
1299 3906 1331 3955 ut
1345 3900 1479 3972 quoniam
1492 3900 1667 3972 stipendium
1677 3902 1761 3974 justi·

117 3988 309 4045 cordationem
318 3988 406 4044 futuri
417 3989 517 4059 judicii
526 3988 579 4056 hia,
590 3988 638 4061 qui
651 3989 743 4044 adhuc
761 3988 813 4044 sub
824 3994 917 4044 terro·
957 3990 1182 4061 tiaevitaetpax
1196 3995 1247 4055 est,
1264 4005 1314 4061 per
1334 3989 1475 4061 justitiam
1497 3991 1680 4061 conjunctam
1702 3991 1760 4046 Deo

118 4076 158 4132 ris
171 4081 215 4131 εει
227 4091 319 4148 poena,
328 4092 361 4130 ac
376 4082 454 4132 metu
467 4093 501 4131 ex
515 4076 617 4131 animis
630 4078 808 4145 constitutus,
828 4077 869 4132 ita
881 4077 917 4133 ad
959 4085 1106 4135 evacuaret
1118 4084 1238 4134 mortem
1256 4078 1475 4149 justificatorum
1493 4078 1658 4150 impiorrun,
1675 4096 1760 4152 quam

118 4165 218 4220 horam
232 4165 431 4236 compungitur
444 4169 477 4220 ut
490 4180 546 4220 non
560 4165 669 4222 minore
689 4166 805 4238 spiritus
821 4167 918 4222 alacri·
958 4185 1023 4224 cum
1037 4168 1092 4223 illis
1105 4167 1194 4224 voluit
1206 4165 1310 4222 babere
1324 4183 1511 4235 communem,
1524 4167 1571 4222 hic
1584 4168 1761 4225 demonstra-

117 4257 178 4309 tate
187 4253 223 4308 de
228 4253 428 4309 obsecrationis
441 4247 611 4329 pinguedine
622 4256 773 4328 repleatur,
782 4272 867 4328 quam
872 4256 919 4311 ille
959 4263 1006 4313 tus
1016 4262 1060 4313 est
1070 4256 1198 4328 antiquis
1206 4255 1318 4324 sanetis,
1331 4261 1363 4312 ut
1377 4257 1417 4311 ita
1428 4256 1482 4329 ipsi
1496 4273 1547 4329 per
1562 4257 1650 4312 sidem
1659 4258 1761 4314 futurae

119 4342 168 4416 qui
182 4360 233 4414 per
247 4343 400 4416 puritatem
416 4343 509 4399 cordis
522 4343 566 4399 sui
576 4345 783 4400 munificentias
797 4345 848 4401 Dei
858 4362 919 4417 per·
959 4346 1097 4419 passionis
1111 4347 1172 4417 ejus
1186 4345 1259 4400 sicut
1267 4363 1318 4400 nos
1328 4362 1379 4417 per
1386 4345 1471 4401 fidem
1480 4346 1624 4418 praeterite
1634 4347 1706 4402 salvi
1716 4348 1763 4402 sre-

119 4430 244 4488 lustrana
258 4437 344 4505 atque
357 4449 525 4504 percurrens
538 4432 672 4488 ineffabili
684 4433 798 4504 gaudio,
811 4404 949 4488 latino-⁰
958 4441 1031 4492 rent.
1046 4437 1079 4491 In
1093 4440 1230 4507 quantum
1241 4435 1316 4489 enim
1332 4435 1425 4501 homo,
1438 4434 1468 4489 in
1480 4440 1594 4489 tantum
1609 4436 1760 4504 mediator,

119 4537 175 4595 que
189 4521 348 4577 resolvitur.
364 4521 467 4594 Incipit
486 4521 561 4577 enim
581 4522 735 4577 secundum
749 4522 919 4577 sententiam
958 4525 988 4581 in
998 4530 1135 4596 quantum
1149 4529 1244 4579 autem
1254 4523 1386 4590 Verbum,
1394 4539 1451 4578 non
1458 4523 1576 4590 medius,
1585 4524 1635 4595 qui
1644 4525 1762 4598 aequalis

119 4609 231 4665 Domini
242 4611 306 4693 plus
315 4609 441 4682 diligere,
452 4609 501 4681 qui
507 4609 619 4665 sibimet
632 4610 770 4682 ampliora
777 4611 919 4683 cognoscit
958 4615 1026 4680 Deo,
1038 4619 1068 4670 et
1079 4614 1154 4668 Deus
1164 4612 1238 4685 apud
1249 4613 1350 4679 Deum,
1358 4617 1387 4666 et
1400 4612 1485 4667 simul
1498 4614 1564 4667 e'um
1573 4613 1685 4684 Spiritu
1698 4631 1762 4671 san·

118 4697 239 4753 indulta.
247 4700 350 4768 (Ami.)
358 4698 431 4753 Nam
446 4698 514 4769 quia
526 4698 596 4753 dixit
608 4699 765 4770 gratiarum
779 4700 918 4754 actionem
959 4708 1003 4757 cto
1017 4719 1090 4757 unus
1101 4703 1186 4757 Deus.
1195 4700 1318 4771 (Ambe.)
1328 4700 1382 4756 Sed
1391 4705 1420 4755 et
1431 4700 1479 4754 ille
1488 4700 1639 4768 mediator,
1651 4703 1702 4775 qui
1712 4720 1770 4758 nos

119 4785 234 4842 evidens
249 4792 302 4855 est,
320 4786 453 4858 quoniam
466 4787 572 4843 habere
581 4789 671 4860 possit
683 4789 870 4844 differentiam
882 4789 917 4843 ab
958 4791 1086 4846 homines
1100 4792 1159 4846 Deo
1174 4789 1312 4845 annititur
1325 4788 1456 4862 copulare
1471 4805 1545 4844 unus
1561 4794 1590 4845 et
1600 4791 1720 4859 istecst,
1736 4797 1771 4847 et.

119 4874 255 4941 oratione,
271 4875 405 4947 quoniam
415 4876 497 4931 aliter
512 4876 625 4949 quidem
636 4878 855 4949 postulationem
869 4879 917 4933 ha-
958 4879 1023 4936 hinc
1037 4881 1120 4935 homo
1135 4880 1288 4935 secundum
1301 4885 1432 4934 naturam
1446 4879 1577 4933 existam.
1593 4879 1772 4952 Opportune

119 4962 168 5020 bet
181 4964 304 5032 illorum,
315 4965 757 5037 quadesuntinusu,gratiarum
766 4983 830 5022 vero
844 4967 917 5022 actio
958 4971 1000 5024 vel
1015 4969 1134 5024 maxime
1141 4970 1193 5024 hoc
1203 4969 1232 5023 in
1244 4969 1304 5025 loco
1314 4967 1459 5022 hominem
1474 4984 1539 5022 eum
1548 4969 1670 5037 vocarit,
1686 4976 1721 5026 ut
1735 4976 1763 5026 et

118 5053 236 5127 probis,
247 5053 513 5126 quoejampraestita
526 5059 594 5109 sunt
607 5054 737 5122 efficitur,
752 5060 781 5111 et
795 5056 917 5128 proqui·
958 5064 1089 5114 enatura
1101 5058 1262 5113 ostenderet
1282 5056 1443 5111 donationis
1457 5057 1689 5114 communionem
1704 5076 1763 5115 om·

118 5140 172 5199 bus
179 5141 583 5198 haeclrericonreniatdoceris.
597 5144 812 5200 «Pmomnibus
825 5145 917 5200 homi·
957 5147 1040 5203 nibus
1049 5147 1205 5202 necessario
1215 5146 1244 5201 id
1252 5145 1467 5212 confidentibus,
1478 5147 1614 5217 quoniam
1626 5147 1759 5205 universi·

119 5230 918 5303 nibus.»Incommuneproomnibusdebereeossollici·
958 5237 1104 5308 tatispans
1118 5236 1240 5292 existens
1254 5235 1409 5291 secundum
1430 5240 1562 5290 naturam
1578 5252 1757 5295 communem
1793 5291 1797 5299 .

5 5361 11 5371 .
119 5323 164 5373 tos
178 5335 240 5374 esse
254 5319 478 5391 pracepitNam
493 5318 577 5393 isqui
591 5339 642 5394 pro
656 5322 786 5378 omnibus
795 5323 918 5379 homini·
959 5324 1088 5381 omnibus
1103 5330 1197 5397 potest
1210 5341 1261 5397 per
1273 5322 1488 5381 similitudinem
1502 5329 1612 5382 notum
1633 5326 1759 5383 donatio

119 5403 173 5462 bus
188 5406 247 5463 lucc
260 5407 489 5480 inconjunctus,
502 5409 616 5467 evidens
630 5416 674 5467 εει
687 5412 918 5485 quoniametpro
959 5431 1024 5471 nem
1035 5420 1178 5487 prestare.
1194 5414 1275 5470 Unde
1291 5413 1359 5468 illud
1373 5413 1453 5486 quasi
1475 5414 1538 5484 jam
1557 5413 1587 5469 in
1610 5416 1759 5472 consemio

119 5487 251 5556 omnibus
257 5495 474 5553 sollicitudinem
480 5499 637 5571 expendere
644 5499 771 5572 jubetur,
777 5501 879 5559 deinde
889 5507 918 5557 et
957 5520 1023 5559 nem
1036 5503 1184 5559 deductam
1194 5502 1260 5557 hinc
1267 5501 1406 5574 accipiens
1416 5500 1528 5573 adjicit:
1539 5520 1552 5555 ι
1564 5503 1621 5568 Qui
1629 5504 1759 5562 deditae·

116 5579 572 5656 illaquemmmaeasavidentur
584 5587 658 5645 inter
667 5589 915 5647 hominestransit.
956 5578 1050 5665 ipsuin
1059 5591 1279 5664 redemptionem
1289 5607 1340 5663 pro
1350 5588 1757 5652 omnibustestimoniumtem·
