3772 6120
119 200 189 260 1283
458 200 643 259 conulent.
664 202 704 258 ΙΝ
723 201 880 275 cannen
898 200 981 276 QUAE
999 201 1047 255 An
1066 200 1205 255 LAUDES
1223 198 1420 256 DICUNTUR.
1696 197 1757 253 itai

117 325 225 379 tuimus
244 325 424 395 explevimus.
442 326 523 379 Nunc
547 326 582 379 de
607 327 729 396 puritate
751 324 851 387 cordis,
868 339 918 394 per
927 331 947 382 ,t
959 325 1123 395 corrumpit,
1162 324 1268 378 nemini
1304 324 1444 378 violentus
1485 322 1592 383 existit,
1632 321 1758 375 neninem

118 429 202 485 qnam
220 413 418 482 contemplatio
433 413 482 466 Dei
494 414 617 481 assurgit
626 418 830 483 consequenter
837 413 919 482 juxta
959 413 1156 474 calumniatur,
1188 418 1238 466 aut
1264 412 1407 484 opprimit,
1445 428 1500 465 non
1539 410 1650 465 invidet
1687 409 1758 464 bonis

117 503 299 556 traditionem
315 504 464 571 majorum,
481 502 674 557 disserendum
695 507 835 572 putamus,
853 501 919 571 qula
959 508 1009 556 aut
1023 502 1140 555 insultat
1155 502 1275 559 alllictis,
1292 517 1348 555 non
1364 500 1440 555 luxui
1456 499 1550 554 carnis
1565 499 1694 565 inservit,
1709 516 1756 553 non

119 591 173 645 illis
186 591 252 644 solis
267 591 334 644 visio
360 591 409 644 Dei
435 592 572 662 promissa
594 591 702 662 estqui
726 591 830 645 mundo
853 596 919 643 sunt
961 590 1118 644 vinolentia
1128 591 1239 644 deditus
1249 591 1277 643 in
1288 606 1327 656 se,
1337 589 1451 643 bibendi
1462 587 1757 658 sitimbibendomagis

120 681 213 744 corde,
239 696 271 732 ac
294 680 355 732 ideo
381 695 493 734 necesse
517 687 568 741 est,
592 687 624 734 ut
647 681 770 733 carnalia
798 677 920 732 innubis
962 697 993 733 ac
1010 680 1099 749 magis
1113 679 1249 744 accendit,
1264 696 1319 732 non
1335 679 1464 732 odiorum
1479 677 1589 732 facibus
1605 677 1755 741 inardescit,

100 814 103 819 .
121 770 322 823 mortificemus
337 769 476 822 desideria
491 776 519 822 et
532 771 618 822 sacris
632 769 782 823 virtutibus
806 783 920 838 operam
962 785 1018 821 non
1033 769 1200 839 compendia
1214 769 1460 839 injustasectatur,
1476 783 1535 820 nou
1542 766 1705 837 potentibus
1715 772 1757 819 aut

120 859 229 915 doinus,
239 863 377 927 quatenus
388 875 438 927 per
448 875 555 922 carum,
570 876 650 928 opem
666 856 858 926 dirinagratia
869 857 922 908 lar·
963 856 1095 910 divitibus
1110 858 1250 915 adulatur,
1269 873 1323 910 non
1345 856 1471 926 inquieta
1487 854 1657 909 curiositate.
1677 859 1758 925 rapta-

121 947 481 1019 giente,adcoelestisregni
492 946 922 1000 beatitudinemetluevsatemae
963 952 1018 1010 tur,
1035 962 1090 998 non
1105 946 1263 999 domesticae
1276 944 1472 998 sollicitudinis
1491 961 1563 997 cura
1586 943 1756 1010 distenditur,

122 1036 387 1106 contemplationem
412 1036 572 1106 pertingere
612 1035 760 1106 pessimas.
791 1032 923 1098 Quamvis
964 1050 1020 1087 non
1035 1034 1166 1087 officiosis
1179 1034 1386 1088 occurrentium
1406 1031 1631 1086 salutationibus
1651 1032 1758 1086 delecta·

121 1127 195 1181 eriim
211 1143 242 1180 ex
256 1126 344 1179 ildam
356 1127 444 1180 simus
459 1126 609 1180 carnaliter
624 1125 693 1191 nati,
707 1140 761 1177 non
774 1123 866 1194 ipsum
883 1128 924 1176 ta·
965 1129 1020 1186 tur,
1039 1138 1090 1175 nec
1103 1122 1285 1193 superborum
1301 1122 1412 1192 injuriis
1421 1121 1570 1192 fatigatur,
1582 1137 1641 1174 nen
1651 1137 1711 1175 eum
1720 1137 1758 1175 su-

121 1232 185 1268 men
199 1214 334 1268 debemus
349 1214 462 1268 imitari.
484 1215 532 1280 sed
549 1214 701 1270 Christum,
719 1212 746 1265 in
761 1229 816 1283 quo
832 1212 923 1266 renati
964 1211 1061 1283 perbis
1076 1211 1166 1275 inllat,
1184 1228 1239 1265 non
1254 1210 1370 1264 ambitio
1386 1216 1501 1264 ventosa
1523 1210 1693 1281 praecipitat,
1708 1224 1756 1264 non

121 1300 219 1358 sumtis
234 1311 263 1357 et
276 1305 404 1369 visimus,
428 1305 539 1374 quando
549 1310 670 1357 veterem
682 1301 922 1356 conversationem
963 1316 1035 1354 vana
1048 1301 1139 1371 gloria
1151 1300 1271 1371 turpiter
1279 1301 1376 1370 jactat,
1384 1316 1440 1353 non
1453 1299 1632 1352 desiderium
1642 1298 1757 1369 glonosae

121 1392 273 1447 salubriter
299 1392 422 1446 innovati
447 1393 622 1463 deponimus.
650 1392 721 1455 Quid
746 1397 789 1444 est
817 1391 922 1444 imitari
963 1389 1104 1460 opinionis
1119 1389 1284 1451 inflammat,
1301 1406 1356 1442 non
1369 1388 1515 1441 distinctio
1526 1387 1613 1441 alieni
1623 1393 1698 1441 actus
1708 1388 1757 1441 ila

122 1482 222 1536 Adana.
240 1481 292 1533 nisi
303 1496 353 1553 pro
366 1482 524 1535 carnalibus
540 1481 771 1552 concupiscentiis
793 1497 826 1533 ac
847 1480 922 1533 desi·
963 1483 1057 1549 queat,
1075 1495 1130 1531 non
1141 1478 1175 1531 ad
1186 1478 1347 1531 societatem
1358 1476 1757 1548 turpiumturpitudinisamor

122 1569 572 1640 dedismovtemuharirhtqnid
590 1576 632 1622 nst
648 1569 750 1622 inritari
767 1569 920 1634 Christum,
964 1566 1072 1631 inritat,
1104 1583 1159 1620 non
1187 1566 1277 1620 rabies
1301 1566 1393 1619 insani
1417 1565 1523 1620 furoris
1552 1567 1686 1636 exagitat.
1709 1581 1756 1619 non

122 1658 176 1711 nisi
188 1657 346 1711 carnalibus
360 1659 592 1728 concupiscent-iis
615 1675 646 1711 ac
662 1658 807 1711 desideriis
830 1640 1354 1726 eruci-Bsumptusodiosammhtium
1362 1655 1756 1712 maciacnonardoranimosae

123 1747 169 1817 ligi
177 1746 189 1798 'l
199 1746 354 1800 sieutaliud
371 1763 426 1800 non
441 1754 484 1800 est
495 1754 616 1801 veterem
627 1747 865 1801 conversationem
875 1745 921 1799 de·
963 1745 1148 1798 contentionis
1163 1744 1319 1799 exanimat:
1330 1761 1385 1797 non
1400 1744 1466 1798 lacit
1476 1744 1674 1815 impudentem
1684 1745 1756 1799 auda

122 1851 236 1907 ponere,
253 1851 336 1905 quam
354 1850 408 1887 non
421 1836 575 1889 secundum
591 1851 714 1891 carnem.
732 1853 793 1906 eluar
813 1840 921 1888 vetera·
963 1833 1015 1891 cia,
1034 1834 1163 1904 iniquum
1178 1834 1325 1903 injustitia,
1343 1834 1433 1888 lerum
1449 1832 1644 1889 inclementia,
1660 1833 1755 1890 variam

122 1925 209 1978 scitet
223 1924 352 1980 moritur,
366 1923 412 1976 sed
424 1923 577 1978 secundum
589 1925 678 1978 Deum
690 1924 921 1995 riv·ere,quisolus
963 1921 1159 1989 inconstantia,
1168 1923 1339 1994 pertinacem
1353 1924 1541 1989 contumacia,
1551 1924 1682 1977 insanum
1690 1939 1755 1978 veca-

123 2019 216 2084 potest
231 2019 440 2084 perseverantes
459 2013 487 2066 in
504 2030 534 2065 sc
558 2013 691 2067 innovare
712 2013 872 2084 perenniter
894 2017 923 2065 et
963 2011 1020 2072 nia,
1036 2010 1199 2065 deliciosum
1214 2012 1289 2081 gula,
1307 2012 1438 2066 rebellem
1450 2012 1656 2072 inobedientia,
1665 2028 1754 2080 vanum

123 2102 215 2155 beare.
232 2102 410 2172 Quapropter
422 2102 495 2155 sicut
508 2102 620 2172 quando
639 2102 668 2155 in
692 2102 782 2155 Adam
806 2101 920 2166 ininius,
960 2098 1106 2166 jactantia,
1123 2099 1263 2153 infidelem
1278 2100 1404 2170 pertidia.
1422 2101 1511 2154 levem
1525 2100 1752 2165 facilitassamm

121 2207 218 2245 omnes
248 2191 275 2244 in
306 2191 366 2260 ipso
391 2191 507 2245 cadente
535 2191 712 2244 cecidimus:
739 2190 777 2244 ita
801 2191 868 2261 quia
893 2190 921 2243 in
964 2187 1752 2261 crudelitas,manduconcmturpisedacitas,impatienten

123 2279 235 2334 Christo
251 2296 311 2332 esse
323 2281 382 2349 J'am
399 2280 543 2350 ecepimus,
561 2280 671 2350 quipro
694 2279 773 2333 nobis
794 2277 922 2333 omnihus
964 2275 1113 2340 mobilitas,
1136 2276 1267 2330 mobilem
1291 2274 1470 2344 instabilitas,
1499 2295 1604 2349 vagum
1633 2279 1751 2350 spiritalis

122 2368 255 2438 dignatus
269 2374 312 2421 est
319 2369 436 2432 mori,et
448 2386 497 2421 nos
504 2368 923 2439 peccatisnostrisillicommor·
963 2363 1123 2420 infirmitas.
1139 2365 1304 2419 iracundum
1319 2366 1690 2438 animositassuspiciosum
1699 2384 1750 2438 pe·-

123 2457 164 2510 tui
178 2474 240 2510 cum
257 2457 303 2510 illo
319 2457 483 2527 spirimliter
497 2473 686 2527 resurgamus.
704 2457 735 2511 ln
759 2457 806 2509 illo
829 2455 923 2510 omnia
963 2454 1090 2518 versitas,
1110 2453 1255 2507 uerbosum
1280 2455 1396 2512 vanitas,
1426 2455 1573 2508 irrisorem
1594 2456 1746 2527 malignitas.

123 2545 753 2616 bonaquaepotuimushabcrcperdidimus:in
770 2545 822 2598 hoc
837 2544 922 2598 ctiam
964 2541 1012 2610 qui
1035 2550 1159 2596 remotus
1183 2549 1225 2595 cst
1244 2559 1261 2595 a
1288 2542 1467 2597 sacularibus
1483 2561 1601 2615 prorsus
1616 2544 1744 2607 illecebris

121 2634 230 2702 majora
245 2640 273 2687 et
284 2634 344 2686 sine
356 2635 409 2686 line
422 2634 550 2687 habenda
561 2635 813 2705 recepturisumus,
825 2634 847 2685 si
863 2650 923 2704 per-
965 2637 1089 2685 remotus
1103 2631 1137 2684 ab
1151 2631 1314 2694 inimicitiis,
1328 2638 1452 2686 remotus
1467 2633 1503 2686 ab
1517 2634 1629 2688 insidiis
1653 2635 1742 2690 aliens.

122 2727 284 2775 severanter
300 2724 361 2791 ejus
381 2723 498 2792 vestigia
517 2728 673 2776 teneamus.
694 2723 784 2776 Adam
809 2739 859 2776 iios
874 2721 923 2775 ob·
966 2721 1528 2792 remotusarapinisveloccultioribusvcl
1544 2724 1659 2794 apertis.
1674 2738 1743 2777 reme

125 2810 247 2863 noxiavit
270 2811 351 2863 malis
375 2811 503 2864 omnibus
528 2829 578 2881 per
600 2812 742 2882 propriam
766 2811 922 2881 culpam,a
963 2814 1009 2863 tus
1022 2827 1039 2862 a
1052 2810 1205 2863 mendaciis
1215 2810 1271 2862 sire
1282 2809 1423 2880 perjuriis,
1439 2816 1586 2882 postremo
1601 2811 1741 2866 remotusab

123 2897 225 2968 quibus
240 2914 290 2952 nos
305 2898 432 2952 liberarit
445 2899 582 2952 adventus
596 2900 698 2954 Christi
722 2917 772 2970 per
788 2900 919 2969 gratiam.
963 2897 1039 2950 omni
1053 2913 1155 2967 genere
1166 2897 1368 2967 flagitiosorum
1384 2904 1470 2969 atque
1484 2900 1643 2954 facinorum
1663 2900 1740 2971 quibus

123 2987 173 3040 llle
188 2986 217 3039 in
232 3003 283 3040 nos
297 2988 406 3057 culpam
422 3005 502 3041 suam
515 2988 671 3041 transmisit
686 2992 716 3040 et
727 3003 848 3057 pernam,
865 2987 921 3041 hic·
962 2985 1112 3039 carnaliter
1122 2986 1488 3042 virentesllcumoilendunt
1498 2995 1528 3042 et
1538 2990 1643 3043 mortui
1652 2992 1740 3061 peccato

123 3091 176 3144 que
189 3075 300 3144 culpam
315 3080 438 3127 nostram
455 3075 594 3145 suscipere
604 3082 700 3146 utpote
710 3081 919 3145 conceptns;et,
961 3090 1017 3127 non
1029 3074 1053 3127 ei
1064 3075 1207 3137 serviunt;
1228 3075 1309 3136 sicut,
1326 3076 1452 3146 inquam,
1467 3093 1554 3131 carne
1572 3085 1694 3133 rnonuus
1705 3093 1740 3131 nec

126 3163 461 3233 natussinepeccatonon
477 3164 577 3233 potuit,
593 3163 627 3216 de
642 3164 818 3234 susceptione
833 3179 922 3234 prenae
962 3162 1052 3217 lacere
1067 3168 1158 3234 potest
1169 3165 1222 3217 ista
1233 3181 1294 3233 quae
1312 3164 1378 3230 dixi,
1398 3182 1448 3218 nec
1459 3167 1573 3236 pati,ita
1585 3168 1651 3222 hiet
1660 3165 1738 3221 talibus

123 3257 226 3305 nostrae
237 3252 347 3322 culpam
356 3256 481 3304 nostram
491 3251 574 3304 simul
586 3250 706 3305 abolevit
717 3258 746 3305 et
755 3268 876 3323 poenam,
893 3257 922 3306 et
963 3251 1036 3305 ritiis
1046 3253 1159 3306 omnino
1178 3270 1233 3306 nen
1243 3253 1347 3317 rirunt,
1370 3254 1418 3324 qui
1428 3260 1460 3308 ut
1473 3256 1570 3310 vivant
1582 3257 1639 3311 Deo
1650 3270 1736 3311 carnem

123 3347 155 3394 ut
175 3345 266 3394 totum
290 3341 392 3406 dicam,
415 3341 504 3393 Adam
528 3340 608 3395 nobis
629 3340 733 3411 eripuit
747 3340 918 3411 paradisum,
962 3357 1042 3394 suam
1064 3358 1127 3394 cum
1152 3341 1226 3395 titiis
1250 3348 1279 3397 et
1301 3343 1536 3414 concupiscentiis
1556 3346 1735 3400 crucifixerunt

124 3429 253 3483 Christus
263 3429 376 3483 donavit
387 3431 532 3493 ctcoelum,
544 3436 572 3482 et
586 3430 649 3482 ideo
659 3429 682 3482 si
693 3429 720 3483 in
740 3429 786 3482 illo
798 3446 859 3483 esse
872 3445 920 3484 vo·
962 3429 1088 3483 membra
1109 3446 1161 3483 sua
1184 3436 1329 3500 quaesunt
1349 3448 1434 3503 super
1462 3439 1569 3487 terram
1594 3434 1736 3488 mortificant

121 3518 215 3572 tumus
229 3518 303 3588 quod
317 3535 376 3571 esse
402 3517 545 3575 debemus,
573 3518 645 3572 sicut
665 3524 778 3572 sanctus
801 3518 922 3571 loannes
963 3518 1074 3589 quando
1088 3518 1163 3572 intra
1177 3520 1366 3573 necessarium
1376 3520 1490 3574 modum
1506 3539 1591 3576 suum
1604 3526 1735 3593 temperant

123 3606 265 3677 apostolus
276 3606 344 3660 dicit
361 3625 366 3657 ε
387 3627 398 3654 c
415 3607 560 3670 Quomodo
575 3607 620 3660 ille
644 3606 805 3672 ambulavit,
822 3613 851 3660 et
872 3622 922 3660 nos
963 3607 1307 3677 appetitum,quandonon
1318 3608 1735 3666 solumseadelicatioribuscibis

121 3694 286 3765 spiritaliter
299 3694 475 3749 arnbulemus
492 3714 497 3747 :
512 3719 521 3741 v
544 3696 611 3766 quid
627 3702 670 3748 est
683 3695 827 3749 ambulare
851 3695 922 3748 sicut
965 3696 1109 3749 moderata
1117 3696 1290 3750 districtione
1301 3698 1476 3768 suspendunt
1485 3700 1627 3754 sedetiam
1635 3703 1662 3754 in
1671 3699 1733 3770 ipsius

122 3783 169 3837 ille
180 3782 343 3847 ambularit,
362 3784 415 3837 nisi
426 3789 604 3837 contemnere
620 3785 921 3854 einninprosperaquae
963 3784 1158 3838 communibus
1176 3785 1246 3839 nihil
1261 3787 1338 3839 carni
1351 3804 1467 3858 suaepro
1485 3788 1635 3855 ‹lesidcrio,
1652 3789 1733 3858 sedpte

123 3872 298 3943 contempsit,
315 3889 371 3925 non
386 3873 484 3925 timere
498 3872 614 3927 adversa
629 3890 690 3943 quie
701 3872 826 3943 pertulit,
835 3871 922 3927 lihen·
963 3873 1152 3927 sustentandae
1163 3873 1224 3927 ritae
1241 3875 1406 3928 necessitate
1418 3877 1596 3947 permittunt,
1607 3879 1671 3932 certi
1680 3872 1732 3945 qnod

88 3980 93 3991 ¹
123 3965 168 4014 tri·
190 3960 280 4014 lacere
309 3977 369 4030 quae
391 3960 464 4026 lecit,
489 3961 548 4013 lieri
568 3961 667 4014 docere
691 3977 752 4031 quae
767 3961 919 4023 mandarit,
964 3961 1129 4015 nccdcliciae
1145 3960 1282 4032 quaelibet,
1297 3962 1319 4015 si
1336 3963 1441 4033 absque
1456 3965 1596 4019 desiderio
1609 3964 1732 4037 percipite

124 4064 237 4118 sperare
252 4065 312 4116 quae
328 4049 465 4117 promisit,
482 4056 510 4102 et
524 4050 603 4119 sequi
624 4066 679 4119 quo
695 4050 756 4119 ipse
770 4049 918 4119 precessit,
962 4055 1017 4114 tur,
1029 4050 1163 4110 officiunt,
1173 4050 1732 4127 etrilcscibiplerumqueabstinentiepre

125 4141 258 4205 prestare
268 4135 403 4189 beneficia
412 4138 498 4190 etiam
508 4137 636 4206 ingratis,
648 4154 704 4191 non
716 4137 869 4190 retribuere
881 4153 922 4192 se·
962 4138 1074 4202 lectum,
1088 4138 1110 4191 si
1127 4144 1293 4209 appetenter
1310 4140 1492 4213 accipiantur,
1510 4141 1670 4213 impediunt.
1681 4140 1731 4194 llinr

123 4224 247 4277 cundum
262 4224 363 4278 merita
375 4242 425 4280 sua
440 4226 592 4292 malevolis,
605 4234 720 4280 etorare
729 4242 778 4296 pro
789 4225 953 4326 inimicis,D
963 4232 1005 4281 est
1015 4227 1087 4297 quod
1103 4234 1216 4281 sanctus
1229 4228 1316 4283 David
1332 4245 1411 4300 aquae
1429 4230 1458 4283 in
1469 4230 1731 4302 seconcnpisceutiau

124 4329 219 4366 amare
229 4311 325 4379 bonos,
341 4313 467 4366 misereri
477 4331 633 4384 perversae,
650 4315 768 4369 inritare
778 4315 919 4381 adversae,
962 4314 1271 4388 castigavit,atqueeam
1279 4317 1331 4371 sibi
1342 4336 1359 4371 a
1369 4318 1426 4372 suis
1434 4319 1612 4385 oblatam,ne
1620 4315 1730 4374 desiderio

123 4401 264 4472 suscipere
281 4401 309 4454 in
321 4400 457 4454 charitate
470 4402 638 4456 conversos?
658 4403 700 4455 nd
724 4402 776 4455 hoc
799 4401 922 4473 pertinet
962 4420 994 4457 ex
1004 4419 1038 4457 ea
1045 4403 1203 4458 satisfacere
1215 4405 1365 4472 videretur,
1376 4407 1484 4473 alludit,
1493 4414 1523 4462 et
1531 4409 1618 4463 sancti
1627 4409 1731 4476 Elleper·

124 4491 197 4562 quod
213 4490 253 4543 ait
267 4490 352 4544 etiam
363 4496 475 4544 sanctus
486 4491 589 4544 Paulus
601 4491 793 4561 apostoluszi
821 4491 849 4544 Si
876 4507 920 4543 re·
962 4491 1051 4563 ceptio
1066 4493 1193 4547 carnium
1210 4509 1267 4548 non
1279 4496 1427 4567 concupita
1441 4493 1730 4553 nonnocuitendea-

123 4579 283 4633 surrexistis
297 4595 360 4633 cum
375 4578 495 4641 Christo,
510 4597 572 4650 quae
586 4596 698 4633 sursum
714 4585 780 4633 sunt
793 4579 918 4649 quaeritc,
961 4585 1009 4634 tur
1018 4581 1135 4651 intelligi
1146 4580 1219 4652 quod
1230 4585 1365 4638 veraciter
1378 4584 1553 4641 abstinentes
1566 4596 1730 4641 escaminnon

123 4667 170 4720 ubi
184 4667 312 4721 Christus
323 4667 400 4720 estin
413 4667 527 4721 dextera
541 4667 590 4721 Dei
605 4668 705 4722 sedens
721 4671 786 4731 (cfol.
801 4685 837 4729 111,
858 4668 889 4726 t).
905 4685 918 4719 a
962 4675 1077 4723 naturas
1091 4670 1140 4723 sed
1150 4672 1389 4743 concupiscentias
1401 4674 1546 4740 damnent,
1561 4693 1593 4729 ac
1602 4675 1729 4730 noluntates

125 4754 166 4808 llli
179 4760 331 4825 resurgunt
343 4772 407 4808 cum
424 4756 536 4810 Christo
552 4756 599 4826 qui
615 4756 862 4810 moriuntursicut
874 4756 920 4811 ille
962 4775 1027 4812 suas
1039 4758 1190 4813 desiderati
1207 4760 1261 4815 cibi
1276 4762 1318 4815 rel
1332 4768 1413 4832 potus
1428 4763 1565 4818 abusione
1580 4764 1727 4819 mortificent.

124 4849 246 4915 peccato,
263 4860 296 4897 oa
319 4849 413 4897 tamen
438 4845 617 4900 distinctione
639 4851 749 4899 servata
772 4846 846 4917 quod
875 4846 921 4900 ille
962 4847 1015 4912 Qui
1023 4853 1117 4901 antem
1131 4864 1187 4902 non
1198 4849 1288 4903 solum
1302 4851 1474 4921 aqualitate,
1482 4853 1532 4907 sed
1547 4853 1729 4920 etiamaqaan·

124 4938 252 4986 mortnus
269 4937 311 4985 est
325 4937 447 5001 peccato,
460 4949 514 4986 non
524 4933 639 4997 suo,sed
655 4939 760 4988 nostro,
772 4934 920 5004 unusquis·
961 4937 1041 4990 titate
1056 4937 1181 4991 ciborum
1194 4937 1310 5008 cupiunt
1323 4939 1464 4994 abstinere
1471 4941 1544 4995 nihil
1552 4939 1727 4995 diudsadevt
1783 5000 1785 5007 ,

124 5039 178 5092 que
193 5026 288 5075 autern
308 5026 436 5074 nostrum
451 5037 506 5074 non
521 5021 646 5075 omnium
662 5023 782 5075 moritur
795 5027 917 5094 peccato,
962 5025 1015 5079 nisi
1040 5032 1072 5079 ut
1087 5033 1223 5098 quantum
1247 5029 1390 5083 stomacho
1415 5030 1567 5084 reficiendo
1580 5046 1612 5084 ac
1624 5021 1729 5083 amice
1783 5020 1785 5037 '

124 5111 172 5165 sed
192 5125 252 5163 suo.
265 5109 337 5173 Quid
363 5115 406 5163 est
428 5115 541 5180 peccato
570 5111 650 5171 niori,
675 5111 727 5163 nisi
755 5111 921 5164 damnandis
963 5114 1069 5168 mendae
1087 5115 1176 5184 [Forte
1194 5117 1358 5186 derslsatis]
1373 5134 1434 5171 csse
1450 5118 1569 5181 videtur,
1584 5118 1725 5188 indulgeat

124 5199 254 5270 operibus
281 5197 395 5252 omnino
418 5215 474 5252 non
499 5198 599 5263 virere,
627 5199 697 5253 nihil
726 5200 921 5269 concupiscere
962 5218 1012 5256 nec
1022 5203 1151 5273 expleant
1160 5205 1373 5275 suosappetitus
1383 5188 1727 5278 ariditatepercipiendi,scl

124 5288 283 5348 carnaliter,
310 5288 380 5341 nihil
418 5287 546 5341 arnbiret
571 5289 649 5342 Sicut
680 5289 755 5341 enim
794 5295 921 5342 mortuus
962 5291 1156 5363 comprimant.
1174 5297 1259 5363 atque
1279 5293 1320 5346 eis
1337 5309 1394 5348 non
1416 5296 1552 5350 saturitas
1562 5296 1658 5351 edendi
1667 5295 1726 5347 daem

125 5391 209 5427 carne
229 5376 298 5429 nulli
318 5377 378 5445 jam
402 5376 534 5441 detmhit,
560 5377 668 5431 nullum
699 5383 843 5431 aversatur
873 5383 922 5432 aut
961 5379 1728 5457 faciat,sedvoluntas,quiatamacupiditatepretiosoruffl

125 5461 251 5532 despicit,
275 5463 379 5518 nulhus
393 5465 556 5535 pudicitiam
573 5465 673 5521 callida
687 5467 922 5521 circumventione
963 5467 1088 5522 ciborum
1102 5485 1215 5539 quama
1229 5469 1317 5524 nimia
1330 5472 1512 5542 perceptione
1523 5474 1618 5528 vilium
1630 5469 1729 5527 conam·
