3786 6128
139 311 206 378 ltol
476 314 661 378 DOMHEM'.
681 316 723 377 ῙΝ
740 320 897 377 chunos
916 318 998 386 QUAE
1016 321 1066 376 ho
1083 321 1223 377 soboas
1242 321 1436 379 mcortroa.
1705 326 1777 382 tto‘z·

137 448 267 519 sequitur
279 466 284 500 :
298 449 332 502 Et
342 448 399 501 vita
410 453 501 502 vestra
512 446 673 500 abscondita
687 453 729 500 est
746 462 809 500 cum
825 447 936 501 Christo
945 450 970 507 Α
979 447 1114 500 Dominus
1128 448 1272 501 infirmum
1287 448 1369 502 saciet
1387 449 1576 504 adversarium
1592 451 1663 521 ejus.
1679 450 1777 506 Potest

137 539 251 592 ihDeo.
261 539 331 592 Ecce
341 537 602 609 quomodoeosdem
613 537 688 608 ipsos
707 537 827 590 viviticat
840 537 914 590 Deus
930 528 941 589 ε’
980 553 1012 588 ex
1026 536 1158 607 ambiguo
1171 554 1262 605 graeco
1280 537 1398 608 intelligi
1428 546 1456 591 et
1475 540 1666 594 adversarium
1680 556 1773 594 suum.

137 626 186 681 sed
197 627 444 697 nhhquideosdem
461 626 576 680 deduxit
590 626 628 679 ad'
640 626 743 679 inferos
757 632 786 679 et
805 626 939 679 reduxit?
980 625 1051 678 Cum
1065 626 1139 678 enim
1154 625 1289 679 Dominus
1304 627 1446 696 possidere
1456 643 1507 681 nos
1520 634 1643 698 coperit,
1655 628 1780 699 profecto

139 717 359 786 uacuumque
370 715 430 769 sine
441 715 630 769 controversia
644 715 769 769 fidelium
785 715 812 768 in
828 715 875 769 illo
888 730 938 785 po·
981 713 1165 780 adversarius,
1183 715 1233 784 qui
1246 722 1342 769 noster
1356 715 1447 769 suerat
1462 717 1549 788 ipsius
1565 719 1605 783 lit,
1617 724 1645 772 et
1651 717 1780 772 vincetur
1810 764 1812 769 ,

138 805 195 861 tius
209 805 336 859 videmus
350 805 506 875 impletum,
522 805 613 875 capite
629 804 735 858 scilieet
755 810 860 861 nostro.
876 820 940 857 cum
982 802 1102 867 anobis,
1123 820 1179 857 non
1195 804 1300 858 viribus
1324 805 1436 871 nostris,
1454 806 1521 875 quia
1543 822 1600 860 non
1624 806 1653 860 in
1676 807 1781 860 virtute

139 908 197 965 quo
210 893 297 948 vitam
310 898 435 948 nostram
450 894 479 948 in
494 894 710 964 DeoApostolus
717 894 788 947 dixit
798 893 939 947 abscondi·
983 893 1310 963 propriapotensestrir.
1319 893 1528 965 Dominusergo
1542 895 1686 950 infirmum
1698 895 1781 950 faciet

139 989 208 1037 tam.
226 984 299 1037 Nam
314 984 361 1054 qui
375 984 487 1054 proprio
507 983 564 1037 olio
588 998 643 1037 non
667 983 800 1053 pepercit,
820 983 869 1037 secl
891 996 942 1053 pro
983 981 1172 1037 adversarium
1187 998 1279 1036 suum.
1296 983 1564 1043 Dommnssanctus,
1577 989 1610 1038 ut
1622 983 1751 1038 vincatur
1764 1001 1782 1038 a

141 1072 222 1127 nobis
237 1071 367 1126 omnibus
377 1072 495 1126 tradidit
505 1087 580 1138 eum,
590 1072 643 1125 iste
657 1072 740 1126 modo
754 1071 851 1142 utique
867 1088 942 1125 mor·
983 1071 1095 1129 sanctis,
1121 1086 1191 1140 quos
1214 1072 1349 1126 Dominus
1372 1077 1485 1127 sanctus
1508 1079 1669 1127 sanctorum
1696 1072 1783 1128 elficit

140 1162 241 1223 tiiica't,
258 1167 287 1215 et
300 1161 366 1232 quia
380 1161 557 1215 resuscitavit
571 1161 727 1225 amortuis,
740 1160 943 1215 eumdcmrur-
983 1166 1103 1225 sanctos,
1121 1175 1153 1212 ac
1173 1176 1224 1230 per
1245 1161 1298 1214 hoc
1321 1178 1376 1215 non
1400 1163 1537 1232 glorietur
1558 1168 1657 1233 potens
1679 1162 1709 1216 in
1731 1176 1783 1216 sua

138 1250 358 1304 mersissent.
378 1251 412 1304 Et
427 1250 493 1320 quia·
506 1250 534 1304 in
547 1250 694 1321 prophetia
716 1266 766 1304 vox
782 1252 843 1320 ejus
855 1266 943 1321 agno·
984 1248 1119 1317 potentia,
1137 1253 1165 1301 et
1181 1264 1237 1302 non
1251 1249 1785 1321 glorieturprudensinsuaprudeutiac

140 1339 243 1393 scitor:
255 1356 267 1389 c
280 1339 342 1392 Non
358 1338 535 1409 derelinques
547 1339 670 1392 animam
687 1354 778 1392 meam
791 1339 820 1392 in
835 1339 943 1393 inferno
985 1353 1036 1390 nec
1058 1337 1134 1390 dives
1163 1337 1192 1390 in
1218 1337 1321 1391 divitiis
1345 1339 1423 1397 suis:
1449 1339 1497 1392 scd
1517 1339 1546 1392 in
1570 1340 1622 1393 hoc
1634 1339 1782 1409 glorietur,

142 1430 225 1494 (Prot.
256 1430 311 1495 xi),
335 1427 464 1481 eumdem
480 1427 595 1481 deduxit
609 1428 644 1481 ad
662 1427 765 1481 inferos
780 1434 809 1481 et
822 1428 942 1494 reduxit,
986 1426 1033 1495 qui
1047 1425 1185 1495 gloriatur
1200 1426 1360 1496 intelligere
1373 1432 1402 1480 et
1416 1427 1487 1480 scire
1495 1427 1644 1481 Dominum
1655 1433 1684 1481 et
1693 1427 1785 1483 facere

141 1517 196 1570 huo
209 1517 273 1586 ejus
287 1522 453 1586 paupertate
467 1516 548 1570 ditati
562 1533 668 1570 sumus.
983 1514 1120 1583 judicium
1132 1522 1161 1567 et
1168 1514 1307 1584 justitiam
1327 1515 1356 1569 in
1371 1517 1464 1569 medio
1478 1520 1569 1581 terra,
1583 1532 1639 1570 non
1654 1518 1740 1588 parva
1753 1534 1787 1573 ex

182 1626 194 1653 ι
211 1605 349 1658 Dominus
363 1604 438 1658 enim
454 1620 591 1675 pauperes
604 1605 672 1658 iacit
686 1612 715 1659 ct
735 1605 816 1659 ditat.
834 1624 848 1658 r
873 1607 945 1659 Nam
986 1610 1066 1673 parte
1081 1604 1233 1674 intellligit,
1251 1611 1279 1658 et
1293 1605 1345 1658 scit
1360 1604 1521 1671 Dominum,
1538 1607 1585 1676 qui
1601 1605 1742 1675 intelligit,
1759 1610 1788 1660 et

142 1692 212 1765 quid
227 1694 279 1747 boc
295 1693 332 1747 sit
345 1699 377 1747 ut
391 1694 522 1759 solamne,
540 1695 615 1764 quod
634 1695 762 1765 sequitur
785 1695 943 1749 audiamus.
987 1692 1040 1746 scit
1050 1693 1134 1746 ctiam
1150 1693 1201 1746 hoc
1215 1693 1267 1747 sibi
1279 1712 1296 1747 a
1319 1694 1437 1748 Domino
1453 1694 1523 1755 dari,
1542 1700 1574 1748 ut
1596 1694 1737 1764 intelligat
1760 1700 1788 1749 et

182 1783 348 1836 «lluoriliat
362 1789 391 1836 et
405 1782 547 1836 sublimat.
567 1802 578 1831 ι
596 1783 698 1854 Utique
712 1764 1059 1854 superboshumi-Bsciac
1079 1783 1239 1836 Dominum.
1257 1783 1312 1836 Sed
1331 1782 1398 1852 quia
1420 1783 1568 1837 retributio
1589 1785 1667 1853 justa
1689 1783 1719 1837 in
1741 1783 1787 1839 die

143 1871 198 1924 liat
211 1875 241 1924 et
252 1872 374 1925 humiles
384 1871 488 1925 exaltat
500 1891 506 1937 ;
528 1872 601 1943 quod
625 1873 699 1926 enim
724 1872 790 1926 alibi
816 1873 918 1943 legitur
938 1892 943 1926 :
985 1871 1086 1940 judicii
1101 1871 1197 1925 futura
1211 1877 1282 1926 esta
1295 1871 1414 1927 Domino
1429 1886 1513 1942 super
1527 1872 1599 1926 lilios
1614 1872 1698 1937 Adae3
1722 1872 1788 1927 inde

144 1976 158 2011 r
175 1960 255 2014 Duos
269 1960 396 2032 superbis
410 1961 525 2017 resistit.
542 1961 695 2016 humilibus
709 1967 804 2015 autem
825 1963 874 2016 det
885 1979 948 2031 gra·
989 1960 1134 2030 sequitur:

140 2048 215 2102 tiam
241 2051 309 2115 idac.
337 2054 422 2118 rv):r
452 2050 504 2103 hoc
532 2056 609 2104 totus
629 2050 713 2105 habet
736 2066 838 2117 sermo,
868 2052 948 2122 cujus
1028 2050 1147 2119 «Sopor
1161 2049 1235 2119 ipsos
1256 2049 1284 2102 in
1307 2048 1383 2103 coelis
1403 2048 1522 2103 tonabit.
1542 2067 1553 2098 ι
1571 2050 1633 2119 lpse
1650 2049 1789 2120 judicabit

140 2144 251 2192 nomen
280 2139 585 2210 interpretaturgratia
600 2142 669 2210 eJ'us.
695 2142 757 2193 lam
774 2156 848 2207 vero,
875 2141 949 2212 quod
990 2144 1146 2192 extremum
1161 2144 1252 2199 terrae,
1270 2139 1337 2208 quia
1349 2140 1443 2207 justus
1463 2144 1514 2195 est.
1531 2154 1645 2208 prorsus
1660 2139 1788 2194 ordinem

147 2227 319 2298 adjungitur
334 2246 340 2280 ι
990 2226 1083 2281 tenuit
1095 2227 1276 2281 confessionis
1282 2227 1406 2280 fidelium
1417 2227 1475 2281 haec
1496 2227 1681 2297 prophetissa,
1691 2244 1788 2282 ascen·

181 2326 195 2367 o
215 2316 340 2371 suscitat
353 2321 457 2370 aten‘a
471 2331 632 2388 pauperem,
647 2335 660 2368 ι
678 2318 713 2371 de
737 2317 825 2371 multo
849 2315 949 2369 melius
990 2315 1033 2370 dit
1046 2315 1120 2370 enim
1134 2316 1164 2369 in
1179 2317 1281 2369 colum
1296 2316 1431 2370 Dominus
1446 2315 1582 2380 Christus,
1600 2315 1708 2370 atinde
1721 2326 1789 2371 vene

135 2409 233 2477 qttanr
248 2405 284 2459 de
298 2406 346 2459 illo
360 2405 486 2475 intelligo
499 2406 547 2476 qui
563 2412 735 2476 propternos
744 2422 851 2477 pauper
860 2407 949 2459 lactus
990 2411 1071 2459 turus
1086 2411 1129 2459 est
1139 2405 1173 2458 ad
1186 2405 1374 2474 judicandum
1389 2405 1464 2458 viros
1479 2410 1507 2458 et
1523 2410 1658 2459 mortuos.
1677 2423 1689 2457 a
1717 2405 1789 2459 Nam

131 2498 198 2560 ost,
214 2495 364 2548 cumdires
376 2500 458 2556 esset,
474 2496 580 2564 atejus
591 2500 765 2566 paupertate,
784 2494 949 2565 sicutpaulo
990 2495 1053 2565 quis
1068 2493 1203 2558 ascendit,
1227 2495 1331 2548 rsicut
1352 2493 1421 2548 dicit
1442 2494 1591 2564 Apostolus
1616 2494 1719 2561 (Eposo.
1740 2496 1787 2562 rr),

130 2588 214 2638 mite
223 2583 329 2637 dictum
342 2589 392 2641 est.
405 2584 579 2637 ditaremur:
597 2584 689 2654 ipsum
710 2585 785 2637 eninr
811 2584 846 2637 de
872 2589 948 2637 terra
991 2601 1004 2635 r
1018 2583 1072 2638 nisi
1088 2589 1117 2637 et
1131 2584 1178 2654 qui
1187 2583 1365 2638 descenditis
1377 2582 1521 2636 inferiores
1532 2582 1789 2652 partesterraelQui

125 2671 292 2727 suscitavit
307 2678 369 2726 taru-
381 2673 444 2735 cito,
463 2678 494 2727 ut
517 2689 581 2727 caro
605 2675 665 2743 ejus
691 2689 746 2726 non
770 2673 877 2727 videret
890 2686 948 2726 cor·
989 2673 1141 2738 descendit,
1159 2673 1219 2743 ipse
1235 2678 1278 2726 est
1291 2672 1339 2742 qui
1354 2672 1480 2726 aseendit
1492 2687 1681 2742 superomnes
1692 2672 1786 2735 coelos,

130 2761 321 2832 ruptionem,
339 2776 389 2815 nec
412 2761 480 2815 illud
504 2761 539 2815 ab
563 2762 612 2815 illo
628 2762 764 2825 alienabo,
791 2762 864 2832 quod
888 2761 947 2814 dic-
989 2767 1022 2815 ut
1034 2761 1203 2833 adimpleret
1217 2762 1321 2815 omnia.
1342 2781 1353 2810 ι
1370 2762 1423 2814 Per
1437 2760 1525 2814 nubes
1535 2776 1602 2830 ergo
1612 2760 1786 2826 suostonuit,

125 2855 288 2906 tumeat:
989 2866 1058 2921 quas
1071 2856 1167 2904 sancto
1187 2851 1293 2921 Spiritu
1314 2864 1379 2904 eum
1405 2850 1576 2904 ascendisset
1590 2849 1726 2920 implevit.
1747 2850 1787 2904 De
1865 2893 1872 2901 .

176 2944 195 2991 ι’
214 2939 249 2994 at
273 2939 308 2993 de
328 2946 451 2994 stercore
474 2941 556 3010 erigit
568 2942 689 3012 inopem.
710 2960 720 2990 ι
738 2941 821 3011 lnops
845 2941 947 3013 quippo
989 2939 1090 3010 quibus
1105 2939 1211 2993 carnali
1234 2940 1400 3001 Jerusalem,
1417 2939 1470 2992 hoc
1493 2944 1544 2999 est,
1561 2939 1679 3009 ingratae
1702 2938 1789 2992 vineae

121 3028 221 3083 fflem
238 3028 287 3099 qul
302 3044 428 3100 pauper:
446 3035 553 3083 denaus
567 3042 642 3087 vero,
665 3030 738 3083 unde
761 3036 870 3083 erectus
894 3037 945 3096 est,
988 3029 1174 3083 comminatus
1190 3029 1316 3099 cstapud
1332 3029 1434 3083 lseiam
1449 3029 1625 3099 prophetam,
1641 3044 1676 3081 ne
1690 3027 1790 3098 pluant

119 3116 302 3172 rectissime
325 3117 522 3187 intelliguntur
549 3124 741 3188 persecutores
769 3119 857 3171 ludaei
884 3138 888 3171 :
920 3118 948 3172 in
958 3112 1073 3189 (isuper
1082 3134 1145 3172 eam
1162 3118 1289 3172 imbrem.
1304 3118 1349 3172 Sic
1363 3123 1456 3171 autem
1473 3117 1584 3171 dictum·
1595 3122 1660 3172 est:

120 3210 269 3277 quorum
284 3223 411 3264 nurnero.
428 3223 491 3260 cum
506 3222 536 3261 sc
558 3207 674 3260 dixisset
688 3207 837 3277 Apostolus
853 3206 947 3261 Eecla-
1026 3226 1037 3259 c
1051 3207 1187 3261 Dominus
1196 3206 1334 3277 iudicabit
1342 3210 1411 3260 lines
1418 3212 1510 3260 terrae.
1524 3224 1534 3256 r
1554 3207 1593 3259 Ac
1606 3206 1630 3259 si
1648 3205 1790 3261 diceretur

123 3294 222 3350 Μ
248 3301 426 3366 persecutum
445 3314 483 3348 :a
509 3296 576 3360 Quae
601 3296 678 3349 mihi.
708 3296 809 3366 inquit,
834 3296 948 3350 fuerunt
988 3294 1124 3349 Dominus
1136 3295 1275 3366 judicabit
1288 3300 1412 3349 extrema
1423 3294 1545 3348 hominis
1561 3312 1566 3346 ε
1584 3294 1717 3364 quoniam
1731 3306 1788 3350 noti

124 3381 234 3445 lucra,
250 3383 309 3437 llaec
324 3391 438 3455 propter
452 3384 594 3439 Christum
610 3385 714 3438 (lamna
728 3401 789 3438 esse
803 3385 877 3446 duxi,
895 3401 947 3439 nec
985 3384 1195 3454 judicabuntur,
1213 3400 1274 3455 quae
1288 3384 1316 3437 in
1332 3383 1441 3446 melius
1458 3384 1500 3437 vel
1516 3383 1545 3436 in
1559 3383 1684 3437 deterius
1696 3383 1788 3438 medio

129 3472 235 3527 tolum
251 3472 432 3536 detrimenta,
444 3490 541 3528 verum
555 3475 641 3528 etiam
655 3480 777 3527 stercora
791 3473 945 3527 existimavi
987 3478 1115 3543 tempore
1129 3477 1348 3526 commutantur.
1367 3472 1415 3525 sed
1431 3471 1459 3525 in
1474 3471 1575 3542 quibus
1600 3471 1733 3525 extremis
1748 3472 1789 3526 in-

135 3564 213 3621 t'tse,
228 3560 413 3615 otthristurn
425 3563 616 3616 lucrifacerem
633 3565 711 3617 'Plrit
724 3566 771 3629 ιιι).
787 3584 798 3612 s
816 3564 855 3616 De
870 3568 947 3617 terra
987 3568 1086 3615 ventus
1102 3561 1194 3614 iuerat
1208 3560 1255 3631 qui
1264 3559 1446 3631 judicabitur.
1466 3581 1476 3609 a
1496 3561 1530 3612 Et
1544 3558 1623 3612 dabit
1638 3559 1788 3630 imperium

137 3658 214 3722 etgo‘
224 3650 376 3705 suscitatus
391 3656 443 3712 est,
457 3652 504 3706 ille
519 3668 605 3723 supra
621 3652 827 3706 omnesdisites
840 3668 947 3723 pauper
989 3650 1074 3719 «regi
1090 3666 1150 3708 suo,
1168 3669 1179 3699 ι
1197 3651 1248 3703 hoc
1271 3655 1323 3712 est,
1349 3648 1450 3719 populo
1474 3647 1627 3701 christiano
1643 3665 1649 3699 :
1666 3647 1716 3702 dat
1746 3649 1786 3703 eis

144 3742 255 3793 metus
279 3744 331 3799 est,
348 3746 377 3793 et
390 3740 426 3794 da
449 3741 495 3795 illo
511 3747 632 3796 stercore
654 3758 739 3812 super
759 3757 856 3795 ornnes
876 3758 946 3811 opu-
987 3740 1129 3799 virtutem,
1147 3755 1202 3809 qua
1216 3755 1328 3791 carmem
1348 3737 1420 3790 sicut
1435 3753 1514 3805 reges
1529 3742 1637 3805 regant,
1651 3741 1679 3789 et
1688 3735 1716 3789 in
1725 3736 1783 3802 illo,

145 3826 236 3882 llutos
252 3827 300 3882 ille
317 3829 405 3899 inops.
988 3828 1035 3899 qui
1051 3833 1165 3898 propter
1188 3844 1234 3880 eos
1257 3826 1327 3880 ludit
1348 3825 1516 3896 sanguinem
1537 3840 1631 3890 suum,
1648 3825 1785 3879 mundum

179 3917 250 3972 «Ut
275 3916 371 3971 sedeat
396 3934 459 3972 cum
482 3918 662 3989 principibus,
681 3926 709 3972 ct
731 3920 831 3973 solium
850 3920 946 3988 gloria
987 3917 1111 3970 vincant.
1126 3916 1278 3986 Sequitur:

149 4008 282 4059 ‹teheat
300 4005 433 4069 »Quibus
446 4006 504 4060 ait:
522 4027 533 4055 r
548 4007 685 4060 Sedebitis
700 4024 785 4077 super
799 4008 945 4062 duodecim
1024 4006 1088 4059 «st
1110 4003 1273 4060 sublimabit
1294 4020 1379 4058 cornu
1404 4002 1506 4058 Christi
1530 4004 1584 4057 sui.
1604 4023 1615 4053 ι
1640 4004 1786 4068 Quomodo

146 4093 225 4147 sedes
238 4080 344 4159 (lfottlr.
357 4097 412 4150 xtxl
427 4114 433 4153 z
447 4113 460 4146 ι)
477 4100 505 4149 et
518 4096 612 4149 sedem
632 4096 729 4165 gloria
753 4096 946 4150 haereditatem
987 4094 1115 4148 Christus
1125 4094 1259 4148 exaltabit
1267 4110 1353 4147 cornu
1364 4093 1467 4148 Christi
1483 4093 1547 4147 sui?
1566 4094 1670 4147 Omnes
1682 4093 1786 4164 quippe

146 4180 277 4236 mstis
292 4182 426 4237 «Domini
437 4184 512 4237 euim
521 4185 720 4239 suntcardioes
728 4191 844 4239 terrast
855 4185 947 4256 posuit
988 4190 1085 4236 unctos
1113 4185 1174 4253 ejus
1199 4183 1359 4243 chrismate,
1387 4189 1462 4236 recte
1484 4183 1609 4236 Christos
1636 4199 1786 4253 possumus

148 4274 263 4342 isuper
278 4286 325 4325 eos
339 4271 444 4326 orbem.
462 4291 475 4325 r
494 4273 564 4336 Quia
579 4274 638 4344 ipse
661 4274 823 4328 dominatur
843 4275 945 4328 amari
987 4272 1088 4335 dicere,
1105 4273 1178 4342 quod
1193 4280 1288 4326 tauron
1304 4278 1395 4326 totum
1411 4288 1474 4326 cum
1498 4288 1549 4326 suo
1572 4271 1663 4342 capite
1685 4284 1786 4342 corpus
1863 4286 1866 4292 ·

145 4359 278 4429 usquead
288 4375 374 4427 mare,
387 4367 416 4415 et
425 4378 442 4415 a
452 4362 664 4432 llumi'neusquc
675 4363 709 4416 ad
720 4363 856 4450 termipos
870 4363 945 4417 orbis
955 4393 977 4451 D
987 4379 1059 4415 unus
1075 4367 1119 4415 cst
1132 4362 1269 4415 Christus.
1296 4362 1360 4415 Haeo
1381 4363 1463 4414 Anna
1484 4360 1660 4432 prophetavit
1672 4359 1786 4414 Samuel

144 4449 321 4514 temae'ffsal.
340 4453 424 4518 orm).
442 4450 590 4515 «Domini,
609 4452 709 4522 inquit,
730 4458 797 4506 sunt
818 4452 946 4506 cardines
986 4449 1550 4527 matersanctiriri,multumquelaudati,
1563 4449 1657 4520 inquo
1670 4448 1784 4519 quidem

145 4538 243 4591 erre:
258 4555 269 4585 ι
283 4537 335 4591 hoc
354 4544 405 4603 est,
423 4546 544 4609 quatuor
569 4540 780 4610 plegemundi,
798 4542 825 4595 in
845 4541 945 4611 quibus
986 4545 1053 4593 tunc
1069 4541 1190 4609 figurata
1205 4545 1248 4592 cst
1257 4538 1484 4592 mutatioreteris
1494 4537 1653 4603 sacerdotii,
1671 4543 1700 4591 ct
1711 4546 1785 4591 nun'c

145 4623 278 4679 dilatabit*
284 4625 380 4680 orbem
390 4628 518 4682 Ecclesia
526 4645 592 4693 sua,
603 4644 664 4699 quse
675 4646 690 4682 a
703 4629 769 4684 solis
778 4636 841 4684 ortu
857 4646 945 4701 usque
986 4629 1111 4699 impleta,
1128 4628 1240 4698 quando
1254 4627 1396 4680 inllrmata
1415 4632 1466 4692 est,
1483 4643 1544 4697 quae
1568 4627 1657 4681 multa
1679 4631 1741 4680 erat
1755 4626 1784 4681 in

146 4712 181 4766 ad
195 4726 325 4768 comeum
341 4715 437 4770 laudat
451 4733 554 4771 nonren
566 4718 635 4787 eJus.
986 4717 1060 4781 liliis,
1088 4723 1119 4770 ut
1142 4732 1243 4771 norum
1271 4715 1387 4769 haberet
1409 4715 1438 4769 in
1459 4714 1570 4770 Christo
1584 4715 1783 4780 sacerdotium,

182 4802 300 4857 «Pedes
312 4810 473 4859 sanctorum
488 4820 604 4860 suorum
629 4807 758 4861 servabit.
778 4828 789 4857 ι
806 4809 864 4862 Hoc
891 4814 943 4874 est,
986 4807 1090 4861 sterilis
1114 4822 1175 4877 quae
1195 4805 1303 4877 peperit
1325 4812 1442 4875 septem.

146 4890 299 4946 electorum
321 4906 437 4948 suorum
451 4904 537 4966 opera
551 4895 580 4948 in
595 4896 639 4949 via
651 4896 767 4965 justitiae
779 4897 883 4966 dirigit.

181 4998 195 5029 r
212 4968 247 5034 tlt
258 4980 339 5053 impii
355 4983 384 5037 in
399 4983 522 5037 tenebris
537 4985 732 5039 conticescent.
746 5006 759 5037 ι
771 4986 823 5049 Qui
834 4987 947 5040 mitten·
1334 4981 1434 5019 ΜΗΤ-

144 5072 192 5122 tur
204 5069 234 5122 in
248 5068 380 5125 tenebras
390 5072 551 5137 exteriores,
568 5073 615 5127 ubl
630 5074 684 5128 erit
698 5075 780 5129 fletus
794 5080 823 5129 et
844 5076 947 5129 stridor
1224 5055 1409 5110 CANTICUM
1424 5053 1544 5109 EXODI·

139 5154 283 5212 amium.
308 5159 361 5214 libi
381 5160 577 5227 conticescent,
604 5163 632 5215 id
656 5170 707 5229 cst,
725 5163 759 5217 ab
785 5164 946 5234 arrogantia
1027 5168 1207 5218 «Cantemus
1221 5164 1357 5218 Domino:
1373 5160 1578 5231 glorioseenim
1589 5161 1784 5231 magnificatus

139 5245 282 5317 superbie
297 5262 356 5303 sure
368 5250 527 5304 cessabunt.
991 5274 1002 5304 r
1020 5259 1070 5307 ast.
1083 5272 1097 5304 s
1110 5254 1197 5307 lllulta
1213 5252 1326 5324 quidam
1338 5251 1446 5305 cantica
1455 5251 1517 5304 lieri
1525 5250 1645 5319 legimus
1654 5250 1684 5304 in
1695 5252 1786 5324 Scrip

182 5342 196 5386 o
210 5335 284 5398 Quia
299 5340 355 5391 non
371 5337 399 5391 in
415 5339 578 5393 fortitudine
594 5339 772 5393 mlier-abitur
787 5340 837 5393 vir.
861 5360 872 5390 ι
890 5338 949 5396 Hoc
988 5342 1060 5396 turis
1068 5341 1178 5408 din'nis,
1194 5344 1294 5396 horum
1308 5348 1402 5395 tarsen
1416 5337 1543 5393 omnium
1566 5339 1688 5409 primum
1709 5341 1786 5396 istud

139 5425 262 5487 &mon
274 5422 475 5482 infortitudine
490 5428 613 5500 propria,
630 5428 677 5482 sed
695 5429 723 5482 in
733 5429 836 5482 virtute
851 5429 946 5483 divina
986 5432 1267 5502 estcanticumquod,
1281 5430 1409 5502 AEgyptis
1419 5434 1448 5483 et
1468 5429 1615 5482 Pharaone
1628 5429 1782 5499 urbmerso,

138 5516 244 5580 potans
259 5519 304 5566 est
315 5514 366 5576 nr,
382 5515 410 5569 id
425 5522 477 5581 est,
495 5518 614 5588 populus
628 5518 813 5571 credentium}
986 5520 1105 5591 populus
1125 5521 1175 5574 Dei
1203 5526 1266 5592 post
1285 5520 1427 5575 victoriam
1443 5518 1544 5572 cecinit
1560 5537 1565 5571 :
1583 5519 1670 5572 moris
1682 5520 1785 5592 quippe

182 5600 367 5658 ‹Dominum
385 5604 577 5661 lonnidabunt
588 5606 740 5661 adversarii
755 5609 826 5677 ejus.
846 5627 857 5656 ι
874 5607 945 5672 Qula
986 5615 1146 5664 sanctorum
1167 5618 1218 5675 est,
1234 5609 1281 5665 ubi
1305 5608 1482 5664 adversarius
1505 5604 1784 5680 vincitne-anquam
