3772 6120
119 264 172 324 nn
410 264 444 321 B.
464 262 602 320 msam
620 261 737 320 linum
754 260 925 318 Ancillae.
945 258 1109 318 HOGUNT.
1129 256 1279 317 OPERUM
1296 257 1390 315 mus
1407 259 1458 317 111.
1495 296 1503 319 r
1707 265 1764 323 48⁰

118 391 286 463 pretatione,
302 408 364 463 qua
376 406 427 461 per
439 394 535 461 partes
548 389 644 445 futura
659 393 712 455 est,
731 404 796 443 cum
816 391 845 442 et
859 386 1029 448 illisAsicut
1037 391 1067 440 et
1079 402 1131 440 nos
1141 390 1171 441 et
1178 383 1413 457 compresbyteris
1421 383 1544 440 scribere
1552 389 1760 445 censuarium,

120 495 183 550 qna
192 479 237 534 his
246 479 354 545 dicit‚et
360 478 473 534 residua
481 479 577 533 omnia
585 494 647 550 qua
655 479 683 532 in
692 476 918 550 epistoladixisse
958 475 1021 531 Non
1037 476 1113 529 enim
1126 475 1161 529 ad
1177 491 1258 529 suain
1273 490 1423 544 personam
1444 474 1556 529 rediens
1579 476 1652 532 dixit
1666 480 1762 551 coepi·

117 567 249 622 videtur:
265 573 377 622 tanturn
391 584 456 623 vero
471 567 593 639 adjicere
604 567 685 621 dictis
696 566 814 637 dignum
828 572 872 620 est
882 565 918 619 ad
958 564 1049 635 scopis
1062 570 1094 618 ut
1108 563 1229 633 intelligi
1244 562 1332 634 possit
1346 563 1517 636 coepiscopis
1531 566 1647 632 nostris,
1660 568 1712 622 sed
1726 569 1760 623 ad

7 718 12 726 Ι
118 652 356 706 manifestandum
363 651 749 724 textumepistolae‚quoniam
758 650 855 705 scribit
864 649 919 705 ista
958 653 1028 708 illud
1044 653 1118 723 quod
1131 652 1202 706 dixit
1215 653 1344 706 omnibns
1357 657 1460 706 sanctis
1474 654 1508 706 in
1523 653 1762 712 transcensam

117 735 153 790 ad
164 751 212 790 eos
225 735 261 791 ab
276 735 345 791 urbe
357 736 523 803 Romanum
536 743 610 792 esset
619 736 649 790 in
662 735 788 800 vinculis,
805 735 917 805 quando
958 741 1078 812 intelligi
1088 740 1176 812 possit
1185 738 1388 795 cumomnibus
1398 740 1445 811 qui
1459 747 1526 795 sunt
1534 741 1721 813 Philippis,ut
1732 746 1760 800 in

118 819 919 892 &infigit01¹1ssCaesaremappellstfflsetpfflpoefflassludaess
958 831 1062 885 sanctis
1071 829 1128 884 illic
1138 829 1197 884 suis
1206 829 1552 900 coepiscopisetdiaconia⁴
1560 831 1624 885 Non
1633 830 1760 888 absolute

119 903 529 971 duetuseStROmafflsNffl'One
539 905 622 960 ill0i¹¹
632 910 760 977 l4³11¹P⁰ff³
769 909 914 974 regnante·
958 919 1214 989 designanshorum
1223 918 1760 989 nomina:sedquiahumilitatisexhor·

380 995 497 1050 CAPUT
509 994 662 1050 PRIMUM
957 1008 1027 1063 tatio
1041 1008 1096 1062 illis
1110 1007 1200 1077 magis
1211 1012 1278 1078 apta
1288 1023 1349 1061 esse
1361 1006 1517 1073 videbatur,
1537 1008 1586 1080 qui
1603 1016 1633 1062 et
1646 1017 1760 1066 caeteros

121 1065 267 1149 ’4993ῙοΙαῖ
279 1068 337 1132 Ψ
346 1068 453 1150 imis&
463 1068 495 1120 αὖ
510 1068 588 1120 b⁰ni³
600 1065 822 1149 Philippmibw
836 1068 918 1149 9οΜ
957 1096 1096 1151 instruere
1102 1102 1233 1167 poterant
1250 1100 1351 1150 etanta
1359 1094 1429 1150 alios
1437 1096 1542 1169 seipsis
1551 1096 1760 1154 formamcaete·

157 1140 200 1202 trs,
217 1137 491 1204 quibusnpniflccns
503 1141 710 1201 sunmstatnnr,
724 1137 915 1205 poraitdntm-
1235 1135 1242 1162 '

155 1210 256 1261 ctioncs
269 1209 494 1276 predicantium,
516 1213 541 1261 et
560 1223 641 1260 sucin
661 1207 834 1272 charitatem,
860 1224 916 1261 nio-
957 1182 1758 1257 ¹⁰⁸PmbeoeinhiSquae⁰⁰¹¹l0¹¹ieb²¹¹bV⁰¹agidebebstssi·

156 1283 252 1346 nctqne
262 1294 325 1332 snos
338 1280 375 1332 ad
390 1281 567 1333 tolerantiam
579 1280 786 1346 persecutionis.
991 1274 1761 1342 Gratiampollccsnccsnpcromnineemoriccestrcsem·

156 1367 261 1420 Paulas
274 1372 298 1420 ct
312 1366 465 1420 Timotheus
474 1368 546 1421 serni
554 1368 618 1420 Jcsn
628 1366 839 1436 Christimug.)
857 1365 917 1421 Sic·
954 1365 1189 1433 minoratione
1204 1377 1265 1415 mcc
1272 1363 1464 1431 procrnnibns
1477 1363 1550 1416 cobis
1568 1366 1756 1432 compendio.

120 1459 153 1508 ut
166 1454 222 1509 duo
236 1460 302 1509 sunt
311 1454 436 1522 timores,
454 1454 618 1526 quifaciunt
631 1454 687 1509 duo
699 1470 805 1525 genera
816 1455 918 1509 timen-
958 1453 1150 1507 iterationem
1159 1467 1249 1505 incarn
1256 1453 1401 1519 saciensin
1409 1454 1759 1509 conrmunioncmnsstmrn

118 1543 203 1610 tium3
219 1543 260 1597 sic
277 1543 340 1598 duae
353 1550 420 1598 sunt
429 1545 586 1611 servitutes,
604 1559 667 1615 quae
682 1543 790 1598 faciunt
803 1543 860 1598 duo
870 1560 918 1613 ge-
959 1543 990 1594 in
1006 1541 1154 1607 Evangelio
1172 1555 1190 1593 a
1211 1542 1308 1609 priona
1326 1541 1370 1592 die
1384 1555 1470 1608 usquc
1485 1555 1570 1594 nnnc.
1587 1541 1762 1612 Frequenter

119 1647 189 1686 nera
202 1648 356 1686 servorum.
374 1633 422 1688 Est
446 1634 532 1689 timor
556 1649 640 1704 quern
656 1632 781 1704 perfecta
794 1632 917 1687 charitas
957 1628 1253 1701 quidemagratiarum
1260 1627 1370 1682 actione
1378 1627 1476 1700 incipit
1485 1627 1622 1683 scribere:
1634 1630 1688 1685 hoc
1698 1648 1760 1686 vero

120 1719 196 1774 foras
210 1719 308 1786 mittit,
324 1728 353 1775 et
371 1728 415 1776 est
428 1722 500 1777 alius
520 1722 607 1777 timor
626 1729 729 1782 castus,
750 1704 988 1799 permanensflin
1003 1718 1064 1772 ioco
1078 1717 1189 1775 uidetur
1202 1717 1288 1771 etiam
1308 1716 1432 1787 aliquam
1454 1716 1510 1771 illis
1529 1718 1660 1771 attestari
1675 1718 1760 1774 virtu·

120 1809 150 1863 in
164 1810 297 1864 seculum
310 1811 412 1865 saeculi.
426 1812 458 1867 ln
472 1811 521 1865 illo
536 1811 647 1876 timore,
666 1811 835 1882 quemforas
849 1811 916 1865 cha·
957 1812 1025 1873 tem,
1041 1806 1064 1860 si
1075 1812 1170 1860 tamen
1193 1822 1249 1860 non
1271 1805 1362 1859 solum
1382 1821 1431 1876 pro
1460 1805 1516 1859 illis
1541 1807 1650 1876 gratias
1673 1824 1755 1877 agere

120 1897 189 1951 ritas
200 1897 295 1964 mittit,
313 1905 356 1952 est
365 1899 450 1953 etiarn
458 1899 577 1954 servitus
591 1899 674 1954 umal
688 1899 763 1953 foras
776 1916 841 1954 curn
856 1899 916 1971 ipso
958 1912 1068 1967 semper
1082 1895 1166 1950 edicit
1180 1912 1264 1967 super
1278 1895 1355 1949 omni
1369 1894 1504 1961 oratione,
1517 1895 1606 1949 sedet
1619 1897 1683 1967 jam
1691 1913 1759 1967 gau·

119 1985 222 2041 timore
232 1986 371 2041 mittenda
383 2005 389 2040 ε
399 1993 551 2059 utrumque
566 1988 641 2042 enim
652 1988 746 2058 junxit
755 1989 914 2060 Apostolus,
957 1984 1004 2039 dio
1019 2000 1069 2055 pro
1079 1983 1134 2038 illis
1149 1984 1215 2038 iacit
1226 1984 1384 2038 orationem
1393 1999 1573 2037 communem
1587 1984 1618 2038 in
1635 1985 1758 2056 Evange-

120 2074 173 2128 hoc
187 2081 280 2129 estet
300 2076 463 2131 servitutem
482 2083 511 2131 et
533 2077 672 2142 timorem,
692 2076 830 2130 dicendo:
855 2077 916 2131 Non
958 2073 995 2127 lio
1010 2089 1043 2127 ex
1057 2073 1150 2144 prima
1162 2073 1208 2127 die
1230 2089 1320 2142 usque
1334 2088 1408 2126 nunc
1425 2071 1577 2127 demirans.
1594 2074 1670 2127 Nam
1687 2075 1761 2145 quod

120 2167 195 2217 enirn
204 2167 343 2233 accepistis
353 2168 485 2234 spiritum
500 2169 641 2219 sernitntis
654 2169 756 2219 iteruin
772 2168 804 2218 in
820 2167 918 2218 timore
957 2163 1081 2232 gaudere
1096 2179 1125 2216 se
1136 2178 1186 2232 pro
1202 2161 1258 2215 illis
1273 2161 1303 2215 in
1325 2161 1499 2215 orationibus
1512 2162 1607 2228 edicit,
1624 2162 1760 2218 indicium

122 2253 208 2319 (iloni.
217 2253 335 2321 vintnd
345 2254 419 2308 hanc
428 2254 591 2308 servitutem
602 2270 713 2309 servum
726 2253 915 2324 pertinentem
959 2267 1057 2305 eorum
1071 2250 1183 2304 sirtutis
1199 2247 1303 2304 habere
1316 2248 1441 2316 ridetur,
1453 2255 1481 2303 et
1495 2249 1569 2320 quod
1580 2250 1704 2320 aprima
1715 2251 1761 2306 die

122 2340 286 2397 intuebatur
310 2349 339 2397 et
358 2343 489 2399 dominus
512 2343 627 2398 dicens:
644 2345 707 2397 Jcm
722 2359 778 2397 non
798 2344 858 2396 dico
875 2358 919 2395 ens
961 2355 1049 2410 usque
1063 2355 1138 2393 nunc
1148 2338 1226 2403 dixit,
1236 2337 1461 2392 immobilitatem
1471 2353 1568 2391 eorum
1584 2338 1692 2393 indicat
1701 2355 1763 2410 pro-

120 2446 217 2496 sereos,
235 2435 302 2501 qnia
317 2448 411 2487 serens
431 2437 514 2487 nescit
529 2434 597 2502 qirid
619 2434 705 2501 saciat
721 2433 920 2498 dominnsrp'ns
961 2427 1145 2494 beatissimam,
1162 2426 1284 2497 eoquod
1302 2442 1447 2497 nunquam
1471 2425 1693 2481 mutabilitatem
1710 2428 1762 2481 ali-

121 2521 212 2587 (Jccn.
225 2524 284 2590 xv).
296 2521 359 2575 Non
376 2521 532 2591 illeutique
547 2537 643 2575 servus
659 2520 695 2574 ad
714 2519 845 2574 timorem
860 2535 922 2591 per·
963 2533 1047 2588 quam
1063 2515 1178 2570 iuemnt
1188 2515 1312 2586 perpessi
1329 2533 1335 2568 :
1352 2520 1381 2569 et
1394 2514 1527 2586 quoniam
1542 2516 1691 2571 incautum
1702 2533 1762 2571 esse

118 2605 214 2660 tinans
231 2612 350 2672 castum,
362 2607 406 2661 cui
421 2607 525 2662 dicitur
537 2626 543 2661 ι
557 2608 640 2676 dage,
655 2624 729 2662 scroc
744 2609 810 2661 borne
824 2614 849 2662 ct
858 2609 922 2676 fide·
961 2604 1108 2659 videbatur
1120 2604 1244 2675 gaudere
1260 2621 1311 2675 pro
1325 2604 1689 2675 omnibus,quorumexitus
1702 2612 1764 2660 erat

121 2695 167 2757 lis,
179 2697 259 2748 intro
272 2698 305 2749 in
318 2696 455 2763 caudium
470 2697 585 2750 Ilornini
599 2699 643 2749 tui
654 2697 758 2765 (Mettis.
774 2693 856 2765 xxr);
872 2697 920 2750 sed
962 2694 1095 2760 incertus,
1111 2693 1225 2764 adjicit:
1239 2694 1382 2761 llonfidcns
1397 2695 1446 2747 linc
1460 2696 1698 2763 ipsumqncnicm
1714 2698 1764 2765 qui

122 2781 169 2835 ille
181 2798 277 2837 servus
290 2783 435 2854 pertinens
451 2784 486 2838 ad
507 2785 639 2838 timorem
653 2784 729 2839 foras
743 2801 761 2839 a
782 2785 919 2840 charitate
960 2785 1145 2838 inchoantia
1161 2784 1234 2835 cobis
1247 2798 1313 2851 opus
1329 2783 1431 2836 bonnm
1443 2785 1564 2851 perficiet
1586 2788 1612 2835 et
1631 2799 1719 2852 risque
1732 2787 1764 2838 in

120 2870 299 2936 mittendum,
315 2872 418 2943 dequo
440 2871 506 2927 alibi
526 2872 620 2928 dicit:
642 2873 742 2929 Servus
756 2890 813 2927 non
826 2879 919 2928 manet
960 2873 1032 2927 diem
1048 2872 1151 2927 Cirristi
1168 2873 1242 2925 Jesn.
1265 2871 1341 2927 Bene
1363 2877 1458 2925 autem
1484 2876 1513 2924 et
1536 2871 1709 2943 principium
1732 2879 1761 2927 et

119 2960 152 3013 in
165 2961 244 3013 darino
254 2963 286 3014 in
294 2966 438 3026 aternum,
450 2964 629 3030 fliiuscatem
639 2969 732 3017 nannet
745 2965 919 3017 insternunt
960 2961 1046 3015 tinem
1060 2959 1164 3013 Christi
1176 2959 1277 3030 gratiae
1293 2959 1431 3030 aptavisse
1451 2958 1628 3031 perspicitur,
1644 2976 1703 3014 non
1724 2977 1765 3015 so

121 3049 210 3115 (loon.
227 3051 294 3117 vni).
318 3049 457 3114 Quoniam
484 3050 579 3121 itaque
601 3051 679 3105 dedit
701 3050 780 3105 nobis
794 3057 920 3122 potesta·
930 3019 953 3081 G
964 3049 1025 3104 lum
1039 3049 1172 3120 quoniam
1185 3046 1404 3103 confirmabatur
1417 3048 1465 3102 illa
1474 3065 1537 3119 quoe
1551 3048 1581 3102 in
1597 3048 1711 3103 Christo
1723 3055 1766 3104 est

51 3208 53 3212 λ
119 3142 178 3190 tem
191 3137 263 3192 illios
278 3138 329 3192 Dei
341 3138 413 3203 fieri,
429 3155 485 3194 non
501 3139 583 3206 servi,
595 3140 643 3194 sed
664 3139 713 3193 olii
738 3139 789 3195 Dei
813 3140 923 3200 simns3
966 3138 1186 3208 ildes,quoniam
1200 3143 1228 3191 et
1241 3137 1310 3191 istos
1320 3137 1383 3207 plus
1396 3153 1458 3191 esse
1468 3137 1641 3207 lirmoserga
1654 3136 1762 3193 bonum

64 3260 69 3269 -
119 3230 153 3278 ut
164 3225 235 3279 miro
251 3227 373 3298 quodam
387 3233 416 3281 et
428 3226 573 3293 ineffabili,
585 3229 737 3282 sedtamen
748 3244 815 3282 vero
827 3229 921 3296 modo,
964 3226 1091 3294 iaciebat,
1112 3227 1179 3280 dum
1206 3225 1347 3280 discerent
1373 3226 1440 3297 qnia
1463 3242 1548 3281 causa
1567 3226 1683 3281 illorum
1702 3243 1764 3298 qua

120 3314 192 3368 servi
213 3330 270 3369 non
289 3315 363 3369 servi
391 3332 451 3370 esse
474 3316 614 3387 possimus
629 3334 635 3370 ε
652 3317 724 3371 servi
753 3316 859 3371 scilicet
880 3317 918 3371 ti·
964 3316 1036 3370 liunt
1049 3316 1107 3370 Deo
1122 3316 1253 3370 convenit
1267 3315 1368 3386 aptari,
1382 3315 1435 3386 ipsi
1447 3315 1534 3369 etiarn
1543 3332 1594 3386 pro
1608 3316 1760 3386 praeteritis

119 3419 198 3458 more
212 3410 299 3470 casto,
319 3405 354 3458 ad
376 3421 461 3475 quein
485 3404 608 3476 pertinet
630 3421 726 3460 servus
752 3405 861 3460 intrans
888 3405 918 3459 in
959 3403 1062 3458 debent
1074 3403 1232 3474 gratiarnm
1247 3403 1352 3458 referre
1367 3404 1501 3458 actiones.
1519 3405 1593 3458 Nam
1607 3404 1649 3459 ita
1659 3405 1688 3458 in
1705 3404 1764 3459 illis

118 3491 231 3546 Domini
245 3492 289 3547 sui
299 3493 516 3562 gaudium3non
530 3494 603 3547 servi
617 3499 713 3547 autem
728 3494 829 3549 timore
843 3494 918 3549 foras
959 3492 1119 3564 persistere,
1136 3492 1378 3547 confirmationem
1388 3492 1443 3547 illis
1457 3493 1492 3547 de
1506 3492 1609 3547 futuris
1624 3499 1762 3563 praestare

119 3579 265 3646 mittendo,
289 3582 324 3635 nd
353 3598 436 3653 quem
461 3583 584 3653 pertinet
606 3599 702 3636 servus
717 3599 774 3638 non
800 3600 917 3639 manens
941 3577 944 3584 '
957 3580 1112 3636 videbatur.
1130 3582 1207 3636 Sient
1222 3586 1258 3634 cst
1271 3586 1383 3650 justina
1394 3582 1464 3635 snitn
1472 3583 1520 3635 lroc
1533 3598 1627 3650 sapere
1637 3598 1691 3650 pro
1706 3599 1763 3636 one

117 3667 147 3722 in
161 3668 245 3723 domo
253 3668 283 3722 in
297 3675 443 3723 aeternum.
453 3669 586 3724 Omnibus
597 3673 701 3724 sanctis
715 3673 765 3739 qui
774 3676 840 3725 sunt
854 3671 917 3726 Plri-
958 3669 1040 3724 nibus
1054 3671 1136 3736 vobis,
1148 3687 1176 3724 co
1187 3671 1260 3738 quod
1273 3671 1387 3723 trabeam
1401 3686 1446 3723 nos
1466 3673 1498 3724 in
1517 3672 1597 3724 corde
1612 3686 1671 3724 mco
1688 3675 1715 3725 et
1730 3674 1760 3724 in

119 3759 200 3826 lippis
214 3773 277 3810 curn
293 3760 421 3827 episcopis
435 3764 459 3812 ct
474 3760 599 3813 simeonis
618 3761 714 3827 gratia
729 3760 802 3814 cobis
822 3765 848 3813 ct
860 3776 917 3829 par
958 3761 1079 3812 vinculis
1088 3760 1189 3813 mcisct
1205 3761 1234 3812 in
1251 3761 1330 3813 omni
1339 3759 1494 3826 deserisionc
1508 3763 1532 3811 ct
1549 3761 1762 3826 confirmatione

118 3861 136 3899 a
151 3846 203 3900 ilco
223 3847 305 3901 Patre
319 3852 412 3901 nostro
425 3852 450 3900 ct
466 3848 583 3902 Domino
602 3849 665 3903 iesu
678 3848 793 3903 Christo.
812 3847 916 3918 (Amb.)
957 3848 1103 3915 Evangelii
1116 3848 1323 3916 corriperticipes
1337 3849 1436 3914 gratie
1449 3863 1542 3900 onmes
1564 3863 1608 3901 cos
1621 3864 1685 3902 esse.
1703 3849 1761 3903 Hoc

120 3934 185 3988 Haec
200 3935 422 4007 estpraescriptio
438 3936 562 4007 epistolae
578 3956 584 3989 :
602 3937 717 3991 sociavit
740 3953 806 3990 vero
822 3937 917 3991 Timo·
958 3935 994 3989 ad
1009 3936 1088 4000 illud,
1110 3935 1185 4006 quod
1200 3936 1230 3989 in
1249 3934 1440 4007 superioribus
1459 3941 1502 3989 est
1517 3935 1635 4002 dictum,
1651 3938 1760 4006 retulit,

119 4022 217 4076 theam
231 4039 336 4085 secum,
353 4040 385 4077 eo
399 4025 473 4095 quod
497 4032 525 4079 et
547 4024 663 4078 miserat
685 4041 749 4078 eum
768 4026 917 4097 aliquando
957 4023 1006 4078 ubi
1029 4024 1107 4088 dixit,
1134 4025 1202 4080 Cum
1221 4027 1323 4091 partilio
1338 4031 1362 4078 ct
1378 4028 1530 4078 orationem
1553 4028 1660 4092 faciens
1679 4043 1763 4096 snper

118 4110 149 4163 in
163 4110 353 4164 Macedoniam
364 4128 428 4165 cum
443 4113 577 4167 Ecastoct
591 4113 914 4182 quodnotusessetillis.
958 4114 1759 4180 corrirnnnioncnncestraminlivcnpclinnnvolensdicere‚

119 4199 281 4253 Notandum
297 4215 361 4253 vero
375 4205 417 4253 est
431 4200 510 4266 illud,
531 4201 666 4271 quoniam
687 4203 831 4272 episcopos
847 4202 918 4257 dixit
959 4202 1090 4271 qnoniam
1108 4202 1210 4255 merel
1228 4202 1349 4255 inanime
1365 4200 1446 4254 decet
1463 4202 1533 4256 talia
1551 4201 1585 4255 dc
1610 4203 1761 4259 vobiscre·

119 4288 192 4354 illos,
208 4287 341 4358 quinunc
354 4287 510 4359 presbyteri
524 4289 666 4356 dicuntur,
688 4290 727 4344 sic
745 4290 808 4344 illos
823 4291 916 4345 nomi-
958 4290 1033 4355 dere,
1051 4290 1099 4360 qui
1124 4306 1236 4361 semper
1257 4306 1304 4344 vos
1325 4290 1353 4343 in
1374 4290 1457 4344 corde
1481 4307 1543 4344 meo
1568 4289 1669 4359 habeo,
1697 4293 1761 4347 licet

120 4394 201 4444 nans,
217 4376 354 4432 necenim
369 4376 475 4431 ordinis
490 4383 551 4431 erat
564 4377 672 4432 multos
686 4378 716 4432 in
735 4395 793 4433 una
806 4379 917 4434 civitate
958 4379 1049 4432 simin
1064 4379 1189 4441 vinculis,
1206 4379 1271 4432 licet
1294 4378 1328 4431 (ill
1345 4377 1535 4432 defensionem
1553 4395 1648 4434 meam
1662 4387 1761 4436 tenear

119 4484 180 4522 esse
202 4466 273 4532 illos,
289 4466 337 4538 qui
356 4483 430 4521 nunc
454 4466 575 4538 episcopi
596 4473 811 4539 nuncupantur:
828 4468 916 4539 siqui·
958 4467 1329 4538 proope1·emeo:sicenim
1345 4484 1389 4521 me
1404 4467 1529 4521 allactari
1548 4468 1660 4523 sacitde
1671 4470 1757 4536 vobis,

118 4556 183 4610 dem
196 4573 248 4611 nec
260 4572 310 4628 per
323 4556 449 4627 singulas
463 4555 588 4610 civitates
607 4561 688 4611 erant
710 4556 834 4628 antiquis
848 4563 918 4612 tem·
959 4556 1081 4610 utsciam
1089 4555 1221 4626 quoniam
1229 4556 1457 4626 pradicationem
1465 4562 1493 4610 et
1499 4556 1658 4611 doctrinam
1666 4575 1759 4613 meam

120 4642 234 4714 poribus
247 4642 420 4699 functionem
434 4642 506 4698 hanc
521 4643 707 4715 adimplentes
722 4663 728 4697 z
745 4644 793 4698 sed
809 4645 916 4715 episco·
958 4644 1145 4701 confirmastis
1152 4650 1327 4715 pervestram
1334 4645 1428 4710 tidem,
1436 4644 1535 4699 tribuit
1545 4646 1759 4717 mihigratiaein

8 4728 14 4735 '
120 4747 170 4801 pos
185 4731 280 4783 dicens
290 4733 386 4786 statim
400 4741 573 4788 memoratus
588 4738 631 4787 est
646 4741 675 4789 et
695 4733 837 4788 diaconos.
853 4735 916 4789 Non
958 4733 1155 4805 apostolatum,
1167 4733 1378 4804 comparticipes
1392 4732 1457 4787 sacti
1472 4739 1505 4787 ut
1521 4734 1604 4798 dicat,
1623 4737 1759 4806 quoniam

120 4817 218 4887 utique
232 4817 336 4872 relictis
351 4821 521 4892 presbyteris
535 4821 667 4877 diaconos
675 4822 792 4878 dixisset
801 4823 916 4895 inferio-
958 4821 1047 4877 habeo
1055 4839 1103 4876 vos
1111 4823 1141 4876 in
1151 4823 1245 4876 animo
1254 4838 1373 4892 semper,
1381 4838 1414 4876 co
1430 4823 1504 4892 quod
1514 4823 1760 4881 credidistiszcon-

120 4921 166 4960 res
181 4906 344 4969 eorum,sed
358 4906 413 4961 ista
423 4909 485 4978 quis
499 4911 601 4965 melius
616 4918 795 4982 recognoscet
806 4911 914 4978 exiliis,
952 4909 1147 4966 'firmationem
1160 4910 1235 4965 enim
1250 4910 1278 4964 in
1291 4911 1440 4979 Evangelio
1454 4911 1567 4965 iliorum
1580 4911 1650 4966 dicit
1660 4914 1762 4968 credu-

120 5011 183 5066 quae
197 4994 233 5048 ad
247 4993 342 5049 Titum
356 4995 460 5064 scripta
474 5004 549 5064 sunt,
559 4999 588 5052 in
602 4998 703 5069 quibus
717 5000 801 5054 dicit:
816 5001 846 5055 Ut
856 5017 917 5054 con·
959 5000 1077 5063 litatem,
1085 5016 1117 5054 eo
1131 5000 1206 5071 quod
1216 4999 1361 5054 credentes
1372 5006 1510 5071 quantum
1520 5000 1555 5053 ad
1565 5001 1628 5054 illos
1637 5003 1763 5072 pertinet

119 5087 219 5138 stitaas
231 5099 281 5154 per
295 5085 416 5136 ciuitates
432 5085 612 5152 presbyteros,
634 5091 706 5142 sicut
719 5105 764 5155 cqc
784 5089 835 5141 titi
847 5105 916 5156 pra-
958 5091 1125 5144 confirmant
1151 5088 1388 5160 praedicationem,
1419 5088 1493 5159 quod
1519 5106 1585 5143 vera
1609 5089 1760 5158 habeatur,

120 5176 177 5242 cepi
197 5174 264 5237 (Tit.
283 5175 312 5241 ι),
337 5176 366 5225 et
388 5170 523 5241 adjiciens
541 5176 639 5243 quales
655 5195 661 5229 :
679 5181 791 5245 oportet,
812 5176 914 5247 inquit,
958 5178 1030 5232 sicut
1043 5184 1072 5231 et
1086 5178 1115 5232 in
1126 5177 1275 5247 Evangelio
1290 5177 1426 5247 scriptum
1440 5184 1484 5231 est
1499 5196 1504 5229 :
1518 5179 1572 5245 Qni
1583 5182 1687 5247 accipit
1701 5185 1762 5249 cim

119 5265 272 5330 episcopum
291 5261 559 5329 irrcpnrlicnsibilcrn
570 5278 621 5316 csse
634 5266 660 5331 (I
671 5264 918 5336 Tini.111)‚presby·
959 5270 1155 5330 testimonium,
1165 5269 1286 5335 sign-neit
1296 5270 1430 5335 quostiam
1440 5268 1601 5320 Dcusccraa
1615 5273 1653 5321 est
1664 5269 1760 5334 (loon.

119 5354 195 5404 teros
220 5348 363 5420 episcopos
379 5348 522 5403 evidenter
545 5352 702 5408 nominans.
720 5354 778 5409 Hoc
798 5370 862 5408 vero
886 5354 915 5407 in
956 5358 1006 5424 nr),
1022 5355 1073 5408 hoc
1086 5361 1139 5422 est,
1150 5355 1266 5410 credens
1277 5355 1452 5409 confirmavit
1462 5359 1598 5425 qnantum
1609 5355 1644 5409 ad
1658 5371 1691 5410 se
1705 5364 1760 5425 est,

120 5437 179 5491 loco
194 5436 396 5492 intendendum
410 5442 462 5503 est,
470 5437 604 5507 quonism
616 5441 688 5496 dixit
696 5459 760 5496 cnm
775 5446 914 5512 episcopia·
957 5443 1084 5515 illaque
1098 5460 1116 5497 a
1128 5444 1188 5499 Deo
1201 5449 1276 5510 sunt,
1292 5449 1323 5498 ut
1337 5453 1401 5515 pote
1413 5460 1488 5497 vera.
1497 5444 1570 5497 Nam
1585 5450 1614 5498 et
1627 5460 1764 5516 compar·

120 5541 178 5581 non
195 5525 269 5579 sicin
290 5525 406 5595 quidam
426 5523 625 5581 intellexerunt
647 5531 818 5602 coepiscopis
835 5531 915 5597 dixit,
956 5532 1056 5603 ticipes
1078 5533 1177 5602 gratia
1204 5519 1273 5585 mea
1303 5533 1371 5604 quia
1388 5532 1467 5593 dixit,
1482 5531 1606 5603 idipsum
1628 5530 1711 5599 dicit,
1728 5551 1764 5589 eo
