3772 6120
125 293 197 351 1300
423 290 455 346 Β.
472 289 609 345 RABANI
627 288 744 346 unum
762 290 930 347 ARCHIEP.
951 291 1114 349 lfOGUN'f.
1136 289 1285 347 OPERUM
1302 289 1396 345 PARS
1414 288 1468 346 111.
1704 289 1767 348 ctat

119 420 215 477 libello
224 416 355 488 subjunxi
367 417 497 475 alterum,
509 432 592 486 quern
607 431 697 486 nuper
709 416 744 469 do
758 418 922 488 consangui-
929 420 956 480 A
964 420 1063 483 verint,
1074 419 1101 472 in
1113 418 1303 490 apostolorum
1310 417 1425 470 Canone
1435 415 1476 469 ita
1486 416 1593 484 legitur
1603 435 1609 468 :
1620 417 1767 490 Episcopus

121 525 240 565 necmm
251 506 366 578 nuptiis,
380 505 453 558 etde
468 520 614 574 magorum
630 505 777 575 praestigiis
791 505 924 576 falsisque
965 512 1014 561 aut
1027 508 1173 579 presbyter
1187 512 1237 560 aut
1250 505 1395 570 diaconus,
1412 505 1460 576 qui
1476 504 1506 558 in
1519 504 1708 561 fornicatione
1724 514 1768 562 aut

122 595 342 655 divinationibus
364 594 546 659 confeceram,
563 601 594 647 ut
609 593 749 647 haberetis
768 610 815 647 eos
839 594 924 649 simul
964 596 1089 666 perjurio
1107 600 1157 649 aut
1172 595 1247 650 furto
1262 601 1360 666 captus
1374 599 1427 660 est,
1452 594 1638 665 deponatur:
1659 610 1716 649 non
1727 604 1768 651 ta·

122 703 193 760 quos
216 685 285 740 ordo
309 683 428 738 rationis
455 682 605 737 concordes
633 682 709 737 fecit.
737 682 834 754 Legite
857 700 923 753 ergo
964 701 1030 739 men
1050 685 1247 739 communione
1266 684 1400 755 privetur.
1417 682 1493 737 Dicit
1510 683 1589 737 enim
1604 683 1765 757 Scriptura:

122 775 289 849 opusculum
300 773 374 845 quod
390 771 467 826 vobis
482 772 619 826 directum
630 777 681 837 est,
694 776 722 825 et
735 771 759 825 si
772 772 840 843 quid
853 773 882 826 in
890 788 923 829 ec
967 773 1208 828 «Nonvindicabit
1219 773 1357 828 Dominus
1365 771 1408 826 bis
1420 772 1450 826 in
1460 772 1589 843 idipsum
1597 773 1766 841 (Nouoqrts

123 865 217 920 minus
232 868 306 918 recte
315 861 436 934 positum
447 861 583 925 videatur,
592 866 685 914 vestro
695 876 774 914 sacro
784 861 877 916 studio
887 862 923 915 ad
1000 863 1071 916 Item
1081 863 1110 917 in
1120 862 1218 916 eodem
1229 861 1358 926 concilio,
1366 877 1427 932 cap.
1437 859 1488 915 28:
1501 860 1533 915 Si
1545 861 1610 931 quis
1618 861 1767 934 episcopus,

122 953 274 1010 utilitatem
290 951 442 1021 legentium
461 949 627 1019 corrigatur.
645 949 720 1003 Bene
734 950 833 1016 valete,
852 956 879 1004 et
893 950 924 1005 in
964 958 1014 1005 aut
1027 951 1183 1023 presbyter,
1201 956 1251 1005 aut
1270 951 1414 1015 diaconus,
1431 950 1581 1021 depositus
1597 951 1677 1020 juste
1691 967 1769 1023 super

122 1043 209 1099 sacris
223 1039 397 1097 orationibus
407 1038 506 1093 vestris
521 1038 575 1091 mei
591 1037 745 1108 peccatoris
758 1038 923 1094 memoriam
964 1039 1049 1095 certis
1067 1039 1240 1104 criminibus,
1261 1055 1345 1093 ausus
1359 1038 1445 1093 fuerit
1467 1044 1626 1094 attrectare
1647 1039 1768 1095 ruinistc·

123 1131 255 1187 habetote
267 1130 297 1185 in
310 1129 424 1184 nominc
439 1125 561 1182 Domini.
965 1129 1038 1183 rium
1053 1130 1160 1184 dudum
1173 1128 1225 1183 sibi
1249 1129 1440 1192 commissum,
1456 1128 1503 1181 hic
1529 1127 1566 1182 ab
1582 1127 1709 1183 Ecclesia
1727 1146 1769 1201 pe·

692 1273 696 1284 ,
754 1273 760 1284 ,
964 1219 1040 1273 nitas
1055 1218 1244 1273 abscindatur.
1263 1217 1510 1271 «Accusationem
1529 1223 1630 1271 autem
1644 1217 1769 1272 adversm

124 1274 190 1330 Car.
203 1275 225 1328 Ι.
238 1274 318 1328 -Dc
329 1274 372 1327 hir
383 1276 434 1341 qui
442 1277 502 1341 post
513 1287 623 1325 sacram
633 1273 837 1325 ordinatroncm
849 1275 923 1341 copi·

160 1366 229 1418 tatia
253 1365 376 1417 crirnina
396 1363 582 1423 coerrantium,
603 1366 627 1414 ct
648 1376 744 1414 arriana
761 1363 922 1429 purritrntr'a

158 1468 205 1505 sca
220 1453 511 1506 cacorrrmunr'catioac.

964 1307 1037 1361 sacri
1051 1307 1158 1361 ordinis
1171 1307 1245 1361 viros
1254 1306 1333 1361 facile
1347 1322 1404 1360 non
1419 1306 1627 1377 recipiendam,
1643 1307 1769 1378 sedprius

963 1412 1077 1450 causam
1087 1395 1238 1466 diligenter
1248 1395 1476 1461 examinandam,
1485 1400 1515 1448 et
1530 1400 1633 1465 postea
1639 1394 1770 1465 judicium

963 1484 1149 1544 inferendum,
1177 1484 1328 1555 Apostolus
1356 1484 1439 1538 docet
1463 1483 1593 1538 scribens
1616 1484 1654 1538 ad
1683 1484 1769 1538 ‘fimo-

159 1576 192 1629 ln
215 1574 314 1646 primis
328 1590 394 1644 ergo
413 1574 504 1627 visum
520 1579 563 1627 est
581 1572 658 1627 vohis
673 1574 810 1628 conscribi
830 1574 864 1627 de
879 1574 923 1628 his
963 1574 1079 1627 theum:
1096 1592 1108 1623 r
1125 1573 1349 1638 Accusationem,
1361 1571 1464 1643 inquit,
1481 1572 1624 1626 adversus
1636 1572 1771 1643 presbyte-

123 1662 171 1734 qui
185 1678 279 1716 sacros
293 1661 406 1716 ordines
424 1660 536 1728 habent,
554 1668 583 1716 et
597 1666 662 1716 ante
676 1662 718 1715 vcl
733 1668 796 1734 post
809 1662 923 1716 ordina·
965 1680 1029 1716 rum
1044 1679 1102 1716 non
1115 1661 1242 1733 recipias,
1262 1660 1315 1715 nisi
1331 1660 1384 1714 sub
1398 1660 1510 1714 duobus
1525 1668 1577 1714 aut
1591 1660 1684 1715 tribus
1696 1662 1769 1717 testi·

122 1750 227 1806 tionem
246 1751 451 1805 conmminatos
472 1751 500 1804 in
522 1750 689 1821 capitalibus
711 1751 876 1805 criminibus
895 1768 925 1806 sc
935 1737 1026 1807 Bbus.
1040 1752 1192 1806 Peccantes
1206 1756 1300 1804 autern
1315 1766 1409 1804 coram
1424 1749 1558 1803 omnibus
1572 1759 1713 1820 arguant
1723 1768 1767 1806 ce·

124 1841 380 1910 esseprotltentur:
392 1839 544 1910 inquibus,
558 1845 591 1894 ut
604 1840 672 1893 mihi
688 1838 807 1906 videtur,
816 1840 874 1894 haec
885 1840 926 1894 di·
965 1841 1018 1895 teri
1033 1846 1140 1894 metum
1155 1838 1277 1893 habeant
1288 1840 1312 1905 (l
1327 1840 1397 1892 Tim.
1411 1844 1449 1907 v).
1463 1857 1477 1891 s
1492 1838 1600 1902 Quales
1616 1844 1711 1894 autern
1722 1840 1768 1911 ipsi

124 1929 230 1982 stantia
253 1926 338 1983 debet
352 1945 422 1994 esse,
442 1932 475 1983 ut
488 1928 517 1982 hi
538 1929 585 1999 qui
607 1928 775 1999 deprehensi
789 1929 831 1983 vel
850 1930 925 2001 capti
965 1934 1051 1984 testes
1068 1946 1129 1984 esse
1147 1928 1277 1993 debeant,
1294 1928 1323 1981 in
1343 1927 1475 1981 Africano
1504 1928 1639 1994 concilio,
1654 1945 1713 1999 cap.
1727 1928 1767 1991 06,

123 2014 347 2088 fuerintpublicc
360 2017 388 2070 in
402 2016 536 2087 perjurio,
552 2017 627 2071 furto
643 2024 727 2088 atque
741 2017 925 2073 fornicatione
966 2018 1171 2083 manifestatur,
1181 2016 1228 2071 ubi
1238 2017 1279 2071 ita
1292 2016 1429 2088 scriptum
1439 2021 1499 2070 est:
1514 2015 1629 2071 Placuit
1643 2018 1768 2072 inomncs

123 2109 153 2159 ct
166 2105 274 2160 caeteris
290 2105 450 2175 hujusmodi
464 2105 639 2171 criminibus,
661 2107 815 2161 secundum
830 2123 924 2160 sacro·
966 2109 1038 2162 servi
1056 2108 1099 2162 vel
1121 2107 1227 2179 proprii
1248 2106 1350 2172 liberti,
1368 2106 1404 2160 ad
1424 2106 1638 2160 accusationem
1659 2123 1712 2161 non
1726 2106 1769 2160 sd·

124 2209 188 2248 rum
202 2210 341 2249 canonum
356 2193 493 2255 instituta,
513 2210 530 2247 a
544 2194 635 2263 gradu
652 2195 767 2266 proprio
781 2195 925 2267 deponan-
966 2198 1126 2262 mittantur,
1153 2196 1196 2250 vel
1219 2212 1316 2250 omnes
1331 2211 1401 2266 quos
1427 2195 1463 2248 ad
1483 2195 1648 2249 accusanda
1664 2195 1773 2269 publica,

124 2286 181 2348 tur,
199 2283 266 2353 quia
285 2282 447 2337 scandalum
463 2288 506 2338 est
521 2284 623 2355 populu
638 2284 688 2338 Dei
706 2285 777 2338 tales
791 2301 925 2356 personas
968 2287 1086 2340 crimina
1098 2287 1174 2355 leges
1187 2284 1303 2356 publice
1313 2300 1369 2338 non
1384 2283 1552 2337 admittunt.
1567 2285 1675 2339 Omnes
1687 2285 1766 2338 ctiam

124 2387 253 2443 superse
268 2372 373 2444 positas
386 2370 499 2437 habere,
515 2389 585 2443 quas
596 2373 797 2428 ultramodum
812 2373 926 2429 vitiosas
967 2374 1088 2430 infamia
1103 2374 1219 2428 maculis
1230 2373 1346 2444 aspersi,
1361 2372 1456 2438 idest,
1473 2372 1631 2427 histriones
1642 2389 1675 2427 ac
1687 2373 1767 2445 turpi·

126 2466 236 2515 constat
251 2462 436 2532 osseNempe
446 2461 672 2516 inderletmhunt
683 2463 810 2517 homines
824 2463 926 2517 sacrifl-
966 2464 1111 2519 tudinibus
1126 2463 1257 2534 subJecrae
1270 2479 1405 2533 personae.
1416 2462 1549 2515 Haeretici
1560 2462 1649 2516 etiarn
1658 2463 1713 2516 sive
1723 2479 1767 2534 pa·

127 2549 170 2604 cio
185 2550 235 2604 Dei
251 2564 258 2605 :
275 2556 305 2604 ct
319 2550 511 2605 rebelleshinc
525 2557 609 2621 atque
619 2552 753 2605 contrarii
764 2553 924 2618 existentes,
966 2554 1092 2624 ganisan
1106 2553 1204 2607 Judaei.
1219 2551 1274 2606 Sed
1288 2558 1383 2605 tamen
1398 2550 1529 2605 omnibus
1544 2551 1650 2621 quibus
1662 2568 1767 2606 accusa·

127 2654 225 2692 eorum
241 2639 332 2709 pravis
346 2640 480 2710 exemplis
495 2640 619 2710 quotidie
635 2641 745 2712 pejores
762 2642 842 2707 frunt,
854 2642 927 2696 sicut
965 2644 1006 2698 tio
1020 2643 1176 2713 denegatur
1189 2641 1219 2695 in
1233 2641 1324 2694 causis
1338 2640 1470 2711 propriis,
1488 2640 1643 2694 accusandi
1658 2641 1763 2695 licentia

129 2727 270 2797 quondam
281 2727 346 2781 filiis
355 2728 416 2781 Heli
427 2728 605 2799 peccantibus
613 2728 709 2783 fecisse
722 2730 863 2800 leguntur.
872 2731 926 2795 Qui
966 2731 1133 2802 deneganda
1142 2736 1193 2785 est.

128 2820 224 2869 autern
239 2815 274 2869 de
284 2815 424 2886 praedictis
433 2817 499 2871 viris
513 2834 564 2888 per
573 2818 710 2873 occultam
725 2819 926 2874 confessionem
1002 2822 1073 2876 item
1089 2820 1118 2874 in
1135 2820 1234 2875 eodem
1253 2817 1379 2883 concilio,
1396 2833 1457 2888 rap.
1476 2816 1512 2871 08
1528 2837 1533 2870 :
1557 2819 1657 2873 Testes
1675 2824 1761 2875 autem

130 2903 204 2957 male
219 2920 237 2957 a
259 2920 289 2957 sc
304 2903 438 2959 absconse
460 2905 621 2974 commissa,
647 2923 740 2961 coram
762 2909 850 2963 oculis
876 2909 926 2964 Dei
967 2911 1003 2965 ad
1016 2909 1208 2964 testimoninm
1221 2925 1277 2962 non
1292 2907 1492 2972 admittendae,
1510 2907 1560 2977 qui
1581 2924 1633 2963 nec
1648 2909 1684 2963 ad
1699 2925 1766 2963 accar-

129 2997 266 3063 prresente
280 2991 365 3046 etiam
379 2993 523 3046 sacerdote
534 2993 581 3063 qui
598 2994 638 3047 cis
652 2994 809 3049 indicturus
818 3004 928 3068 estpoe·
968 3000 1106 3055 sationem
1119 2997 1230 3053 advnitti
1245 2996 1378 3069 precepti
1392 3002 1466 3061 sunt,
1476 2996 1518 3050 vel
1529 2997 1619 3051 etiam
1631 3014 1701 3068 quos
1714 2999 1763 3069 ipse

130 3080 279 3134 nitentium
296 3082 474 3141 confitentur,
491 3088 519 3134 ct
536 3081 701 3153 senretipsos
715 3084 838 3153 graviter
856 3085 927 3139 deli·
968 3093 1113 3144 accusator
1126 3088 1222 3141 desua
1235 3087 1318 3141 domo
1332 3085 1505 3156 produxerit.
1518 3085 1563 3139 Ad
1578 3087 1761 3141 testimoninm

130 3169 223 3240 quisse
237 3175 377 3234 accusant,
395 3170 418 3224 si
439 3171 574 3225 veraciter
592 3171 777 3241 poenituerint
790 3179 819 3227 ct
833 3190 864 3227 se
878 3190 928 3246 pcr
968 3182 1073 3242 numm,
1089 3176 1164 3231 intra
1177 3191 1266 3229 annos
1282 3175 1312 3228 lt
1329 3173 1422 3227 aetatis
1435 3190 1504 3239 sure,
1520 3190 1579 3228 non
1594 3176 1758 3241 admittatur,

126 3257 237 3330 jejunia
246 3265 275 3313 ct
284 3259 484 3330 eleemosynas,
493 3259 612 3329 vigilias,
623 3265 707 3331 atque
721 3279 815 3316 sacras
827 3263 929 3317 oratio-
1004 3268 1075 3321 item
1090 3266 1119 3318 in
1133 3265 1232 3318 eodem
1246 3263 1364 3318 concilio
1376 3280 1436 3332 cap.
1452 3263 1486 3316 lli
1500 3280 1506 3314 :
1522 3263 1646 3321 Placuit,
1664 3272 1694 3319 ut
1705 3280 1758 3336 quo

129 3363 188 3414 nes,
205 3364 270 3401 curn
285 3348 417 3420 lacrymis
440 3365 561 3419 purgare
584 3352 761 3415 certaverint,
779 3352 822 3406 his
843 3353 928 3406 etiarn
969 3355 1134 3425 tiescunque
1151 3352 1258 3407 clericis
1272 3352 1307 3406 ab
1325 3350 1536 3406 accusatoribus
1551 3353 1643 3408 multa
1656 3353 1758 3407 crimina

129 3436 220 3507 gradu
236 3443 346 3492 servato
359 3454 423 3508 spes
437 3438 523 3492 venia
538 3438 572 3491 de
587 3439 780 3494 misericordia
797 3441 847 3495 Dei
862 3459 928 3512 pro·
969 3444 1149 3515 objiciuntur,
1166 3449 1195 3497 et
1208 3459 1297 3497 unum
1312 3459 1344 3495 ex
1362 3441 1429 3512 ipsis
1451 3441 1487 3494 de
1510 3458 1567 3511 quo
1585 3444 1664 3513 prius
1685 3443 1757 3514 egerit

131 3525 269 3580 mittenda
284 3532 337 3591 cst,
358 3527 406 3598 qui
422 3543 519 3581 ornnes
534 3528 660 3583 homines
679 3530 738 3584 vult
758 3531 849 3584 salvos
867 3531 929 3585 freri
971 3533 1088 3604 probare
1102 3549 1158 3587 non
1172 3532 1299 3597 valuerit,
1316 3531 1353 3584 ad
1369 3535 1472 3584 caetcra
1489 3547 1547 3584 non
1560 3532 1726 3587 admittatur.

131 3619 160 3669 et
185 3615 220 3668 ad
242 3616 415 3686 agnitionem
434 3615 559 3670 veritatis
581 3618 736 3688 pervenire,
759 3636 850 3690 neque
870 3620 930 3674 vult
1006 3623 1045 3676 Dc
1066 3622 1110 3676 his
1125 3628 1221 3676 autem
1238 3636 1357 3691 quorum
1372 3619 1481 3673 occulta
1501 3627 1617 3690 peccata
1631 3629 1753 3683 suntme

132 3710 251 3758 mortem
267 3705 430 3776 peccatoris,
444 3705 492 3758 sed
513 3712 736 3761 utconvertatur
750 3714 779 3762 et
792 3709 874 3762 vivat.
971 3711 1119 3766 manifeste
1136 3710 1172 3765 ab
1195 3711 1289 3782 aliquo
1314 3709 1394 3779 argui
1417 3716 1544 3779 possunt,
1575 3709 1599 3763 si
1624 3710 1753 3764 salubriter

167 3794 239 3847 Nam
250 3794 285 3847 de
296 3793 407 3864 illisqui
418 3794 452 3848 ad
468 3794 603 3849 honorem
613 3795 779 3868 presbyterii
794 3798 853 3852 sine
864 3815 929 3852 exa-
971 3800 1130 3872 compuncti
1143 3817 1194 3871 pro
1208 3798 1328 3871 peccatis
1346 3799 1405 3852 suis
1426 3798 1633 3854 confessionem
1644 3801 1751 3871 episcopo

130 3882 284 3937 minatione
298 3884 420 3954 provecti
436 3889 513 3945 sunt,
528 3885 558 3938 in
578 3884 691 3939 Nicoma
710 3886 836 3952 concilio,
853 3887 929 3958 capi·
971 3890 1027 3944 sive
1046 3889 1210 3962 presbytero
1225 3888 1331 3942 occulte
1349 3887 1465 3954 faciunt,
1482 3886 1590 3942 bonum
1612 3889 1679 3942 mihi
1692 3887 1750 3941 ride·

132 3970 190 4024 tulo
205 3970 231 4035 8,
252 3971 348 4025 taliter
361 3971 496 4042 scriptum
510 3977 554 4026 cst
570 3991 576 4025 ε
594 3974 623 4027 Si
637 3973 685 4044 qui
700 3974 855 4046 presbyteri
870 3975 930 4031 sinc
972 3984 1027 4043 tur,
1044 3984 1075 4032 ut
1096 3977 1250 4032 secundum
1265 3976 1293 4030 id
1308 3976 1381 4047 quod
1396 3975 1449 4029 sibi
1467 3976 1612 4030 decretum
1634 3977 1711 4031 fuerit
1725 3973 1750 4027 ab

130 4058 259 4112 examine
273 4066 341 4113 sunt
353 4061 487 4130 provecti,
503 4060 546 4113 vel
564 4078 628 4116 curn
648 4062 855 4118 discuterentur
868 4080 931 4134 pec·
971 4067 1102 4138 episcopo
1118 4067 1174 4121 sive
1197 4064 1369 4138 presbytero,
1387 4064 1582 4134 paonitentiam
1600 4071 1690 4135 rigata,
1707 4079 1748 4116 non

131 4153 194 4200 cata
211 4163 263 4201 sua
280 4148 488 4213 confessisunt,
507 4156 535 4203 ct
549 4150 676 4205 homines
693 4156 791 4205 contra
809 4169 930 4207 canones
970 4155 1064 4226 tepide
1079 4171 1129 4209 ncc
1150 4154 1239 4217 tarde,
1255 4153 1303 4206 sed
1319 4152 1460 4206 ferventer
1474 4156 1503 4202 ct
1521 4150 1639 4204 sollicite
1658 4170 1664 4203 :
1682 4150 1748 4204 acsic

25 4272 29 4279 .
129 4237 272 4304 commoti,
284 4254 383 4291 nranus
393 4238 526 4292 confessis
536 4238 680 4310 imponere
688 4247 876 4302 tentaverunt,
884 4249 930 4295 ta·
971 4260 1000 4297 se
1025 4244 1133 4298 veniam
1156 4248 1333 4315 pcccatorum
1354 4257 1371 4294 a
1394 4238 1514 4292 Domino
1536 4246 1715 4311 percepturos,
1728 4242 1749 4292 et

128 4325 170 4380 les
184 4328 282 4397 regula
293 4344 350 4381 non
362 4326 500 4382 admittit:
516 4328 582 4399 quia
596 4329 671 4400 quod
685 4329 960 4432 irreprehensibileD
969 4334 1089 4403 gradum
1099 4351 1129 4387 se
1138 4338 1352 4404 recuperaturos
1362 4328 1513 4382 confidant.
1526 4329 1606 4392 Quod
1613 4330 1693 4383 etiam
1701 4329 1749 4380 bea

129 4420 173 4469 cst
187 4416 324 4470 catholica
337 4417 462 4471 defendit
477 4417 608 4472 Ecclesia.
969 4427 1016 4476 tus
1026 4423 1264 4494 Gregoriuspapa,
1275 4421 1305 4474 in
1313 4419 1432 4491 epistola
1440 4435 1525 4490 quarn
1536 4419 1571 4472 ad
1581 4419 1748 4474 Secundinum

165 4504 235 4559 ltem
249 4505 278 4560 in
293 4506 719 4578 Neocaesaricnsiconcilio,cap.
733 4508 759 4574 8,
776 4508 810 4562 de
826 4509 929 4564 hocita
969 4529 1079 4567 servum
1101 4513 1151 4567 Dei
1171 4512 1309 4566 inclusum
1337 4509 1457 4580 scripsit,
1474 4510 1514 4563 ita
1531 4509 1630 4581 probat
1650 4510 1745 4563 dian:

126 4592 275 4647 definitum
287 4602 330 4648 est
343 4612 348 4647 :
361 4595 511 4667 Presbyter
526 4596 549 4651 si
566 4604 775 4667 preoccupatus
790 4599 927 4671 corporali
968 4604 1041 4657 Nam
1054 4607 1103 4656 tua
1117 4601 1252 4655 sanctitas
1262 4601 1326 4654 inde
1338 4617 1356 4654 a
1370 4598 1451 4653 nobis
1461 4599 1616 4669 requisivit,
1627 4604 1658 4653 ut
1665 4597 1747 4652 tibive

127 4687 241 4752 peccato
255 4683 434 4752 provehatur,
451 4690 480 4737 et
502 4684 644 4739 confessus
660 4686 744 4739 fucrit
758 4686 793 4740 de
808 4704 837 4740 sa
852 4688 926 4758 quod
968 4690 1118 4745 scriberem
1133 4690 1167 4744 dc
1181 4688 1346 4744 sacerdotali
1364 4688 1455 4742 cilicio
1477 4695 1542 4759 post
1556 4688 1663 4760 lapsum
1675 4700 1746 4740 resur·

125 4776 192 4824 ante
206 4771 412 4826 ordinationem
426 4773 585 4844 deliquerit,
598 4773 692 4828 oblata
701 4791 757 4829 non
772 4782 924 4844 consecret,
966 4780 1061 4851 gandi,
1090 4780 1157 4834 dum
1180 4779 1250 4832 dicis
1272 4778 1306 4832 dc
1325 4778 1377 4832 hoc
1399 4793 1506 4831 canone
1531 4777 1653 4832 diversas
1670 4784 1693 4831 te
1715 4773 1745 4826 le·

125 4876 243 4916 manens
257 4861 286 4915 in
301 4861 418 4933 reliquis
432 4863 531 4917 ofticiis
544 4870 659 4934 propter
671 4864 794 4919 studium
809 4865 924 4921 bonum.
966 4870 1040 4939 gisae
1056 4868 1215 4939 divisasque
1229 4867 1383 4921 sententias
1400 4886 1405 4920 :
1424 4866 1495 4921 alias
1510 4867 1680 4939 resurgendi,
1692 4863 1743 4917 alias

124 4950 197 5005 Nam
212 4957 327 5023 peccata
340 4951 449 5021 reliqua
464 4953 590 5036 plerique
606 4953 738 5009 dixerunt
750 4971 801 5025 pcr
814 4971 924 5020 manus,
967 4973 1145 5029 nequaquam
1164 4973 1253 5028 posse.
1276 4957 1348 5011 Nam
1363 4973 1414 5010 nos
1436 4957 1608 5025 generaliter
1624 4972 1641 5010 a
1655 4955 1742 5010 Nicaea

123 5037 332 5110 impositionem
346 5056 427 5111 posse
441 5040 556 5094 dimitti.
573 5042 653 5105 Quod
668 5043 691 5095 si
706 5043 740 5096 de
755 5060 785 5097 se
800 5061 855 5098 non
864 5044 925 5099 fue·
967 5047 1141 5118 incipientes,
1158 5047 1231 5101 hanc
1245 5063 1308 5100 cum
1323 5047 1445 5117 reliquas
1457 5052 1580 5117 quatuor
1593 5055 1740 5102 veneramur,

122 5126 161 5181 rit
174 5145 233 5198 rpse
249 5129 400 5189 confessus,
417 5135 446 5183 et
460 5131 541 5199 argui
557 5131 703 5185 manifesto
730 5148 785 5186 non
806 5134 926 5204 quiverit
967 5153 1028 5207 qua
1042 5135 1133 5208 ipsam
1151 5142 1301 5207 sequentes
1317 5142 1425 5190 creterra
1447 5136 1477 5190 in
1496 5136 1604 5190 cunetis
1623 5128 1741 5190 manabis

124 5219 271 5284 potestatis
286 5235 343 5273 suae
355 5218 461 5288 judicio
476 5220 663 5290 relinquatur.
966 5227 1114 5280 unanimes
1138 5225 1318 5279 concordant.
1336 5225 1394 5278 Nos
1421 5241 1488 5294 ergo
1511 5225 1690 5297 precedentes
1704 5232 1740 5272 ποθ

162 5306 233 5360 Item
256 5307 286 5360 in
306 5307 405 5362 codem
420 5310 547 5376 concilio,
564 5326 624 5380 cap.
648 5310 681 5365 lu
702 5328 707 5362 :
727 5311 816 5365 Simili
842 5313 925 5367 modo
967 5322 1062 5386 patres
1085 5315 1252 5387 sequimur:
1277 5314 1344 5385 quia
1367 5319 1481 5368 auctore
1501 5315 1571 5379 Deo,
1587 5328 1688 5369 asacra
1703 5307 1739 5361 du

123 5393 209 5447 etiam
230 5395 374 5463 diacoma,
394 5398 417 5452 si
440 5399 539 5453 eodem
558 5405 670 5471 peccato
686 5400 873 5467 succubuerit,
889 5402 925 5456 ab
966 5405 1056 5458 ctrina
1077 5404 1189 5458 illorum
1217 5419 1273 5458 non
1295 5403 1497 5458 discordamus.
1518 5405 1544 5458 A
1560 5404 1647 5476 capite
1668 5403 1739 5467 itaque

123 5483 221 5538 ordine
236 5485 385 5541 ministerii
408 5489 601 5545 subtrahatur.
964 5493 1139 5564 incipientes,
1161 5509 1248 5564 usquc
1275 5493 1305 5546 in
1330 5497 1463 5563 quartum
1486 5493 1584 5548 altaris
1605 5492 1737 5547 ministrum

160 5571 201 5628 De
214 5572 270 5627 illis
280 5590 391 5645 quoque
403 5578 450 5647 qui
461 5584 525 5649 post
534 5585 679 5650 acceptum
688 5583 809 5651 madum
823 5599 922 5654 pecca·
964 5583 1037 5636 hanc
1051 5583 1171 5637 formam
1182 5582 1349 5637 servandam
1358 5583 1569 5651 cognoscimus:
1581 5590 1612 5638 ut
1621 5595 1692 5653 quen
1700 5571 1736 5627 mi·
