3772 6120
124 239 190 296 itte
415 246 446 300 ll.
467 242 602 299 anunm
622 243 736 298 Mattlu
756 243 923 298 neumae.
944 242 1105 297 biOGUNT.
1128 238 1276 297 OPERUM
1295 237 1388 292 PARS
1407 238 1458 293 111.
1623 250 1626 255 ·
1693 232 1760 287 titt

119 367 247 423 Barabha
267 385 363 440 preces
386 370 539 442 porrigere,
569 369 603 423 do
625 370 690 422 lesu
714 369 889 422 correlamare
908 386 913 419 :
923 371 947 430 Α
958 374 1005 422 tur
1020 361 1378 435 :Christusapontilicibas
1388 361 1529 426 illuditur,
1545 375 1562 413 a
1578 356 1716 412 militibus
1726 358 1759 411 ir·

120 456 269 528 Crucillge,
294 457 443 527 crucifige?
464 460 541 512 Tunc
561 459 640 511 dolor
659 458 752 512 illaria
771 462 920 511 renovatus
960 456 1077 519 ridetur,
1091 474 1108 508 a
1124 453 1279 508 latronibus
1300 451 1424 505 convicia
1445 449 1585 522 pariture,
1609 464 1627 501 a
1646 454 1758 519 praeter·

121 550 172 606 est,
186 563 249 601 curn
260 547 367 601 videret
375 547 525 601 Dominum
535 563 616 600 suum
629 548 701 612 exui,
714 547 749 600 ad
759 547 920 600 columnam
961 544 1092 600 euntibus
1107 544 1199 614 capita
1213 541 1397 605 moventibus,
1414 546 1443 594 et
1456 540 1510 592 vah
1524 536 1759 592 conclamantibus

121 634 246 704 religari.
259 636 390 706 etllagris
407 641 467 690 toto
482 651 597 706 corpore
614 635 713 689 laniari
727 654 733 688 ε
746 636 818 706 quod
834 636 919 689 etiam
960 630 1210 705 blasphematurt3
1221 631 1288 684 dum
1304 630 1363 701 ipse
1377 628 1490 683 interim
1507 628 1624 681 Patrem
1641 642 1690 697 pro
1705 626 1760 680 suis

121 720 252 777 columna
266 723 328 796 ipsa
342 729 472 789 testatur,
488 724 524 777 ad
543 740 626 794 quarn
647 724 751 794 ligatus
767 730 810 779 est
823 724 919 779 Domi·
960 721 1186 793 crucifigentibus
1196 719 1477 791 deprecaturtldatth.
1490 714 1643 781 xxvialO).
1654 715 1761 779 Quanta

120 827 183 877 nus,
200 827 262 883 quae
276 829 364 884 usque
379 812 461 867 hodie
475 813 654 868 cernentibus
669 813 800 868 dominici
809 813 922 883 sangui·
961 813 1036 867 inter
1050 811 1225 874 haecomnia,
1240 809 1294 864 luit
1306 809 1334 863 in
1345 813 1441 862 mente
1455 807 1551 861 llariae
1565 805 1693 870 tristitia,
1715 806 1759 876 qui

121 900 166 954 nis
181 906 258 954 certa
271 901 352 971 signa
365 901 549 956 demonstrat.
569 901 647 956 Tunc
664 902 797 956 mestitia
814 902 918 968 Mariae,
945 901 1112 972 singultus,
1130 905 1198 970 quot
1210 897 1341 969 suspiria,
1357 898 1425 950 dum
1442 895 1538 949 dilecti
1556 892 1759 959 dilectorissui,

121 993 151 1042 et
162 990 266 1044 mentis
280 990 439 1044 amaritudo
455 990 608 1056 incanduit,
621 1007 684 1045 cum
696 991 803 1046 Pilatus
813 991 922 1063 adjudi·
962 991 1036 1044 inter
1050 990 1174 1043 latrones
1190 986 1347 1060 pendentis,
1364 985 1473 1039 dolores
1487 983 1639 1038 cerneret!
1656 982 1710 1036 Sed
1722 990 1761 1036 ta·

120 1077 194 1131 cavit
205 1078 368 1149 petitionem
385 1078 445 1131 lieri
464 1079 638 1149 pontificum,
663 1085 692 1134 et
710 1079 813 1134 milites
831 1086 920 1134 totam
961 1095 1027 1133 men
1041 1093 1156 1132 cernere
1170 1076 1304 1131 sustinuit
1318 1082 1376 1128 tarn
1387 1074 1492 1137 dilecti,
1508 1078 1570 1126 tam
1586 1072 1682 1136 duros,
1705 1077 1759 1124 tana
1804 1061 1808 1073 ¹

121 1166 266 1221 cohortem
296 1173 526 1232 convocaverunt,
552 1168 696 1224 Christum
725 1174 920 1240 purpuratum,
963 1168 1120 1231 diuturnos,
1136 1165 1259 1229 Domini,
1273 1164 1421 1218 cruciatus.
1445 1162 1560 1227 Quanta
1576 1159 1760 1215 amaritudine

121 1254 209 1326 spinis
218 1261 393 1322 coronatum,
410 1255 576 1311 arundinem
591 1274 642 1327 pro
655 1263 765 1328 sceptro
779 1274 863 1312 manu
878 1263 921 1311 te-
963 1262 992 1310 et
1004 1256 1145 1310 anxietate
1159 1253 1285 1308 debriata
1301 1259 1343 1307 est
1361 1269 1426 1307 cum
1447 1251 1562 1305 audiret
1582 1249 1712 1304 hlessiam
1728 1250 1760 1302 de

122 1349 246 1410 nentem,
274 1344 380 1399 ironice
405 1346 602 1409 adoraverunt,
627 1346 757 1401 irrisione
781 1346 920 1401 salutave-
962 1362 1043 1399 cruce
1058 1344 1249 1398 clamantem:
1273 1342 1360 1407 Sitio;
1379 1358 1444 1395 cum
1471 1340 1583 1393 videret
1607 1338 1758 1408 spongiam,

122 1439 220 1500 runt¹,
237 1439 317 1487 aceto
331 1435 436 1488 etselle
450 1440 632 1505 potaverunt,
650 1442 735 1506 caput
753 1437 814 1506 ejus
833 1453 920 1490 arun·
962 1434 1101 1488 absinthio
1127 1440 1225 1499 aceto,
1250 1439 1279 1485 et
1308 1431 1432 1502 mirrha,
1456 1436 1485 1484 et
1511 1429 1578 1483 selle
1607 1429 1757 1491 intinctam,

121 1521 188 1575 dine
212 1528 419 1593 percusserunt,
448 1523 475 1577 in
498 1524 597 1578 taciem
621 1525 681 1594 ejus
700 1531 872 1596 exspuerunt
889 1541 922 1578 ac
962 1516 1757 1594 arundiniimponi,spongiaehyssopicalamumimprimi.

122 1610 237 1665 demum
264 1612 440 1682 chlamydem
464 1613 490 1665 ei
508 1612 666 1667 coccineam
688 1612 873 1676 abstulerunt,
894 1618 923 1668 et
962 1611 1299 1685 spongiamarundineori
1309 1612 1369 1680 ejus
1378 1608 1492 1681 apponi,
1502 1608 1619 1679 hyssopi
1628 1608 1759 1661 calamum

122 1700 242 1771 propriis
256 1700 386 1755 indutum
400 1701 524 1755 vestibus
543 1701 722 1756 induxerunt.
743 1703 775 1756 Et
792 1688 953 1771 bajulonsss
963 1701 1043 1755 labiis
1057 1703 1119 1771 ejus
1133 1700 1279 1772 applicari,
1292 1705 1321 1754 et
1334 1716 1397 1753 curn
1420 1703 1566 1768 gustasset
1587 1696 1684 1750 bibere
1704 1698 1758 1751 nol·

121 1791 176 1843 ribi
183 1793 395 1854 cr·aerrn,erieit
406 1789 503 1844 urbem
515 1790 604 1861 spinis
613 1797 771 1846 coronatus.
787 1792 920 1863 Seqrtebu-
962 1793 1001 1846 let
1015 1792 1040 1844 0!
1059 1790 1135 1845 lunc
1154 1791 1268 1844 demum
1290 1805 1393 1842 rrrmror
1411 1787 1506 1841 Maria
1527 1785 1657 1840 recendit
1676 1785 1686 1825 t
1703 1802 1758 1840 curn

123 1883 171 1931 tur
183 1895 246 1932 eant
262 1879 360 1949 regina
374 1878 435 1931 celi
451 1879 568 1949 ejusque
581 1895 701 1945 sorores,
716 1885 744 1933 et
758 1882 850 1934 illaria
865 1880 921 1934 Ma·
962 1880 1073 1935 audieet
1087 1879 1138 1934 Dei
1153 1878 1255 1933 Filium
1270 1879 1304 1932 de
1319 1894 1399 1932 crure
1415 1875 1573 1930 valedicere
1588 1875 1674 1929 Matri
1691 1892 1758 1942 sua3

119 1968 248 2033 quatenu,
264 1972 427 2038 caeteraque
441 1974 585 2034 matrona,
602 1984 662 2036 qaa
669 1971 836 2038 plangebant
847 1974 871 2022 rt
882 1972 921 2022 la·
962 1986 1057 2024 curam
1076 1969 1174 2022 matris
1189 1974 1286 2022 sancto
1301 1968 1401 2021 loanni
1419 1966 1609 2031 committere,
1632 1965 1681 2036 qui
1700 1970 1759 2019 tunc

121 2058 320 2110 incolebantur
339 2073 411 2121 eitra,
429 2073 539 2126 piraque
558 2074 615 2112 non
632 2058 723 2112 solum
741 2058 776 2112 de
795 2059 917 2121 dalilae,
961 2064 1023 2114 erat
1045 2074 1184 2112 annorum
1207 2057 1306 2127 viginti
1330 2056 1436 2123 tuum,
1456 2056 1519 2110 Eloi
1544 2056 1757 2126 congeminare:

120 2146 170 2199 sed
184 2144 218 2199 de
233 2145 330 2200 Judrea
345 2151 374 2199 et
387 2145 604 2217 delerosolymo
615 2147 710 2202 remla
719 2150 832 2215 sacrent
845 2164 917 2201 orriri.
961 2152 1185 2201 consummatum
1199 2151 1243 2199 est
1254 2146 1409 2199 exclamare
1422 2163 1428 2205 ;
1444 2144 1475 2198 in
1487 2160 1590 2199 manus
1606 2144 1697 2198 Patris
1708 2144 1760 2198 ani·

122 2234 271 2289 Conversus
285 2238 470 2289 antemissas
485 2237 522 2289 ad
536 2243 664 2290 amantes
676 2254 706 2290 se
721 2237 839 2292 femmas
853 2254 920 2291 ocu-
963 2252 1038 2289 mam
1053 2235 1263 2301 commendare;
1279 2234 1401 2288 clamore
1410 2235 1526 2288 tandem
1539 2234 1644 2300 valido,
1657 2233 1759 2305 quando

120 2323 162 2377 los
180 2328 270 2377 etora
283 2323 400 2388 relicuit,
416 2330 445 2378 ct
459 2323 499 2378 ait
519 2343 525 2377 :
547 2326 622 2378 Filia
635 2328 812 2393 lerosolyrni,
837 2329 919 2380 nolito
964 2325 1060 2389 voluit,
1088 2323 1240 2395 exspirare.
1270 2324 1305 2377 Et
1327 2328 1391 2394 post
1413 2323 1481 2377 solis
1509 2323 1679 2393 deliquium,
1704 2327 1759 2394 post

119 2415 185 2481 ltere
198 2428 281 2481 saper
295 2428 346 2476 nte,
367 2414 412 2466 scd
426 2429 509 2482 super·
527 2417 699 2482 rosrnetipsar
712 2418 780 2484 stete,
801 2419 824 2467 et
839 2431 921 2484 arant
963 2414 1051 2469 trium
1065 2414 1199 2467 horarum
1210 2411 1350 2476 tenebras,
1365 2418 1431 2483 post
1444 2412 1592 2483 diruptum
1607 2412 1704 2483 templi
1719 2428 1759 2465 ve·

120 2503 191 2568 filios
204 2507 304 2555 uestros
313 2521 323 2567 ,·
340 2504 407 2571 pario
421 2505 446 2554 ri
456 2505 595 2559 rneetridi
610 2506 685 2571 lieno
700 2504 748 2556 hoc
762 2506 922 2572 sortientia
964 2504 1034 2569 lum,
1059 2508 1122 2574 post
1144 2506 1346 2567 terraemotum,
1372 2507 1436 2573 post
1459 2506 1556 2572 petras
1575 2501 1687 2564 scissas,
1704 2510 1759 2572 post

123 2591 279 2659 ortdoqm'cl
289 2592 332 2658 liet
350 2592 439 2653 (loeti.
452 2607 509 2653 xiv,
524 2591 572 2656 17;
592 2593 653 2645 lac.
672 2607 748 2657 xnvu,
765 2591 817 2658 ‘lig
835 2594 920 2646 illerc.
963 2597 1062 2664 aperta
1071 2596 1264 2651 monumenta,
1277 2596 1340 2661 post
1350 2591 1524 2645 centurionis
1538 2596 1568 2643 et
1577 2591 1666 2644 totius
1676 2589 1760 2644 multi·

121 2694 166 2743 nv,
184 2678 231 2745 te;
248 2679 345 2736 Metth.
360 2696 441 2746 nutat,
457 2680 508 2738 552
524 2682 586 2734 Lite.
604 2694 685 2746 aaut,
697 2679 743 2748 28)
758 2681 793 2734 ¹³?
963 2682 1070 2736 tudinis
1080 2680 1258 2752 abscessum
1273 2696 1336 2734 cum
1351 2680 1461 2733 videret
1475 2681 1579 2733 missos
1594 2680 1709 2746 milites,
1719 2679 1759 2733 ad

120 2784 185 2838 Car.
197 2783 360 2839 xxi-tur·
370 2787 495 2842 Christus
503 2789 688 2853 crucifigitur,
701 2789 917 2851 llorteeslanta
961 2771 1015 2824 '¹¹¹⁰
1028 2770 1180 2824 liventium
1192 2770 1335 2824 lsstffissum
1345 2785 1429 2823 crum
1437 2768 1571 2838 slangelss
1586 2787 1591 2820 ²
1610 2770 1674 2839 (luis
1683 2774 1760 2838 ¹108*lt

208 2857 357 2923 deponitur
370 2861 395 2909 et
410 2859 573 2924 iauotriter,
587 2860 679 2912 Mario
692 2864 831 2927 prasente.
960 2859 1088 2922 Mariam,
1103 2858 1214 2912 Domini
1231 2858 1274 2911 sui
1289 2857 1465 2927 crurifragio,
1477 2855 1760 2910 vehementissimeti

156 2943 243 2996 Fortis
265 2948 296 2995 at
320 2959 394 2996 mors
414 2946 522 2998 ditectio
540 2947 630 3011 (Caret.
651 2947 921 3015 v1u,ti):cernitur
961 2947 1183 3017 muisselCujus
1198 2946 1342 3017 evestigio
1362 2945 1533 2999 immensum
1555 2945 1645 2999 crevit
1660 2945 1760 2998 mesti·

120 3030 233 3085 Domini
247 3031 350 3102 passio,
367 3049 418 3086 nec
441 3039 531 3085 cessat
553 3033 647 3088 Mariae
662 3035 789 3102 devotio;
810 3003 1010 3103 duciturCtia,
1027 3052 1092 3089 cum
1104 3050 1178 3089 unns
1194 3050 1227 3088 ex
1242 3033 1379 3088 militibus
1389 3035 1464 3088 latus
1478 3033 1635 3088 salvatoris
1646 3033 1760 3105 perfora·

122 3119 251 3173 Christus
264 3120 299 3173 ad
314 3118 543 3189 crucifigendum.
559 3121 649 3175 Maria
661 3123 807 3193 sequitur,
825 3131 853 3178 et
862 3124 921 3194 plo·
961 3125 1001 3181 vit
1013 3125 1119 3187 lancea,
1135 3130 1163 3178 et
1181 3123 1324 3188 continuo,
1342 3123 1376 3176 de
1386 3122 1481 3193 frigidi
1496 3123 1620 3193 pectoris
1636 3130 1759 3195 penetra·

122 3207 230 3263 ratibus
242 3207 343 3281 probat
354 3209 494 3263 allectum.
512 3210 641 3264 Christus
655 3212 683 3265 in
699 3229 779 3266 cruce
793 3213 918 3280 levatur;
961 3215 1044 3277 libus,
1060 3214 1141 3268 liunt
1154 3212 1270 3283 sanguis
1292 3216 1321 3265 et
1337 3229 1420 3282 aqua.
1445 3212 1467 3265 Ο
1490 3228 1577 3283 quam
1596 3221 1697 3282 gratus
1714 3212 1760 3266 luit

120 3297 210 3352 blavia
223 3299 321 3369 ejulat,
337 3302 367 3352 et
381 3298 530 3353 cruciatur.
549 3300 678 3354 Christus
693 3301 721 3354 in
734 3318 816 3355 cruce
836 3303 920 3357 clavis
962 3303 1057 3358 Mariae
1071 3302 1208 3356 adventus
1223 3299 1324 3354 nobilis
1338 3301 1389 3355 viri
1404 3301 1509 3372 loseph
1525 3301 1586 3355 sab
1596 3301 1758 3366 Arimathia,

120 3387 505 3457 conligitur3lla1·iaeanima
523 3390 651 3443 moeroris
670 3390 775 3444 aculeis
795 3391 920 3462 perfora-
963 3397 991 3446 et
1005 3389 1149 3445 Nicodemi
1168 3389 1310 3460 principis,
1330 3406 1394 3444 cum
1415 3397 1529 3444 centurn
1547 3389 1628 3445 libris
1647 3390 1760 3463 myrrha

518 3492 521 3499 '
594 3504 679 3549 nora
703 3506 886 3552 rurissmvn
908 3510 947 3553 ax
969 3507 1089 3553 nunnae
1111 3505 1287 3551 nesuarrn.

118 3593 213 3663 arguit
221 3594 378 3654 offerentes,
389 3595 497 3663 Justum
508 3611 569 3648 esse
578 3595 764 3665 pronuntians
775 3597 821 3667 qui
833 3599 920 3652 cruci·
960 3597 1008 3653 lib.
1026 3613 1085 3662 viu,
1104 3597 1170 3651 ibid.

119 3664 247 3734 figendus
262 3668 313 3718 est.
331 3666 438 3720 flabant
457 3669 487 3719 tn
504 3668 613 3730 Mettis,
636 3665 683 3719 lib.
707 3680 766 3727 viu,
787 3684 847 3739 cap.
873 3670 917 3724 ii.
996 3667 1009 3709 t
1031 3670 1083 3723 l'ah
1097 3672 1140 3721 est
1154 3665 1331 3739 exprobratio
1345 3666 1494 3731 malorum,
1517 3667 1591 3721 utin
1606 3667 1758 3739 Evangelio,

155 3735 279 3790 ¹Mllites
289 3735 402 3817 quidem
420 3736 570 3791 illudentes
586 3737 637 3791 hoc
651 3737 766 3803 faciunt,
782 3746 815 3793 ut
829 3740 919 3794 nuda·
961 3737 1761 3809 subquidestretstemplumllei,idest,exprobandumest

118 3810 179 3859 turn
194 3807 319 3877 pristinis
338 3805 470 3872 vestibus,
492 3808 612 3862 induant
630 3808 806 3880 chlamydem
830 3811 919 3865 cocci·
962 3811 987 3865 ei
1004 3811 1051 3883 qui
1065 3810 1100 3864 de
1115 3826 1145 3863 se
1159 3809 1228 3864 talia
1234 3810 1332 3880 jactat.
1345 3810 1453 3863 Haboni
1459 3810 1610 3875 Atteqorta
1618 3814 1651 3864 in
1658 3826 1759 3864 sacroru

120 3891 202 3930 neam
217 3883 267 3947 pro
277 3893 411 3948 purpura,
429 3895 483 3948 qua
498 3896 577 3948 reges
591 3891 699 3933 veteres
714 3879 874 3946 utebantur,
892 3887 921 3936 et
961 3883 1149 3950 Scriptorum.

119 3963 171 4018 pro
181 3946 339 4001 diademate
349 3956 456 4018 ponant
470 3950 496 4002 ei
506 3966 638 4003 coronam
648 3950 785 4021 spineam,
799 3969 849 4022 pro
863 3970 920 4007 sce·
996 3965 1008 3995 ⁰
1023 3951 1155 4007 Rabanus
1169 3951 1312 4006 duo'sacta
1325 3949 1483 4021 conglobat,
1495 3968 1553 4006 non
1568 3961 1683 4007 servato
1698 3959 1762 4007 tem

138 4023 183 4070 tro
197 4018 284 4088 regali
299 4018 367 4071 dent
381 4020 529 4081 calamum,
546 4026 574 4073 et
589 4020 707 4075 adorent
718 4023 798 4092 quasi
813 4040 917 4094 regern.
961 4040 1060 4095 porum
1075 4023 1182 4078 ordine.
1193 4024 1256 4077 lam
1267 4023 1443 4093 dixerateap.
1456 4021 1501 4086 90,
1519 4040 1544 4075 m
1550 4026 1625 4077 ilites
1636 4028 1761 4078 irrisione

120 4035 394 4154 zaeartitoiuettln,
411 4090 458 4142 lib.
477 4104 612 4161 v111,cap.
629 4093 674 4146 at.
961 4099 1163 4157 salutaverunt,
1186 4099 1258 4147 aceto
1278 4100 1302 4148 et
1321 4096 1384 4160 telle
1406 4099 1583 4161 protererent,
1605 4100 1687 4164 eaput
1710 4100 1762 4163 rius

157 4158 400 4229 ¹’llicidelignum
412 4161 536 4231 seipsum
545 4178 666 4232 suosque
676 4164 779 4218 electos
790 4185 798 4219 .·
810 4166 921 4219 aridum
961 4168 1103 4220 arundine
1117 4170 1308 4233 peremerant
1320 4183 1328 4229 ;
1341 4165 1406 4218 licet
1413 4165 1543 4219 Christus
1553 4173 1637 4220 aceto
1647 4183 1703 4220 non
1711 4164 1764 4220 fue·

120 4229 670 4312 vero,impiosetpeccatoressignilicat.
684 4237 919 4301 llertaialnrcom,
963 4237 1000 4290 rit
1014 4243 1127 4308 potatus
1142 4237 1172 4290 in
1205 4236 1326 4290 rectorio.
1354 4235 1405 4288 llic
1425 4236 1558 4289 similiter
1597 4237 1762 4292 raetermisse

120 4299 222 4359 hb.1v.
239 4317 299 4372 cap.
316 4299 361 4359 23.
929 4279 1122 4390 Drernporom
1142 4253 1249 4369 ordine,
1267 4307 1364 4377 jungit
1383 4307 1533 4388 posteriori
1555 4254 1665 4362 christi
1675 4315 1762 4434 bpota-

156 4373 304 4441 ⁰Idtpsam
323 4379 416 4427 etitem
431 4378 455 4426 et
470 4377 590 4428 latrones
605 4380 688 4445 rtqru'
701 4380 829 4444 rrarr'fiari
842 4384 922 4433 eraut
963 4378 1041 4443 tiom,
1059 4377 1283 4432 circumstantias
1307 4378 1408 4449 prioris
1429 4394 1446 4430 a
1467 4378 1604 4433 Matthaeo
1625 4385 1655 4432 et
1703 4394 1761 4431 arco

121 4459 185 4495 citra
192 4459 221 4496 eo
228 4446 494 4512 improperabantci.
503 4445 681 4509 Quomodo...
694 4447 923 4519 improperabant
963 4450 1117 4521 descriptas
1134 4467 1140 4501 :
1157 4450 1190 4503 m
1205 4451 1339 4503 &densim
1360 4452 1384 4501 ri
1398 4452 1497 4502 atrium
1514 4451 1607 4503 bibere
1625 4467 1690 4504 cara
1705 4452 1761 4516 selle

121 4514 157 4595 ei,
168 4515 402 4596 ⁸quandoquidem
415 4532 487 4569 unus
500 4533 631 4571 eorum...
643 4519 671 4572 in
687 4520 777 4573 Deum
792 4520 920 4584 credidit,
965 4525 1093 4583 rotatum,
1104 4527 1196 4574 etcaru,
1205 4525 1336 4587 enatasset
1349 4522 1438 4573 notuit
1448 4522 1547 4573 bibere.
1557 4539 1571 4571 ι
1581 4521 1663 4585 Quod
1673 4528 1759 4574 autem

121 4600 175 4637 ursi
190 4585 381 4655 intelligamus
394 4587 557 4641 blatthaeum
573 4590 768 4644 etMarcmn...
785 4592 922 4662 pluralem
964 4591 1388 4657 dicitur:arreptitiorsrtaoter't
1399 4589 1758 4661 bibere,hocindicat,quod

122 4670 271 4709 numerum
287 4673 337 4726 pro
352 4657 487 4728 singulari
506 4660 650 4730 posuisse;
667 4661 741 4715 sicut
759 4662 788 4716 in
806 4663 924 4732 epistola
963 4663 1118 4732 gustaverit
1132 4661 1244 4744 quidem
1260 4677 1310 4732 pro
1327 4660 1406 4714 nobis
1421 4662 1521 4715 mortis
1535 4662 1756 4716 amaritudinem.

122 4725 157 4778 ad
174 4725 304 4780 Hebraeos
319 4728 438 4797 legimus
451 4730 596 4800 pluraliter
610 4732 716 4786 dictum
733 4751 738 4785 :
762 4738 922 4787 claruerant
964 4733 1011 4787 sed
1028 4733 1113 4787 tertia
1126 4733 1172 4785 dre
1190 4732 1352 4786 resurrexit.
1375 4732 1429 4785 Sed
1446 4738 1475 4785 et
1493 4733 1546 4786 hoc
1568 4733 1644 4803 quod
1659 4734 1757 4787 Marcus

121 4812 171 4850 ora
187 4801 306 4863 tecnam,
324 4816 388 4852 curn
399 4801 475 4854 solus
485 4801 571 4855 David
585 4802 736 4872 significari
749 4804 925 4874 intelligatur
965 4804 1005 4858 ait
1015 4806 1193 4871 aeternitatum
1204 4820 1311 4865 erarem,
1324 4803 1413 4856 intelli
1434 4803 1539 4856 endum
1549 4812 1594 4858 est
1604 4803 1755 4858 lllatthaeum

121 4873 151 4921 et
165 4869 314 4938 pluraliter
327 4870 432 4924 dictum
450 4890 456 4923 :
471 4876 536 4925 recti
545 4880 620 4937 sarit,
637 4891 701 4929 cum
717 4875 751 4928 de
771 4875 830 4928 solo
850 4875 924 4930 isaia
964 4875 1066 4929 dixisse
1079 4891 1143 4927 cant
1156 4874 1220 4928 selle
1236 4873 1364 4927 niintum.
1384 4820 1433 4927 Fei
1449 4874 1553 4945 quippe
1568 4892 1621 4945 pro
1635 4874 1755 4928 amantu-

121 4940 258 4994 tradatur.
277 4940 349 5004 Quid
363 4951 457 4995 autem
472 4943 604 4996 usitatius
621 4944 706 5009 (verbi
722 4946 827 5015 gratia)
839 4963 923 5016 quani
964 4945 1752 5081 dineposuit,etmyrrhatumenimvinumamarissimun

121 5015 154 5063 ut
172 5011 248 5064 dicat
262 5011 373 5082 aliquis,
391 5019 419 5067 et
434 5013 531 5066 rustici
548 5015 616 5067 mihi
630 5015 777 5082 insultant,
798 5017 882 5070 ctiam
900 5019 923 5072 si
965 5022 1016 5070 est.
1058 5032 1199 5087 uunquam
1215 5015 1276 5069 fieri
1290 5015 1378 5085 possit
1392 5021 1424 5068 ut
1433 5023 1462 5070 et
1474 5015 1539 5070 telle
1553 5023 1583 5070 ct
1596 5017 1709 5088 myrrha
1719 5014 1751 5066 vi·

121 5095 195 5135 unus
209 5082 334 5137 insultet.
965 5104 1034 5143 num
1053 5087 1260 5141 amarissimum
1276 5086 1433 5139 redderent.
1454 5108 1465 5137 ι
1488 5090 1598 5142 Rabona*
1612 5092 1641 5142 iu
1656 5087 1750 5141 llotth..

157 5152 253 5207 Potest
267 5157 296 5207 et
310 5154 340 5207 in
360 5153 470 5207 duobus
490 5154 646 5212 latronibus
666 5165 784 5229 uterque
804 5161 923 5231 populus
965 5158 1012 5213 lib.
1028 5158 1226 5229 v111,cap.ii.

122 5228 151 5275 et
164 5224 293 5292 gentium
308 5231 337 5278 et
350 5226 510 5279 ludaeorum
526 5226 687 5297 significari.
710 5231 782 5294 Quia
801 5232 923 5301 primum
1001 5230 1011 5269 t
1025 5231 1160 5294 llrccndit,
1174 5245 1235 5299 quse
1246 5246 1296 5283 vox
1306 5229 1336 5283 in
1346 5227 1486 5282 veteribus
1498 5229 1693 5284 instrumentis
1705 5241 1749 5281 non

121 5292 235 5361 quidem
257 5301 375 5367 uterque
394 5298 514 5367 populus
531 5298 682 5353 Dominum
707 5301 919 5372 blasphemavit,
965 5301 1113 5372 reperitur.
1124 5300 1207 5355 Forte
1217 5300 1342 5354 derivata
1352 5304 1561 5365 estarrceatr'a,
1576 5317 1638 5371 quae
1650 5302 1749 5353 initium

121 5363 234 5431 quando
249 5367 354 5435 pariter
368 5368 457 5422 ludaei
472 5374 501 5422 et
514 5375 613 5439 gentes
629 5370 657 5423 in
673 5377 793 5425 mortem
807 5372 920 5427 Domini
961 5382 1051 5437 sonat,
1063 5372 1138 5425 unde
1149 5373 1299 5436 recondere,
1311 5371 1385 5424 idem
1396 5378 1480 5429 esset,
1492 5388 1526 5424 ac
1537 5374 1670 5440 incipere:
1680 5367 1748 5423 modo

120 5442 332 5490 consenserunt.
350 5439 451 5492 Postea
471 5456 536 5493 vero
555 5441 701 5512 signorum
725 5444 920 5512 magnitudine
960 5448 1056 5497 tamen
1071 5444 1206 5497 mendosa
1220 5458 1276 5496 non
1290 5442 1328 5495 sit
1341 5442 1432 5495 lectio.

120 5501 193 5555 alter
207 5504 328 5584 exterius
343 5523 358 5560 a
381 5508 402 5563 't
415 5510 620 5580 paenitentiam,
637 5518 763 5584 etusque
779 5514 862 5569 hodie
874 5516 887 5570 J
892 5532 921 5571 u·
997 5515 1204 5584 tlosephdiucs
1217 5513 1336 5567 refertur
1350 5529 1408 5567 non
1422 5513 1457 5566 de
1472 5512 1614 5582 jactantia
1629 5508 1748 5590 evangeli·

119 5572 194 5626 daos
213 5583 339 5647 merepat
359 5525 596 5648 ffiaspnemantes.
621 5585 730 5639 liuberti
754 5588 786 5639 ia
809 5587 918 5653 ,nattt.,
961 5591 1011 5639 stae
1025 5585 1073 5656 qui
1085 5585 1175 5639 virum
1195 5583 1316 5638 nobilem
1336 5584 1440 5638 referat
1454 5583 1523 5637 Jesu
1543 5583 1631 5638 fuisse
1647 5583 1749 5651 disepu·
