3772 6120
55 244 130 301 1413
687 248 945 310 POENITENTIUM
964 250 1080 307 LIBER.
1632 247 1703 305 tlte

54 378 86 425 et
100 370 184 427 illum
198 371 246 443 qui
261 372 348 427 arinis
359 377 455 426 eontra
468 372 657 443 iniquitatem,
669 377 759 425 certat
768 372 893 437 defen-A
939 375 1010 428 Item
1021 374 1049 427 in
1066 375 1164 429 eodem
1181 373 1307 436 concilio,
1320 389 1380 442 rap.
1392 371 1437 427 ld.
1450 373 1655 442 scriptumest:
1672 373 1704 440 Si

55 459 128 519 dere
138 461 312 530 aequitatem.
330 461 369 514 lle
380 477 434 530 qno
447 461 569 531 plurima
586 460 637 512 sub
652 461 712 529 lege
728 469 821 514 vetere
834 467 863 515 et
905 463 951 531 qui
968 463 1131 519 reroclerici
1144 464 1312 517 documenta
1321 462 1422 531 quihus
1433 461 1554 515 eeclesiae
1565 461 1702 530 possessio

56 549 114 602 sub
127 549 309 603 Testamenta
323 568 401 617 novo,
419 551 532 604 t'ortiuru
547 551 670 604 virorum
683 550 865 605 inveniuntur
906 552 1044 615 firmatur,
1058 559 1108 606 erut
1122 552 1307 622 supprimere,
1323 557 1372 605 aut
1384 566 1495 618 negare,
1515 549 1703 603 autadrersa-

56 640 206 709 enernpla:
219 656 338 711 quaenos
354 648 473 711 possunt
483 641 623 695 iustruere
639 639 754 709 quidde
771 641 866 709 liujus·
908 639 957 693 riis
972 640 1089 694 tortasse
1103 640 1215 693 tradere
1230 639 1418 695 dannmlriliet
1428 637 1702 707 puniendaobstiua-

56 728 172 781 semodi
186 729 259 783 sacto
270 729 405 783 debemus
421 730 535 785 sentire.
907 729 984 783 tione
994 736 1240 799 prwstttnpscrulll,
1249 728 1384 798 quidquid
1393 745 1442 796 per
1450 726 1648 781 alistinentinrn
1656 726 1703 781 do-

57 836 209 890 Cale'l.
223 866 256 875 ,
274 839 308 891 pp
329 838 608 889 admi„[spragffiqpnffi
619 841 642 888 α
662 838 704 889 pp,
715 840 764 903 qm·
775 852 865 904 pm„
906 823 1101 872 curncntorum
1117 818 1211 872 darnni
1228 818 1350 871 ecclesia
1363 817 1470 869 illatum
1486 822 1537 875 est.
1554 823 1583 869 et
1595 816 1629 869 de
1641 832 1703 885 pro·

321 911 481 960 cra'nn'nnlcs·
497 910 614 960 dictent.
908 907 975 977 priis
985 907 1297 970 laenitatilrusreddant,
1306 914 1334 959 et
1344 905 1700 975 cominunioneprirentur,

95 1013 138 1067 De
151 1012 530 1066 administratoribusautern
547 1013 593 1083 qui
604 1013 711 1082 judicia
722 1012 865 1064 saecularia
906 995 991 1049 ellam
1006 994 1052 1064 qui
1068 995 1097 1048 l¹¹
1112 995 1214 1049 d³¹ss¹¹⁰
1227 995 1348 1049 ⁸⁶⁰¹¹³⁸lae
1363 995 1447 1064 in¹l¹ie
1463 993 1633 1049 ⁸⁰¹5ssststth
1647 1003 1703 1051 tm·

56 1102 216 1155 secundum
237 1101 328 1172 lqgem
344 1103 483 1171 triariorum
512 1118 627 1154 suorum
643 1106 780 1167 exercent,
798 1100 865 1172 quid

57 1190 134 1243 sacri
146 1207 269 1244 canones
279 1191 342 1244 inde
352 1191 484 1246 sentiant.
500 1190 632 1243 tircilcest
641 1190 777 1244 invenire.
790 1189 863 1245 Nam

57 1279 89 1333 in
114 1281 235 1334 decretis
252 1280 408 1333 iunocentii
431 1296 518 1350 papae,
543 1297 603 1350 cap.
621 1278 665 1339 te,
683 1280 721 1332 ita
737 1279 861 1347 legitur:

57 1368 218 1432 Quaesitum
233 1378 277 1422 est
290 1386 358 1435 ergo
373 1384 458 1438 super
482 1369 525 1421 his
542 1369 588 1438 qui
605 1375 667 1439 post
693 1368 863 1437 baptismum

58 1457 344 1520 administraverunt,
353 1465 381 1510 et
388 1464 438 1510 aut
448 1465 589 1510 tormenta
599 1456 657 1510 sola
670 1461 862 1519 exercuerunt,

58 1554 112 1601 aut
127 1547 215 1600 etiam
231 1547 380 1617 capitalem
392 1547 569 1615 protulerunt
581 1551 760 1605 sententiam,
773 1546 807 1597 de
822 1544 865 1597 nis

59 1634 133 1689 nihil
151 1636 272 1703 legimus
287 1653 304 1688 a
332 1635 486 1704 nraj0ribus
505 1635 663 1688 delinitum.
680 1634 867 1687 Meminerant
878 1655 899 1715 B
909 1661 951 1715 Sia
967 1662 1030 1714 ms¹

60 1724 139 1779 enim
154 1742 172 1777 a
188 1724 246 1777 Deo
258 1730 410 1794 potestates
427 1725 476 1776 lias
487 1724 572 1777 suissc
587 1740 741 1781 concessas,
759 1730 787 1775 et
802 1738 867 1792 pro-

61 1813 285 1884 pterrindictam
302 1813 448 1866 noxiorum
458 1812 675 1882 gladiurnfnisse
687 1812 865 1881 promissum,

62 1908 91 1955 et
102 1902 155 1955 Dei
172 1902 334 1955 ministrum
347 1919 408 1955 esse
419 1902 528 1962 datum,
545 1901 681 1953 vindicem
698 1917 758 1953 esse
770 1900 797 1952 in
813 1901 867 1953 lru·

59 1989 198 2058 jusmodi.
216 1989 461 2052 Quemadmodum
476 1989 563 2058 igitur
579 1988 817 2058 reprehenderent
828 1986 866 2040 sa·

61 2084 140 2132 dam
159 2077 234 2147 quod
259 2086 373 2130 auctore
400 2077 519 2130 Domino
535 2076 666 2128 riderunt
680 2091 741 2128 csse
756 2091 866 2128 conces-

61 2183 125 2221 sum
139 2166 151 2218 2
164 2166 205 2219 De
216 2166 259 2219 his
273 2183 339 2235 erge
355 2165 395 2219 ita
409 2173 441 2219 ut
453 2166 589 2219 hactenns
601 2170 742 2218 serratum
758 2170 809 2228 est,
827 2164 866 2218 sic

44 2240 202 2309 'habemus
220 2274 225 2307 :
244 2272 280 2308 ne
292 2261 341 2307 ant
354 2255 531 2325 disciplinam
547 2260 681 2319 evertere,
700 2260 750 2307 aut
770 2261 868 2307 contra

61 2344 264 2399 auctoritatem
289 2345 400 2398 Domini
421 2344 513 2397 venire
529 2344 684 2397 videamur.
704 2343 760 2412 Ipsi
772 2350 867 2397 autem

63 2433 91 2487 in
105 2433 219 2487 ratiorre
233 2434 375 2486 reddenda
387 2441 467 2498 gesta
482 2449 533 2486 sna
544 2432 638 2485 onmia
650 2431 811 2484 scrnalnrnt.

43 2514 56 2533 ⁸
98 2524 174 2577 ltem
185 2523 214 2576 in
229 2523 355 2592 ejusdem
378 2523 507 2586 decretis,
523 2538 583 2591 cap.
603 2522 646 2583 30,
662 2521 798 2591 scriptum
814 2527 865 2584 est,

14 2656 17 2663 .
63 2610 140 2680 quod
153 2610 202 2680 qui
218 2626 314 2680 preces
329 2610 489 2662 criminales
511 2611 626 2665 dictant,
651 2608 868 2662 lrabeanturim·

62 2715 190 2753 nunes:
207 2698 275 2752 illud
305 2706 399 2752 autem
424 2699 559 2752 sciscitari
585 2698 705 2761 voluisti,
722 2714 757 2751 an
772 2714 868 2767 preces

61 2787 240 2843 dictantibus
253 2787 372 2841 liberum
385 2788 562 2841 concedatur.
578 2787 677 2857 Utique
688 2794 803 2857 propter
817 2785 867 2839 ba·
923 2803 929 2814 ·

61 2878 166 2949 ptismi
189 2878 432 2947 regenerationem
447 2894 464 2929 a
480 2876 651 2946 principibus
664 2892 779 2945 poscere
795 2892 868 2929 nior·

906 1083 1042 1138 (litoribus
1057 1084 1240 1153 susceperint.

941 1191 1006 1242 Car.
1023 1191 1132 1243 xlx.-
1148 1192 1184 1243 lte
1199 1193 1391 1258 conjuratione
1402 1193 1441 1241 ert
1452 1192 1664 1257 conspiratione.

941 1307 981 1359 De
1010 1306 1204 1375 corrjinatione
1224 1307 1266 1358 rel
1299 1304 1504 1375 conspiratione
1530 1306 1558 1358 in
1587 1307 1703 1360 concilio

907 1396 1136 1451 Chalcedonensi.
1149 1414 1209 1466 cap.
1226 1396 1231 1450 Ι
1245 1405 1264 1457 ¹-,
1276 1395 1410 1464 scripturn
1423 1403 1480 1447 est:
1495 1397 1705 1465 Conjurationis

906 1484 947 1537 rel
962 1484 1179 1554 conspirationis
1195 1485 1310 1537 rrirnen.
1324 1490 1352 1537 et
1366 1483 1400 1537 alr
1424 1484 1525 1536 testeris
1538 1483 1648 1554 legibus
1662 1491 1706 1539 cst

906 1572 1019 1625 omnino
1037 1571 1219 1642 prohibitum.
1234 1573 1321 1625 inulto
1333 1571 1422 1639 rinrgis
1439 1571 1465 1623 in
1482 1572 1533 1623 lroc
1549 1572 1599 1626 Dei
1615 1574 1704 1627 Eccle-

1035 1668 1046 1711 t
1068 1661 1219 1715 :rrlrnonerc
1235 1661 1389 1714 corneniet.
1409 1660 1435 1713 Si
1453 1661 1501 1731 qui
1524 1676 1590 1729 ergo
1613 1661 1705 1714 clerici
1761 1653 1765 1659 ’

908 1752 949 1802 rel
961 1749 1090 1805 rrronaclri
1106 1751 1208 1820 reperti
1224 1750 1328 1803 fuerint
1340 1750 1520 1819 conjurantes
1534 1756 1583 1803 aut
1599 1749 1707 1820 conspi·
1722 1774 1727 1781 ·

910 1846 1013 1903 rantes,
1026 1839 1198 1892 autinsidias
1208 1845 1343 1909 ponentes
1351 1838 1488 1908 episcopis
1496 1844 1545 1892 aut
1556 1839 1672 1905 clericis,
1690 1858 1707 1894 a

907 1928 996 1995 gradu
1010 1927 1123 1998 preqnio
1138 1927 1250 1999 penitus
1264 1926 1441 1997 abjtciantur.

908 2034 972 2086 Car.
991 2034 1048 2087 XX.
1064 2064 1096 2072 -
1113 2036 1148 2089 lte
1172 2035 1215 2085 iris
1231 2037 1280 2101 qni
1297 2039 1469 2087 serrcnunto
1486 2051 1512 2084 sr
1534 2035 1655 2098 olrlipcnt
1673 2050 1706 2087 ne

1156 2107 1191 2157 orl
1213 2121 1305 2172 pereni
1332 2106 1453 2156 rrrleonl.

946 2212 987 2266 De
1001 2212 1045 2266 his
1069 2228 1133 2265 rero
1163 2211 1209 2281 qui
1225 2216 1400 2264 sacramento
1424 2230 1453 2263 se
1470 2209 1603 2280 obligant,
1621 2210 1704 2265 need

910 2316 1006 2370 pacem
1018 2300 1144 2361 redeant,
1161 2298 1191 2353 in
1208 2298 1325 2353 concilio
1350 2297 1517 2361 llilerdensi,
1541 2314 1601 2368 cap.
1620 2295 1645 2363 l,
1666 2297 1707 2357 ita

909 2388 1043 2459 scripturn
1062 2396 1105 2441 est
1117 2404 1122 2439 :
1135 2387 1187 2451 Qui
1204 2392 1378 2441 sacramento
1395 2404 1424 2441 so
1440 2386 1613 2456 obligaverit,
1628 2392 1660 2440 ut
1674 2386 1705 2459 li-

907 2477 977 2545 tiget
992 2495 1055 2531 cum
1067 2476 1201 2547 quolibet,
1216 2494 1249 2529 ne
1265 2477 1300 2529 ad
1319 2492 1414 2545 precem
1429 2475 1485 2529 ullo
1500 2475 1583 2528 modo
1597 2475 1703 2537 redeat,

908 2583 957 2635 pre
970 2565 1104 2637 perjurio,
1125 2582 1180 2619 unci
1202 2582 1275 2618 :unm
1296 2582 1313 2616 a
1327 2564 1521 2617 communione
1539 2564 1663 2633 corporis
1679 2570 1707 2618 et

909 2654 1172 2724 sanguinisDonrini
1188 2659 1360 2722 segregatus,
1375 2658 1482 2706 reatum
1496 2669 1578 2705 suurn
1588 2653 1707 2709 elecmo-

909 2742 985 2805 synis
996 2749 1024 2796 ct
1039 2743 1160 2801 fletibus,
1170 2748 1198 2796 et
1207 2748 1344 2813 qtimrtum
1351 2741 1474 2812 potuerit
1485 2741 1603 2811 jejuniis
1612 2740 1705 2799 ahsol-

910 2833 1020 2888 setrid
1036 2832 1201 2885 charitatem
1219 2848 1292 2893 rere,
1308 2846 1369 2901 qnae
1385 2830 1475 2899 operit
1492 2829 1706 2883 multitudinem

909 2928 1095 2992 pececatorum,
1108 2920 1238 2974 celeriter
1252 2919 1345 2973 venire
1361 2918 1482 2972 lestinet.

61 2971 122 3021 hm
138 2967 272 3036 alicujus,
288 2968 329 3020 rel
346 2967 511 3036 sanguinem
530 2967 565 3019 de
585 2971 674 3018 reatu.
691 2966 781 3028 (tuam
806 2981 899 3041 rernC

60 3055 209 3127 pincipe,
220 3072 365 3124 nunquam
382 3056 442 3109 ,ine
458 3055 616 3123 cognitione
635 3054 801 3119 meadum,
819 3054 867 3107 sed
909 3038 973 3091 Car.
983 3038 1055 3091 xil.
1065 3067 1098 3075 -
1108 3037 1194 3091 llrlris
1209 3039 1258 3103 qni
1271 3037 1525 3101 intr-icjarornrnte
1541 3036 1703 3100 conficient,

61 3145 222 3215 adjudices
237 3145 385 3197 commissa
397 3145 403 3195 i
408 3161 457 3213 psa
468 3145 507 3195 rel
523 3143 643 3196 crimina
654 3142 869 3211 semperrernit·
1099 3109 1230 3175 ‘mmmm’
1239 3111 1368 3175 imm
1382 3109 1511 3173 ‘’imma''

61 3238 139 3295 kint,
151 3242 185 3287 ut
197 3250 281 3287 causa
291 3232 643 3301 cognitarin‹lieetur.Quae
653 3248 716 3285 curri
727 3231 868 3300 quaesitori
945 3214 985 3267 De
999 3213 1095 3283 ini‘1¹¹⁰
1119 3230 1186 3280 ssl'ttO
1198 3214 1360 3282 juramenti)
1375 3219 1403 3265 el
1418 3211 1451 3265 “d
1468 3212 1586 3280 proximi
1605 3229 1706 3268 ”⁰³²¹ss

63 3323 326 3392 luerintdelegata.
355 3321 566 3378 autalrsolutio,
583 3328 633 3374 aut
656 3320 799 3373 damnatio
819 3334 869 3389 pro
909 3303 1078 3373 pertinente,
1096 3302 1124 3355 ln
1143 3302 1277 3355 T⁰¹fltffl¹²¹
1296 3300 1411 3371 55¹¹0d⁰÷
1437 3318 1497 3370 cap.
1518 3300 1562 3366 ’ω’
1584 3301 1707 3355 liast'll·

62 3413 175 3483 negotii
192 3412 327 3482 qualitate
341 3411 608 3481 profertur.Et‹lum
619 3411 711 3477 legum
727 3410 756 3461 in
767 3409 870 3478 impro-
910 3397 989 3461 Pium
1006 3391 1165 3444 ⁰⁰¹¹tl¹¹⁰¹⁰l
1182 3408 1186 3440 ²
1210 3389 1319 3443 Et⁰¹¹3²¹¹
1336 3390 1402 3442 ‘¹⁰¹¹'
1417 3390 1562 3459 periuram
1584 3390 1707 3460 ⁰⁰⁰¹Pfll·

64 3502 116 3557 boe
130 3512 280 3556 exercetur
293 3500 454 3561 auctoritas,
471 3500 526 3551 erit
540 3498 659 3551 dictator
674 3497 817 3550 irnmnnis.

120 3608 188 3662 car»,
206 3608 328 3660 xt'll.-
343 3610 377 3659 tle
387 3610 469 3674 popul
473 3610 482 3653 i
495 3608 644 3657 incest-uria
656 3622 711 3654 (nne
718 3621 741 3655 nr
747 3606 812 3654 issu.

34 3766 43 3773 .
101 3714 144 3769 De
159 3714 256 3784 populi
273 3720 367 3765 arrtcnr
391 3711 548 3764 necessario
563 3708 713 3762 connnissn
729 3707 868 3778 quomodo

62 3804 192 3859 inultum
205 3802 294 3855 soleat
305 3800 450 3871 praeteriri,
464 3800 537 3855 idern
549 3815 622 3869 papa
632 3797 798 3868 quibusdam
814 3796 870 3867 epi·

62 3893 160 3963 acopis
175 3891 210 3944 de
220 3890 383 3944 llaeedonia
392 3890 426 3943 ad
447 3889 620 3955 interrogata
633 3886 813 3957 respondens,
830 3885 870 3938 ita

62 3981 192 4051 scripsit,
201 3980 298 4032 dicens
310 3997 315 4030 :
326 3977 483 4031 Praesident
495 3993 561 4046 ergo
573 3976 686 4030 dilectio
703 3981 794 4027 restra
804 3974 869 4026 hac·

61 4074 153 4127 tenus
162 4068 232 4122 talia
242 4067 378 4121 niensisse
392 4085 396 4118 :
407 4072 434 4119 et
445 4065 668 4135 advertitequod
680 4064 776 4133 utique
787 4069 818 4115 ut
827 4063 870 4116 di-

63 4159 142 4225 citis,
158 4157 311 4211 necessitas
322 4155 489 4225 imperarit:
513 4154 540 4207 in
557 4171 624 4225 pace
636 4153 720 4206 etiam
736 4152 871 4207 Ecclesiae

64 4248 239 4303 constitutas
255 4263 310 4299 non
327 4262 407 4316 posse
422 4260 600 4315 praesumere.
623 4243 677 4296 Sed
693 4248 723 4294 ut
737 4257 810 4310 stepo
824 4257 870 4293 ac·

65 4336 138 4393 deit
156 4335 296 4407 quotiesc
310 4334 421 4405 populis
440 4340 467 4386 et
478 4352 493 4386 a
509 4332 592 4385 turba
610 4336 749 4402 peccatur,
766 4330 831 4399 (quia
842 4329 871 4383 in

65 4442 169 4483 omnes
183 4430 302 4497 propter
325 4422 535 4477 multitudinem
550 4437 606 4474 non
620 4425 712 4491 potest
726 4418 869 4483 vindicari,

65 4515 194 4571 inultum
209 4513 300 4567 solere
312 4511 620 4579 transireprioraergo
634 4509 802 4562 dimittenda
810 4508 871 4560 dico

66 4604 123 4661 Dei
134 4603 253 4675 judicio,
265 4602 300 4655 de
317 4601 422 4671 reliquo
433 4600 555 4652 irraaima
570 4596 757 4652 sollicitudine
769 4612 872 4667 praeca·

67 4692 203 4749 rendum.
216 4693 280 4746 Non
292 4690 367 4743 enim
383 4689 437 4749 nic,
453 4695 484 4742 ut
501 4687 568 4741 milri
583 4687 701 4747 ridetur,
712 4686 763 4739 iste
775 4686 872 4738 doctm

67 4781 245 4855 apostolicus
260 4779 328 4833 dicit
344 4795 399 4831 non
415 4778 604 4831 necessarium
624 4793 685 4829 esse
700 4774 802 4847 populo
822 4790 872 4843 pro

67 4872 146 4929 male
171 4868 329 4924 commissis
353 4884 436 4938 :igere
457 4866 660 4937 paonitentiam,
678 4865 724 4917 sed
754 4862 828 4933 qnod
844 4862 873 4915 in

69 4976 172 5017 earnes
186 4965 302 5031 propter
314 4956 524 5011 mrdtitudinem
541 4973 595 5009 non
611 4960 704 5026 potest
728 4951 870 5017 rirnlicari,

70 5050 169 5123 priora
181 5048 350 5102 dimittenda
365 5046 415 5100 Dei
433 5045 539 5116 iudicio
557 5063 562 5096 :
579 5045 613 5097 de
629 5044 737 5114 reliquo
752 5041 876 5095 maxima

69 5138 264 5196 sollicitudine
277 5135 490 5208 pnecueudum
501 5151 535 5187 ne
552 5136 631 5188 liant.
864 5129 870 5144 ⁸

285 5245 350 5298 Car.
369 5243 467 5297 Xl'lll.
485 5273 517 5282 -
528 5244 564 5295 nr
579 5243 665 5308 furter.

110 5356 152 5411 De
177 5352 254 5409 furto
271 5368 336 5405 rere
346 5350 376 5405 in
390 5350 506 5404 concilio
527 5349 691 5419 agathensi,
712 5364 773 5416 rap.
795 5345 821 5409 ζ),
835 5345 877 5397 ita

15 5466 37 5477 “
74 5444 274 5515 scriptumest
292 5459 298 5492 ε
330 5439 357 5492 si
373 5440 489 5492 clericus
505 5438 609 5491 lurtum
625 5437 747 5489 ecclesia
767 5434 872 5495 feeerit,

76 5531 232 5607 peregrina
244 5530 270 5583 ei
285 5527 444 5581 communio
459 5528 608 5580 tribuatur.

911 3479 1004 3535 limur,
1015 3479 1174 3531 Creatorem
1192 3476 1305 3545 quidem
1318 3475 1501 3529 ollcndirnus:
1519 3477 1567 3530 sed
1583 3495 1632 3530 nos
1642 3483 1706 3530 tan-

910 3567 1055 3620 tunnnedo
1080 3565 1263 3619 maculamus.
1295 3565 1364 3617 (Iura
1383 3580 1446 3616 rero
1473 3565 1716 3635 noxiapromisse·

910 3656 1090 3724 complemus,
1108 3660 1135 3706 et
1146 3653 1197 3707 Dei
1210 3654 1289 3722 jussa
1303 3652 1422 3722 superbe
1441 3654 1656 3718 contemnimus,
1675 3662 1707 3707 nt

910 3743 1044 3813 proximis
1059 3742 1146 3812 impia
1162 3741 1328 3795 crudelitate
1353 3756 1513 3804 noceamus,
1530 3746 1559 3794 et
1580 3741 1707 3811 nosipsos

910 3832 1060 3887 crudeliori
1076 3831 1174 3885 mortis
1188 3830 1282 3900 gladio
1299 3829 1479 3885 trucidamus.
1497 3830 1556 3885 lllic
1570 3831 1705 3885 enimde-

911 3921 974 3992 plici
989 3923 1132 3990 culparum
1148 3919 1203 3973 telo
1220 3919 1392 3989 percutimur
1414 3937 1419 3969 :
1449 3919 1493 3973 liic
1504 3919 1653 3990 tripliciter
1663 3922 1709 3991 ju·

910 4013 1050 4080 gulnnrur.
1068 4011 1167 4063 Restat
1185 4025 1262 4077 erpo,
1278 4013 1310 4062 ut
1324 4026 1357 4061 eo
1371 4014 1467 4062 nostra
1484 4016 1580 4078 pergat
1595 4015 1708 4064 sentcn-

832 4150 837 4160 ,
912 4100 960 4165 tie,
970 4115 1025 4169 quo
1041 4098 1238 4153 misericordie
1252 4097 1376 4168 patuerit
1388 4097 1441 4151 ria.
1458 4098 1525 4161 tinae
1540 4098 1580 4152 ita
1590 4099 1710 4154 Domino

913 4188 1047 4258 probatur
1060 4192 1183 4258 accepta,
1196 4188 1300 4257 utplus
1320 4204 1381 4241 eom
1397 4187 1492 4257 cupiat
1506 4204 1590 4257 quam
1602 4188 1710 4243 sacriti-

912 4279 955 4331 cio
968 4278 1136 4339 veneranda,
1156 4277 1267 4331 dicente
1278 4276 1355 4347 ipso:
1376 4298 1386 4328 c
1402 4276 1621 4331 Misericordiam
1635 4276 1710 4331 volui

913 4374 939 4421 et
954 4384 1008 4420 non
1023 4366 1192 4421 sacrificium
1216 4367 1322 4433 (liutto.
1350 4367 1395 4429 nil.
1417 4388 1428 4411 ι»
1457 4366 1515 4418 Hac
1529 4365 1711 4434 indulgentie)

913 4472 1045 4510 concessa
1056 4454 1178 4519 licentia,
1196 4453 1385 4507 miserationis
1415 4453 1501 4522 ipsius
1525 4468 1595 4522 opus
1609 4452 1638 4507 in
1651 4454 1710 4522 glo·

914 4544 980 4598 riosi
994 4543 1127 4614 principis
1142 4546 1309 4612 potestatem
1323 4540 1476 4608 redigimus
1494 4545 1543 4593 :ut
1557 4541 1624 4610 quie
1635 4542 1710 4596 Deus

914 4633 954 4687 illi
970 4631 1121 4685 miserandi
1128 4631 1235 4684 aditum
1246 4630 1385 4699 patefecit,
1395 4629 1521 4683 remedia
1530 4629 1641 4698 pietatis
1651 4630 1711 4701 ipse

914 4737 1024 4790 equoque
1033 4736 1088 4773 non
1097 4720 1225 4788 deneget,
1248 4718 1359 4788 quasit-a
1373 4717 1521 4787 principali
1543 4717 1711 4773 discretione

915 4810 1058 4862 rerinlerata
1075 4807 1236 4877 persistant,
1253 4814 1322 4861 utet
1332 4806 1386 4860 illis
1402 4806 1441 4859 ita
1457 4806 1502 4871 sit,
1512 4814 1651 4876 quatenus
1661 4807 1712 4863 mi-

915 4897 1066 4951 sericordia
1079 4896 1246 4951 contributa.
1264 4902 1448 4965 utnusquam
1467 4912 1536 4964 gens
1554 4900 1603 4949 aut
1620 4894 1711 4964 pratris

915 5004 965 5056 per
989 4985 1102 5039 eosdem
1125 4991 1175 5039 aut
1199 4983 1351 5053 periculum
1378 4983 1562 5052 quodcunque
1589 4981 1712 5051 perierat

916 5082 966 5128 ant
976 5075 1126 5143 jacturam,
1138 5073 1195 5127 hac
1210 5072 1398 5125 miserationis
1412 5071 1527 5124 obtentu
1541 5077 1712 5140 temperasse

916 5163 1046 5219 srrfdciat.
1064 5163 1201 5216 (laterum
1219 5160 1284 5230 quia
1293 5161 1455 5229 juramenta
1469 5177 1519 5229 pro
1538 5158 1621 5228 regiae
1635 5165 1713 5230 pote-

917 5253 998 5307 statis
1008 5252 1108 5315 salute‚
1123 5250 1167 5302 rel
1181 5249 1381 5303 coristitutione
1397 5248 1489 5317 gentis
1507 5253 1534 5301 ct
1545 5248 1652 5319 patries,
1668 5249 1713 5307 rel

918 5343 1052 5396 hactenns
1067 5344 1133 5393 sunt
1148 5343 1253 5394 exacta.
1272 5338 1314 5390 rel
1328 5337 1458 5407 deinceps
1472 5337 1639 5393 exstiterunt
1658 5338 1714 5393 eni÷

917 5431 1019 5500 genda,
1035 5429 1111 5483 omui
1127 5426 1253 5481 custodia
1268 5426 1401 5497 ornarique
1411 5426 1556 5496 vigilantia
1566 5428 1714 5487 indissolu·

920 5520 1011 5579 letires
1032 5517 1208 5585 decer-rumpe
1223 5515 1405 5582 observanda,
1427 5517 1617 5587 membrprum
1631 5524 1714 5578 trous
