3772 6120
140 282 191 342 62³
432 281 471 336 ss·
484 279 621 335 nesam
639 279 756 335 unum
774 277 943 335 Ancurae.
962 278 1126 348 MOGUNT,
1147 278 1296 335 OPERUM
1313 277 1406 334 PARS
1429 278 1480 334 111.
1723 276 1776 334 624

140 413 187 463 rat
200 407 297 479 quales
311 422 373 460 esse
387 405 535 460 conveniat
548 403 736 478 presbyteros,
752 403 787 458 de
797 403 940 476 obsequiis
945 404 1098 466 Asationes
1112 402 1225 457 adnasci
1240 403 1358 474 possint,
1375 401 1531 475 opitulante
1554 401 1595 456 eis
1609 417 1696 472 opere
1707 401 1781 472 ipsc

140 513 205 551 vero
220 511 317 550 eorum
331 494 375 549 val
398 493 539 549 alimentis
552 494 623 549 nihil
638 493 732 549 fuerat
745 497 937 559 memoratus;
979 508 1052 559 rum,
1068 498 1101 546 ut
1114 490 1143 545 id
1158 491 1232 562 quod
1247 490 1490 546 voluntadversus
1509 506 1557 544 eos
1571 490 1674 555 dicere,
1691 490 1781 544 veris·

140 584 295 657 etquidem
310 582 387 639 illis'
380 583 449 655 ipsis
462 583 616 638 secundum
629 582 699 638 illud
713 588 825 654 tempus
839 582 940 637 sollici·
979 598 1052 636 sima
1059 580 1236 635 existimatur
1245 580 1386 635 accusatio
1390 584 1518 652 ,propter
1527 578 1602 651 quod
1612 578 1781 633 licentervel

140 673 268 730 tudinem
282 672 464 728 ecclesiarum
474 671 666 744 implentibus,
677 670 748 726 bene
764 670 861 742 adjicit
870 669 940 726 etde
980 669 1093 724 videant
1106 668 1287 724 mulieresvel
1296 670 1518 741 loquanturcum
1532 668 1573 723 eis
1576 683 1653 739 ,quae
1668 685 1781 723 resma·

138 762 193 818 liis.
979 759 1064 830 lignis
1082 757 1243 814 hominibus
1256 758 1431 813 occasionem
1446 757 1632 812 accusationis
1658 757 1767 811 dare'
1741 773 1781 811 vr-

178 870 190 904 ι
208 850 262 917 Qui
276 850 347 906 bene
356 855 481 922 praesunt
491 850 649 924 presbyteri
663 850 768 923 duplici
780 851 887 906 honore
896 849 940 904 di·
980 848 1089 902 deatum.
1106 847 1178 912 Quid
1194 863 1260 919 ergo
1274 845 1417 902 observari
1426 846 1568 901 decernit?
1577 845 1662 900 aliter
1664 845 1781 917 ,iuquit

143 939 220 1012 «gni
234 938 431 997 habeamus,
459 939 605 1011 Duplicem
625 939 730 1006 dicens,
754 939 940 1011 multiplicem
980 937 1038 991 noli
1052 936 1160 1003 audire,
1175 936 1231 990 uisi
1246 936 1302 991 duo
1312 941 1362 990 aut
1376 940 1435 990 tres
1457 936 1606 989 videantur
1618 940 1708 989 testes
1721 951 1782 990 esse

139 1029 283 1101 intelligit.
300 1029 374 1085 Nam
396 1028 583 1100 presbyteros,
599 1029 700 1100 inquit,
715 1027 802 1083 etiam
823 1026 940 1099 majoris
980 1025 1085 1096 negotii
1103 1025 1191 1096 ipsius
1204 1025 1239 1080 de
1255 1025 1356 1096 quibus
1369 1024 1525 1080 intenditur
1535 1024 1687 1080 accusatio.
1701 1024 1738 1078 Et
1750 1030 1783 1078 ut

140 1117 306 1190 provisionis
320 1118 420 1189 dignus
443 1122 573 1190 oportere
588 1117 748 1174 existimare
760 1118 838 1188 J'usta
853 1117 939 1188 depo·
979 1132 1016 1171 ne
1041 1114 1183 1169 videretur
1206 1114 1261 1168 ista
1288 1114 1384 1169 dicens
1412 1114 1638 1185 delinquentium
1667 1118 1783 1185 peccata

141 1207 194 1263 scit
213 1207 297 1262 ratio.
314 1207 394 1263 Unde
418 1212 447 1262 et
471 1205 577 1279 adjicit,
594 1206 674 1281 aqui
688 1206 759 1262 bene
772 1210 906 1278 presunt,
925 1226 937 1257 ι
981 1204 1051 1258 velle
1071 1204 1244 1275 contingere,
1260 1202 1375 1274 adJ'icit:
1394 1203 1680 1257 «Peccantescoram
1694 1202 1782 1257 omni·

140 1296 191 1352 sed
205 1311 257 1351 nec
270 1295 305 1351 de
320 1295 435 1351 illorum
448 1295 626 1366 providentia
646 1294 773 1350 absolute
795 1294 874 1360 dixit,
891 1293 940 1365 qni
983 1312 996 1345 ι
1012 1292 1065 1348 bus
1080 1308 1177 1363 argue,
1191 1299 1224 1348 ut
1237 1297 1266 1348 et
1279 1292 1373 1347 caeteri
1383 1291 1515 1346 timorem
1533 1290 1668 1347 habeant.
1687 1310 1699 1342 ι
1715 1291 1784 1347 lixa·

139 1385 170 1441 in
184 1385 282 1440 ordine
292 1391 321 1439 et
332 1385 423 1456 gradu
435 1389 548 1439 tantum
561 1390 628 1439 sunt
641 1384 879 1457 presbyterorum,
890 1383 940 1438 sed
981 1399 1046 1437 men
1063 1382 1169 1452 negotii
1184 1381 1219 1436 de
1232 1381 1288 1437 illis
1302 1396 1367 1436 cum
1389 1381 1465 1435 omni
1480 1380 1698 1452 scmpulositate
1722 1381 1782 1436 volo

139 1475 175 1530 de
187 1474 244 1530 illis
258 1473 307 1546 qui
320 1473 425 1545 gradus
449 1473 494 1529 sui
518 1472 691 1529 functionem
713 1472 840 1545 implere,
857 1477 941 1544 prout
961 1458 965 1465 ¹
981 1471 1147 1538 lieri,etnon
1155 1469 1281 1525 absolute
1290 1470 1424 1525 adversus
1433 1486 1481 1524 eos
1487 1469 1634 1524 crimenad
1646 1474 1782 1541 punctum

140 1563 280 1629 convenit,
295 1561 436 1617 videntur.
448 1561 529 1618 Unde
541 1566 570 1616 et
591 1562 706 1634 adJ'icit:
726 1582 738 1615 ι
752 1563 873 1618 Maxime
892 1561 940 1632 qui
981 1560 1087 1631 recipi:
1102 1560 1125 1614 si
1141 1576 1206 1615 vero
1221 1559 1307 1631 aliqui
1318 1576 1384 1614 rera
1397 1559 1507 1613 ratione
1516 1558 1669 1630 deliquisse
1679 1558 1783 1614 fixerint

143 1649 302 1706 «laborant
328 1650 358 1705 ιιι
383 1649 467 1705 verbo
494 1657 523 1705 et
551 1650 715 1706 doctrina.»
732 1652 795 1706 Non
813 1650 941 1705 absolute
981 1648 1093 1716 detecti,
1104 1654 1200 1721 aperte
1214 1649 1405 1720 increpentur,
1422 1653 1496 1703 utet
1514 1648 1608 1703 caeteri
1625 1662 1784 1702 eorumex·

140 1740 193 1794 hos
208 1738 310 1810 dignos
323 1755 383 1794 esse
403 1739 579 1811 providentia
591 1740 670 1808 dixit,
687 1741 736 1797 sed
759 1740 809 1795 illa
832 1738 941 1794 ratione
951 1738 1074 1810 Bemplo
1088 1737 1181 1809 pudici
1199 1737 1367 1792 efficiantur.
1383 1737 1497 1809 Optime
1510 1742 1605 1792 autem
1618 1743 1649 1791 et
1662 1737 1783 1792 aliorum

139 1843 197 1900 qua
219 1827 373 1900 plurimum
400 1827 525 1883 laborem
553 1829 722 1901 expendunt,
738 1829 762 1884 si
788 1835 894 1894 tamem
909 1832 941 1882 ut
981 1826 1183 1882 correctionem
1192 1843 1253 1881 esse
1263 1827 1347 1881 dixit:
1360 1843 1412 1882 nec
1422 1826 1507 1881 etiam
1517 1832 1579 1881 erat
1592 1826 1783 1881 necessarium

139 1917 278 1985 convenit,
294 1916 427 1973 doctrinae
438 1934 508 1988 opus
522 1918 641 1989 implere
655 1918 804 1986 voluerint,
816 1918 897 1972 itaut
909 1916 941 1970 in
981 1920 1014 1970 ut
1026 1916 1079 1971 hoc
1093 1916 1134 1970 ita
1148 1917 1238 1983 lieret,
1253 1916 1308 1970 nisi
1322 1915 1358 1970 ob
1381 1916 1502 1970 aliorum
1517 1916 1599 1970 lieret
1612 1914 1783 1971 emendatio

140 2005 283 2063 communi
293 2006 328 2061 de
342 2006 473 2062 omnibus
487 2007 707 2062 sollicitudinem
723 2006 897 2078 impendant,
908 2022 941 2060 ac
980 2021 1056 2072 nem,
1072 2006 1106 2059 de
1121 2004 1223 2076 quibus
1236 2005 1265 2059 in
1277 2004 1427 2075 Evangelio
1441 2004 1566 2075 legitur:
1583 2023 1594 2056 ι
1608 2003 1639 2059 Si
1652 2020 1784 2076 peccave-

140 2096 260 2151 doceant
274 2112 322 2150 eos
336 2096 386 2151 illa
410 2095 502 2151 iacere
517 2112 578 2167 quae
593 2097 656 2151 tleri
678 2102 798 2168 oportet,
815 2101 844 2151 et
859 2101 893 2150 ut
905 2095 941 2149 de
981 2093 1020 2148 rit
1031 2094 1060 2148 iu
1074 2098 1104 2148 te
1115 2094 1203 2148 frater
1217 2100 1294 2159 tuus,
1311 2094 1391 2148 valde
1405 2100 1434 2148 et
1447 2093 1557 2165 corripe
1572 2108 1638 2148 eum
1661 2093 1740 2148 intra
1755 2098 1783 2147 te

140 2183 259 2255 singulis
273 2184 385 2239 solliciti
394 2184 517 2240 multum
524 2185 646 2241 habeant
654 2201 783 2257 agonem,
793 2189 823 2239 ut
836 2200 941 2239 unum·
982 2187 1011 2238 et
1023 2182 1117 2255 ipsum
1140 2183 1231 2237 solum
1244 2183 1352 2253 (Mettis.
1369 2184 1457 2252 xvru).
1474 2203 1486 2234 ι
1504 2183 1613 2253 [Greg.]
1629 2183 1702 2238 Cum
1720 2197 1784 2237 sero

142 2287 284 2345 quemque
297 2272 422 2328 consiliis
442 2272 556 2345 optimis
566 2278 596 2328 et
609 2273 849 2330 exhortationibus
863 2272 899 2326 ad
910 2271 943 2326 il-
982 2271 1119 2342 discipulo
1142 2272 1266 2326 dictante
1287 2288 1406 2343 peccans
1422 2290 1434 2323 ι
1451 2289 1545 2326 coram
1563 2271 1697 2326 omuibus
1714 2289 1727 2323 ι
1744 2286 1787 2326 ιι-

142 2361 192 2417 lud
206 2362 280 2434 quod
304 2362 407 2417 decens
421 2368 464 2418 est
488 2362 637 2418 adducant.
654 2362 699 2418 Sic
712 2362 788 2418 enim
816 2369 845 2417 et
866 2360 941 2415 beati
981 2361 1111 2433 guendus
1124 2366 1176 2428 est,
1188 2361 1257 2432 quid
1271 2361 1330 2432 ipse
1345 2361 1482 2431 magister
1494 2360 1621 2415 veritatis
1638 2376 1651 2412 ι
1667 2360 1745 2414 intra
1758 2363 1786 2414 te

141 2450 262 2523 apostoli
276 2450 408 2506 videntur
421 2451 555 2507 doctrinae
578 2467 647 2525 opus
667 2451 796 2507 omnibus
811 2449 943 2524 operibus
984 2455 1013 2504 et
1020 2450 1112 2523 ipsum
1123 2451 1225 2515 solum,
1239 2450 1373 2505 »locutus
1384 2450 1449 2504 esti
1460 2450 1538 2504 Hanc
1549 2449 1736 2522 quaestionem
1741 2465 1786 2503 ce·

142 2539 346 2610 anteposuisse.
358 2538 438 2595 Unde
448 2544 477 2594 et
483 2541 719 2612 contemplatione
733 2540 880 2594 viduarum
890 2538 944 2594 ali-
985 2539 1072 2594 lerius
1085 2538 1271 2606 absolvemus,
1281 2539 1304 2593 si
1319 2539 1375 2593 vim
1390 2539 1530 2594 dictorum
1544 2539 1709 2610 diligentius
1724 2554 1787 2593 con-

142 2627 254 2698 quendo
275 2627 374 2682 oborta
397 2628 576 2683 contentione
591 2630 659 2697 (Act.
679 2632 728 2698 vr),
744 2628 875 2683 dixerunt
887 2643 944 2683 non
985 2628 1151 2695 sideramus,
1169 2628 1207 2682 ibi
1223 2627 1293 2682 dixit
1312 2633 1470 2700 peccantes,
1486 2628 1536 2683 sed
1561 2643 1618 2682 non
1632 2627 1745 2682 addidit
1756 2627 1786 2682 ιιι

141 2731 204 2770 esse
212 2715 330 2786 dignum
343 2716 534 2787 relinquentes
558 2734 588 2772 se
603 2717 719 2773 verbum
733 2717 877 2781 doctrinae,
894 2715 945 2770 mi·
986 2734 1080 2788 quem,
1095 2717 1140 2772 hic
1154 2717 1232 2782 dixit,
1251 2735 1265 2771 c
1278 2717 1302 2770 si
1317 2718 1473 2789 peccaverit
1485 2718 1515 2771 in
1528 2723 1566 2771 te.
1586 2736 1598 2768 ι
1620 2717 1649 2772 Si
1663 2732 1732 2788 ergo
1746 2732 1788 2771 oc-

141 2804 263 2860 uistrare
277 2804 381 2859 mensis
404 2804 563 2873 viduarum,
580 2806 654 2876 quod
676 2806 810 2861 doctrinae
829 2821 898 2877 opus
912 2820 943 2859 se
984 2807 1057 2862 culte
1071 2806 1100 2861 in
1115 2812 1145 2860 te
1157 2806 1315 2879 peccaverit
1328 2806 1415 2861 nater
1428 2813 1504 2871 tuus,
1521 2811 1550 2860 et
1562 2806 1604 2860 vis
1618 2822 1716 2861 coram
1728 2822 1787 2861 om-

142 2892 233 2963 magis
248 2892 346 2948 decere
360 2893 567 2949 existimabant.
584 2894 687 2950 Volens
706 2901 801 2949 autem
816 2899 845 2949 et
867 2892 943 2949 Scri·
983 2895 1066 2950 nibus
1079 2912 1208 2966 arguere,
1224 2912 1282 2950 nou
1297 2912 1326 2949 es
1341 2900 1491 2962 corrector,
1507 2895 1556 2950 sed
1570 2894 1710 2967 proditor,
1727 2910 1787 2967 pcc·

143 2986 291 3054 pturarum
301 2982 463 3038 testimonio
476 2983 627 3055 Apostolus
637 2983 818 3056 comprobare
831 2983 867 3037 de
881 2997 943 3053 pre·
982 2990 1079 3040 cantes
1093 2989 1188 3039 autem
1197 2984 1227 3039 in
1241 2984 1331 3039 Deum
1345 3003 1358 3036 ι
1375 3001 1470 3039 coram
1484 2984 1624 3051 omnibus,
1642 3001 1656 3036 ιι
1674 2984 1732 3053 (hic
1741 3000 1786 3038 re·

142 3070 263 3143 sbyteris
277 3070 327 3126 illa
348 3087 409 3142 quae
432 3071 551 3139 dixerat,
571 3089 710 3140 asserens,
730 3091 742 3124 ι
759 3072 807 3144 qui
820 3070 1082 3164 maximecspires)
1098 3080 1130 3128 ut
1149 3073 1220 3128 illud
1243 3071 1368 3136 verbum,
1387 3090 1510 3144 carme,
1530 3072 1595 3128 »ad
1618 3077 1784 3144 sequentem

142 3157 273 3215 laborant
284 3157 313 3213 in
328 3159 487 3228 doctrina»
503 3160 807 3232 adjicit:‹Dicitenim
818 3160 943 3230 Scriptu-
982 3179 1077 3218 vocem
1095 3163 1242 3234 adJ‘ungas.
1260 3162 1333 3217 ilinc
1349 3163 1453 3217 Paulus
1476 3164 1518 3217 ait
1532 3163 1601 3235 (Uol.
1615 3161 1642 3231 n)
1660 3180 1666 3215 :
1688 3163 1785 3218 «Uum

143 3264 193 3302 ra:
212 3248 303 3303 «Non
318 3247 472 3303 infrenabis
486 3265 517 3303 os
530 3248 593 3303 bovi
603 3249 758 3316 trituranti,
769 3249 942 3318 et,eDignus
982 3253 1105 3307 venisset
1118 3253 1218 3307 Petrus
1239 3252 1428 3320 Antiochiam,
1445 3252 1475 3306 in
1502 3252 1602 3306 faciem
1624 3251 1666 3306 illi
1682 3252 1785 3319 restiti,

104 3342 188 3410 „est
202 3337 349 3408 operarius
363 3337 491 3392 mercede
508 3355 569 3392 sua.
584 3359 599 3391 ιι
613 3339 654 3393 Ac
667 3339 692 3393 si
704 3344 801 3409 aperte
814 3338 940 3393 diceret:
984 3358 1016 3395 eo
1027 3341 1101 3413 quod
1115 3358 1171 3396 non
1186 3347 1262 3395 recte
1272 3342 1415 3396 incederet
1428 3341 1464 3395 ad
1479 3341 1565 3396 iidem
1588 3341 1752 3412 Evangelii:
1770 3358 1784 3395 ι

144 3425 361 3481 Praedicatorem
381 3425 458 3481 verbi
482 3426 516 3482 ab
537 3427 741 3500 stipendiorum
754 3443 869 3483 suorum
883 3441 944 3498 per·
984 3436 1091 3502 etpost
1107 3447 1197 3502 pauca
1213 3449 1219 3483 :
1237 3447 1252 3484 ι
1266 3430 1329 3486 Dixi
1353 3431 1437 3485 Petro
1456 3447 1551 3485 coram
1566 3430 1709 3497 omnibus,
1727 3450 1739 3482 ι
1755 3446 1788 3485 ac

141 3512 270 3586 ceptione
284 3530 340 3569 non
351 3515 515 3586 prohibetis.
525 3516 626 3585 idrcq.)
638 3517 697 3571 Hac
706 3515 883 3587 diligentiam
896 3516 943 3569 de·
984 3519 1008 3573 si
1022 3519 1147 3584 dixisset,
1163 3536 1196 3573 eo
1210 3519 1285 3590 quod
1302 3519 1511 3574 simulationem
1534 3535 1629 3574 coram
1653 3517 1786 3574 omnibus

142 3601 200 3658 bite
224 3603 404 3676 prebendam
423 3603 479 3658 illis
498 3604 602 3670 dicens,
632 3604 752 3676 adjicit:
770 3605 941 3659 «Adversus
981 3607 1134 3674 habuisset,
1149 3628 1160 3659 ι
1178 3608 1208 3662 Si
1221 3614 1262 3673 tu,
1279 3608 1381 3679 inquit,
1398 3624 1462 3662 cum
1486 3608 1525 3662 sis
1539 3608 1654 3663 Judaeus
1668 3608 1786 3679 gentili·

143 3710 157 3745 ι
174 3692 369 3765 presbyterum
378 3693 585 3749 accusationem
605 3693 663 3749 noli
673 3694 807 3766 recipere,
820 3693 874 3748 nisi
888 3691 940 3747 sub
980 3702 1025 3752 ter
1040 3703 1069 3751 et
1081 3712 1137 3751 non
1149 3698 1164 3751 J
1167 3697 1266 3751 udaice
1279 3697 1356 3763 vivis,
1378 3697 1517 3767 quomodo
1537 3702 1637 3766 gentes
1652 3697 1732 3768 cogis
1743 3698 1788 3768 ju·

143 3781 277 3837 «duobus
300 3789 350 3837 aut
364 3781 455 3836 tribus
473 3782 600 3837 testibus.
623 3800 636 3836 ι
659 3784 777 3852 (Arabr.)
792 3781 876 3838 Omni
890 3782 941 3836 de·
981 3787 1111 3840 daizare?
1127 3806 1139 3838 ιι
1156 3785 1251 3857 (ibid.)
1261 3786 1377 3841 Occulta
1389 3802 1455 3856 ergo
1471 3791 1584 3857 peccata
1606 3791 1731 3857 possunt
1744 3802 1789 3840 oc-

141 3868 291 3926 miratione
302 3870 406 3943 dignus
421 3878 465 3926 est
477 3872 637 3943 Apostolus,
654 3872 721 3944 quia
744 3876 773 3926 et
785 3887 871 3943 super
888 3871 941 3925 hoc
984 3875 1057 3930 culte
1069 3875 1181 3946 corripi,
1206 3880 1235 3929 et
1256 3874 1398 3946 publicata
1415 3880 1635 3946 peccatacoram
1650 3874 1786 3931 omnibus

142 3959 255 4028 negotio
271 3958 408 4014 sollicitus
421 3958 483 4015 luit.
498 3960 572 4015 Nam
587 3960 736 4015 etdictum
750 3960 940 4031 iueratgene·
983 3964 1087 4019 debent
1100 3963 1191 4035 argui,
1210 3982 1223 4015 ι
1239 3968 1272 4019 ut
1293 3970 1322 4018 et
1342 3964 1435 4019 caeteri
1459 3964 1591 4018 timorem
1615 3962 1786 4020 habeant.»

142 4046 255 4100 naliter:
274 4047 334 4102 uln
349 4064 397 4103 ore
421 4048 542 4103 ducrum
559 4053 588 4102 et
606 4049 693 4103 trium
717 4050 832 4104 testium
855 4048 941 4103 stabit
982 4053 1123 4125 Quidquid
1130 4058 1225 4108 autem
1234 4057 1358 4107 mentem
1368 4053 1455 4107 movit
1463 4053 1594 4120 aliorum,
1601 4069 1788 4126 nequaquam

142 4134 233 4190 omnis
248 4151 339 4190 senno
353 4137 395 4204 (ΙΙ
407 4135 534 4206 Uor.xv);
549 4137 599 4191 sed
608 4138 663 4192 hoc
676 4137 706 4192 in
719 4139 780 4192 loco
800 4137 940 4193 contrario
981 4142 1165 4210 reticendum,
1182 4142 1232 4196 sed
1256 4159 1319 4196 cum
1333 4158 1437 4212 magna
1458 4140 1618 4196 humilitate
1641 4143 1796 4213 proteren—

141 4221 273 4279 abdicans
285 4224 502 4291 accusationem
520 4225 600 4293 dixit,
617 4226 712 4281 «Noli
731 4227 871 4298 suscipere
886 4227 940 4282 nisi
980 4232 1048 4287 dum
1063 4236 1115 4286 est.
1132 4230 1239 4286 Deinde
1265 4231 1394 4286 omnibus
1418 4231 1474 4286 illis
1492 4231 1587 4286 dicens
1606 4231 1791 4298 terribiliter,

140 4328 237 4369 eoram
250 4312 359 4369 duobus
372 4319 423 4368 aut
436 4313 526 4369 tribus
539 4313 668 4381 testibus,
683 4335 695 4367 ι
710 4333 742 4370 eo
761 4316 836 4388 quod
855 4333 941 4388 super
980 4320 1098 4392 adjicit:

142 4403 250 4458 caeteris
264 4402 373 4458 interea
387 4420 432 4458 res
450 4403 567 4475 patitur,
584 4409 616 4459 ut
632 4411 661 4459 et
677 4405 760 4461 aliter
773 4407 807 4460 de
827 4406 939 4477 negotio
951 4420 976 4480 Ι)
1021 4430 1032 4462 ι
1049 4409 1196 4465 Testificor
1209 4425 1304 4463 coram
1318 4409 1379 4464 Deo
1394 4415 1423 4463 et
1436 4409 1546 4464 Christo
1565 4410 1634 4463 Jesu
1648 4416 1679 4464 et
1693 4362 1790 4465 electis

139 4491 301 4562 J'udicetur;
317 4493 370 4548 hoc
383 4509 449 4547 vero
463 4493 492 4547 in
505 4493 565 4547 loco
589 4510 645 4548 nou
660 4494 762 4549 debere
776 4495 817 4549 ita
831 4495 892 4549 ficri
906 4494 941 4549 ob
984 4517 997 4551 ι
1014 4499 1122 4569 angelis
1135 4499 1207 4568 eJ'us,
1222 4502 1255 4552 ut
1268 4499 1326 4553 haec
1336 4498 1509 4554 custodias
1487 4515 1548 4552 sure
1558 4498 1738 4570 prejudicio,
1746 4498 1788 4554 ni·

142 4580 213 4636 duas
224 4582 318 4654 posuit
332 4599 440 4637 causas.
457 4583 520 4638 Una
535 4583 669 4654 quoniam
689 4600 802 4639 necesse
817 4588 860 4639 est
881 4600 943 4656 pre·
984 4588 1054 4642 «nil
1069 4587 1193 4642 faciens
1185 4605 1215 4642 ιιι
1229 4586 1314 4641 aliam
1328 4592 1437 4659 partem
1451 4586 1627 4642 declinando.
1642 4607 1653 4639 ι
1668 4588 1782 4660 itania)

144 4668 339 4740 sbyterum,ut
353 4678 417 4742 pote
431 4688 610 4726 communem
624 4673 943 4744 patrem,tamvirorum
983 4677 1096 4732 Scilicet
1108 4681 1141 4731 ut
1153 4693 1210 4731 non
1224 4676 1304 4732 facile
1319 4676 1555 4748 contemplatione
1568 4676 1627 4731 odii
1647 4676 1781 4732 adversus

144 4773 230 4828 quam
245 4757 395 4812 mulierum
405 4776 503 4814 curam
518 4760 660 4829 adhibere,
672 4778 705 4816 eo
715 4763 790 4834 quod
805 4767 834 4817 et
848 4760 944 4816 simili·
984 4765 1106 4837 aliquem
1130 4764 1304 4837 pronunties,
1326 4766 1491 4836 priusquam
1508 4780 1575 4819 vera
1586 4765 1700 4820 ratione
1722 4783 1783 4821 cou-

143 4851 189 4902 ter
197 4845 344 4916 utriusque
354 4849 785 4923 sexussollicitudinemimplens
793 4851 943 4906 indiscrete
984 4854 1120 4922 vincatur,
1136 4871 1228 4926 neque
1246 4853 1415 4909 econtrario
1428 4853 1665 4928 contemplatione
1679 4855 1784 4911 amico·

144 4942 174 4991 et
184 4934 316 4991 mulieres
329 4935 440 5006 cogitur
460 4937 554 4992 videre
569 4944 598 4993 et
610 4939 688 5012 loqui
701 4957 766 4996 cum
779 4941 844 5005 illis,
860 4946 945 5013 prout
985 4960 1048 4999 rum
1062 4944 1222 5015 aliquorum
1235 4944 1357 4998 occultes
1369 4949 1484 5015 peccata
1499 4962 1505 4997 ε
1520 4944 1573 4998 hoc
1596 4949 1695 4999 autem
1710 4944 1786 5011 dicit,

145 5023 459 5096 ratioexigitpietatis:
474 5026 640 5083 alteravero
649 5030 945 5100 causaeoqucdmul-
985 5033 1056 5088 nihil
1078 5033 1183 5087 iaciens
1209 5050 1261 5105 per
1283 5032 1507 5088 declinationem.
1524 5032 1598 5087 Nam
1623 5033 1788 5105 hujusmodi

145 5114 182 5168 tis
195 5119 224 5169 et
235 5113 319 5168 variis
333 5111 524 5168 occasionibus
534 5116 650 5173 diversa
660 5118 872 5190 [accusationes]
882 5136 946 5174 con·
986 5122 1153 5177 contestatio
1167 5122 1197 5177 in
1210 5121 1313 5177 talibus
1328 5122 1449 5193 negotiis
1464 5122 1618 5177 admodum
1628 5127 1673 5178 est
1691 5139 1789 5180 nem·

145 5206 192 5256 tra
204 5219 252 5257 eos
266 5202 469 5258 exercebantur
491 5219 525 5257 ea
538 5204 648 5262 ratione
662 5223 718 5279 qua
732 5207 818 5263 iidem
833 5208 947 5282 presby·
986 5212 1070 5266 saria.
1082 5212 1190 5267 Deinde
1205 5211 1324 5266 vertitur
1336 5212 1371 5265 ad
1387 5228 1460 5279 eum,
1479 5210 1571 5266 dando
1586 5211 1614 5266 ei
1627 5212 1787 5282 consilium,

145 5290 200 5345 teri
214 5291 302 5345 coacti
316 5291 460 5348 interdum
474 5291 623 5365 increpant
635 5294 768 5352 obnoxios
782 5313 833 5368 pro
843 5297 945 5353 admis-
987 5307 1015 5356 et
1033 5301 1086 5356 ait:
1101 5320 1113 5353 ι
1126 5302 1226 5356 Manus
1239 5301 1294 5356 cito
1317 5300 1425 5356 nemini
1442 5300 1620 5372 imposueris.
1636 5319 1650 5352 ιι
1665 5300 1791 5359 Omnino

146 5378 185 5433 sis
198 5379 329 5448 peccatis,
348 5387 377 5435 et
391 5385 515 5452 arguunt
523 5397 571 5437 ecs
585 5399 636 5455 pro
650 5385 752 5456 quibus
765 5403 822 5442 non
832 5402 944 5460 compe-
986 5407 1042 5445 non
1059 5391 1139 5446 facile
1163 5390 1199 5445 ad
1222 5389 1427 5445 ordinationem
1442 5406 1613 5462 quemquam
1638 5391 1789 5462 producas,

146 5468 944 5547 tenteragithrospexitergoApostolus,quoniamlacile
985 5479 1047 5535 sine
1059 5480 1182 5552 plurima
1196 5477 1362 5552 probatione
1378 5498 1384 5533 :
1402 5484 1431 5534 et
1447 5479 1556 5551 pondus
1575 5478 1666 5550 ipsius
1681 5481 1792 5553 negotii

148 5557 281 5613 adversus
290 5555 513 5629 presbyterosab
527 5560 859 5632 hujusmodibominibus
866 5581 945 5624 accu-
984 5585 1070 5641 grave
1083 5569 1243 5634 ostendens,
1259 5568 1356 5640 adJ'icit
1371 5587 1377 5621 :
1396 5586 1411 5623 ι
1426 5569 1524 5641 Neque
1537 5569 1792 5635 communicaveris
