3772 6120
609 218 786 288 olemus.
803 261 836 274 -
850 221 979 289 semro
996 228 1047 289 ur.
1068 223 1272 289 murreus.
1569 194 1573 201 ’
1699 228 1770 291 ruo

274 351 333 407 Noe
347 366 365 407 e
378 358 474 424 peccet
484 352 608 423 abluunt.
694 371 702 385 ¹
939 363 965 422 Α
1152 358 1235 423 taus
1251 356 1350 424 honor,
1365 357 1464 425 virtus,
1477 359 1568 428 glorie

311 441 510 497 Monachomm
522 444 656 514 suffragia
1115 447 1173 500 Deo
1188 446 1265 501 Patri
1277 451 1306 500 et
1320 446 1401 502 Filio.

275 529 435 602 Omnesque
450 532 523 587 cives
537 533 625 591 coelici
1116 537 1218 590 Sancto
1233 535 1317 590 simul
1332 535 1478 601 paraclito,

274 621 410 676 Annuant
422 622 494 676 votis
507 622 665 693 supplicum
1116 622 1148 678 ln
1161 624 1328 679 seculorum
1342 622 1452 678 saecula.

273 709 309 764 Et
317 710 381 766 vitae
391 717 508 782 poscant
521 712 680 782 praemium.
1326 712 1426 768 Amen.

473 916 684 991 SECTIO
723 912 963 989 TERTIA.
999 957 1047 969 -
1083 915 1424 993 ΕΡΙΤΑΡΗΙΑ.

869 1074 1023 1087 —n

211 1159 235 1219 l.
252 1191 291 1204 -
306 1169 513 1220 reinmarus·
527 1177 699 1223 niteremur
712 1175 860 1233 errscurr,
1007 1157 1109 1214 Omnia
1122 1159 1170 1215 sed
1185 1161 1300 1233 sprevit,
1315 1169 1465 1234 pauperet
1478 1162 1634 1220 hincabiic.

971 1248 1043 1303 Nam
1058 1248 1100 1303 bis
1112 1249 1235 1305 tricenos
1248 1252 1402 1306 monachus
1416 1252 1456 1306 sic
1466 1253 1562 1324 attigit
1574 1270 1672 1322 annos,

130 1299 274 1355 Pontificis
288 1300 356 1355 clari
371 1301 416 1356 bic
430 1302 610 1373 requiescunt
622 1303 750 1360 membra
762 1302 874 1377 sepulti,
1005 1337 1040 1393 Et
1049 1355 1080 1393 se
1094 1339 1223 1405 mutavit,
1233 1356 1267 1394 w
1279 1338 1350 1395 bene
1360 1347 1424 1411 post
1435 1341 1505 1397 obiit
1515 1360 1532 1398 n
1546 1346 1607 1399 M·
1625 1346 1712 1400 octob.

166 1388 326 1445 Hildibrath
338 1391 414 1453 dicti,
431 1409 533 1464 nempe
547 1393 597 1448 Dei
607 1393 723 1449 sonuli:

128 1476 247 1532 Francia
261 1496 345 1551 quem
358 1481 457 1551 genuit
472 1488 572 1548 mator,
589 1499 673 1554 quem
696 1483 785 1538 puppa
799 1483 926 1550 nutrivit,
969 1465 1019 1523 lv.
1038 1497 1076 1506 -
1092 1479 1277 1524 srrrnruruu
1293 1478 1305 1507 ⁰
1321 1481 1500 1526 unrsruorur
1516 1483 1761 1533 nncumrrscorr.

163 1567 279 1622 Delectu
294 1574 322 1624 et
334 1570 448 1625 Patrem
463 1572 538 1626 hunc
547 1572 600 1626 sibi
615 1573 770 1628 coustituit.

1005 1686 1118 1740 Discere
1132 1703 1188 1740 uon
1200 1687 1295 1758 pigeat
1308 1686 1371 1757 quis
1386 1688 1495 1743 tumulo
1508 1689 1560 1743 hcc
1570 1691 1673 1759 jaceat.

969 1773 1100 1829 Praesulis
1115 1775 1274 1848 Haistulphi
1288 1776 1344 1830 sita
1354 1776 1481 1832 sorithoc
1494 1777 1764 1853 membrasepulcrc,

1004 1863 1166 1918 Pontisrcale
1179 1881 1262 1919 suum
1274 1864 1322 1935 qui
1337 1864 1407 1919 bene
1418 1865 1506 1935 gessit
1519 1883 1600 1938 opus.

968 1952 1014 2008 Bis
1029 1953 1104 2008 senis
1117 1952 1217 2009 urbem
1232 1953 1305 2009 banc
1314 1960 1411 2024 pastor
1420 1955 1468 2025 qui
1480 1962 1591 2011 rexerat
1603 1959 1695 2023 amu,

267 2050 308 2113 η,
328 2083 368 2097 ..
383 2068 570 2115 gpfflpfflup
584 2055 597 2095 u
613 2071 778 2117 mmm,
1002 2042 1111 2111 Dogma
1123 2048 1152 2098 et
1167 2042 1351 2113 apostolicum
1366 2043 1658 2114 protruderentur.

966 2131 1086 2187 iustitiae
1095 2139 1199 2198 custos,
1215 2138 1308 2186 rectus
1318 2131 1492 2203 patiensque,
1505 2133 1653 2206 benignus,

162 1745 273 1816 iugiter
281 1748 397 1801 extersit
408 1749 528 1804 crimina
539 1767 603 1804 cum
618 1750 757 1823 lacrymis.

126 1833 215 1904 Cujus
228 1851 303 1890 nunc
318 1836 441 1890 animam
454 1837 506 1904 fac,
518 1845 549 1893 tu
560 1840 617 1893 Dee
632 1839 751 1905 Christe,
767 1839 889 1907 beatam,

162 1923 222 1978 Hoc
237 1923 290 1988 dic,
308 1925 433 1993 elector,
449 1926 502 1993 dic,
519 1932 591 1999 petit
609 1928 668 2001 ipse
684 1929 777 1983 Pater.

118 2164 250 2235 Tepetc,
262 2166 311 2237 qui
327 2167 379 2221 boc
399 2169 536 2239 templum
561 2169 727 2240 ingrederis,
738 2186 784 2241 ne
809 2186 925 2226 noscere

798 2260 924 2331 [spernas

161 2342 215 2406 Qui
224 2343 302 2399 locus
316 2344 360 2400 hic
369 2345 481 2401 babeat.
497 2346 620 2418 quidque
635 2354 734 2402 tenens
747 2357 870 2405 moneat.
897 2366 911 2389 e

124 2432 262 2486 Conditus
275 2450 338 2488 ecce
349 2435 426 2503 jacet
439 2437 548 2490 tumulo
564 2437 607 2491 vir
617 2436 719 2493 nobilis
732 2438 796 2497 isto,

160 2521 318 2577 Einhardus
332 2540 435 2578 nomen
445 2524 490 2580 cui
501 2525 614 2594 genitor
627 2525 754 2582 dederat.

124 2609 240 2679 iugenio
249 2611 294 2666 liic
303 2614 436 2683 pmdens,
443 2613 548 2685 probus
563 2620 718 2686 octuatque
729 2633 778 2671 ore
787 2615 922 2672 facundus

160 2699 283 2765 Exstitit,
300 2717 333 2756 ac
343 2703 440 2757 mulus
454 2708 516 2757 arto
526 2704 582 2758 suit
593 2704 679 2758 uuus.
1014 2722 1051 2780 V.
1072 2755 1103 2763 -
1118 2735 1304 2784 urrrnrmuu
1318 2719 1329 2760 ¹
1342 2735 1465 2782 orcum
1480 2736 1720 2784 nacurrmscou.

122 2787 213 2851 Quem
229 2789 345 2844 Carolus
360 2791 488 2863 princeps
497 2793 612 2864 propria
624 2793 742 2848 nutrivit
755 2793 785 2849 in
793 2792 867 2859 aula,

159 2877 213 2932 Per
227 2894 311 2948 quern
326 2885 355 2934 ct
364 2881 483 2935 coniecit
498 2883 587 2936 multa
601 2883 670 2937 satis
683 2898 778 2954 opera.

121 2966 195 3021 Nam
211 2967 312 3022 horum
329 2976 491 3025 sanctorum
506 2972 667 3042 ccondgno
679 2971 791 3028 iunctus
804 2973 920 3042 honore,

158 3056 315 3127 Exquirens
327 3058 422 3113 Reme
434 3075 553 3130 corpora
567 3060 648 3115 duxit
662 3066 691 3116 et
704 3062 768 3128 huc,

120 3143 159 3200 Ut
173 3145 269 3200 multis
282 3148 392 3217 prosint
405 3149 534 3220 precibus
547 3166 671 3222 curaque
686 3151 811 3219 medclre,

157 3235 306 3307 Ipsiusque
320 3238 422 3292 animae
434 3254 522 3310 regna
534 3240 590 3311 poli
605 3240 743 3296 tribuant.

1001 2221 1087 2276 Fidus
1099 2222 1129 2276 in
1143 2220 1262 2293 eloquiis
1276 2227 1305 2274 et
1317 2221 1422 2292 pietate
1436 2222 1559 2292 placens.

965 2310 1039 2366 Lulli
1053 2310 1215 2381 discipulus,
1229 2325 1374 2366 successor
1387 2310 1442 2364 rite
1453 2311 1591 2383 Riculplri,

1002 2398 1145 2454 Ambobus
1159 2399 1267 2454 meritis
1277 2415 1334 2453 non
1353 2398 1447 2453 minor
1460 2398 1514 2454 iste
1523 2401 1586 2455 lirit.

964 2490 1033 2554 Quis
1047 2494 1085 2555 te,
1099 2494 1195 2545 saneta
1209 2488 1302 2554 Pater,
1313 2504 1378 2543 curu
1392 2488 1505 2544 Christo
1518 2490 1627 2544 namet
1637 2506 1707 2549 osse.

999 2578 1151 2651 Splendida
1165 2593 1249 2649 quem
1259 2583 1352 2633 tecum
1364 2577 1421 2633 vita
1430 2577 1516 2633 luisse
1530 2577 1651 2648 probati

963 2854 1016 2921 Qui
1025 2854 1137 2910 intrasti
1145 2853 1401 2925 templum,pronus
1408 2853 1456 2926 qui
1467 2853 1539 2907 hanc
1548 2853 1664 2910 sistisad
1672 2871 1760 2917 aruo,

998 2946 1061 3001 Non
1075 2960 1201 3016 spernere,
1217 2943 1314 3009 lector,
1328 2942 1402 2997 hunc
1416 2942 1531 2997 titolum
1546 2943 1648 3014 legera.

929 2995 1035 3090 GNam
1043 3033 1090 3088 hic
1099 3031 1150 3088 tibi
1165 3049 1228 3088 mox
1240 3031 1341 3105 pandit
1352 3032 1478 3086 tumulus
1488 3031 1526 3086 sit
1534 3034 1615 3104 cujus
1628 3038 1658 3090 et
1669 3033 1761 3102 isthic,

1000 3123 1109 3194 Otgarii
1123 3138 1227 3177 nomen
1240 3122 1371 3194 laetaque
1386 3121 1463 3175 clare
1474 3119 1560 3187 dabit,

862 3278 867 3289 ι
964 3213 1080 3269 Pectore
1097 3210 1150 3267 sub
1164 3211 1245 3283 quus
1256 3226 1377 3282 regnans
1391 3210 1642 3282 patientiavittrix,

122 3323 236 3380 Christe
246 3326 329 3394 Deus,
339 3327 485 3383 hominum
496 3329 632 3397 Salvator,
648 3331 752 3386 ΒΜ.
765 3336 794 3386 et
806 3333 919 3393 Auctor*
999 3299 1142 3357 Fluctibus
1154 3301 1183 3355 in
1193 3300 1280 3356 tantis
1295 3299 1418 3354 anchora
1431 3300 1486 3353 fixo
1499 3299 1562 3353 fuit.

964 3391 1039 3446 Fello
1049 3406 1158 3456 cerens,
1175 3387 1414 3461 animoplucidus,
1431 3387 1577 3443 dulcedine
1591 3394 1698 3461 pastus.

998 3478 1130 3536 Praesulis
1145 3477 1268 3533 officium
1279 3476 1332 3530 rite
1347 3475 1457 3547 peregit
1470 3492 1565 3531 ovans.

163 3538 214 3600 m·
230 3573 257 3586 ”
279 3557 465 3604 mmmmm
480 3541 495 3583 d
508 3560 649 3606 mmm
665 3561 879 3608 ῙῙΡΕΜΤΟΉῙΒ·
963 3571 1103 3638 Quattuor
1116 3567 1161 3624 hic
1172 3568 1271 3632 lustra,
1285 3563 1365 3619 binos
1378 3563 1527 3635 complevit
1538 3568 1567 3618 et
1580 3580 1678 3629 annos,

127 3651 260 3710 Continet
272 3656 317 3710 hic
329 3659 456 3713 tumulus
471 3660 645 3715 memorandi
660 3661 778 3717 Caesaris
791 3678 864 3725 ossa,
998 3660 1118 3730 Moxque
1127 3659 1246 3728 urgente
1256 3653 1301 3708 die
1313 3658 1410 3724 raptus
1420 3651 1455 3706 ab
1469 3650 1536 3707 orbe
1548 3650 1612 3708 fuit.

158 3743 293 3810 Lotbarii,
306 3747 400 3817 magui
416 3748 548 3820 principis
563 3756 648 3820 atque
663 3749 712 3820 pii.
963 3748 1046 3806 Hunc
1059 3745 1175 3803 meliore
1190 3743 1234 3798 rin
1245 3741 1328 3797 credo
1345 3739 1379 3795 ad
1395 3740 1520 3796 coelestia
1533 3745 1653 3803 rectum,

121 3828 176 3897 Qut
191 3832 315 3900 Francis,
331 3836 419 3904 Italis,
431 3838 566 3894 Romanis
579 3838 691 3910 praelbit
701 3839 779 3912 ipsis,
999 3840 1062 3895 Non
1075 3834 1179 3911 premit
1193 3847 1265 3888 uma
1279 3830 1349 3902 rogi,
1359 3829 1408 3885 scd
1422 3834 1500 3884 tenet
1513 3829 1579 3885 aulo
1587 3829 1653 3903 poli.

621 3936 777 3994 SCHOLIA
795 3936 1065 3995 CHRISTOPHORI
1083 3931 1264 3990 BROWERL

158 4039 167 4060 ¹
183 4029 221 4085 Ex
233 4030 379 4086 Fuldensis
392 4034 618 4104 congregationis
630 4035 739 4105 gremio
753 4036 788 4088 ad
799 4035 921 4107 episcopi
963 4041 1048 4107 atque
1062 4030 1199 4087 ordinatis
1212 4027 1295 4110 regni
1303 4025 1432 4109 negotiis,
1441 4025 1672 4108 valedicenssuis,
1681 4040 1762 4082 mou·

121 4099 290 4172 dignitatem
303 4110 430 4168 evectus;
447 4120 532 4176 quam
545 4105 592 4160 ubi
603 4107 777 4171 sustinuerit,
790 4106 867 4161 nullo
877 4123 922 4160 re·
962 4107 1030 4161 dum
1044 4103 1168 4174 reliquit,
1181 4108 1265 4172 atque
1288 4116 1318 4154 rn
1337 4099 1700 4181 Pmmram‘mcnastenum
1714 4115 1762 4153 re·

120 4176 216 4226 terum
230 4172 332 4227 indicio
357 4175 437 4229 facile
458 4177 623 4232 constitues.
646 4177 833 4243 Hildebertus,
850 4169 1762 4259 quesnniens,comamcapitisdeposurt,habituqueeanctaeon-

122 4243 345 4299 mmlliltebrati
355 4247 469 4301 nomine
479 4249 606 4311 concilio,
618 4249 728 4319 reperio
738 4265 795 4303 non
805 4264 919 4320 paucos.
962 4247 1127 4303 versationis
1141 4256 1280 4314 suscepto,
1296 4259 1325 4296 m
1344 4243 1488 4311 relrgrcms
1507 4240 1761 4321 prolessoneudrem

122 4313 196 4376 Quid
206 4321 300 4370 autem
312 4318 370 4371 iliu
381 4318 410 4371 in
420 4319 560 4389 ejusmodi
570 4319 772 4390 compositione
783 4318 922 4374 veteribus
962 4319 1063 4373 clausit
1077 4322 1234 4372 extremum
1249 4331 1276 4368 ru
1292 4313 1448 4368 Kaleudras
1463 4311 1600 4394 Octobris.
1611 4312 1687 4374 nQur
1701 4311 1760 4392 dies

121 4383 271 4440 Germanis
279 4388 454 4471 significarit,
461 4391 610 4461 investigat
618 4392 766 4446 Gretserus
780 4390 922 4454 noster,in
962 4385 1384 4466 signeteapitaphiosubjiciurr,
1396 4382 1601 4453 aquodrscedrt
1610 4381 1760 4463 Annalrum

121 4456 330 4527 prolegomenis
339 4461 374 4513 ad
386 4461 628 4516 Commentarium
640 4462 720 4515 Pauli
736 4462 921 4516 Bernriedcn-
963 4462 1116 4516 ecclesiast.
1123 4458 1251 4528 scriptor,
1261 4472 1308 4527 qur
1316 4461 1450 4534 quartum
1461 4452 1577 4507 Kalend.
1590 4451 1760 4533 Octobrrsex

121 4527 162 4580 sis
175 4528 211 4581 de
225 4528 290 4583 Vita
304 4530 433 4597 Gregorii
447 4533 509 4587 Vll.
962 4548 1024 4599 sua,
1036 4548 1070 4586 ex
1084 4531 1204 4585 oliorum
1212 4542 1323 4599 quoqne
1330 4532 1480 4589 sententia,
1492 4529 1602 4578 sextum
1608 4527 1758 4605 expressit:

159 4599 247 4654 blloc
260 4601 336 4672 epita
356 4603 434 4658 biom
450 4603 570 4658 basilice
583 4604 830 4675 Soligenstndiensi
857 4604 922 4659 seri-
963 4602 1147 4673 meminitque
1161 4598 1326 4655 Lotbarium
1339 4614 1357 4650 a
1371 4593 1760 4676 Rabanoloudatummlrbro

120 4674 195 4733 tum,
215 4670 245 4725 in
264 4619 512 4742 qrraiiginhanlus
535 4676 675 4730 tumulum
699 4675 821 4746 accepit;
842 4677 922 4746 cujus
963 4675 1000 4730 de
1011 4674 1122 4736 Anima,
1139 4670 1215 4727 etab
1228 4670 1393 4739 Angelomo,
1411 4667 1574 4748 prefatione
1586 4681 1615 4720 in
1634 4666 1758 4748 Cantica.

120 4740 326 4798 virisuaaetore
336 4761 488 4800 remmusu
498 4746 683 4818 doctrinaque
698 4747 779 4817 longe
789 4746 923 4817 principis
999 4747 1065 4801 oue
1080 4760 1137 4817 quo
1150 4741 1274 4825 consule·
1286 4756 1380 4794 rerum
1399 4739 1641 4819 Mogontracarum
1661 4735 1710 4791 lrb.
1724 4753 1758 4797 rr,

119 4811 257 4877 clariana
277 4815 627 4888 udemditoslama,quom
639 4818 818 4901 qurescholiis
832 4818 923 4872 attolli
963 4815 993 4872 in
1006 4816 1178 4884 Heistalpbo,
1194 4811 1243 4867 ubr
1257 4812 1323 4865 hcet
1338 4810 1466 4891 tumulus
1479 4825 1536 4891 non
1551 4808 1655 4890 diserte
1665 4813 1761 4888 astans

119 4881 232 4937 debeat.
270 4885 403 4940 indicavit
413 4895 507 4942 curtem
517 4888 554 4943 ab
562 4905 666 4944 amoris
677 4888 799 4960 improbi
811 4889 923 4943 levitate
965 4888 1056 4951 datur,
1070 4887 1150 4941 illum
1159 4895 1331 4965 tamencum
1347 4883 1398 4935 hoc
1412 4880 1554 4952 epitaphro
1565 4896 1596 4961 m
1610 4879 1639 4932 S.
1655 4877 1757 4932 Album

120 4959 230 5007 castum
247 4955 607 5029 ipsiusconjugiurnOaesar
617 4961 753 5014 Baronius
769 4960 922 5014 Annalium
964 4956 1209 5013 monesterioolim
1220 4949 1759 5034 exhibitum,etaRabanorllustratum,

120 5028 200 5078 torno
215 5028 262 5093 lx,
279 5028 314 5081 ad
339 5044 444 5084 annum
460 5031 564 5086 Christi
588 5032 649 5087 8⁵26.
671 5032 829 5103 Supervixrt
847 5047 921 5085 anno
963 5024 1332 5110 earerbad1rmnt,quibus
1347 5026 1589 5107 locuste-avorum
1613 5036 1758 5103 metucns,

121 5093 185 5162 ⁸4⁸2
201 5115 257 5168 quo
271 5101 399 5153 secundae
415 5103 521 5174 synodo
532 5102 674 5157 ailobano
684 5102 829 5158 celebratae
838 5102 922 5157 inter·
964 5101 1036 5156 bello
1050 5099 1285 5169 Brandeburgrco,
1294 5098 1441 5167 sacrilegia
1451 5095 1565 5149 llamrne
1579 5091 1709 5164 proditur
1716 5092 1763 5146 de·

121 5167 185 5231 tuit,
203 5185 336 5224 unacum
351 5174 458 5227 caeteris
472 5172 921 5246 abbatibus.nnnusvitaesup1·e-
963 5173 1045 5229 letus.
1276 5239 1281 5252 .
1409 5238 1414 5249 Ι
1569 5234 1575 5245 .

121 5252 186 5292 urus
197 5241 265 5295 mihi
282 5258 336 5296 nun
352 5251 521 5314 compertus.
998 5243 1009 5285 ¹
1023 5243 1095 5298 Etis
1109 5245 1299 5296 monumentis
1314 5239 1441 5294 Ecclesiae
1451 5238 1622 5306 bloguutmca
1632 5237 1762 5290 cantatm

159 5319 170 5347 ί
187 5311 352 5367 Sanctorum
367 5315 520 5371 Marcellini
534 5322 563 5371 et
572 5317 658 5372 Petri.
964 5320 1017 5369 est·
1026 5317 1108 5371 Anno
1118 5312 1223 5367 Christi
1237 5309 1289 5366 847
1304 5310 1401 5365 relicta
1417 5309 1483 5371 vita,
1504 5309 1534 5361 in
1548 5307 1585 5389 β.
1599 5305 1699 5360 Albani
1714 5322 1760 5361 sa-

158 5378 173 5419 ⁴¹
187 5382 305 5438 Gemma
318 5385 430 5440 charius
439 5387 492 5442 boc
501 5385 725 5452 monumentum,
735 5387 923 5459 frustraapud
963 5387 1043 5453 cello,
1058 5385 1132 5457 quod
1146 5385 1180 5438 D.
1195 5382 1329 5438 Bonifocii
1342 5381 1456 5436 titulum
1471 5376 1580 5461 babuit,
1593 5377 1731 5461 sepultus,
1746 5394 1764 5434 a

119 5450 244 5509 Prumiae
259 5461 386 5528 posteros
396 5459 550 5514 cenobius
563 5459 757 5529 uomendum.
773 5459 879 5529 Regino
894 5460 923 5513 in
964 5472 1124 5516 soctoesore
1137 5454 1253 5512 roomo
1265 5457 1382 5508 emotus
1395 5455 1438 5507 est
1449 5451 1503 5507 hoe
1514 5449 1669 5522 epitaphio.

119 5522 277 5585 Oltmnicis.
296 5528 329 5581 ad
353 5545 459 5585 annum
482 5531 534 5585 eof»
552 5548 558 5583 :
575 5548 588 5579 r
605 5530 764 5595 betharim,
779 5530 923 5602 dispectus

157 3413 304 3471 AEtemum
317 3416 381 3471 huic-
395 3418 522 3489 requiem
538 3419 575 3473 da
587 3437 674 3491 super
686 3426 763 3475 astra
777 3420 849 3492 pius.
