3772 6120
125 284 176 341 lus
418 282 450 338 B.
470 280 607 337 llllllllNl
629 280 745 339 unum
766 280 933 339 ARCHIEP.
954 282 1115 338 MOGUNT.
1138 280 1288 338 bennun
1306 278 1399 335 PARS
1417 278 1468 336 lll.
1623 274 1630 289 '
1710 280 1762 337 ibi

123 410 330 483 postulantibus
343 411 498 475 tribunum
510 408 568 463 liaec
578 414 673 463 tamon
683 409 806 463 charitas
815 408 866 463 Dei
877 413 950 469 estA
960 427 1017 464 non
1025 410 1189 464 deliberavit
1199 409 1303 473 dicere,
1308 408 1367 479 jam
1374 412 1486 461 sanctos
1494 409 1590 461 sedero
1603 415 1632 460 et
1641 420 1762 476 regnare

123 517 191 571 erga
207 516 267 564 nos,
277 508 309 554 ut
319 498 457 570 quiaiecit
466 515 526 562 nos,
538 499 610 552 nolit
618 498 710 568 perire
723 516 774 553 iios
799 517 804 550 ε
830 499 922 567 diligit
962 516 1025 552 cum
1039 501 1158 553 l‘liristo.
1175 499 1321 562 Quomodo
1336 497 1412 552 enini
1437 512 1615 568 nequaquam
1631 496 1661 549 in
1679 511 1762 549 carne

123 590 199 645 enim
212 606 282 660 opus
297 605 391 644 suum.
408 588 473 643 ldeo
492 587 567 641 enini
586 588 660 644 tuuc.
681 596 710 641 ut
726 596 832 642 niiiarot
848 588 922 658 quod
962 596 1074 642 suiectus
1089 595 1139 653 est,
1152 604 1215 641 itum
1231 586 1304 640 rirat
1321 587 1458 652 incarne,
1475 592 1504 639 et
1518 584 1603 648 babet
1617 600 1763 638 eonversa-

122 678 205 734 fecit:
220 679 389 733 nemoenim
404 676 616 731 laboremsuum
626 677 688 730 odio
704 676 795 730 babet.
811 679 843 731 ΕΙ
858 694 922 731 cirin
962 676 1067 730 tionem
1077 677 1105 730 in
1116 676 1284 742 crelestibus,
1296 692 1360 729 cunr
1368 675 1514 745 gradiatur
1522 672 1551 728 in
1562 678 1647 737 term,
1662 678 1691 727 et
1698 688 1762 727 caro

122 770 230 822 mortui
242 782 358 822 ustinus
373 768 571 833 roairioiflcouit
581 781 628 819 nos
643 768 673 819 in
691 767 804 819 illarius.
824 767 919 833 illiont
962 767 1174 832 essedesistens,
1193 772 1270 819 totus
1285 771 1411 819 vertatur
1425 764 1455 817 in
1468 763 1601 834 spiritum
1617 781 1623 815 ι
1641 764 1683 816 ita
1697 776 1761 815 eum

122 862 237 928 propter
246 856 412 913 charitatem
419 870 499 909 suam
508 853 918 925 quadilexitliominumgenus,
962 855 991 909 in
1006 856 1163 909 caelestibus
1177 856 1275 909 sedere
1288 870 1352 908 cum
1368 853 1490 907 Christo.
1513 853 1643 921 Regnum
1659 852 1761 922 quippe

123 952 152 1002 et
172 946 338 1000 charitatem
368 961 423 998 non
450 944 616 1014 simplicem,
643 944 691 997 sed
714 945 833 997 multam
856 960 921 998 oum
962 944 1012 998 Dei
1029 944 1103 998 intra
1118 961 1168 999 nos
1183 952 1235 1007 est,
1247 952 1276 997 et
1289 942 1336 997 ubi
1347 943 1433 997 fuerit
1441 943 1591 996 thesaurus
1601 944 1708 999 noster,
1724 938 1761 993 ibi

122 1032 918 1104 essemusmortuipropterdelictanostra,ririlicaritnos:
962 1035 1016 1087 erit
1024 1042 1053 1087 et
1062 1050 1110 1087 cor
1120 1040 1247 1088 nostrum
1269 1034 1343 1099 (liic.
1366 1044 1440 1097 xun,
1457 1031 1589 1101 firmique
1604 1038 1634 1083 et-
1648 1029 1762 1083 stabiles

123 1131 153 1180 et
164 1140 222 1178 non
236 1124 326 1177 solum
341 1121 497 1187 siritioarit,
514 1137 614 1192 parum
629 1121 792 1192 quippehoo
803 1129 865 1175 erat
876 1122 921 1175 bo·
962 1123 1092 1176 sedemus
1109 1140 1172 1176 cuin
1187 1123 1309 1185 l'liristo,
1326 1120 1472 1192 sapientia,
1488 1120 1572 1174 serbo
1584 1118 1707 1190 justitia,
1721 1134 1765 1171 re-

123 1213 206 1268 nitati
216 1210 723 1281 etmagnitudiuiejus,sedririlicavit
732 1227 795 1264 curn
811 1210 921 1265 Gliristo
963 1212 1055 1265 ritate.
1069 1213 1164 1265 Potest
1185 1215 1279 1265 autern
1293 1210 1450 1270 ethocdici,
1466 1216 1498 1263 ut
1512 1208 1653 1279 quomodo
1667 1206 1766 1261 arrha·

124 1299 922 1372 lesu,unamatqueeamdemtribuensvitaninobialialie-
963 1300 1064 1355 bouem
1091 1300 1212 1370 Spiritus
1238 1300 1327 1354 sancti
1352 1299 1519 1369 accepimns,
1547 1298 1669 1351 necdum
1703 1298 1765 1365 eius

124 1408 225 1446 recum
231 1391 499 1458 Christ0.t.linbi·.)rl
505 1388 920 1456 Debalienatimortuieramus,
963 1396 1051 1444 totam
1062 1390 1265 1460 plenitudinem
1279 1389 1430 1449 consecuti,
1446 1387 1624 1441 sicetsedere
1638 1402 1766 1439 nuscum

124 1481 216 1552 graba
227 1478 535 1541 autemsuaresocarit,
549 1478 600 1531 lroc
613 1484 657 1531 est
671 1478 820 1531 siriticarit
832 1494 883 1531 iios
892 1479 921 1532 in
964 1476 1075 1532 Christo
1089 1484 1173 1549 atipue
1187 1478 1442 1545 regnarenrecdmn
1451 1478 1602 1547 perlectam
1610 1464 1765 1549 sessionem

125 1569 253 1623 Christo:
267 1568 333 1639 quia
345 1567 419 1621 enirn
435 1567 586 1638 peripsum
602 1583 652 1619 nos
662 1566 736 1632 fecit,
753 1566 857 1620 iterum
874 1582 924 1637 per
963 1567 1158 1623 incoelestibus
1168 1567 1433 1633 obtinentestlapi
1443 1567 1514 1620 Nam
1524 1565 1654 1636 praedixit
1671 1581 1677 1616 ε
1695 1566 1766 1617 don·

124 1659 276 1729 ipsumnos
286 1655 484 1711 reformaritin
499 1655 605 1727 ipso‚id
621 1664 673 1721 ost,
684 1657 782 1726 utejus
797 1656 924 1709 membra
964 1660 1113 1724 oiei'tiracit
1129 1672 1176 1709 nos
1187 1658 1303 1716 t'luisto,
1319 1655 1446 1709 hocdixit
1456 1656 1491 1708 ad
1501 1654 1673 1717 Ooiirithios,
1683 1653 1767 1722 utqui

125 1745 224 1807 simus,
236 1747 296 1817 ipse
314 1751 462 1800 astantem
476 1751 559 1816 caput
583 1751 720 1810 nostrum,
738 1745 830 1815 ipsum
845 1731 1068 1809 enimBrirunt,
1089 1747 1148 1815 jam
1171 1762 1225 1799 non
1249 1746 1301 1799 sibi
1323 1746 1426 1799 vivant.
1444 1744 1492 1797 sed
1509 1744 1533 1796 ei
1550 1744 1597 1813 qui
1618 1758 1669 1814 pro
1697 1741 1764 1812 ipsis

125 1834 271 1897 babemus,
294 1836 351 1889 Deo
379 1840 539 1905 praestante,
556 1841 699 1887 auctorem
723 1834 786 1887 ritae
809 1840 920 1899 nostra,
964 1842 1091 1889 mortuus
1105 1841 1146 1889 est
1161 1842 1189 1889 et
1203 1835 1355 1889 resurrexit
1368 1841 1413 1901 ,et
1427 1833 1505 1893 illud,
1518 1832 1771 1903 quoddicitzcujur

125 1924 199 1978 sicut
225 1923 293 1979 dicit
316 1924 416 1977 Petrus
434 1922 578 1993 apostolus
597 1922 665 1990 (ilci.
687 1927 751 1989 ini:
778 1924 923 1976 Auctorem
963 1928 1058 1990 ,oralia
1073 1929 1255 1978 sunmssalci
1273 1927 1350 1992 sueti,
1368 1925 1428 1994 jam
1447 1922 1523 1975 velut
1542 1921 1701 1991 perlectum
1720 1921 1768 1985 ait,

126 2029 188 2067 vero
199 2016 259 2067 rita
273 2015 456 2079 taeterrimus.
469 2010 597 2076 (iliberto
612 2011 691 2075 Quod
703 2011 798 2082 itaque
809 2011 850 2064 ait
858 2026 923 2082 pro·
965 2012 1100 2084 loquitur,
1113 2013 1179 2083 quia
1196 2013 1226 2067 in
1245 2030 1293 2084 spe
1310 2018 1396 2067 tenet.
1414 2013 1486 2066 Nam
1500 2009 1680 2081 apertissime
1701 2007 1768 2062 alibi

127 2109 190 2173 pter
207 2101 324 2155 ninuam
347 2101 513 2155 charitatem
528 2116 618 2153 suam.
635 2100 730 2153 Nimia
744 2101 865 2154 charitas
883 2107 926 2155 est
966 2101 1055 2155 dicit:
1074 2102 1125 2171 Spe
1140 2106 1213 2156 enini
1230 2107 1301 2156 salia·
1315 2105 1383 2169 laeti
1397 2118 1493 2155 sicinus
1515 2119 1520 2152 :
1538 2100 1657 2169 ideoque.
1673 2106 1702 2151 et
1725 2098 1770 2152 bic

126 2190 244 2258 rebelles
262 2205 356 2244 seruos
378 2189 457 2260 quasi
477 2189 548 2243 lilios
562 2189 689 2259 diligere.
705 2189 784 2242 Unde
797 2189 925 2243 conside·
966 2190 1102 2261 sequitur,
1115 2197 1144 2244 et
1157 2198 1293 2262 tanquam
1309 2190 1461 2262 perlectum
1473 2197 1629 2253 enumerat,
1642 2188 1718 2258 quod
1727 2186 1770 2241 iu-

126 2278 248 2335 randum
262 2286 313 2345 est,
331 2286 468 2350 quantum
482 2278 581 2348 diligat
592 2279 651 2347 jiirn
668 2285 779 2332 sanctos
802 2280 923 2345 ell'ectos,
966 2285 1061 2334 turum
1071 2286 1122 2343 est,
1135 2280 1371 2351 etsinml,inquit,
1380 2282 1516 2343 enodavit,
1533 2283 1556 2330 et
1570 2279 1658 2331 sedere
1668 2278 1770 2345 britia

128 2369 175 2439 qui
189 2375 300 2423 tantum
309 2369 442 2438 dignatus
449 2367 615 2436 estdiligere
624 2374 793 2437 peccatores,
801 2373 833 2421 ut
841 2368 925 2421 etiam
967 2371 1112 2422 celestibus
1125 2373 1155 2422 iu
1171 2370 1278 2424 bleristo
1293 2372 1366 2425 lesia.
1383 2369 1498 2423 Certum
1513 2366 1586 2420 enim
1601 2365 1706 2436 quiain
1717 2380 1770 2418 cie·

128 2457 198 2513 Filio
213 2474 265 2512 suo
283 2456 396 2528 proprio
411 2473 461 2527 pro
476 2471 573 2510 eorum
589 2472 646 2510 non
660 2456 815 2526 pepercerit
824 2456 923 2512 salute.
967 2458 1083 2511 lestibus
1098 2457 1226 2511 Christus
1239 2460 1298 2527 jam
1315 2456 1638 2522 sedet,noridumautem
1648 2454 1768 2521 nosset

131 2547 216 2614 barjeu
230 2550 325 2612 pratia
336 2546 401 2599 'estis
415 2548 525 2598 sulcati.
545 2544 645 2611 (Hier.)
664 2544 764 2598 Sinon
780 2552 845 2599 sunt
863 2562 927 2599 con·
967 2546 1034 2617 quia
1061 2563 1109 2618 spe
1132 2555 1217 2613 certa,
1236 2548 1309 2618 quod
1330 2546 1458 2600 futurum
1472 2552 1524 2610 est,
1544 2546 1604 2614 jain
1626 2549 1767 2607 tenemus,

130 2635 222 2704 dignae
232 2634 376 2705 passiones
386 2633 613 2703 hujustemporis
621 2633 655 2686 ad
664 2633 786 2687 laturam
795 2635 924 2703 gloriam,
967 2634 1051 2688 simul
1073 2636 1171 2689 redere
1200 2652 1251 2689 nos
1274 2636 1344 2698 dixit
1367 2637 1395 2688 in
1415 2633 1582 2694 caelestibus
1600 2633 1726 2687 nondum
1739 2631 1770 2686 io

129 2737 193 2793 quae
210 2721 381 2788 rerelabitur
403 2721 432 2774 in
452 2719 631 2783 nobistlloin.
643 2728 705 2788 rur),
725 2722 818 2791 gratia
837 2724 927 2793 magis
967 2723 1057 2785 nobis,
1068 2725 1300 2794 sedjaminillo;
1320 2731 1405 2795 atque
1422 2729 1453 2777 ut
1468 2723 1662 2792 intelligamus
1677 2721 1770 2776 adbuc

131 2825 237 2876 sumus,
259 2825 344 2880 quam
364 2826 447 2880 opere
468 2809 574 2863 salvati.
592 2809 668 2862 Nihil
683 2810 759 2877 enim
779 2827 927 2881 possumus
967 2813 1093 2867 futurum
1109 2814 1237 2884 sequitur
1251 2820 1280 2867 et
1289 2813 1375 2867 dicit:
1393 2796 1429 2866 ut'
1437 2813 1584 2866 ostenderet
1603 2814 1631 2864 in
1662 2812 1769 2877 saeoulis

129 2899 188 2955 {teo
199 2898 355 2955 retribuere
365 2914 416 2969 pro
426 2897 556 2952 omnibus
567 2914 628 2969 quie
638 2898 769 2952 retribuit
783 2899 873 2953 nobis.
894 2900 927 2956 lit
968 2904 1220 2970 superuenientibus
1238 2904 1410 2956 abundantes
1423 2904 1537 2955 diuitias
1550 2902 1648 2966 oratis
1667 2915 1724 2952 suo
1738 2900 1771 2951 ia

131 2988 355 3057 conreuuci'taoit
374 2993 398 3040 rt
431 2989 570 3041 corurdnu
584 2989 647 3055 tecit
675 2991 707 3056 in
725 2991 871 3042 celestibus
896 2993 925 3044 in
970 2991 1088 3057 bonitate
1101 3007 1183 3059 super
1200 3008 1247 3044 nos
1273 2995 1303 3045 in
1324 2992 1431 3046 Olnisto
1451 2992 1524 3043 Jaru.
1541 2987 1640 3056 illier.)
1658 2988 1771 3051 Quanta

131 3079 238 3133 b'bristo
251 3080 324 3131 lesu,
341 3075 456 3149 [Ambrd
468 3077 528 3129 lloe
537 3076 614 3138 dicit,
627 3077 700 3146 quod
720 3094 806 3148 supra
820 3095 926 3132 niemo·
937 3051 959 3109 C
969 3080 1007 3133 sit
1021 3080 1147 3134 benellcii
1163 3081 1328 3149 niagnitudo
1347 3086 1376 3133 et
1394 3096 1477 3150 quam
1494 3078 1638 3148 multiplex
1666 3077 1769 3147 gratia,

130 3166 199 3231 rari,
210 3165 267 3220 illic
276 3164 385 3220 futuros
394 3168 505 3219 sanctos
516 3167 601 3219 etiam
620 3183 653 3219 ex
677 3166 817 3236 gentibus,
835 3167 882 3221 ubi
901 3173 930 3223 et
970 3185 1025 3240 qua
1043 3186 1094 3223 nos
1117 3168 1229 3223 Domini
1253 3170 1287 3222 de
1300 3169 1393 3224 saculi
1416 3168 1498 3222 istius
1512 3165 1770 3238 perturbationibus

131 3254 517 3325 Gbiistusestcaputoomm.
529 3256 625 3321 (llice.)
635 3255 929 3327 Supr·adixorat,quod
970 3258 1102 3312 liberatos
1116 3259 1213 3312 sedere
1234 3259 1297 3313 fecit
1312 3265 1340 3311 et
1355 3274 1472 3327 regnare
1487 3273 1550 3311 euni
1566 3256 1689 3313 Christo,
1707 3255 1771 3309 binc

130 3344 205 3399 Deus
213 3344 390 3411 suscitaverit
401 3344 544 3397 Christum
561 3344 716 3409 amortuis,
734 3352 763 3397 et
776 3345 874 3399 sedere
888 3345 929 3399 ie-
972 3347 1013 3400 rel
1026 3348 1147 3401 maxime
1159 3347 1366 3418 comprobatur,
1376 3347 1449 3417 quod
1458 3344 1770 3400 infuturissaeculisnon

129 3433 200 3487 cerit
209 3433 245 3501 ad
255 3433 398 3487 dexteram
410 3449 490 3486 suam
501 3433 529 3486 in
546 3432 705 3487 caelestibus
718 3450 805 3504 supra
817 3450 929 3489 omnem
970 3436 1029 3502 uni,
1042 3436 1090 3489 sed
1105 3435 1235 3490 omnibus
1250 3453 1329 3490 suam
1340 3436 1448 3490 cunctis
1461 3433 1678 3490 rationabilibus
1693 3449 1771 3487 crea-

129 3522 318 3593 priucipatum
330 3529 359 3575 et
368 3527 537 3593 potestatem
545 3527 575 3575 et
584 3522 717 3576 virtutem
727 3528 756 3576 et
764 3522 929 3577 doriiinatio-
969 3526 1042 3579 turis
1057 3542 1142 3595 super
1154 3542 1204 3579 nos
1219 3534 1383 3580 ostensurus
1395 3533 1438 3579 est
1447 3522 1772 3594 glorianisuasquediri·

129 3628 195 3666 aeui
208 3612 237 3666 el
246 3627 329 3665 omne
339 3612 452 3674 narnien,
465 3611 539 3681 quod
550 3610 721 3669 norninatur,
733 3628 788 3665 non
799 3613 890 3665 solum
899 3613 929 3667 in
970 3614 1024 3668 tias
1038 3621 1259 3673 monstraturus:
1277 3615 1350 3685 quod
1367 3631 1427 3677 nos,
1445 3615 1492 3684 qui
1504 3612 1646 3683 quondam
1657 3612 1720 3681 lege
1734 3617 1773 3665 te·

129 3699 183 3754 boc
192 3700 303 3766 seculo,
316 3700 364 3753 sed
375 3700 460 3754 etiam
470 3699 500 3753 in
519 3698 624 3766 futuro,
642 3716 717 3753 nuno
732 3717 797 3754 rero
810 3701 926 3763 addidit,
969 3702 1107 3756 nubamus
1121 3704 1231 3769 inferni,
1249 3710 1277 3757 et
1292 3711 1407 3774 propter
1421 3702 1492 3756 vitia
1506 3708 1590 3771 atque
1605 3708 1730 3771 peccata,
1741 3706 1773 3754 ut

131 3788 294 3858 quiaetnos
307 3788 483 3843 suscitaverit
493 3804 557 3843 cum
577 3805 609 3842 eo
628 3794 657 3843 et
676 3789 774 3843 sedere
788 3788 885 3844 fecerit
899 3790 929 3844 in
970 3791 1101 3861 operibus
1115 3793 1216 3858 carnis,
1233 3793 1273 3846 its
1283 3809 1396 3846 eramus
1411 3798 1439 3845 ot
1454 3790 1583 3861 supplicii
1618 3788 1752 3845 destinati
1765 3807 1772 3855 ;

129 3876 289 3946 caelestibus
301 3878 336 3931 ad
353 3878 496 3933 dexteram
509 3894 599 3932 suain.
613 3878 754 3941 Quaeritur
767 3895 842 3949 ergo,
859 3895 929 3948 quo·
970 3896 1046 3933 nunc
1061 3881 1089 3934 in
1107 3881 1218 3936 Christo
1232 3897 1392 3951 regnemus,
1414 3881 1619 3949 sedeamusque
1642 3894 1708 3932 cum
1728 3893 1771 3944 eo,

129 3966 213 4020 modo
226 3966 302 4020 Deus
324 3967 371 4037 qui
386 3983 437 4020 rios
452 3967 543 4020 salvos
556 3966 622 4022 fecit
637 3972 666 4021 et
680 3967 825 4021 suscitarit
845 3968 929 4033 simul
970 3970 1118 4024 sedeamus
1131 3987 1187 4024 non
1203 3971 1232 4024 in
1247 3971 1346 4024 humili
1360 3985 1527 4040 quocunque
1536 3968 1606 4032 loco,
1623 3967 1673 4020 sed
1687 3983 1774 4038 super

129 4054 226 4110 lecerit
236 4054 333 4109 sedere
342 4072 406 4110 cum
414 4054 534 4109 Christo.
548 4055 928 4126 thuidem,quisimplicius
970 4074 1080 4112 ornnem
1091 4059 1280 4130 principatum
1295 4066 1323 4113 et
1343 4063 1520 4129 potestatem,
1538 4064 1567 4111 et
1582 4056 1726 4120 virtutem,
1743 4062 1773 4111 et

129 4149 173 4198 est
195 4159 389 4215 responsurus,
405 4144 458 4197 boc
471 4145 580 4207 asserit,
597 4143 671 4214 quod
683 4145 763 4213 juxta
778 4145 926 4215 praescien-
966 4146 1440 4212 dominationem,et'omnenomen,
1451 4145 1767 4217 quodnominaturmou

128 4231 198 4286 tiam
206 4232 295 4287 lisiid
307 4232 381 4303 quod
392 4231 517 4286 tutorum
527 4231 665 4301 est‚quasi
676 4232 780 4285 iactum
794 4250 854 4287 iisse
866 4234 926 4303 jam
966 4236 1057 4288 solum
1070 4236 1099 4289 in
1114 4236 1166 4289 hoo
1181 4237 1290 4301 saeculo,
1306 4238 1354 4290 sed
1375 4236 1462 4289 sitiam
1479 4236 1506 4288 in
1520 4234 1625 4288 futuro.
1642 4233 1672 4287 Si
1693 4233 1770 4288 enim

130 4321 253 4376 dixerit:
269 4324 297 4375 et
312 4321 378 4392 quia
392 4337 453 4375 mos
468 4319 520 4374 iste
535 4320 573 4373 sit
592 4320 811 4391 scripturarum,
831 4328 864 4377 ut
882 4321 925 4376 in·
967 4324 1095 4379 Christus
1105 4325 1255 4379 suscitatus
1266 4326 1410 4380 amortuis
1421 4325 1500 4378 sedet
1509 4324 1542 4377 ad
1555 4323 1701 4376 dexteram
1720 4321 1771 4377 Du

125 4410 237 4466 tardum
252 4410 347 4465 lutura
355 4416 481 4481 tempore
496 4409 637 4480 preterito
651 4409 836 4477 declinentur,
854 4411 931 4467 verbi
940 4408 1000 4466 Din
1015 4413 1173 4468 coelestibus
1187 4431 1272 4485 super
1284 4431 1396 4467 ornnem
1408 4413 1605 4484 principatum,
1615 4417 1773 4481 etpotesta-

127 4502 221 4566 carisa,
237 4500 272 4554 de
286 4516 368 4555 cruce
382 4498 494 4554 Domini
511 4518 516 4551 :
534 4499 669 4555 Foderunt
680 4515 781 4554 arianus
804 4517 886 4564 eirena,
903 4506 928 4556 et
968 4508 1035 4568 tem,
1052 4510 1081 4557 et
1095 4503 1228 4557 virtutem
1245 4511 1273 4559 et
1287 4510 1396 4563 catera,
1414 4511 1443 4556 ct
1457 4519 1507 4556 rios
1524 4501 1655 4555 sedenms
1670 4516 1772 4571 regua·

45 4630 49 4640 .
124 4588 202 4658 podes
216 4606 287 4645 ineos
307 4592 391 4658 (Psoi.
407 4592 481 4657 xx1i3
502 4595 531 4642 et
549 4587 615 4641 alibi
634 4587 669 4641 de
687 4589 816 4659 passione
836 4591 923 4660 ejus:
967 4607 1085 4662 musque
1104 4609 1167 4645 cum
1196 4592 1317 4653 Christo,
1340 4609 1453 4646 necesse
1471 4598 1514 4645 est
1535 4606 1620 4660 super
1636 4589 1689 4654 his,
1706 4605 1770 4660 quae

126 4678 211 4744 boui
224 4679 280 4731 ouis
304 4680 514 4747 adomisiunem
537 4679 635 4733 ductus
656 4683 694 4733 est
715 4679 776 4741 tlon.
806 4683 876 4746 tiri),·
898 4684 926 4733 et
966 4681 1054 4739 sedet,
1065 4682 1222 4736 sedeamus
1239 4682 1293 4735 Sed
1308 4682 1355 4751 qui
1366 4681 1486 4749 diligens
1503 4681 1591 4734 lector
1604 4685 1656 4740 est,
1673 4678 1773 4735 statim

125 4764 216 4835 adbpm
234 4765 269 4818 de
287 4765 398 4835 injuriis
417 4767 594 4835 flagellorum
614 4785 620 4820 :
644 4768 737 4823 tiuare
757 4770 815 4835 eJ'us
829 4771 926 4823 tanati
966 4769 1084 4839 requirit
1099 4778 1127 4823 et
1137 4771 1211 4824 dicet-
1226 4789 1232 4823 :
1245 4770 1317 4834 Quid
1325 4771 1414 4840 ergo?
1430 4770 1520 4839 major
1531 4769 1615 4822 homo
1624 4766 1735 4837 angelis
1743 4776 1774 4823 et

124 4868 222 4908 suiuus
231 4852 324 4921 (ibid.)
336 4872 344 4916 ,·
356 4859 385 4906 et
399 4853 464 4908 alibi
481 4874 487 4909 :
505 4857 545 4909 Ab
560 4857 756 4923 iniquitatibus
765 4859 861 4923 pupuli
872 4859 925 4911 iicet
966 4859 1073 4913 cunctis
1084 4859 1111 4912 in
1121 4861 1190 4913 ocelo
1196 4859 1382 4929 potestatibus
1395 4858 1489 4928 lquod
1500 4857 1565 4927 quia
1580 4856 1773 4927 periculosum

124 4945 222 4997 ductus
237 4943 445 4995 estadinortern.
459 4941 563 5014 (ibid).
589 4945 647 4998 lloc
669 4950 763 4997 antero
791 4943 863 5007 ideo,
888 4961 925 4999 ne
966 4949 1194 5018 estrespondere,
1213 4949 1387 5019 principatus
1403 4954 1431 5001 et
1441 4953 1595 5017 potestates
1606 4945 1772 5005 etrirtutes,

125 5031 193 5102 quia
205 5029 301 5085 initura
310 5029 418 5084 incerta
432 5036 498 5083 sunt
512 5031 684 5095 hominibus,
696 5050 760 5103 spes
770 5033 925 5088 lluctuetet
966 5041 995 5090 et
1009 5036 1227 5093 dominationes,
1244 5046 1273 5091 et
1288 5054 1371 5091 airino
1386 5053 1498 5093 narnien,
1507 5035 1582 5106 qiiod
1596 5033 1773 5101 nominatur,

122 5120 242 5185 vacillet,
258 5135 293 5174 ea
306 5134 367 5189 quae
386 5119 462 5173 Deus
474 5119 569 5173 sutura
592 5121 730 5190 cognorit,
747 5121 821 5190 apud
841 5138 925 5191 quem
967 5126 1118 5180 nousolum
1131 5127 1340 5192 inhocsaeculo,
1354 5126 1498 5180 sedetiam
1515 5124 1659 5184 inlutum,
1675 5123 1769 5181 inaxi-

122 5208 193 5264 uiliil
207 5207 370 5278 ambiguum
392 5212 444 5273 est,
460 5207 540 5276 quasi
553 5209 613 5276 jam
629 5210 701 5263 facta
720 5216 922 5272 niernorautur,
965 5229 1020 5279 nie,
1033 5214 1098 5283 quia
1112 5216 1343 5285 orriiiiasubjerta
1359 5223 1425 5269 suin
1444 5214 1561 5286 pedibus
1577 5212 1693 5276 Christi,
1710 5228 1768 5267 non

120 5302 171 5352 siit
189 5296 256 5367 quia
271 5296 414 5368 praterita
431 5296 584 5350 meandum
613 5298 792 5368 philosophos
811 5315 922 5368 quoque
963 5301 1638 5374 adbonampartemsedadcerritiariamrel‘eret,
1651 5300 1769 5356 utdioat

118 5385 181 5443 aeri
193 5385 297 5441 inlecta
311 5402 367 5440 non
383 5389 507 5456 possunt,
527 5385 574 5454 qui
599 5386 750 5451 audierint,
764 5387 844 5456 quasi
859 5389 919 5457 jam
961 5406 1009 5443 eos
1024 5408 1084 5444 esse
1099 5393 1213 5462 angelos
1228 5394 1350 5461 refugas,
1363 5393 1551 5463 etprincipem
1564 5389 1661 5443 mundi
1670 5388 1765 5457 istius,

118 5473 192 5529 ueta
205 5473 328 5529 habeant
343 5491 404 5545 quae
418 5474 514 5529 futura
527 5479 602 5527 sunt.
619 5473 700 5528 illius
714 5492 790 5539 vero,
809 5476 857 5545 qui
874 5493 918 5530 re·
961 5484 989 5532 et
998 5479 1465 5552 Luciferumquimansoriebatur.
1473 5478 1765 5551 superquibusssecti

116 5563 320 5623 surrectionem
327 5569 357 5618 et
363 5561 591 5634 regnumsshristi
598 5561 764 5652 spiritaliter
771 5564 916 5634 intelligit,
960 5583 1024 5622 aum
1039 5569 1151 5624 Cluisto
1164 5570 1195 5624 in
1218 5571 1274 5624 line
1297 5571 1401 5629 sessuri
1416 5576 1491 5637 suut,
1506 5569 1562 5625 iilis
1576 5582 1691 5639 quoque
1712 5568 1764 5645 tri-
