3772 6120
99 336 147 409 pti
615 318 723 382 tmen
740 320 788 382 un
807 320 933 383 ΒΑΜ
952 318 1158 395 alterumue,
1180 321 1257 384 ETO.
1688 322 1758 389 litt

102 449 300 529 ¹pieirr'rtate
312 446 403 502 dictus
421 453 473 503 est.
490 448 558 518 quia
572 449 682 504 divinus
701 457 752 514 est,
773 456 802 505 et
824 450 917 506 omnia
928 453 950 512 Α
961 455 1137 522 majestatem
1149 455 1199 508 Dei
1212 455 1303 508 Patris
1316 455 1520 526 perlibratum
1530 456 1628 525 junctu
1638 458 1759 512 msulta·

109 557 161 615 „in
173 542 201 596 et
226 540 338 594 omniu
355 538 487 609 disponit.
510 545 594 609 prout
618 541 685 594 vult.
709 544 759 594 lter·
777 544 916 595 l'lrrr'rtrrrn
955 541 1032 595 tione
1047 544 1193 613 reqrraliter
1208 545 1598 614 concelebrent.Girraqrrr'lur
1612 550 1637 600 a
1648 549 1757 601 nostem

118 636 271 702 poeniteam
288 633 423 681 nestram.
440 628 569 681 Cirristus
580 628 684 687 Graec.
701 636 801 684 unctus
816 631 919 684 dieitur
959 646 1031 685 rerer
1045 638 1075 683 ul
1090 634 1205 686 adrniltr'
1216 637 1313 699 jrrlrerer
1327 636 1515 702 deprecemur.
1537 636 1607 689 Cum
1634 635 1753 705 quibus:

123 728 202 785 pune,
214 717 274 770 hic
285 716 518 786 estClrristusqui
529 704 594 771 anti¹
609 720 702 772 omnia
714 720 817 773 initiae
835 721 917 775 Patre
957 719 1016 774 hae
1030 723 1244 792 estsupplicatlo
1260 723 1599 794 nostrautlpsecoelestis
1615 725 1698 778 Pater
1707 739 1757 795 per

129 804 348 873 inenarrabiliter
361 813 404 858 cst
425 802 546 873 penitus.
569 812 596 859 et
620 814 717 877 postca
740 808 767 862 in
791 815 918 879 tempore
960 806 1100 863 Christum
1117 811 1218 865 Filium
1229 827 1321 865 suum.
1334 826 1475 882 perquem
1494 824 1545 866 nos
1560 813 1584 865 el
1599 814 1706 883 gratius
1720 814 1756 868 de

135 918 178 976 qno
189 896 298 968 placuit
319 895 355 951 ei.
373 895 494 965 Spiritus
517 903 630 950 seruetur
652 899 728 951 rcnit
749 899 778 952 ln
800 899 917 953 Mariam
959 898 1217 968 omnibusagimus.
1234 901 1525 965 dianeturadmlttere
1539 914 1619 955 rores
1634 909 1754 964 nostras,

137 988 272 1057 stipitem,
287 985 419 1055 unxitque
438 982 570 1039 unctione
591 984 685 1040 diviua
710 992 820 1040 uterum
846 991 916 1056 eiius,
959 993 988 1041 et
1000 989 1120 1057 jungere
1138 989 1250 1043 vocilius
1269 990 1464 1060 pradictourrn
1487 989 1617 1045 ordinum
1641 992 1756 1062 angelo·

142 1076 199 1135 unde
211 1080 362 1143 conceptus
377 1079 420 1126 est
432 1074 467 1127 de
482 1074 587 1144 Spiritu
605 1081 709 1135 sancto,
732 1084 759 1129 et
775 1083 857 1130 natus
877 1085 917 1130 est
959 1086 1031 1128 rrrrn.
1051 1075 1175 1135 Sim->lici
1188 1080 1353 1130 rarissimae
1368 1081 1502 1133 rlieeu‘er:
1518 1080 1571 1133 line
1585 1086 1637 1139 est,
1654 1080 1755 1135 humili

143 1162 388 1229 dellariarinrinc.
401 1163 472 1216 Nam
490 1170 517 1216 et
533 1163 560 1217 iu
581 1165 665 1217 reteri
681 1171 850 1219 testamento
872 1182 917 1220 sa·
959 1150 1140 1219 confessione.
1170 1166 1241 1229 Quid
1265 1168 1400 1221 humilius
1419 1166 1556 1232 confiteri,
1580 1182 1664 1238 quam
1688 1186 1754 1224 nos-

146 1253 254 1307 eerdotes
266 1257 292 1303 et
306 1266 384 1319 reges
400 1251 595 1320 ungebantur:
612 1259 641 1307 et
656 1255 717 1307 ideo
729 1255 825 1308 ebriati
847 1257 919 1309 elica·
960 1254 1093 1324 metipsos
1107 1261 1211 1308 aterno
1226 1256 1300 1309 Patri
1323 1272 1372 1326 per
1394 1256 1495 1310 Filium
1522 1264 1657 1312 mtemum
1678 1275 1755 1313 eom-

146 1342 241 1395 tsntur.
256 1340 316 1409 quia
331 1340 408 1393 uncti
423 1348 503 1394 eruat
524 1343 656 1396 unctione
679 1345 836 1413 temporali.
864 1346 918 1398 iste
959 1343 1102 1399 mendace.
1118 1351 1147 1396 et
1162 1344 1305 1399 danastro
1319 1345 1488 1399 conscientia
1503 1347 1545 1400 rel
1561 1346 1687 1401 bonitate
1711 1347 1755 1402 nl-

147 1428 256 1485 lilrristus
269 1443 406 1498 perquem
418 1430 493 1483 Patri
502 1431 608 1498 gratias
618 1432 738 1498 aelurus.
749 1433 919 1487 wtemaliter
959 1432 998 1485 bil
1015 1448 1193 1502 praesumere,
1202 1435 1314 1503 ctjuxta
1327 1450 1405 1487 voees
1416 1435 1555 1503 angelieas
1565 1450 1630 1489 eum
1644 1448 1756 1507 semper·

148 1519 255 1572 cbristus
267 1522 315 1573 est.
332 1524 361 1571 et
375 1535 437 1572 eum
450 1520 532 1573 Patr-e
542 1527 664 1574 aeternus
674 1522 748 1575 ileus
759 1529 810 1582 est,
832 1527 859 1575 et
870 1536 920 1592 per
960 1525 1087 1574 sanctiue
1101 1522 1409 1576 essentialitereredere
1422 1528 1450 1576 et
1460 1524 1752 1593 predicaredieentes:

147 1607 223 1677 ipsum
236 1607 367 1676 redempti
383 1624 490 1661 sumus.
502 1616 530 1663 et
545 1608 604 1679 ipse
614 1611 748 1664 Dominus
761 1617 917 1669 nostercst,
960 1609 1087 1666 Servetur,
1103 1616 1224 1671 ruamus,
1245 1617 1365 1664 ,ruricius
1385 1612 1507 1666 loannes
1532 1614 1703 1682 euangelista
1727 1615 1756 1668 ln

148 1695 203 1765 qnia
214 1694 366 1750 dominatur
379 1697 469 1750 nobis.
484 1701 533 1751 l’er·
551 1714 629 1765 errem
651 1703 817 1765 ‹inojesroren
841 1706 916 1752 luem
959 1698 1141 1769 Apocalypsis
1154 1693 1224 1753 libro
1238 1701 1350 1770 scripsit
1360 1717 1389 1753 se
1399 1701 1499 1755 ridisse
1515 1718 1528 1753 ι
1543 1708 1608 1756 ante
1622 1700 1756 1757 thronum

150 1786 247 1837 urimur
259 1789 361 1849 arrecti:
378 1802 428 1856 per
442 1783 532 1856 ipsum
550 1788 691 1840 Christum
707 1804 757 1858 per
771 1804 852 1856 quom
867 1805 918 1842 nos
928 1766 950 1826 B
962 1787 1010 1840 Dei
1026 1793 1053 1840 ct
1068 1786 1372 1859 nutririgintispratuor
1384 1792 1517 1847 seniores.
1531 1792 1757 1861 ‹etqualuorani

148 1873 235 1942 gratim
252 1875 357 1942 egimus
380 1876 465 1932 Patri.
492 1878 667 1946 Majcstatern
690 1878 781 1930 Patris
805 1878 919 1931 lauriani
960 1876 1045 1928 malin
1066 1876 1187 1929 astantia
1215 1882 1243 1929 et
1274 1877 1446 1931 incessanter
1469 1880 1603 1935 dicentia:
1626 1880 1754 1938 Sonans.

148 1962 307 2032 angeliquia
331 1963 519 2034 ipserequaiis
543 1972 585 2018 est
611 1966 686 2019 Patri
711 1966 916 2021 indivinitate.
959 1970 1081 2021 sauctus.
1113 1971 1227 2018 sanctus
1250 1966 1385 2019 Dominus
1413 1968 1488 2020 Deus
1513 1968 1646 2034 Saliarem,
1665 1990 1677 2015 r·
1701 1972 1754 2023 ete.

149 2048 252 2115 uspiam
263 2052 361 2105 dicitur
375 2053 454 2122 qrrasi
473 2055 564 2121 major·
587 2060 727 2124 potestas3
745 2056 811 2125 qiua
829 2057 920 2124 major
961 2054 1050 2116 (fluere.
1067 2068 1103 2107 rr.
1120 2052 1158 2115 l.)
1176 2054 1240 2106 lrleo
1254 2052 1328 2107 enim
1344 2055 1434 2109 tribus
1449 2056 1554 2110 vicibus
1577 2063 1689 2111 sanetus
1711 2057 1755 2109 di-

148 2124 304 2207 estpotestas
320 2136 368 2194 lici
385 2157 469 2211 qrram
487 2143 643 2205 homiuum,
669 2144 718 2198 liei
744 2145 918 2211 majestatem
959 2136 1040 2196 citur.
1058 2148 1090 2195 ut
1103 2143 1309 2210 significaretur
1324 2144 1408 2198 Pater
1421 2149 1543 2208 sanctus,
1567 2145 1654 2199 Filius
1678 2150 1756 2225 sauc-

148 2240 188 2294 per
198 2226 327 2283 Christum
343 2230 459 2284 laudant
474 2232 575 2301 crinali,
602 2232 666 2301 quia
688 2233 816 2286 Christus
836 2232 918 2286 simul
959 2237 1030 2293 etus,
1047 2231 1167 2301 Spiritus
1183 2233 1274 2285 Patris
1287 2239 1316 2286 et
1330 2231 1391 2286 Filii
1413 2238 1535 2286 sanctus.
1553 2233 1607 2287 Sed
1628 2229 1755 2303 quemvis

147 2326 197 2366 enm
210 2315 283 2371 Patre
297 2320 401 2372 crearit
421 2321 542 2385 arigelos.
569 2321 692 2389 Angelus
715 2322 787 2374 enim
812 2322 916 2377 lirare.
959 2320 1106 2390 tripliciter
1119 2320 1229 2373 dicatur
1242 2326 1363 2379 sanctus.
1379 2334 1434 2374 nen
1451 2327 1546 2375 tamen
1570 2322 1673 2376 dieitur·
1691 2321 1754 2392 plu·

148 2400 228 2457 latire
241 2408 350 2461 nuntius
367 2408 577 2479 interpretatur.
599 2408 732 2478 Anneius,
759 2424 860 2463 nomen
876 2416 919 2465 est
960 2408 1010 2463 rali
1027 2424 1144 2462 nurnero
1159 2410 1264 2463 saneti:
1283 2411 1329 2463 sed
1346 2409 1481 2477 singulari
1502 2422 1618 2465 numera
1629 2414 1752 2472 sanetus,

148 2489 223 2545 elicii.
236 2510 285 2548 nen
295 2503 403 2551 natiuae
414 2499 460 2567 qui
470 2499 601 2552 nurrtinnt
611 2502 677 2557 (ιιι).
691 2499 919 2553 Sedneturnliter
960 2501 991 2552 ut
1005 2514 1061 2550 una
1073 2500 1206 2551 sanctitas
1222 2500 1250 2552 in
1267 2500 1310 2552 lrls
1325 2499 1414 2553 tribus
1430 2501 1556 2569 personis
1571 2506 1600 2554 et
1614 2503 1755 2554 uuaeeter-

147 2578 323 2647 spintrrssunt.
348 2586 471 2639 ,iderant
497 2590 715 2641 ‹lirrru'nalierres:
741 2590 917 2657 nrajrsstatem
959 2587 1033 2640 nites
1052 2587 1234 2652 intelligatur.
1252 2591 1386 2642 lleurlurrs
1402 2590 1470 2641 lleus
1487 2587 1614 2642 Sobeollr.
1636 2589 1752 2643 Suboollr

146 2663 282 2737 lleil’atris
298 2675 462 2743 perFilium
480 2676 636 2728 laudantet
656 2676 917 2730 arlorantdemirru-
958 2694 974 2730 u
997 2676 1094 2729 multis
1114 2677 1295 2747 interpretari
1325 2676 1396 2730 solet
1416 2681 1593 2744 unrm'polcrrr.
1620 2694 1637 2730 u
1660 2677 1756 2731 multis

147 2751 228 2810 tinum
243 2763 531 2818 unierinutr'enesunus
546 2765 614 2818 ordo
638 2765 739 2819 dicitur
763 2766 797 2818 de
819 2781 917 2819 novem
958 2780 1022 2819 rere
1043 2769 1224 2819 ercrciluunr.
1252 2764 1289 2819 Ut
1312 2766 1371 2835 ipse
1395 2766 1432 2819 sit
1457 2762 1592 2819 Dominus
1616 2760 1702 2826 Deus,
1728 2768 1756 2819 el

147 2841 266 2903 ordinibus
279 2853 453 2918 angelorum.
471 2867 535 2906 nam
552 2853 646 2906 decem
671 2852 785 2908 luerunt
806 2855 917 2908 ordines
957 2854 1018 2924 ipse
1033 2868 1129 2907 omnes
1152 2854 1289 2907 exereitus
1313 2855 1477 2919 angelorum
1503 2860 1588 2924 atque
1609 2853 1755 2908 hominum

147 2934 295 3001 anlittorum,
311 2940 359 2993 sed
377 2942 502 2995 decimus
517 2942 743 3007 orrloceeidit,et
761 2958 857 2997 sersus
876 2951 919 2998 est
958 2942 1096 3011 disponat.
1124 2946 1202 2996 l'lenr'
1232 2949 1296 2994 sient
1325 2946 1384 2996 aru
1406 2948 1429 2995 el
1463 2948 1538 2995 terro
1569 2946 1662 3010 pierio
1685 2947 1755 2997 lue!

146 3032 186 3087 prr
196 3027 343 3095 superbiam
360 3030 387 3082 in
400 3028 550 3084 diabolum.
566 3032 671 3084 Novem
682 3038 774 3085 auteur
785 3048 916 3102 perman·
960 3031 1012 3084 hoc
1026 3037 1077 3089 cst.
1096 3038 1126 3085 ut
1138 3032 1199 3099 ejus
1211 3031 1301 3099 glorie
1321 3029 1381 3084 cerii
1401 3047 1433 3084 aa
1452 3035 1529 3085 terra
1552 3032 1754 3101 gubernentur,

146 3118 224 3166 nunt
236 3116 261 3169 in
274 3120 424 3173 sanctitate
439 3136 498 3172 sua.
517 3120 654 3174 Hrcesunt
669 3122 783 3174 nomine
801 3136 914 3175 eorum:
959 3125 988 3174 et
1002 3121 1049 3190 qui
1063 3121 1091 3173 iu
1104 3122 1172 3174 caelo
1188 3127 1296 3174 suntet
1320 3121 1349 3174 ln
1373 3126 1450 3175 terra
1470 3117 1629 3192 glorificent
1654 3134 1756 3175 nornen

146 3200 228 3265 aneu.
239 3208 405 3273 archangeli.
420 3209 545 3273 virtutes,
559 3210 740 3280 principatus.
753 3216 915 3280 potestates,
958 3216 1086 3263 sanetum
1097 3210 1167 3279 ejus.
1188 3212 1318 3264 limenun
1334 3213 1363 3262 in
1380 3214 1498 3264 erectrix.
1520 3211 1600 3274 Quod
1615 3211 1697 3265 modo
1713 3210 1756 3264 di·
1851 3218 1855 3227 '

147 3283 231 3349 throni.
241 3295 452 3357 dominationes,
475 3298 619 3361 cherubin,
636 3300 776 3370 seraphin.
795 3302 917 3354 Istorum
959 3298 1031 3353 citur
1046 3314 1119 3351 nunc
1133 3305 1263 3368 corrupte
1277 3300 1399 3361 Osanna,
1411 3306 1477 3353 unte
1492 3294 1636 3354 dicebatur
1654 3298 1755 3354 Osien-

146 3371 754 3441 dtlorumordinurunorninanorrsuntlatina.
776 3389 915 3442 Cherubin
958 3404 994 3442 na
1031 3386 1077 3442 Osi
1092 3388 1248 3455 interjectio
1263 3393 1306 3441 est
1321 3387 1473 3449 laudantis,
1489 3388 1549 3440 sine
1573 3402 1667 3451 eausa,
1693 3400 1754 3442 ma-

146 3462 204 3518 enirn
215 3471 351 3539 plenitudo
367 3475 489 3529 scientiae
502 3477 713 3546 interpretatur,
725 3477 855 3546 seraphin
874 3478 917 3530 in·
957 3476 1125 3546 gallicanus,
1152 3492 1235 3531 anna.
1261 3476 1398 3530 salvifica:
1426 3475 1474 3528 sed
1499 3481 1629 3546 corrupte
1652 3474 1756 3529 elicitur

146 3554 249 3613 audium
262 3563 365 3616 dieitur
377 3582 382 3615 :
396 3571 494 3617 caetera
508 3566 620 3617 nomina
630 3562 855 3635 supradictorum
871 3582 916 3618 or·
959 3565 1080 3618 Osanna.
1095 3570 1122 3616 et
1134 3564 1250 3627 intelligi
1264 3569 1354 3633 pritest
1368 3562 1501 3620 salvium.
1516 3564 1558 3615 rel
1579 3565 1686 3616 salvum
1700 3563 1753 3615 sae.

134 3636 324 3711 ,ununtntim
344 3652 483 3709 suntnisi
504 3655 667 3722 arrgeloruru
685 3660 713 3706 ct
734 3654 917 3722 archangelo·
959 3653 1123 3713 licaretur,
1148 3646 1174 3703 iri
1198 3657 1249 3710 est,
1274 3652 1301 3704 in
1328 3650 1401 3703 altis.
1431 3652 1587 3703 iteraremus
1610 3653 1660 3716 qui
1681 3653 1754 3703 ecnu

147 3740 204 3783 mm·
225 3737 289 3793 Nam
312 3742 405 3807 angeli
425 3740 525 3797 nuntii.
549 3743 707 3807 archangeli
731 3759 795 3795 roro
818 3744 917 3796 excelsi
959 3745 988 3794 in
1005 3742 1246 3794 rrorntnelrornr'rr'.
1266 3736 1382 3802 Quando
1398 3739 1526 3792 Christus
1540 3738 1616 3792 venit
1629 3738 1664 3791 ad
1688 3738 1755 3792 Hie·

146 3821 219 3875 nautii
231 3824 367 3883 dicuntur.
387 3830 539 3896 Gregorius
550 3846 621 3900 papa
631 3830 775 3885 Romanus
786 3832 813 3885 ln
825 3829 918 3885 immi·
959 3830 1080 3883 rusaiem
1096 3834 1124 3881 et
1145 3827 1287 3882 deseendit
1305 3829 1339 3880 de
1361 3834 1456 3881 monte
1481 3826 1591 3890 (tilieti,
1615 3832 1682 3881 tune
1705 3827 1755 3881 lllil

147 3902 177 3958 ¹5⁸
187 3924 229 3967 Suu
240 3934 318 3987 quam
332 3934 417 3989 super
427 3919 572 3972 lectionem
589 3920 859 3988 evangelieanrlirit,
870 3920 916 3974 ulri
959 3919 1044 3973 lsrael
1061 3918 1398 3971 clamareruntdicentcs:
1415 3935 1426 3965 ιι
1445 3916 1756 3986 Benedictusqulrenit

146 3992 178 4047 iu
189 3997 295 4067 legitur:
315 4032 326 4055 e
346 4009 432 4061 lirant
447 4008 704 4079 appropinquantes
716 4010 853 4063 adJesurn
865 4024 917 4080 pu·
957 4007 1112 4061 innomine
1127 4007 1237 4060 Domini
1255 4010 1344 4072 tlomr.
1361 4022 1388 4066 rr,
1403 4005 1459 4063 l3l.
1478 4026 1489 4055 n
1510 4004 1564 4059 Sed
1584 4004 1651 4075 qulrl
1666 4004 1754 4075 signi-

147 4078 227 4143 blissssui
239 4103 264 4148 et
276 4104 436 4167 perecutores
451 4098 622 4151 utaudirent
637 4099 715 4151 illum
729 4101 801 4151 llere.
819 4116 861 4158 xv.
883 4098 915 4161 ir,
959 4097 1049 4150 sscarit
1065 4096 1110 4149 ille
1125 4095 1228 4148 l'lrristi
1244 4096 1379 4149 adrentus
1395 4096 1422 4148 in
1439 4095 1624 4152 Hierusalem.
1640 4094 1695 4149 uisi
1709 4093 1754 4148 fu-

147 4169 281 4238 uenimus
303 4187 337 4239 de
363 4187 501 4255 praedietis
525 4186 669 4239 ordinibus
697 4188 833 4257 esxposrrit.
861 4189 917 4240 Nos
958 4191 1050 4239 turnru
1065 4186 1307 4245 resurrectionem,
1325 4184 1437 4254 quando
1452 4191 1587 4238 venturus
1606 4185 1661 4238 erit
1677 4184 1754 4254 judi-

147 4271 236 4323 lifflad
248 4274 418 4344 prepositum
443 4273 600 4329 redeamus.
623 4278 754 4329 Treuurn!
767 4281 915 4341 potentates.
958 4290 1021 4327 carc
1037 4274 1111 4326 vivos
1125 4279 1151 4327 et
1166 4282 1301 4333 mortuos,
1320 4281 1349 4327 et
1369 4274 1532 4344 apparuerit.
1555 4272 1635 4326 noble
1654 4274 1683 4325 in
1710 4286 1755 4326 ea·

147 4342 178 4399 Di
188 4363 341 4427 repudietis
355 4363 501 4417 ordinibus
516 4365 592 4418 elicit.
610 4366 671 4418 Non
683 4364 745 4418 ideo
755 4364 831 4423 dicit.
844 4365 916 4434 qrrod
928 4362 1021 4458 Ddem
1038 4380 1131 4426 earne,
1149 4378 1203 4432 qun
1223 4379 1273 4432 pre
1289 4361 1369 4416 nobis
1385 4378 1483 4432 pransus
1498 4367 1549 4415 est.
1565 4363 1600 4415 Et
1613 4366 1680 4414 tune
1694 4376 1709 4411 r
1724 4360 1753 4413 in

147 4446 271 4506 ⁸1¹lltudicti
287 4452 401 4505 ordines
408 4455 567 4523 corporales
579 4455 645 4509 sint.
663 4453 710 4506 sed
728 4460 824 4507 nostro
840 4470 917 4507 more
958 4452 1071 4505 nomine
1082 4451 1192 4504 Domini
1201 4452 1266 4504 lesu
1278 4466 1360 4504 omne
1372 4449 1752 4518 gernulieeteturcoelestium.

146 4518 204 4593 dicii
221 4541 280 4608 quia
304 4557 354 4594 uos
374 4550 495 4594 tremere
519 4559 550 4595 ae
574 4542 672 4596 timere
697 4546 761 4595 unte
788 4540 917 4596 dominos
957 4540 1134 4594 terrestrium
1149 4549 1178 4593 ct
1192 4540 1364 4592 infernorum
1376 4540 1487 4605 (Philip.
1506 4553 1532 4596 n.
1549 4537 1636 4601 l0).r
1659 4541 1688 4590 et
1703 4550 1753 4590 cre

145 4622 233 4681 Μάιος
245 4631 375 4687 solemus.
388 4631 435 4683 sed
451 4631 513 4683 ideo
524 4628 592 4685 elicit
607 4638 728 4684 tremere
750 4648 781 4685 ac
803 4631 914 4693 timere,
957 4635 1028 4691 tera,
1045 4646 1105 4698 qua
1120 4627 1253 4698 apostolis
1267 4627 1345 4680 dixit.
1362 4628 1429 4680 Post
1448 4622 1583 4696 hymnum
1596 4625 1752 4692 angelicum

144 4706 221 4792 filnes
242 4719 431 4787 intelligamus
446 4720 541 4772 omnia
564 4721 697 4777 caelestia.
720 4720 865 4774 terrestria
888 4725 916 4773 et
957 4733 1039 4789 quem
1055 4716 1182 4770 concurrli
1199 4731 1264 4768 voce
1277 4719 1353 4768 totus
1365 4715 1456 4768 clerus
1471 4715 1555 4768 simul
1579 4719 1683 4779 cantet,
1707 4730 1752 4768 se·

142 4790 342 4860 ¹¹¹frmaliaonte
356 4814 536 4877 conspectum
559 4808 659 4862 ‹lirinae
683 4809 839 4877 majestatis
859 4814 915 4862 tre-
957 4807 1053 4877 quitur
1080 4805 1169 4857 oratio
1193 4820 1243 4874 per
1274 4818 1357 4874 quam
1389 4808 1595 4857 saeramentum
1628 4803 1752 4873 eorporis

141 4885 358 4968 Pereuntimere.
377 4900 765 4964 (lilicrebrumqueuirtutes.
784 4897 838 4967 lpsi
854 4897 915 4950 creli
957 4902 986 4949 et
999 4892 1143 4964 sanguinis
1168 4893 1277 4947 Domini
1301 4892 1457 4949 coniicitur.
1482 4909 1542 4962 quar
1569 4888 1607 4945 sie
1627 4892 1749 4946 inchoat.

136 4974 233 5036 russina
248 4983 348 5037 dirius>
360 4984 503 5039 «inedium.
519 4986 585 5055 quia
600 5003 629 5038 sc
640 4987 787 5040 ostendere
802 5002 915 5040 serenos
959 4982 991 5038 Tc
1006 4987 1104 5047 lpilur.
1121 4985 1327 5035 clcrrreulissiruc
1342 4984 1430 5035 Peter.
1447 4984 1593 5047 perulesuru
1611 4981 1750 5035 Cirrirlrrm

137 5054 172 5110 *⁰1
183 5069 385 5125 nebulososnon
395 5072 500 5126 liabent
510 5080 687 5144 potestatem.
704 5074 843 5127 Colonum
859 5075 915 5126 vir·
958 5075 1057 5126 lilium
1070 5078 1147 5124 lrruru
1162 5073 1182 5125 ll
1194 5073 1311 5123 mirrruu.
1326 5075 1462 5136 nestrum,
1474 5074 1607 5137 sirprplrecr
1622 5080 1752 5135 raptemur

135 5138 267 5213 tut*irruunt
278 5160 431 5232 eriprarlieti
443 5163 556 5215 ordines
568 5163 833 5229 nauclerumtiicut
843 5163 914 5215 Gre-
956 5168 980 5216 el
1009 5165 1125 5227 petimur
1155 5164 1196 5213 uli
1221 5165 1328 5225 err-epla
1357 5161 1454 5212 lrolreur
1483 5163 1506 5210 cl
1532 5159 1671 5211 ircncclieaa
1700 5159 1753 5211 liae

131 5237 697 5322 tonusinuomuiasnasripeelecuonom
714 5251 912 5319 evangelicam.
955 5253 1036 5307 darre.
1053 5249 1106 5301 lucr·
1122 5264 1249 5310 rrrrrucrrr,
1271 5244 1325 5301 luri·
1346 5251 1441 5299 saneto
1467 5247 1604 5312 ruerr'siele
1630 5244 1751 5298 illibata.

133 5316 174 5380 “hi
186 5332 218 5389 ila
233 5339 368 5409 scriptum
384 5346 441 5393 est:
462 5360 471 5387 ι
488 5341 577 5393 Erunt
591 5339 669 5409 signa
685 5339 712 5392 in
728 5341 785 5392 sole
799 5346 827 5392 et
849 5340 915 5392 luna
956 5339 1092 5409 Loquitur
1103 5354 1169 5403 eruo
1185 5337 1317 5389 uillicum
1330 5337 1439 5388 Patrem
1455 5334 1685 5404 omnipotentem,
1698 5335 1751 5388 ele·

132 5416 245 5481 auteurs
263 5430 337 5481 ltere.
356 5428 477 5491 xstitit,
496 5450 510 5479 n
536 5428 720 5483 tentatorie
742 5431 818 5481 deoru.
835 5429 914 5480 nero·
956 5426 1160 5481 montissirnurn
1182 5441 1247 5478 curn
1268 5425 1411 5495 appelans.
1441 5424 1508 5493 qula
1528 5420 1752 5477 misericordissi-

133 5504 198 5565 ltiin.
213 5516 251 5570 De
266 5518 405 5587 Seraphin
418 5533 540 5588 neroque
554 5517 752 5587 supradictum
771 5522 822 5570 est.
834 5516 914 5569 ‚incia
954 5532 1016 5570 mus
1029 5522 1056 5569 et
1073 5515 1213 5584 piissimus
1223 5520 1275 5568 est.
1288 5514 1417 5567 Clemens
1428 5512 1532 5583 quippe
1547 5512 1658 5577 dieitur,
1671 5514 1750 5583 queri

135 5604 509 5663 “relationeerneelelrent
532 5608 636 5663 Omnes
656 5606 781 5678 praedicti
799 5606 925 5670 ordines¹
953 5604 1027 5658 elem
1043 5602 1204 5688 moussiae
1226 5601 1382 5658 abundans.
1404 5607 1433 5656 et
1456 5601 1519 5655 ideo
1542 5614 1607 5655 sum
1630 5602 1754 5673 sppellet
