3772 6120
162 325 208 381 693
355 328 643 385 ENARRA'I'IONUM
660 330 700 384 ΙΝ
718 329 794 384 EPP.
817 329 923 384 PAULI
943 329 1010 384 tre.
1032 327 1129 382 xxvi.
1151 358 1183 369 -
1207 326 1246 383 IN
1261 327 1372 383 EPIST.
1388 327 1436 382 ΑΙ)
1456 327 1606 389 PHILEM.
1749 329 1799 386 694

325 634 595 763 LIBER
682 633 1171 763 VlCESllllIUS
1265 634 1632 770 SEXTUS.

383 936 661 1015 EXPOSITIO
688 936 746 1011 IN
768 936 1070 1013 EPISTOLAM
1091 937 1165 1011 AD
1191 936 1570 1018 PHILEMONEM.

429 1179 690 1234 ARGUMEN'HJM.
964 1181 1137 1241 Avoluerint
1150 1182 1221 1247 fieri,
1239 1181 1309 1247 erit3
1324 1197 1385 1251 quse
1400 1186 1501 1234 cuncta
1515 1180 1545 1236 in
1559 1197 1609 1234 suo
1622 1179 1721 1237 ordine
1738 1195 1796 1235 ma·

186 1272 217 1329 {A
224 1269 313 1335 νηὸν.)
321 1271 528 1338 Argumentum
539 1269 668 1340 Epistola
678 1285 762 1341 quam
774 1269 808 1321 ad
819 1268 959 1322 Philemo-
1001 1287 1068 1323 nere
1081 1269 1199 1324 volebat.
1216 1269 1296 1324 Unde
1311 1275 1340 1322 et
1351 1268 1526 1339 diligentiam
1541 1266 1678 1324 adhibens
1696 1285 1797 1325 cenve-

141 1373 216 1412 nem
233 1357 338 1412 beatus
353 1358 621 1429 scripsitApostolus
631 1358 770 1412 Paulusin
780 1356 956 1411 bislrabetur.
1001 1360 1135 1425 trientem,
1149 1376 1246 1412 orienes
1262 1358 1368 1429 pariter
1381 1357 1539 1412 instruebat
1556 1377 1561 1413 :
1579 1358 1642 1414 ideo
1653 1363 1682 1413 et
1697 1357 1799 1431 prinei·

140 1446 421 1511 Onesimus‚serrus
432 1447 602 1500 Philemonis
610 1449 652 1518 cuj
658 1447 767 1513 esdram,
780 1446 869 1499 filiolis
879 1452 908 1499 et
918 1464 959 1499 re·
1001 1447 1080 1521 pibus
1090 1448 1277 1521 obtemperari
1283 1448 1374 1518 jubet,
1387 1464 1434 1501 eos
1444 1447 1574 1521 inquiens
1584 1463 1696 1502 omnem
1709 1453 1801 1523 potes·

140 1536 247 1605 ligiosi
264 1536 329 1601 riri,
346 1536 452 1590 malum
464 1536 760 1608 babenspropositurm
776 1535 930 1606 perfugam
943 1553 960 1588 a
999 1543 1114 1591 tatema
1130 1537 1187 1591 Deo
1201 1553 1261 1591 esse
1276 1536 1487 1610 dispositumst
1500 1536 1536 1590 ad
1549 1537 1664 1609 plenum
1674 1535 1800 1611 precipit

139 1641 198 1679 suo
213 1624 352 1679 discessit
366 1625 488 1679 domino.
504 1626 585 1680 Hunc
604 1633 633 1679 et
649 1626 817 1696 procedente
833 1630 959 1697 tempore
1001 1632 1034 1679 ut
1047 1625 1197 1698 unicuique
1211 1625 1337 1679 debitum
1353 1626 1553 1699 persolvamus,
1570 1624 1627 1679 sive
1649 1624 1798 1693 tributum,

139 1730 331 1783 cognoscens
348 1713 447 1768 heatus
474 1713 623 1787 Apostolus
648 1714 681 1767 de
705 1714 787 1767 donro
807 1720 836 1766 et
855 1713 961 1766 laruilia
1002 1715 1058 1768 sive
1073 1715 1200 1786 vectigal,
1218 1715 1273 1769 sire
1300 1715 1440 1779 timorem,
1457 1715 1514 1768 sire
1534 1715 1678 1780 honorem,
1695 1714 1802 1786 plenis-

140 1820 211 1859 esse
228 1804 410 1856 Philemonis
422 1820 485 1857 cum
501 1809 574 1856 esset
590 1803 619 1855 in
639 1802 756 1855 vinculis
784 1802 860 1866 sidit,
878 1818 960 1874 quem
1002 1804 1072 1857 sime
1084 1803 1247 1877 praecipiens
1261 1809 1293 1856 ut
1312 1803 1447 1875 quidquid
1461 1803 1489 1856 in
1509 1802 1635 1859 debitum
1648 1811 1677 1858 et
1691 1807 1800 1861 centra-
1830 1782 1836 1805 ‘

142 1890 285 1948 consiliis
295 1893 354 1947 suis
365 1890 793 1946 etexbortationibusintantum
799 1891 963 1964 piscariam
1002 1898 1079 1947 etum
1098 1892 1217 1947 habetur
1235 1891 1417 1962 persolvatur.
1432 1891 1486 1947 Sed
1502 1909 1593 1965 neque
1613 1893 1648 1947 de
1669 1892 1802 1965 largitate

142 1981 310 2056 pristinam
327 1980 464 2035 malitiam
473 1981 514 2034 sui
526 1980 634 2036 arbitrii
650 1980 821 2050 relinquens,
833 1997 962 2033 resersus
1004 1999 1065 2053 qua
1079 1983 1110 2035 m
1125 1982 1154 2035 in
1168 1998 1306 2054 pauperes
1317 1980 1440 2039 scribens
1455 1982 1620 2053 praeeeptire
1639 1981 1666 2035 id
1682 1982 1744 2040 steri
1756 1983 1800 2052 J'u-

138 2069 244 2127 libero
261 2069 381 2123 arbitrio
396 2086 446 2123 suo
462 2068 669 2140 obtemperaret
684 2069 806 2135 domino,
825 2086 907 2122 omno
925 2069 959 2132 ei,
1004 2070 1059 2131 het,
1072 2071 1121 2124 sed
1138 2071 1237 2123 melius
1260 2087 1319 2124 esse
1339 2070 1509 2127 existimarit
1532 2070 1684 2124 concedere
1699 2070 1755 2125 illis
1769 2078 1801 2124 ut

141 2166 178 2215 ut
189 2157 330 2212 convenit
340 2159 501 2229 persolvens
511 2158 689 2228 obsequium:
700 2175 783 2230 quem
795 2158 909 2229 placans
920 2165 960 2211 at
1003 2160 1196 2231 unusquisque
1220 2159 1355 2233 propositi
1373 2158 1415 2212 sui
1432 2164 1498 2227 agat
1518 2158 1643 2215 arbitrie.
1659 2158 1757 2215 Adhuc
1773 2164 1802 2213 et

144 2265 205 2321 que
222 2249 373 2302 instruens
391 2248 497 2301 remisit
520 2248 554 2300 ad
577 2247 778 2311 Philemonem,
794 2264 849 2300 nen
870 2248 959 2303 solum
1002 2248 1070 2302 illud
1084 2249 1196 2318 adjecit,
1207 2254 1237 2301 ut
1250 2248 1405 2303 secundum
1417 2247 1489 2301 vires
1503 2264 1568 2301 suas
1580 2246 1735 2321 praebeant:
1749 2265 1799 2303 nee

145 2337 302 2408 obsequiis
316 2339 378 2407 ejus
394 2337 525 2391 idoneum
537 2354 600 2390 euru
616 2334 810 2400 exlribcns‚sed
827 2343 855 2389 et
869 2337 959 2409 pieta-
1001 2334 1095 2390 aulem
1107 2337 1214 2409 patitur
1228 2344 1259 2390 ut
1273 2336 1321 2390 elii
1342 2335 1454 2407 quidem
1468 2337 1526 2389 sint
1543 2337 1573 2390 iu
1592 2335 1728 2409 requiem,
1745 2336 1799 2412 ipsi

147 2428 189 2482 tis
215 2442 285 2479 eum
314 2425 419 2479 habere
447 2425 542 2478 docuit
564 2425 749 2496 diligentiam.
767 2425 870 2479 Scribit
893 2442 959 2496 ergo
1001 2425 1121 2496 rerequi
1136 2425 1262 2497 praebent
1272 2425 1391 2497 penuria
1404 2430 1595 2479 conterantur.
1606 2425 1705 2481 Servos
1715 2441 1799 2483 omne

148 2518 228 2570 hanc
242 2515 399 2585 Epistol-sm
416 2514 582 2578 Philemoni,
604 2515 749 2587 postulans
769 2521 800 2567 ut
817 2514 872 2584 ipsi
887 2500 990 2568 One-B
1003 2515 1102 2568 servile
1117 2514 1281 2585 obsequium
1296 2515 1353 2568 suis
1368 2512 1488 2567 dominis
1503 2513 1625 2585 praebere
1645 2514 1799 2570 cumomni

153 2607 240 2663 simo.
258 2621 311 2674 pro
327 2603 428 2673 quibus
443 2603 548 2656 dudum
564 2602 721 2672 deliquerat
735 2603 842 2656 reniam
857 2602 960 2656 tribue·
1000 2603 1127 2675 precipit
1141 2603 1339 2671 sollieitudine,
1350 2603 1406 2657 sire
1421 2602 1522 2673 impios
1531 2601 1723 2667 habeant,sive
1738 2602 1800 2675 pios

156 2701 213 2759 ret,
227 2694 369 2763 reciperet
380 2709 443 2747 eum
463 2693 492 2746 in
506 2692 607 2745 taffeetu
626 2691 661 2744 eb
680 2698 845 2761 praesentem
863 2709 960 2762 prepo-
1001 2693 1139 2747 dominos.
1156 2693 1228 2747 Nam
1242 2698 1271 2746 et
1285 2693 1314 2746 in
1329 2694 1458 2764 presenti
1473 2691 1594 2764 Epistola
1608 2691 1732 2749 scribens
1741 2691 1800 2749 tiro

154 2783 204 2836 siti
226 2784 289 2852 eJ‘us
317 2781 529 2834 correctionem.
547 2781 601 2833 Sed
625 2787 823 2851 argumentum
848 2781 960 2851 quidem
1001 2781 1076 2834 fideh
1094 2787 1121 2835 et
1132 2798 1182 2835 suo
1197 2781 1333 2854 discipulo
1347 2798 1465 2851 magnus
1477 2781 1523 2835 ille
1538 2781 1652 2846 Paulae,
1660 2786 1689 2834 et
1701 2781 1754 2835 hoe
1765 2781 1800 2835 de

156 2870 291 2943 Epistola
301 2872 331 2924 in
346 2870 391 2923 his
406 2869 533 2924 babetur.
546 2871 610 2924 Hae
625 2876 667 2923 est
677 2886 743 2940 ergo
756 2870 862 2924 utilitas
873 2870 958 2924 etiam
1001 2888 1080 2925 sorr-o
1095 2868 1124 2925 in
1137 2870 1246 2925 meliori
1261 2875 1336 2924 statu
1353 2887 1473 2936 reverso,
1490 2876 1518 2924 et
1531 2868 1801 2943 premittente‚quod

156 2957 245 3031 huius
261 2960 392 3031 Epistola
403 2965 538 3018 utomnes
554 2959 640 3029 quiin
656 2959 959 3013 Ecclesiastieahaben-
1000 2960 1033 3012 de
1048 2965 1149 3014 caetero
1165 2960 1273 3030 integro
1288 2957 1404 3014 arbitrio
1418 2959 1569 3015 cumomni
1580 2958 1726 3013 devotione
1740 2975 1802 3015 ser-

156 3053 206 3105 tur
219 3049 373 3114 structione,
387 3049 505 3102 maxime
525 3048 565 3101 illi
584 3049 632 3118 qui
647 3065 765 3118 praeesse
782 3048 910 3101 Ecclesiis
923 3049 959 3100 vi·
1000 3048 1057 3101 viat
1072 3048 1200 3113 Domino,
1212 3065 1268 3102 nen
1279 3048 1360 3119 J'ubet
1374 3054 1406 3101 ut
1418 3048 1543 3102 dimittat
1552 3065 1664 3103 servum
1679 3046 1799 3123 liberum

157 3133 272 3199 dentur,
279 3145 311 3191 ut
320 3138 412 3191 sciant
421 3137 657 3207 quemadmodum
666 3141 793 3208 oporteat
804 3153 886 3207 agere
896 3154 959 3190 eum
1000 3154 1050 3213 per
1063 3137 1171 3190 arbitrii
1197 3137 1414 3192 inumbilitatem
1438 3137 1466 3191 in
1484 3138 1593 3206 melius,
1610 3137 1720 3197 reniam
1734 3154 1800 3191 vero

158 3219 216 3280 illis
226 3227 274 3297 qui
290 3226 372 3281 nobis
384 3227 437 3281 tide
448 3227 540 3297 juncti
556 3231 630 3293 sunt,
649 3227 760 3297 quando
781 3227 824 3279 rel
839 3227 959 3281 maxime
1000 3226 1067 3279 dare
1082 3226 1107 3281 ei
1121 3232 1252 3297 precatur
1265 3233 1376 3280 tantum
1396 3226 1429 3280 de
1444 3225 1499 3280 illis
1512 3244 1573 3297 quae
1588 3233 1653 3281 ante
1668 3243 1800 3301 peecare-

155 3309 194 3366 de
208 3315 330 3386 negotiis
345 3316 440 3385 agitur
454 3316 518 3373 illis,
533 3333 593 3385 qua
613 3315 648 3368 ad
663 3315 725 3368 illos
740 3316 851 3385 proprie
875 3316 960 3387 perti-
1001 3321 1054 3379 rat,
1067 3316 1119 3369 hoe
1133 3315 1193 3368 steri
1210 3332 1274 3368 eum
1291 3316 1380 3371 multa
1402 3316 1526 3385 postulat
1543 3315 1799 3393 supplicationaSi

156 3412 225 3459 nere
240 3406 382 3467 ridentur,
390 3421 509 3477 quorum
519 3405 672 3457 utilitatem
684 3410 749 3458 tunc
764 3404 883 3457 maxime
898 3404 959 3475 quis
1000 3420 1066 3456 vero
1081 3403 1182 3474 aliquis
1192 3403 1226 3457 de
1242 3403 1296 3470 his,
1313 3404 1360 3476 qui
1383 3420 1457 3458 nune
1479 3411 1554 3471 sunt,
1576 3405 1663 3458 talem
1685 3421 1800 3461 eausam

153 3495 263 3554 Poterit
289 3493 457 3565 perspicere,
486 3493 508 3545 si
529 3493 682 3564 respexerit
700 3492 758 3558 illa,
776 3511 836 3565 quae
856 3493 959 3551 nostris
1001 3492 1160 3553 invenisset,
1177 3493 1287 3545 veniam
1302 3493 1415 3565 quidem
1429 3510 1509 3547 servo
1519 3492 1734 3547 dariadomino
1748 3509 1801 3548 nee

151 3580 334 3657 temporibus
348 3600 365 3636 a
380 3582 820 3653 ruultisger·untur.Nuncautem
835 3582 959 3636 sicutin·
1000 3582 1169 3653 supplicaret
1184 3598 1234 3634 nec
1256 3584 1375 3652 peteret,
1393 3581 1441 3634 sed
1465 3598 1529 3635 cum
1555 3582 1645 3637 multo
1665 3581 1800 3641 scriberet

150 3672 315 3732 structores
330 3671 461 3726 utilitatis
475 3671 595 3725 aliorum
617 3671 760 3725 constituti
781 3688 958 3725 eornmonere
998 3670 1127 3741 imperio,
1143 3671 1277 3741 quoniam
1294 3675 1404 3741 oportet
1425 3686 1536 3724 servum
1557 3670 1637 3727 nobis
1660 3668 1715 3725 fide
1730 3672 1798 3744 J'un·

148 3763 284 3818 volemus
299 3778 357 3825 eos,
375 3761 422 3832 qui
437 3760 516 3813 nobis
536 3760 589 3815 fide
607 3759 697 3831 Juneti
713 3766 788 3825 sunt,
809 3759 959 3833 dequibus
980 3766 1087 3845 *etum
1108 3759 1188 3813 etad
1207 3757 1339 3829 pietatem
1355 3763 1454 3829 sponte
1476 3765 1636 3814 currentem
1653 3757 1800 3817 liberaris

145 3852 308 3906 conventre
323 3856 435 3925 oportet
446 3866 509 3904 cum
520 3866 552 3903 eo
567 3848 696 3902 instituto
708 3865 772 3902 eum
784 3866 839 3919 quo
855 3849 958 3904 Paulus
970 3826 990 3883 ὓ
1001 3847 1122 3903 servitio.
1136 3846 1217 3902 Tales
1232 3846 1307 3901 enim
1322 3847 1403 3904 multi
1417 3855 1483 3903 sunt
1493 3849 1638 3919 praesentis
1650 3848 1797 3924 temporis¹

145 3941 212 3994 volt
227 3954 418 3999 summarum
434 3935 625 3990 obsecratione
647 3953 694 3989 eos
718 3935 875 3991 convenire.
895 3937 958 3991 l'lu-
1000 3936 1048 4009 qui
1058 3942 1155 3990 cautos
1169 3954 1199 3989 se
1209 3935 1399 3990 voluntrideri
1414 3936 1477 3994 aliis
1493 3936 1798 4010 oneresaimperandO.

143 4021 215 4083 timi
234 4045 304 4081 xero
319 4027 423 4080 nostris
438 4025 611 4096 temporibus
625 4025 781 4078 nescientes
798 4026 960 4098 quaequali-
1001 4028 1073 4080 Nam
1084 4026 1113 4080 in
1128 4026 1257 4096 prasenti
1273 4026 1398 4096 Epistola
1413 4027 1475 4097 quis
1490 4027 1529 4081 sie
1550 4024 1727 4082 insuadibilis
1745 4032 1798 4096 est,

140 4109 203 4173 ter.
217 4125 250 4171 et
266 4115 381 4187 quando
398 4115 457 4167 steri
469 4114 769 4179 delreant,oxisti1·oant
790 4115 960 4189 cordempla-
1001 4122 1050 4171 aut
1064 4115 1190 4171 animum
1200 4114 1305 4169 habens
1315 4115 1489 4184 induratum,
1505 4115 1553 4191 qui
1569 4133 1626 4172 nen
1644 4116 1800 4173 demiretur

136 4197 228 4261 tloire
257 4204 372 4277 pietatis
396 4210 524 4274 oportere
548 4203 643 4256 omnia
658 4202 802 4272 praesentis
823 4205 959 4274 temporis
1001 4205 1121 4258 Paulum
1130 4210 1189 4262 tam
1201 4221 1335 4275 magnum
1350 4211 1378 4258 et
1390 4206 1569 4279 perspicuum
1584 4206 1739 4278 peremnia
1751 4223 1798 4261 ex-

133 4295 300 4361 confundi,
318 4301 347 4346 et
362 4293 469 4345 nullam
483 4308 542 4344 esse
557 4290 753 4344 discretionem
777 4292 851 4344 inter
865 4309 959 4346 serres
1001 4299 1122 4348 stantem
1137 4300 1165 4347 et
1178 4294 1328 4348 virtutibus
1338 4294 1798 4371 pietatisemnibuspropemodum

133 4386 174 4433 et
193 4384 341 4445 dominos,
352 4381 453 4435 divites
465 4388 492 4433 et
507 4397 661 4453 pauperes:
675 4381 778 4453 eosqui
793 4381 844 4433 suh
859 4381 960 4453 prinei·
1001 4382 1161 4437 hominibus
1176 4383 1389 4457 praecellentem,
1407 4384 1504 4438 ridens
1517 4376 1654 4457 discipulo
1668 4400 1718 4438 sue
1734 4399 1798 4451 cum

130 4474 271 4541 patrous
286 4477 364 4537 sunt,
380 4470 471 4541 etqui
490 4470 639 4543 principari
660 4469 721 4523 aliis
745 4470 892 4523 ridentur:
911 4471 958 4525 sed
1001 4477 1062 4527 teta
1076 4471 1198 4526 seribere
1208 4472 1409 4543 supplicatione
1424 4471 1459 4525 ob
1474 4470 1653 4543 praebendam
1663 4487 1742 4526 servo
1755 4488 1799 4529 ve·

127 4546 207 4616 hoe
222 4563 318 4616 solum
333 4560 387 4613 sibi
403 4566 560 4629 competere
572 4558 782 4618 existimant,ut
793 4576 856 4612 trum
869 4560 958 4613 multa
1002 4561 1089 4627 niam,
1101 4566 1129 4613 et
1143 4560 1194 4613 hoe
1207 4577 1263 4613 non
1279 4560 1404 4630 apostolo
1423 4560 1563 4627 existenti,
1580 4560 1629 4614 sed
1643 4559 1701 4613 vire
1721 4558 1798 4615 fldell
1850 4552 1863 4560 ⁸

122 4651 328 4705 auctoritas
343 4650 378 4703 de
391 4649 435 4701 his
451 4666 511 4719 quae
526 4647 576 4701 sihi
593 4647 723 4700 videntur
737 4648 876 4718 imperent
891 4649 957 4711 illis,
1002 4656 1031 4703 et
1045 4648 1169 4702 moribus
1186 4655 1294 4716 ornate,
1313 4665 1489 4703 communem
1505 4650 1578 4705 hanc
1599 4654 1799 4721 exsequentem

118 4740 253 4794 nescio
267 4739 344 4793 unde
355 4739 426 4791 hane
442 4742 610 4809 potestatem
626 4735 677 4788 sibi
696 4736 875 4790 vindicantes.
889 4738 961 4793 Pau·
1001 4738 1097 4795 ritem.
1109 4737 1181 4793 sicut
1192 4743 1236 4791 est
1249 4737 1277 4790 id
1290 4737 1420 4807 colligere
1436 4755 1468 4791 ex
1478 4738 1533 4792 illis
1544 4737 1644 4813 quibus
1654 4737 1750 4813 scribit
1759 4736 1797 4806 ei,

119 4814 204 4881 lus
218 4845 282 4882 vero
298 4845 314 4880 e
329 4825 469 4879 contrario
485 4825 624 4897 optimum
639 4842 699 4877 esse
715 4824 900 4891 existimabat,
928 4831 959 4879 ut
1000 4843 1064 4880 eum
1079 4843 1163 4879 uxore
1174 4833 1203 4880 et
1217 4826 1285 4892 silio,
1303 4832 1331 4879 et
1350 4826 1462 4896 quidem
1473 4828 1561 4882 etheo
1575 4828 1609 4882 de
1620 4828 1799 4882 serro.Nam·

116 4908 268 4987 ⁸ingula
279 4918 309 4971 in
324 4932 375 4969 suo
386 4922 534 4968 manerent
546 4913 652 4971 ordine.
670 4913 745 4967 salro
760 4913 873 4986 pietatis
892 4931 958 4985 pro-
1001 4933 1054 4988 que
1069 4916 1116 4986 qui
1132 4915 1230 4968 eodem
1244 4920 1370 4986 tempore
1380 4920 1461 4969 eraut
1468 4916 1637 4987 perlecti,ab
1646 4916 1690 4972 his
1704 4912 1799 4971 omni-1

119 5006 453 5062 Positotlndeautem
469 5015 529 5057 erat
543 5003 819 5073 placatus‚quoniarn
831 5002 959 5056 dilleren-
1000 5005 1051 5058 bus
1070 5010 1151 5058 erant
1169 5003 1263 5060 alieni.
1284 5004 1381 5074 ltaque
1401 5005 1512 5060 ridetur
1536 5006 1606 5059 mihi
1627 5004 1663 5059 ad
1682 5005 1735 5058 hoe
1753 5004 1797 5059 rel

123 5084 199 5145 Ua
216 5096 272 5150 hec
286 5096 378 5148 inesse
390 5092 550 5146 hominibus
564 5108 741 5163 nequaquam
751 5096 860 5162 poterat
869 5092 890 5144 si
903 5109 958 5148 non
969 5094 1119 5186 Dmaxime
1131 5094 1283 5166 respexisse
1298 5093 1326 5147 hi
1340 5095 1388 5167 qui
1402 5095 1432 5148 in
1442 5094 1596 5171 primordio
1611 5094 1646 5147 de
1669 5091 1796 5165 legendis

126 5168 235 5237 Deus
250 5202 311 5238 eam
327 5201 388 5238 esse
405 5183 556 5236 voluisset?
569 5183 592 5235 si
610 5187 706 5235 tamon
721 5181 773 5233 hoc
795 5180 892 5233 scisset
911 5181 958 5233 ho-
999 5183 1027 5236 in
1044 5183 1166 5235 Ecclesia
1181 5182 1312 5254 Epistolis
1324 5183 1486 5238 statuebant
1493 5181 1718 5254 jussisse,utista
1729 5180 1795 5254 Epi·

132 5268 282 5327 minibus
300 5271 441 5345 expedire.
459 5272 554 5325 Sciens
564 5288 628 5324 rero
640 5270 707 5322 illud
721 5270 795 5340 quod
811 5269 959 5322 talisdille·
1000 5272 1072 5324 stola
1084 5272 1110 5323 in
1124 5270 1243 5325 Ecclesia
1258 5271 1407 5341 legeretur,
1419 5273 1491 5326 sieut
1505 5278 1534 5325 et
1542 5275 1658 5337 caeterae,
1675 5268 1795 5342 eoquod

139 5362 254 5431 *entia
267 5362 346 5416 nulla
365 5362 393 5414 in
409 5368 487 5431 parte
509 5360 620 5431 pietatis
631 5360 716 5413 laedat
731 5359 878 5415 rationem.
896 5375 960 5411 cum
1001 5360 1063 5430 plus
1073 5376 1157 5431 eptam
1172 5364 1278 5413 ‹faeterae
1298 5361 1427 5432 Epistola
1440 5362 1498 5415 haee
1513 5358 1637 5432 Epistola
1651 5359 1796 5414 humilita-

97 5448 99 5455 '
149 5450 268 5505 roseln
283 5450 453 5505 etdiriteset
469 5466 522 5522 pau
525 5467 614 5521 peres,
625 5456 653 5501 et
663 5448 733 5501 serri
744 5455 772 5501 et
780 5447 870 5509 liberi,
883 5448 905 5500 si
917 5454 961 5501 ta·
1002 5455 1059 5502 tem
1074 5448 1173 5503 docere
1184 5454 1295 5520 poterat
1307 5449 1458 5503 auditores
1474 5450 1548 5503 Nam
1566 5453 1679 5503 nonest
1697 5447 1795 5502 verisi-

161 5540 449 5599 menretintstudere
464 5538 577 5611 pietati:
594 5538 675 5591 sicuti
684 5544 734 5592 ete
750 5537 890 5591 contrario
901 5554 962 5608 pos·
1003 5536 1069 5589 mile
1084 5542 1116 5591 ut
1125 5536 1159 5589 ad
1173 5536 1313 5609 integram
1323 5537 1472 5592 Ecclesiam
1482 5537 1517 5592 de
1526 5537 1702 5611 tammagnis
1713 5552 1798 5611 nege

175 5632 233 5683 *rut
246 5629 314 5684 illud
332 5628 407 5701 quod
422 5628 546 5682 deterius
558 5635 601 5681 est
622 5626 821 5698 praeligere‚si
837 5625 875 5690 ld,
888 5627 962 5696 quod
1002 5625 1050 5679 tiis
1063 5624 1185 5680 scribens
1200 5626 1363 5681 humiliaret
1376 5644 1416 5694 se,
1431 5627 1480 5682 sed
1500 5628 1554 5682 hoe
1568 5631 1612 5681 est
1629 5625 1796 5680 miraeulm
