3772 6120
128 229 197 288 1065
659 231 835 288 omniun.
850 259 882 272 -
902 225 1229 287 succlamatum.

159 356 234 408 Ante
247 352 350 407 secula
362 360 391 406 at
404 353 505 408 muudi
517 354 686 426 principium
927 353 953 413 A

195 443 247 507 Tu,
264 441 349 495 Pater
360 447 465 495 sancte.
480 442 602 512 genuisti
617 443 728 501 Filium.

196 531 250 595 Qui
264 536 357 584 tecum
371 536 472 602 regnat
482 547 545 586 cum
556 520 653 588 saneto
672 532 778 603 Spiritu
790 552 795 598 ;

196 622 302 675 Novem
312 619 400 674 fecisti
415 621 527 675 ordines
542 622 691 692 angelicos.

160 710 270 780 Aspice,
283 709 370 773 Dens,
385 709 420 764 dc
434 711 563 781 supernis
578 711 700 773 sedibus,

195 798 271 863 Quos
284 797 476 853 Deudohedus
490 798 614 854 condidit
625 810 648 866 ⁸,
657 800 807 855 versiculos

195 890 219 942 A
232 886 331 942 mundi
346 887 482 960 principio
493 889 691 960 aprotoplaste

195 977 288 1048 Usque
303 977 332 1032 in
347 977 507 1031 novissimo.

159 1066 248 1120 Adam
263 1067 417 1138 plasmatus
431 1067 521 1137 prima
537 1071 604 1120 retas
618 1066 726 1138 incipit,

195 1155 284 1219 Quem
298 1156 382 1210 draco
397 1156 444 1210 ille
458 1155 652 1211 fraudulenter
664 1155 783 1227 decepit.

194 1244 249 1298 Per
263 1246 325 1300 Erae
337 1250 453 1316 gustum
467 1245 502 1298 da
516 1244 593 1315 ligno
608 1244 714 1312 illicito,

195 1334 230 1388 Et
243 1335 421 1406 expelluntur
432 1334 515 1389 ambo
527 1336 562 1390 de
578 1335 717 1406 paradiso.

158 1422 267 1478 Bellum
283 1424 395 1479 crudele
412 1424 486 1479 inter
498 1424 569 1479 duos
586 1423 705 1496 geritur,

195 1514 264 1569 Cain
279 1515 380 1569 occidit
393 1514 462 1569 Abel
475 1513 536 1569 sine
549 1514 653 1585 gladio,

194 1602 256 1674 lpse
270 1602 411 1658 commisit
424 1603 531 1674 primus
546 1602 736 1669 homicidium,

193 1692 281 1763 Cujus
297 1692 375 1763 origo
391 1692 568 1748 innocentem
583 1691 720 1765 sequitur.
929 1692 952 1752 B

162 1808 258 1869 XXV.
267 1841 308 1854 -
320 1826 432 1871 versos
446 1826 485 1871 aa
499 1824 752 1872 annunrrnrrona
764 1808 879 1870 usura.

193 1923 316 1994 Angelus
328 1923 439 1979 Domini
458 1923 534 1979 venit
545 1923 580 1978 ad
596 1924 752 1996 Virginem,

191 2013 259 2076 Are,
275 2012 374 2080 Maria,
389 2013 526 2068 Dominus
540 2018 633 2068 teutm
647 2019 700 2080 est,

191 2100 278 2156 Beata
291 2102 386 2173 Virgo,
405 2109 434 2157 ct
448 2103 499 2158 Dei
511 2103 644 2174 genitrix.

190 2190 278 2246 Beata
291 2191 375 2262 Virgo
390 2198 418 2247 et
432 2192 483 2247 Dei
496 2192 629 2264 genitrix,

190 2280 258 2344 Quae
272 2282 399 2336 meruisti
414 2287 527 2354 portare
542 2281 703 2337 Dominum.

190 2369 287 2437 Beata,
299 2377 352 2425 etc.

191 2459 275 2514 Casta
288 2465 331 2514 est
340 2459 416 2514 enim
429 2476 541 2532 semper
555 2459 711 2531 virginitas,

190 2546 281 2612 Quam
296 2549 457 2621 supervenit
471 2548 592 2603 coelestis
601 2548 705 2620 gratia.

189 2636 284 2701 Beata,
298 2644 353 2694 etc.
928 2651 950 2710 G

153 2743 228 2799 Deus
241 2743 316 2798 orbis
335 2749 490 2815 reparator,
506 2744 554 2799 lux
568 2750 679 2800 aeternae
691 2746 797 2817 gloriae,

152 2831 231 2895 Mihi.
249 2850 352 2905 quaese,
365 2833 511 2905 poenitenti
524 2833 617 2906 praue
631 2818 695 2906 pius
708 2834 828 2900 veniant,

152 2920 190 2976 Ut
204 2921 318 2977 admissi
330 2922 496 2978 delitescant
510 2923 641 2979 iocinoris
656 2924 771 2991 cumuli,

152 3010 277 3075 Quorum
290 3012 368 3083 gravi
383 3013 457 3067 mole
469 3028 554 3083 cogor
567 3012 676 3068 anxiari
688 3014 798 3088 spiritu,

153 3097 194 3152 En
210 3100 245 3153 ud
260 3099 360 3154 ultima
373 3101 507 3155 coelorum
521 3115 649 3156 nonaum
667 3101 769 3173 dignus
784 3101 875 3159 sidem

153 3187 280 3242 Infelices
294 3205 344 3260 pro
357 3189 467 3244 delictis
480 3189 625 3245 sublevare
639 3191 744 3259 oculos,
941 3254 945 3259 ,

152 3277 212 3332 Nisi
225 3285 257 3332 tu
270 3279 392 3334 clemens
407 3296 533 3334 mearum
549 3279 737 3352 lacrymarum
751 3280 862 3339 rivulos.

154 3366 213 3438 Ope
225 3373 281 3422 tuce
295 3368 409 3439 pietatis
422 3369 547 3440 digneris
560 3369 707 3441 respicere,

155 3456 283 3512 Surrexit
295 3457 424 3513 Christus
438 3475 455 3513 a
468 3476 567 3530 sopore
582 3458 733 3523 dormiens,

191 3545 300 3601 Pronus
315 3548 414 3602 allinus
428 3547 574 3602 suscitarit
587 3552 722 3603 mortuos.

191 3635 281 3690 Morte
294 3636 414 3691 redemit
425 3636 578 3704 hominem,
595 3654 680 3710 quern
693 3637 835 3704 condidit;

155 3723 242 3779 Judas
254 3725 370 3781 tradidit
384 3726 601 3798 Redemptorem
617 3726 720 3793 saeculi,

191 3813 259 3869 Inde
274 3815 381 3886 accepit
392 3815 521 3871 lalsitatis
532 3817 664 3888 pretium,

191 3893 286 3974 Ipsum
299 3904 406 3975 rejecit,
423 3921 454 3959 se
468 3905 615 3976 suspendit
629 3906 738 3977 laqueo.

154 3991 242 4047 ludaei
255 4009 322 4065 erge
335 3994 609 4067 comprehendemnt
621 3994 782 4061 Dominum,
927 4010 951 4068 ῃ

190 4080 225 4136 Et
240 4082 412 4152 flagellatum
426 4083 568 4138 duxerunt
580 4083 608 4138 in
628 4085 801 4155 praetorium,

190 4170 225 4225 Et
238 4177 402 4227 coronatum
417 4173 559 4228 duxerunt
572 4179 638 4227 ante
652 4172 810 4244 presidem,

153 4258 261 4315 Pilatus
276 4277 378 4331 praeses
392 4261 552 4334 inquirebat
565 4261 694 4328 crimina,

189 4348 266 4402 Nihil
286 4349 392 4405 invenit
403 4351 432 4405 in
443 4367 477 4406 eo
489 4350 631 4418 facinoris,

191 4437 320 4493 Christus
332 4440 450 4494 tacendo
464 4440 554 4494 Adam
566 4439 601 4494 de
615 4444 707 4496 morte
726 4439 857 4496 liberans.

1106 351 1197 410 Natus
1211 362 1255 411 est
1268 356 1353 413 hemo
1368 361 1397 416 in
1413 366 1560 428 nrundum.

1178 444 1340 502 Patriarcha
1355 450 1465 514 nolrilis,

1178 533 1319 590 Abraham
1330 538 1379 593 Dei
1391 541 1507 597 amicus.

1178 621 1253 677 Puer
1268 625 1456 693 lldelissimus,

1177 711 1295 769 Hennae
1305 732 1392 772 aurea
1405 719 1440 774 de
1453 721 1550 794 stirpe.

1177 800 1319 859 Oriundus
1334 807 1449 865 exstitit.

1176 890 1201 943 A
1212 908 1268 961 quo
1281 894 1366 965 cepit
1379 895 1568 956 hamanum.

1145 1018 1156 1026 .
1177 978 1320 1036 liiilamari
1335 985 1464 1055 populus.

1105 1068 1229 1124 Gloriam
1244 1071 1370 1128 dieamus
1381 1076 1473 1133 cuncti
1547 1065 1556 1075 ¹

1175 1157 1350 1231 Sempiterno
1366 1164 1495 1223 Domine.

1175 1247 1229 1310 uui
1244 1264 1294 1304 nes
1308 1268 1359 1307 sua
1370 1253 1474 1324 pietate

1175 1335 1252 1391 Fecit
1264 1355 1326 1394 esse
1340 1342 1450 1399 celibes
1466 1363 1471 1396 ε

1175 1423 1264 1480 Simul
1280 1444 1391 1500 quoqne
1403 1432 1564 1502 jubilemus.

1175 1513 1300 1571 Laudem
1312 1517 1471 1590 Unigenito.

1175 1603 1267 1675 Atque
1281 1613 1377 1661 sancto
1392 1609 1545 1675 Paracleto,

1177 1690 1258 1746 Nunc
1272 1710 1395 1764 perenne
1409 1699 1550 1755 saeculum.

1087 1860 1094 1871 Ι
1104 1777 1208 1850 Sophia
1222 1781 1324 1849 Patris,

1175 1868 1288 1925 Christe
1300 1872 1443 1942 magister.

1175 1956 1293 2013 Munera
1308 1959 1411 2031 lingua

1178 2046 1399 2113 llulcianoatraa

1175 2136 1225 2200 Da,
1243 2136 1318 2192 Deus
1332 2145 1431 2194 auctor

1176 2227 1288 2298 lleane
1303 2228 1483 2303 Redemptor.

1104 2314 1219 2370 Semina
1231 2315 1307 2371 uerbi

1176 2404 1283 2476 Sparge
1302 2423 1353 2478 per
1366 2408 1462 2465 orbum

1174 2492 1320 2560 Gentibus,
1333 2502 1366 2550 ut
1375 2502 1403 2551 te

1174 2581 1238 2637 Rite
1246 2590 1380 2639 canentes

1174 2671 1317 2729 Laudibus
1331 2684 1442 2739 ornent,

1173 2760 1255 2816 Lucis
1266 2769 1385 2820 amator.

1104 2846 1220 2903 Psallita
1234 2866 1354 2912 summo,

1173 2936 1286 2994 Psallite
1302 2940 1381 3011 Regi,

1172 3027 1286 3082 Psallite
1299 3029 1377 3095 lecu,

1174 3114 1288 3171 Psallite
1309 3116 1429 3183 Christe,

1175 3205 1288 3262 Psallitc
1306 3207 1378 3271 vive,

1174 3294 1287 3350 Psallite
1303 3313 1378 3361 vero,

1105 3381 1239 3438 llosanna
1255 3384 1284 3439 in
1299 3385 1374 3439 altis.

1173 3470 1307 3525 llosanna
1320 3471 1349 3526 in
1361 3473 1454 3527 astris.

1174 3559 1308 3615 llosanna
1320 3560 1350 3615 in
1365 3561 1449 3623 arvis,

1173 3646 1306 3702 lloaanna
1318 3648 1347 3703 in
1363 3648 1459 3706 undis.

1173 3736 1306 3792 llosauua
1318 3737 1347 3791 in
1362 3737 1434 3801 istis,

1172 3825 1196 3881 0
1215 3825 1301 3890 Dens,
1321 3826 1392 3880 odis.

1101 3911 1198 3970 Gloria
1209 3913 1298 3980 Patri,

1173 4003 1270 4059 Gloria
1283 4011 1359 4072 irate,

1174 4092 1272 4149 Gloria
1283 4100 1380 4149 saneto

1173 4181 1303 4254 Spiritui,
1319 4183 1368 4256 qui
1383 4203 1413 4238 es

1173 4272 1290 4328 Summa
1305 4278 1430 4345 potestas

1174 4361 1332 4433 Sanctaque
1346 4362 1444 4418 virtus.

364 4546 369 4557 .
404 4546 409 4557 .
1058 4496 1166 4558 xxvi.
1184 4529 1221 4540 -
1244 4496 1258 4535 ⁰
1280 4512 1403 4559 ritanus
1418 4512 1456 4557 na
1472 4513 1658 4562 cucurrere.

295 4546 389 4601 Tertio
402 4563 431 4600 m
447 4547 515 4602 llore
534 4546 667 4614 mundus,

330 4635 429 4690 Adhuc
443 4635 511 4691 dum
525 4635 699 4706 pubesceret.

330 4723 361 4777 ln
373 4724 472 4778 decora
484 4724 650 4794 juventutis,

331 4811 469 4866 Secutum
483 4812 701 4883 pulchresceret.

330 4901 421 4972 Atque
436 4900 542 4971 prolem
559 4901 656 4956 subter
664 4919 771 4958 ornnes.

331 4987 400 5042 Late
412 4989 474 5043 eceli
486 4989 624 5045 cardines.

331 5077 522 5132 Germinando
537 5079 697 5150 pullularet,

333 5166 466 5222 Humana
478 5166 604 5223 feliciter.

958 4629 1050 4694 Alma,
1064 4644 1130 4682 vera
1144 4643 1176 4682 ac
1191 4629 1324 4699 praeclara
1340 4629 1459 4684 indivisa
1473 4630 1604 4696 charitas,

994 4717 1085 4781 Quam
1095 4716 1141 4788 qui
1151 4716 1246 4782 babet,
1253 4718 1343 4772 Deum
1350 4724 1427 4772 arnat
1432 4718 1578 4790 diligitque
1586 4719 1755 4790 proximum,

993 4807 1048 4871 Qui
1060 4823 1115 4862 uon
1126 4804 1221 4872 hahet,
1231 4808 1340 4861 nullum
1350 4813 1434 4878 auget
1444 4807 1649 4863 incrementum
1658 4807 1756 4863 venia.

958 4900 1056 4954 bellua
1069 4916 1150 4964 aava
1167 4900 1327 4955 truculenta
1340 4917 1441 4972 nempe
1455 4901 1582 4967 avaritia,

995 4989 1063 5053 Qua
1076 4989 1104 5045 iu
1120 5005 1209 5045 avum
1221 5006 1314 5046 secum
1330 4990 1418 5044 trahit
1431 4989 1483 5045 sibi
1498 4996 1711 5057 consentaneos,

994 5080 1037 5134 Ad
1051 5078 1161 5134 insama
1173 5078 1331 5144 tenebrosa,
1348 5078 1394 5135 ubi
1414 5096 1511 5151 penas
1525 5078 1658 5135 sentiunt.

960 5169 1133 5225 Charitatem
1148 5168 1278 5224 rocitmit
1290 5169 1409 5224 dilectus
1422 5168 1573 5240 Apostolus

616 5264 772 5324 seacula
789 5266 1061 5327 GHRlS'l'OPHORl
1080 5265 1260 5324 Baowual.

581 5431 587 5443 ‚
628 5432 634 5444 ·
960 5364 1056 5448 oculos
1070 5379 1190 5447 peneum
1206 5363 1315 5420 mendis
1329 5362 1506 5446 scatebatet
1522 5363 1605 5421 metri
1618 5363 1762 5449 inconcin-

156 5433 170 5475 t
184 5433 315 5500 Carmen,
326 5438 439 5514 ἄμετρον
449 5431 651 5491 etacrcstrchra
661 5441 705 5490 eat
716 5433 858 5507 alphabeti
878 5451 920 5491 se·
960 5443 1035 5493 nitas
1049 5451 1241 5507 sermonisque
1256 5433 1399 5489 barbaries
1412 5433 1542 5491 dubrure
1553 5434 1759 5496 suadentaurn

119 5515 174 5571 rie.
186 5514 339 5572 Charitatis
356 5532 437 5588 aque
448 5514 523 5573 bona
535 5518 622 5584 atque
634 5515 759 5574 araffite
775 5515 872 5572 sordes
883 5514 920 5572 cb
960 5507 1070 5565 Rabani
1080 5513 1165 5579 partu
1174 5504 1317 5563 numerari
1329 5504 1440 5562 debeat.

155 5363 224 5419 ¹1³0
242 5379 290 5418 sex
310 5363 450 5420 atatibus.
