3772 6120
119 314 201 385 diiii
426 312 747 381 &Mamiliam
759 314 1116 383 &calanticam
1137 313 1465 373 ornavmsaasvru.
1701 310 1768 368 illd

45 450 56 459 ‘
128 440 268 509 immobili
292 438 603 513 pennasublatauec
628 439 761 499 humanis
787 443 1045 512 apparansAmum
1059 439 1236 503 tructum‚ut
1252 439 1447 511 unusquisque
1465 454 1518 511 pro
1532 437 1694 511 capacitate
1719 451 1768 491 saa

129 529 289 605 aspectibus
301 528 448 601 pisciculos
466 529 502 584 de
516 534 596 585 taum
608 528 782 589 sublimitate
797 535 927 585 natantes
968 528 1060 584 dbum
1075 528 1259 583 sufficientem
1273 529 1469 584 sibiinveniat.

129 622 227 683 videns
241 619 375 692 inpelago
383 618 534 690 praedando
543 623 638 689 raptat
647 624 677 673 et
685 619 721 675 ad
730 618 811 674 littus
819 624 927 690 pertra-
1005 638 1017 670 r
1034 618 1070 673 Ut
1083 624 1198 688 sugeret
1207 619 1262 672 mel
1271 618 1306 672 de
1317 624 1399 688 petra
1410 623 1441 672 et
1446 619 1543 673 oleam
1549 617 1589 675 de
1601 633 1672 672 saxo
1681 615 1765 670 duda

120 709 181 776 hit,
195 707 240 767 sic
247 707 420 780 Redemptor
437 712 534 763 noster
545 723 632 778 super
643 723 742 763 omnes
757 707 925 763 coelosercl·
968 707 1078 761 «simo.
1098 727 1110 758 r
1127 707 1191 761 Alia
1204 707 1305 762 editio:
1322 727 1333 758 s
1349 707 1494 762 Soranum
1507 707 1563 761 mel
1577 707 1615 761 de
1634 712 1723 778 petra.
1732 713 1762 761 et

127 802 214 863 tatus,
230 802 259 859 et
272 796 309 861 ab
319 795 450 859 humanis
463 794 622 867 aspectibus
633 796 818 868 corporaliter
829 796 925 862 subla-
965 797 1059 853 oleum
1074 795 1110 850 de
1123 797 1206 851 firma
1225 801 1314 867 petra.
1333 815 1344 848 r
1360 797 1419 851 Sed
1433 812 1575 868 nusquam
1590 796 1648 850 tale
1663 795 1759 867 aliquid

127 892 184 954 tus,
192 887 222 949 in
231 886 330 959 pelago
340 892 437 945 minen
447 886 529 941 istiiu
538 884 637 941 mundi
646 885 802 955 maestatis
810 902 871 942 suaa
879 885 925 941 in·
963 885 1043 955 juxta
1064 885 1212 941 historiam
1226 885 1340 956 legitur,
1355 886 1379 940 si
1392 892 1454 940 tota
1466 886 1644 941 Testamenti
1658 885 1757 942 Veteris

118 976 203 1039 tulta
219 975 304 1039 ridet,
330 992 400 1046 quos
417 991 468 1047 per
486 973 611 1046 praedam
636 973 811 1033 sunmerso
832 980 921 1041 eruat,
963 979 1154 1040 recenseatur,
1164 991 1305 1046 nusquam
1314 975 1349 1029 de
1359 974 1513 1047 petramel¹
1520 991 1665 1046 nusquam
1673 974 1753 1030 olera

118 1071 212 1146 atque
220 1063 260 1125 ad
270 1064 351 1125 littus
363 1071 475 1125 emma
487 1063 669 1123 ,beatitudinis
683 1062 788 1119 amoris
802 1063 847 1118 sui
856 1061 924 1119 inne
964 1064 1000 1118 de
1011 1065 1093 1118 firma
1102 1070 1192 1135 petra,
1205 1064 1247 1118 vel
1258 1081 1323 1118 saxo
1333 1063 1485 1118 dur-maimo
1495 1064 1750 1135 populasillesnrit:

126 1154 261 1215 attrahat.
279 1153 359 1213 Unde
368 1152 467 1225 etipse
479 1152 510 1208 in
524 1151 675 1224 Evangelio
683 1152 742 1207 ait:
758 1171 769 1203 s
786 1151 822 1208 Et
834 1152 924 1222 egosi
965 1153 1013 1208 sed
1028 1153 1094 1223 quia
1105 1154 1187 1223 juxta
1201 1153 1281 1207 Pauli
1298 1169 1408 1208 vocem:
1427 1173 1438 1204 ι
1460 1153 1547 1208 Petra
1561 1160 1625 1207 erat
1638 1153 1749 1209 Christus

124 1243 480 1317 annuntiassem,
495 1241 712 1299 omniatralram
727 1241 762 1297 ad
773 1256 818 1297 me
827 1241 922 1311 ipsum
961 1242 990 1310 (l
1000 1242 1061 1297 dor.
1075 1248 1115 1305 s).
1133 1242 1217 1297 odiel
1241 1242 1276 1295 de
1291 1248 1372 1312 petra
1394 1248 1542 1308 suxerunt,
1567 1242 1615 1314 qui
1639 1243 1745 1312 ejusden

125 1332 284 1409 (rocam).
302 1354 314 1385 r
332 1331 427 1409 euros
440 1330 727 1397 suos‚hocest‚tilios
741 1331 922 1403 pergratiam
962 1330 1157 1401 Redemptoris
1179 1331 1267 1385 nostri
1295 1330 1369 1385 heta
1398 1337 1428 1385 et
1461 1331 1601 1386 miracula
1624 1331 1742 1389 viderunt

125 1421 301 1493 baptismatis
314 1419 367 1476 sibi
380 1425 494 1481 renatos
506 1419 593 1475 radiis
602 1419 670 1475 solis
683 1419 780 1474 aeterni
794 1435 846 1490 per
854 1436 922 1475 con·
964 1419 1064 1477 Oleum
1078 1436 1144 1475 vero
1158 1419 1193 1474 de
1207 1420 1290 1474 lirma
1304 1425 1384 1491 petra
1402 1426 1550 1475 suxerunt.
1567 1420 1617 1492 qni
1629 1420 1742 1477 dudae

124 1510 337 1588 complectionem
357 1508 463 1580 obiicit,
484 1513 513 1564 et
535 1525 606 1580 quos
628 1507 729 1564 viderit
747 1513 922 1564 constantem
964 1508 1086 1580 Spiritus
1109 1509 1198 1563 sancti
1213 1516 1276 1580 post
1295 1509 1530 1563 resurrectionem
1546 1510 1609 1581 ejus
1624 1510 1740 1581 ungine·

116 1599 295 1659 -inintuendo
309 1598 413 1655 habere
424 1598 512 1653 aciem
524 1597 635 1664 mentis,
647 1613 698 1654 seu
707 1596 867 1668 dignossuo
875 1615 923 1669 ge·
963 1603 1091 1653 ruerunt.
1103 1598 1188 1662 Quasi
1199 1614 1265 1669 ergo
1274 1597 1304 1652 in
1312 1600 1396 1652 lirina
1404 1604 1486 1670 petra
1495 1599 1551 1652 mel
1561 1599 1739 1670 deditquando

124 1705 193 1747 nere
206 1687 408 1761 perpetualiter
423 1692 530 1743 servat:
547 1687 572 1743 si
582 1703 652 1758 quos
661 1703 726 1741 vero
737 1687 773 1741 ad
779 1686 836 1743 ima
846 1693 876 1742 et
886 1689 921 1742 ad
963 1686 1055 1742 adhuc
1068 1687 1195 1753 mortalis
1210 1687 1345 1742 Dominus
1359 1688 1563 1743 miraculorum
1572 1689 1737 1744 suorumdol·

123 1778 249 1836 carnalia
257 1777 397 1833 desideria
404 1775 534 1831 obtutum
548 1776 652 1833 mentis
662 1776 807 1831 reflectere
814 1762 1087 1849 mnspi-Boedinen
1103 1776 1246 1847 discipulis
1260 1776 1384 1830 ostendit
1410 1778 1465 1831 Sed
1477 1778 1560 1832 firma
1578 1784 1658 1849 petra
1668 1779 1736 1833 oleon

122 1867 238 1933 cithos
250 1866 329 1938 quasi
340 1866 492 1936 degeneres
504 1865 619 1936 abjicit:
639 1866 668 1923 in
684 1865 772 1936 petris
787 1871 922 1922 autemst
960 1865 1043 1931 fudit,
1060 1865 1128 1937 quia
1150 1872 1214 1936 post
1239 1865 1483 1920 Resurrectionem
1504 1883 1588 1921 suam
1603 1868 1736 1940 sactusjsn

122 1954 271 2014 arboribus
281 1955 339 2011 hec
348 1955 443 2026 aquila
453 1954 589 2021 nidificat,
602 1953 668 2026 quia
680 1971 750 2025 quos
759 1954 856 2010 firmos
866 1955 921 2012 ude
961 1953 1141 2026 impassibilis
1156 1971 1207 2026 per
1218 1954 1392 2010 afflationem
1405 1956 1530 2026 Spiritus
1544 1957 1648 2012 donum
1658 1963 1735 2013 saneta

121 2048 152 2101 et
169 2042 371 2101 bucfisscaatas
381 2043 532 2099 vnmnbus
546 2043 655 2115 aspicit,
667 2044 698 2100 in
713 2044 754 2099 eis
766 2043 920 2115 spiritualia
960 2044 1102 2099 unedonis
1126 2043 1276 2100 emanavit.
1303 2044 1344 2098 De
1358 2045 1410 2100 hoc
1425 2061 1539 2117 quoque
1555 2046 1617 2101 oleo
1631 2062 1677 2118 per
1686 2063 1733 2118 pro

120 2133 258 2205 germinis
271 2132 471 2195 fecunditatem
486 2132 569 2203 parit,
585 2131 679 2205 ibique
693 2149 807 2205 ganum
820 2133 921 2189 illast·
961 2135 1075 2205 phetam
1091 2132 1211 2189 dicitur:
1232 2152 1242 2181 s
1261 2134 1465 2203 Conputrescet
1475 2135 1578 2205 jugum
1593 2153 1611 2189 a
1624 2135 1685 2190 sarie
1695 2135 1732 2190 olei

122 2239 177 2296 que
203 2221 358 2293 margarita
372 2221 575 2295 pretiosissima
589 2222 723 2287 nascitur,
742 2238 827 2293 quam
840 2238 921 2278 saner
960 2223 1026 2290 (lca.
1042 2225 1080 2290 x),
1097 2242 1109 2272 r
1125 2220 1178 2276 sub
1197 2223 1266 2293 jugo
1280 2222 1382 2293 quippe
1396 2223 1569 2278 tenebantur
1583 2224 1731 2279 daemoniace

115 2311 264 2383 Evangelii
289 2316 383 2368 textus
405 2316 504 2386 narrat
517 2310 723 2381 negotiatorem
742 2311 918 2382 spiritualem
959 2310 1170 2378 dominationis,
1187 2311 1235 2367 sed
1249 2312 1326 2366 uncti
1340 2327 1438 2367 sumus
1453 2312 1514 2367 oleo
1526 2313 1645 2384 Spiritus
1657 2313 1730 2375 sanct

120 2400 251 2459 omnibus
266 2400 394 2472 pecuniis
406 2400 466 2457 suis
480 2399 600 2455 venditis
612 2398 726 2455 sibimet
743 2416 916 2472 comparare.
960 2406 990 2456 et
1003 2400 1130 2471 quianon
1146 2400 1239 2471 maha
1253 2400 1392 2455 libertatis
1402 2402 1490 2466 unxit,
1500 2401 1730 2458 dominationisdr·

118 2490 303 2556 Quodam
312 2488 407 2560 aquda
417 2495 539 2545 rostrum
549 2489 844 2560 superfluuminpetra
852 2495 918 2545 tun·
960 2489 1095 2545 moniacae
1107 2490 1209 2560 jugum
1218 2491 1336 2560 putruit.

119 2579 171 2646 dit,
196 2585 282 2650 atque
300 2578 345 2635 ita
365 2578 487 2651 priorem
514 2578 629 2633 modum
644 2578 760 2644 reducit,
780 2579 920 2650 significat
998 2598 1009 2630 s
1027 2579 1165 2650 Butyrum
1173 2579 1208 2633 de
1217 2584 1346 2634 armento
1356 2584 1386 2633 et
1397 2579 1441 2633 lac
1451 2580 1486 2634 de
1497 2579 1662 2635 ovibuscum
1669 2578 1726 2650 adips

119 2668 196 2739 quod
208 2666 298 2724 sancti
312 2666 365 2721 viri
385 2666 521 2738 quidquid
536 2667 567 2722 in
582 2667 792 2723 conversatione
805 2685 857 2723 sua
870 2685 919 2724 su·
961 2686 976 2720 s
992 2684 1128 2738 agnorum
1144 2675 1174 2723 et
1187 2668 1308 2723 arietum
1320 2669 1443 2724 liliorum
1452 2669 1589 2735 Basau‚et
1598 2669 1725 2724 hirnscuu

122 2753 372 2829 massaummcsibi
386 2756 501 2811 noxium
511 2756 687 2828 conspiciunt
695 2756 869 2813 allidendum
882 2757 919 2814 ad
963 2775 975 2808 ι
993 2757 1117 2813 medulla
1140 2756 1226 2813 tritici
1241 2764 1270 2813 et
1292 2758 1429 2830 sanguine
1443 2776 1513 2814 uvae.
1531 2778 1546 2813 r
1567 2759 1631 2814 ntis
1648 2757 1723 2813 edito:

121 2849 234 2916 petram
239 2844 385 2903 Christum
393 2843 584 2916 confringunt,
600 2850 686 2917 atque
695 2851 786 2902 semet
799 2863 919 2918 pergra-
962 2865 974 2897 r
991 2845 1129 2918 Butyrum
1140 2846 1225 2902 bourn
1238 2852 1266 2902 et
1281 2848 1323 2902 lac
1338 2847 1430 2902 ovium
1447 2865 1512 2903 cum
1524 2848 1606 2920 adipe
1619 2861 1723 2920 Quian

119 2933 191 2992 dnn
213 2937 243 2991 et
262 2949 313 3006 per
333 2933 459 3008 studium
473 2933 578 2990 bonum
596 2935 811 2993 renovantesad
825 2936 919 3008 pristi-
959 2935 1116 2991 sinuatum
1128 2935 1252 2991 illiorum
1262 2936 1723 3007 taurorumethircorurncumsdipc
1766 2916 1768 2949 ¹

119 3039 189 3081 num
199 3021 326 3083 officiam
337 3022 449 3091 habiles
464 3022 595 3079 reddunt.
958 3023 1079 3091 renium,
1095 3024 1180 3081 triciti
1195 3031 1224 3080 et
1236 3024 1372 3096 sanguiue
1389 3043 1458 3080 uvae.
1475 3047 1486 3078 s
1509 3028 1575 3082 blac
1596 3028 1656 3082 licet
1668 3028 1723 3096 jurii

160 3102 176 3165 r
185 3111 326 3169 Dominus
337 3111 415 3168 solus
428 3111 484 3167 dux
492 3113 553 3183 ejus
561 3112 623 3184 fuit,
635 3117 664 3168 at
673 3119 797 3168 nouerat
806 3130 871 3169 cum
884 3131 918 3170 eo
928 3085 1106 3169 Chistoriam
1121 3113 1296 3169 fertilitatem
1312 3119 1394 3168 terrae
1403 3115 1685 3175 Chanaaninsinuent.
1696 3119 1722 3166 ta

122 3201 227 3258 «Dans
241 3201 362 3275 alienus.
378 3218 392 3255 r
407 3200 471 3257 Alia
482 3200 584 3257 editio:
602 3221 613 3253 r
628 3202 766 3257 Dominus
781 3203 857 3258 solus
866 3203 917 3259 do·
958 3218 1024 3259 men
1038 3201 1130 3258 altiori
1144 3218 1228 3258 seusu
1240 3203 1340 3273 gratia
1354 3204 1459 3259 Christi
1470 3202 1723 3260 demonstrantibu-

119 3289 263 3363 cabctacs
277 3294 369 3349 maon
384 3294 522 3346 eratcmn
538 3289 919 3348 eisnensslienus.»t1nni-
959 3292 1095 3359 dentiam,
1116 3307 1201 3363 quam
1224 3299 1322 3348 sancta
1337 3293 1462 3348 Ecclesia
1484 3310 1603 3350 munere
1616 3289 1722 3364 largitoris

27 3448 32 3457 .
119 3379 223 3436 mum
238 3379 368 3451 estquod
382 3395 456 3437 unus
470 3383 500 3435 et
514 3378 590 3435 solus
599 3380 676 3436 Dens
689 3381 777 3437 Israel
790 3381 918 3455 dedigy-
959 3381 1004 3437 sui
1018 3380 1134 3452 accepit.
1145 3380 1283 3453 Butyrum
1299 3380 1334 3435 de
1344 3388 1473 3437 armento
1484 3383 1624 3450 tulerunt,
1639 3379 1722 3454 quiple

119 3474 168 3541 pta
192 3466 333 3535 diberarh,
354 3473 384 3527 at
408 3484 465 3524 non
485 3467 561 3523 idola
587 3467 667 3536 salsa,
688 3485 750 3541 qua
770 3470 919 3526 coluerunt
959 3469 1116 3526 citudinem
1132 3469 1198 3527 iidei
1212 3470 1247 3525 de
1266 3470 1400 3543 exemplis
1413 3472 1636 3543 patriarcharum
1648 3470 1722 3525 ‹lidioe

119 3556 254 3630 Egyptii,
277 3556 317 3614 aic
334 3561 363 3613 et
379 3557 409 3613 in
432 3556 576 3627 ereptione
606 3563 703 3612 nostra
724 3558 759 3613 de
777 3559 919 3629 spirituali
959 3565 1035 3625 runt,
1052 3565 1081 3614 at
1094 3558 1136 3613 lac
1150 3558 1186 3613 de
1206 3558 1302 3613 ovibus
1325 3566 1468 3630 oeperunt,
1486 3561 1535 3632 qui
1550 3561 1722 3633 simpliciani

119 3646 240 3720 Egypt)
252 3662 312 3704 non
322 3645 498 3717 diuaqnarn
512 3645 589 3700 idern
602 3646 678 3702 Deus
694 3647 817 3717 quiolim
831 3649 920 3703 lsrae-
960 3647 1072 3712 mentis,
1087 3649 1146 3702 sive
1161 3647 1324 3703 facilitatem
1344 3648 1478 3704 doctrina
1492 3650 1528 3704 de
1541 3649 1674 3706 innocenti
1688 3646 1723 3700 rita

120 3735 186 3791 litas
200 3734 315 3810 eripuit,
326 3732 414 3794 Pater
428 3733 566 3799 videlicet,
583 3741 612 3790 et
624 3734 722 3799 Filius,
739 3741 768 3789 at
798 3736 920 3807 Spiritus
960 3736 1077 3796 Parnm
1098 3736 1133 3791 ad
1160 3737 1374 3792 edificationem
1388 3738 1432 3793 sui
1450 3746 1639 3811 sumpserunt,
1654 3737 1723 3793 etis

121 3828 320 3883 mansuum
334 3829 363 3879 et
372 3823 463 3881 trinrrs
472 3839 592 3894 magnus
601 3829 631 3878 et
641 3824 819 3895 omnipotens
832 3825 918 3893 Deus,
960 3840 1024 3881 cum
1040 3826 1121 3896 adipe
1135 3841 1274 3895 agnorum
1289 3831 1318 3880 et
1336 3827 1468 3891 arietum,
1486 3828 1541 3883 hoc
1555 3835 1608 3896 est,
1620 3843 1676 3882 eum
1686 3824 1725 3897 pir

121 3913 169 3985 qui
189 3929 241 3985 per
261 3912 485 3970 incarnationem
498 3913 565 3969 iesu
580 3913 684 3968 Christi
698 3913 811 3968 Domini
830 3915 919 3970 nosni
959 3913 1080 3986 guedine
1094 3914 1239 3969 charitatis
1254 3916 1447 3986 apostolorum
1458 3922 1487 3972 et
1501 3934 1610 3982 eorum,
1622 3909 1725 3989 quosipe'

121 4002 221 4059 mlutis
243 4008 347 4059 nostra
364 4000 451 4057 efficit
465 4002 642 4073 mysterium,
658 4002 734 4058 unde
750 4009 921 4074 cognoscant
960 4004 996 4059 ad
1014 4003 1099 4059 tidem
1118 4003 1285 4067 imbuerant,
1304 4004 1339 4059 ad
1362 4005 1546 4061 relectionem
1570 4008 1666 4062 mentis
1688 4014 1725 4057 nrt

120 4089 256 4158 haretici,
271 4106 357 4163 quam
371 4090 571 4146 miserabiliter
584 4107 601 4145 a
619 4107 686 4146 vera
700 4092 755 4146 lida
776 4093 919 4149 deviantes
960 4098 1146 4166 perceperunt
1157 4112 1163 4160 ς
1175 4092 1296 4148 arietum
1307 4094 1380 4148 enim
1391 4095 1504 4150 nomine
1514 4097 1633 4168 apostoli
1646 4102 1670 4150 et
1681 4103 1725 4162 apt

121 4183 226 4244 amant,
242 4194 306 4237 curn
321 4195 351 4234 se
366 4196 416 4250 per
427 4179 580 4234 schismata
590 4179 627 4234 ab
640 4180 763 4236 Ecclesia
777 4182 920 4238 Catholica
960 4182 1065 4238 stolicae
1079 4181 1224 4253 dignitatis
1250 4182 1301 4236 viri
1315 4184 1509 4254 designantur,
1528 4186 1596 4256 quis
1608 4186 1656 4258 ipsi
1668 4183 1726 4238 duca

121 4273 310 4340 sequestrant,
326 4268 375 4340 qui
394 4275 464 4340 quot
484 4268 636 4337 erroribus,
655 4275 699 4324 tot
711 4270 794 4325 idolis
807 4269 919 4326 obnoxii
960 4279 1027 4326 sunt
1035 4272 1131 4342 gregis
1150 4271 1210 4326 Dei.
1226 4271 1306 4326 Unde
1321 4271 1424 4327 dicitnr
1437 4274 1467 4328 in
1486 4275 1609 4345 psalmo:
1623 4295 1636 4324 u
1652 4272 1726 4328 Adsit

122 4363 199 4419 tunt·
270 4418 277 4431 ,
960 4359 1327 4427 Domino,iiliiDei‚aderte
1337 4356 1725 4432 Dominosrliosariebrmffal·

159 4445 341 4507 essonshtuit
356 4460 422 4501 eum
435 4461 523 4517 super
536 4445 674 4501 excelsam
686 4451 803 4515 terram,
821 4454 854 4503 ut
872 4421 952 4504 οο-Ῑ)
963 4454 1070 4517 xxvrn).
1089 4470 1100 4501 ι
1116 4449 1197 4514 Quod
1212 4456 1307 4504 autern
1323 4450 1543 4521 subJ‘ungitur,‹
1564 4454 1677 4508 thorun
1692 4446 1726 4501 Bt
1765 4414 1768 4457 Ι

122 4533 248 4605 rmedat
261 4534 369 4594 humus
383 4547 528 4606 agrorum.
545 4534 635 4591 »hin
649 4535 755 4592 editio:
773 4557 784 4589 ι
800 4537 924 4605 Adduxit
962 4555 1024 4607 san,
1047 4557 1060 4593 r
1089 4539 1126 4593 ad
1140 4539 1271 4595 eumdem
1290 4539 1413 4611 pertinet
1434 4558 1559 4607 sensum,
1576 4542 1639 4614 quia
1663 4540 1727 4594 Bari

123 4640 172 4683 eos
192 4625 225 4679 in
243 4623 439 4699 ronnunnen
458 4628 551 4692 terra,
571 4624 675 4680 cibavit
694 4643 741 4680 eos
761 4627 921 4682 nascentias
961 4627 1103 4700 pinguedo
1116 4628 1330 4700 interpretatur,
1344 4630 1397 4684 filii
1410 4630 1487 4685 enim
1497 4630 1669 4702 pinguedinis
1676 4626 1729 4682 suni·

2 4760 5 4767 .
122 4729 288 4785 agrorum.»
303 4714 559 4772 Excelsamterram
568 4715 739 4770 Palesunnm
755 4722 843 4783 vocat,
855 4717 922 4788 quia
962 4717 1010 4789 qui
1024 4717 1179 4789 disciplinis
1193 4719 1262 4772 Novi
1276 4718 1449 4774 Testamenti
1468 4720 1592 4775 instituti
1613 4725 1680 4778 suut,
1699 4703 1732 4766 nbi

121 4802 159 4864 so
172 4801 411 4875 comparationem
426 4808 509 4859 terra
524 4803 647 4876 AEgyptr‘,
668 4819 730 4875 quae
745 4805 831 4876 plana
843 4811 872 4860 et
884 4805 922 4860 in
962 4807 1086 4863 seientia
1095 4806 1245 4862 multitudo
1259 4814 1288 4862 et
1302 4808 1437 4863 virtutum
1449 4810 1615 4880 magnitudo
1624 4798 1736 4864 consisit-

120 4893 205 4964 n'gua
217 4896 270 4959 aa,
291 4896 442 4949 montuosa
460 4897 490 4949 et
504 4907 604 4963 aspera
618 4892 747 4960 videtur;
769 4911 831 4965 quae
845 4895 924 4950 torti·
965 4895 1063 4953 Potest
1080 4903 1110 4951 et
1123 4895 1202 4962 illud,
1228 4897 1302 4968 quod
1320 4897 1350 4951 in
1362 4896 1420 4951 alia
1431 4898 1557 4953 aditione
1571 4899 1679 4970 legitur,
1690 4883 1742 4949 eil·

123 4980 253 5053 tudinem
264 4979 359 5047 babet,
382 4979 448 5051 quia
466 4995 524 5036 non
545 4979 648 5036 sterilis
660 4981 710 5036 sed
723 4981 868 5039 uberrima
880 4990 924 5040 est
965 4984 1069 5040 liorum
1081 4990 1236 5052 taurorum,
1255 5008 1268 5038 n
1284 4985 1319 5040 ad
1344 5002 1494 5057 personam
1516 4987 1648 5043 similiter
1661 4980 1750 5042 reteri

123 5069 351 5144 adprcterendns
364 5069 472 5125 huntus
485 5074 568 5126 terra
578 5070 609 5125 in
622 5070 802 5127 saturitatem
817 5072 925 5129 habita-
965 5075 1166 5146 prophetarum
1184 5081 1213 5128 et
1237 5075 1437 5146 apostolorum,
1453 5092 1505 5131 nee
1519 5092 1576 5132 non
1598 5083 1627 5131 et
1643 5066 1758 5150 dora?

122 5163 217 5237 amn
235 5156 321 5217 illius.
337 5157 436 5222 Aliter,
449 5159 558 5215 excelsa
573 5164 650 5215 terra
664 5166 816 5227 sanctaest
831 5162 924 5218 Eccle-
965 5169 1126 5219 sanctorum
1147 5162 1304 5231 doctorum,
1333 5164 1400 5236 quic
1422 5165 1463 5220 illi
1477 5165 1563 5220 duces
1584 5173 1652 5222 suut
1668 5152 1764 5238 grc6i

124 5248 176 5314 tie,
183 5263 245 5320 quae
255 5247 407 5307 uirtutibus
421 5254 451 5303 et
464 5248 581 5306 scientis
592 5249 721 5306 sublimis
730 5257 775 5306 est
791 5252 880 5318 valde,
896 5259 926 5309 et
966 5253 1027 5318 Dei,
1043 5258 1072 5308 et
1082 5253 1218 5309 armentis
1231 5253 1425 5325 spiritualibus
1439 5261 1576 5326 praesunt,
1593 5273 1626 5311 er
1644 5240 1768 5329 quor1⁸¹

122 5334 261 5399 banorum
276 5352 394 5409 opernm
416 5337 544 5408 germine
566 5337 749 5395 fertilissima.
772 5339 814 5397 Ibi
828 5341 924 5397 tideles
965 5342 1237 5398 videlicetdoctrinis
1247 5343 1308 5414 ipsa
1322 5343 1463 5414 accipiunt
1476 5360 1575 5400 semen
1588 5346 1674 5413 verbi,
1688 5315 1768 5401 aad*

122 5424 227 5496 quique
241 5425 387 5485 conranni
398 5427 801 5500 comedunttructusagrorum
814 5430 925 5503 spirita-
966 5429 1050 5487 foetus
1066 5429 1204 5485 bonorum
1218 5432 1326 5502 possint
1340 5432 1464 5503 proferre
1478 5449 1612 5503 operum:
1630 5453 1680 5492 uec
1689 5405 1768 5499 stiffi

120 5511 202 5573 hun,
218 5511 284 5583 quia
311 5513 351 5573 ibi
371 5515 515 5583 germinat
530 5516 633 5583 bonurn
649 5535 746 5574 semen
762 5519 837 5574 verbi
857 5519 917 5585 Dei,
963 5519 1076 5577 ciebant
1094 5521 1152 5576 hac
1178 5521 1261 5586 dona,
1278 5521 1332 5576 nisi
1360 5522 1533 5577 adderentur
1547 5530 1577 5578 et
1592 5524 1671 5579 hirci.
1687 5509 1768 5578 nid

122 5599 390 5681 manicatum.
401 5601 479 5664 aliud
492 5605 708 5676 mragesimum,
719 5607 797 5683 aliud
804 5609 922 5667 waioa-
962 5608 1038 5667 euim
1045 5610 1166 5681 figuram
1175 5611 1373 5685 paenitentiam
1383 5610 1500 5680 babent,
1515 5612 1643 5688 quiapro
1652 5604 1765 5688 penculi
