3772 6120
125 259 174 316 iti
347 260 638 318 nummularius
656 262 696 318 IN
715 263 791 319 EPP.
813 262 920 320 nsum
942 263 1011 319 ula.
1030 263 1090 319 XX.
1106 292 1139 307 ·-
1159 262 1200 319 IN
1218 262 1329 319 EPIST.
1348 265 1398 321 AD
1415 267 1541 324 mass.
1717 261 1769 335 ibt)

126 387 195 440 scitis
208 389 347 455 qnoniam
361 388 538 456 inbocpositi
550 404 656 441 sarnus.
678 389 712 442 Et
725 389 799 442 unde
812 390 959 453 sciunttA
1256 446 1260 454 ,
1275 392 1393 446 CAPUT
1411 392 1458 447 Ill.

130 474 193 531 dom
216 477 331 544 quondo
350 493 462 531 cremiis
477 478 553 545 opud
564 493 609 531 cos
618 480 836 546 praedicebamus
851 482 923 533 cobis
964 482 1158 548 Increpmtsaos
1168 483 1201 534 de
1213 483 1280 535 cilio
1294 483 1500 548 sorrricationin
1516 485 1686 554 cupiditatis,
1703 491 1769 544 otio·

132 580 249 633 passuros
277 581 327 619 nos
353 568 572 620 tribulationem.
589 565 666 620 Sicut
678 572 701 620 ct
716 568 822 634 factm
836 574 882 633 est,
899 575 924 623 ct
1052 572 1144 623 sitatis
1158 575 1184 623 ct
1198 572 1377 625 immoderati
1390 573 1480 625 luctus
1491 578 1676 631 rreortaorum.

135 656 204 708 scitis.
215 652 256 707 Ex
275 654 380 725 quibus
395 662 424 709 et
441 655 555 727 praedixi
569 655 656 720 vobis,
669 657 781 727 quando
800 657 924 727 negotio-
1000 659 1037 713 lte
1049 663 1152 723 cateno,
1165 660 1279 726 scotres,
1298 674 1429 726 roquerius
1439 677 1484 713 vos
1501 667 1525 715 et
1549 664 1720 721 coronamus
1734 671 1767 724 in

138 759 185 799 rm
198 743 405 814 impedimenta
420 745 530 799 &tana
549 761 610 798 esse
630 744 830 816 impedimenta
853 747 924 800 dixit
964 747 1150 801 bonrinolcsn
1168 750 1242 801 sicul
1256 751 1397 817 accepistis
1411 765 1428 801 a
1443 751 1520 803 nobis
1532 755 1765 818 quemadmodum

140 832 241 896 domm,
256 838 287 887 et
300 833 415 904 quidem
426 838 454 887 et
467 850 537 905 opus
552 833 732 889 subsecutum
745 837 797 889 est.
963 838 1105 889 mesocniot
1120 853 1164 889 vos
1179 839 1333 897 arribalore,
1349 842 1372 891 ct
1384 840 1552 905 placercllso
1579 845 1609 894 ul
1619 843 1764 900 abundetis

167 923 267 993 Propter
291 923 341 975 boc
358 928 382 975 et
404 939 450 990 eqo
460 927 521 992 jann
547 926 665 977 sollerius
688 941 745 977 nort
772 927 920 978 susstinens.
963 927 1052 991 asapia
1067 924 1184 991 (tenor.)
1211 925 1337 979 Diximus
1362 932 1391 980 et
1407 926 1436 979 in
1457 934 1625 998 argumento
1644 931 1762 1000 dudum,

145 1013 227 1067 luem
235 1011 564 1066 assumitillamcausam
578 1012 673 1066 dicens
683 1012 718 1066 ob
733 1030 817 1083 quam
831 1013 922 1067 Timo·
963 1013 1096 1084 quoniam
1109 1013 1272 1068 Timotheus
1286 1032 1304 1068 a
1318 1015 1516 1070 Thessalonica
1539 1034 1666 1074 reversus
1689 1036 1762 1077 nun·

146 1100 219 1155 mum
228 1099 357 1154 miserat.
365 1102 431 1154 Misi
440 1102 695 1169 adcoqnosccndam
703 1103 784 1170 tidem
792 1107 920 1168 cestram,
962 1101 1108 1156 tiaratsibi
1124 1103 1288 1157 firmitatem
1302 1103 1366 1157 lldei
1381 1120 1478 1158 eorum
1494 1122 1579 1176 quam
1588 1106 1617 1161 in
1631 1125 1761 1179 persecu·

147 1190 482 1256 nlorletcntooeritsosis
496 1192 922 1259 qaitcntotetincaisptotlabor
962 1190 1047 1245 tionis
1061 1191 1226 1246 necessitate
1253 1192 1428 1249 incurrentes
1453 1194 1616 1251 inviolatam
1634 1213 1763 1255 semare·

149 1282 215 1333 mter.
229 1277 302 1342 Quid
317 1295 385 1350 ergo
404 1279 570 1349 cognovistis
585 1296 618 1333 eo
646 1281 823 1334 revertente?
841 1281 922 1335 Nosne
962 1285 1038 1345 runt,
1055 1297 1172 1335 necnon
1186 1282 1299 1351 etquod
1325 1281 1381 1336 sint
1405 1282 1500 1353 aliqua
1513 1285 1589 1355 apud
1615 1285 1678 1341 illos
1700 1305 1762 1359 quas

150 1372 213 1420 ntem
228 1369 352 1421 metiente
368 1368 504 1421 Timotheo
521 1369 557 1421 od
571 1371 739 1422 noscentis
766 1373 790 1422 ct
808 1385 921 1423 onnan·
961 1369 1133 1424 correctione
1153 1369 1299 1440 indigeant
1315 1388 1320 1422 :
1338 1371 1435 1425 scribit
1448 1389 1514 1442 ergo
1530 1373 1595 1428 hine
1609 1375 1762 1446 Epistolam

151 1458 210 1508 lionis
223 1456 298 1509 nobis
313 1456 395 1522 Μινη
406 1461 429 1508 cl
440 1457 735 1522 charitate-moesticia,
748 1462 773 1511 ct
787 1460 920 1525 qrroniarn
960 1458 1110 1528 Apostolus
1123 1458 1213 1511 odilla
1225 1458 1349 1528 quaesibi
1360 1459 1611 1516 nuntiatatueraat
1627 1479 1645 1516 a
1667 1463 1762 1521 Timo·

150 1544 392 1597 htlismonoriam
403 1550 528 1600 nostram
541 1548 640 1599 mnaso
650 1562 755 1615 scrispcr
763 1548 921 1600 desideran-
959 1547 1037 1613 theo,
1057 1546 1105 1600 illa
1127 1564 1190 1617 quas
1214 1546 1417 1601 conveniebant
1434 1548 1529 1603 dmons
1543 1550 1579 1603 ud
1594 1551 1706 1607 laudem
1717 1569 1763 1607 co·

150 1637 218 1685 moos
231 1634 330 1695 acere,
347 1635 448 1687 sicalet
459 1650 508 1687 nos
524 1651 568 1688 cos
579 1636 652 1688 :idco
666 1638 797 1688 consolatr-
811 1652 917 1697 serarius,
960 1651 1034 1698 rum,
1050 1652 1100 1705 pro
1111 1635 1213 1706 quibus
1227 1636 1255 1689 iu
1270 1636 1393 1690 adversis
1408 1637 1482 1690 firmi
1504 1639 1690 1709 perstiterunt
1704 1660 1710 1694 ε
1726 1641 1762 1697 si·

148 1721 351 1787 (nominastis
362 1725 394 1776 in
405 1724 858 1778 orrrnitribnlotioncclnccsssilalc
874 1709 952 1778 rto-B
962 1724 1020 1777 mul
1029 1730 1059 1778 et
1070 1725 1219 1778 exlromans
1235 1741 1283 1778 eos
1295 1725 1324 1778 in
1341 1725 1440 1779 eadem
1459 1743 1639 1797 perseverare
1647 1735 1762 1786 senten-

147 1812 363 1877 tnpsrocstrom
375 1813 465 1878 lidron.
477 1811 616 1875 Quoniam
625 1817 720 1866 autem
729 1813 920 1866 seniensnun-
959 1812 1009 1877 tia,
1021 1829 1082 1884 quae
1091 1820 1121 1867 ot
1132 1813 1161 1866 in
1175 1813 1230 1867 illis
1241 1830 1302 1884 quae
1317 1819 1383 1868 ante
1399 1814 1473 1868 dicta
1486 1822 1581 1871 sunta
1595 1817 1676 1873 nobis
1699 1836 1762 1876 ooa-

148 1895 204 1951 urit
214 1897 292 1952 nobis
301 1899 466 1954 firmitatem
482 1917 566 1970 quam
591 1918 659 1972 erga
673 1917 725 1955 nos
751 1901 869 1969 habetis,
891 1909 920 1956 et
959 1917 1115 1955 summasse
1130 1901 1205 1955 visus
1218 1906 1262 1955 est
1273 1902 1402 1956 oratione
1412 1919 1494 1958 sunm
1506 1905 1674 1961 concludens
1700 1924 1762 1963 ser-

146 1986 253 2057 quoniam
266 2004 409 2042 memores
423 1988 491 2043 estis
503 1990 592 2044 nostri
602 2006 714 2061 sempor
727 1991 918 2045 desiderantes
958 2006 1082 2044 inanem.
1103 1990 1175 2044 llinc
1188 2006 1253 2044 vero
1268 1990 1367 2063 incipit
1375 1991 1410 2044 de
1420 1991 1475 2045 illis
1489 1993 1634 2064 disputare
1649 2011 1711 2067 qua
1719 1997 1761 2052 in·

144 2089 180 2129 ms
190 2081 256 2130 nait
272 2082 301 2130 et
313 2093 434 2143 nosnos,
447 2078 633 2132 sufficientem
644 2080 734 2134 omnis
757 2080 917 2134 tribulatio·
958 2080 1156 2134 convenienter
1165 2079 1199 2132 ab
1212 2078 1268 2132 illis
1285 2079 1331 2149 agi
1350 2079 1495 2134 didicerat.
1512 2082 1572 2136 lloc
1584 2099 1651 2153 ergo
1666 2084 1758 2140 dixit:

143 2164 274 2220 thomna
287 2164 426 2221 habemus
448 2169 667 2222 consolationem
685 2169 816 2223 nundum
839 2169 918 2223 illum
959 2167 1137 2222 obsecramus
1147 2184 1195 2223 vos
1210 2173 1241 2221 ut
1250 2173 1465 2238 consequentem
1481 2169 1566 2224 vitam
1576 2176 1697 2227 vestram
1711 2189 1759 2229 ax·

143 2253 246 2323 pende
258 2253 338 2308 robis
360 2256 562 2326 cognoscimus,
575 2262 605 2311 et
623 2258 858 2328 quemadmodum
872 2257 919 2311 ob-
959 2256 1078 2311 hibestis
1091 2257 1167 2310 illius
1181 2256 1315 2311 doctrinas
1328 2273 1413 2327 quam
1423 2257 1542 2312 assecuti
1557 2259 1625 2314 estis
1641 2260 1757 2327 anobis,

142 2340 257 2398 locabam
270 2360 336 2398 eum
352 2344 402 2398 illa
412 2344 551 2416 bonaquae
565 2346 599 2400 de
608 2346 663 2400 illis
676 2351 743 2401 sunt
751 2363 917 2417 cognoscere
957 2345 1123 2399 testinantes
1133 2346 1244 2416 placere
1254 2346 1311 2400 Deo
1325 2352 1525 2416 etpromorerc
1545 2347 1581 2401 ad
1605 2348 1676 2418 legis
1698 2350 1759 2419 ejus

142 2431 386 2503 odendsnsadjicit:
398 2435 536 2501 Quoniam
549 2438 762 2499 cremabimus,
773 2438 798 2487 si
810 2451 854 2489 cos
864 2440 917 2488 stc·
957 2433 1150 2487 directionem.
1166 2434 1280 2505 Optime
1294 2439 1389 2487 autom
1402 2433 1545 2489 inchoavit
1565 2435 1600 2490 ab
1614 2436 1662 2492 illo
1683 2437 1758 2493 dicto

142 2521 199 2573 lirin
221 2522 528 2576 Dominoh'uncvivere
538 2540 589 2577 nos
607 2523 808 2589 existimamus,
831 2524 854 2578 si
869 2539 917 2577 ros
957 2522 1032 2592 quod
1041 2521 1119 2586 dixit,
1136 2524 1174 2576 lic
1188 2528 1281 2575 cetero
1296 2538 1358 2590 cepo
1369 2525 1481 2589 fratres,
1498 2529 1647 2596 postquam
1659 2526 1758 2581 laudm

140 2606 217 2663 infide
229 2610 421 2681 perstiteritis,
437 2612 523 2666 sitam
533 2617 660 2666 nostram
675 2617 704 2666 et
717 2628 824 2683 augens
833 2613 914 2667 illud.
955 2611 1169 2671 consummarit,
1185 2626 1255 2680 quas
1269 2627 1355 2681 super
1365 2611 1431 2665 fidei
1445 2628 1544 2667 eorum
1553 2613 1662 2669 dixerat
1671 2615 1759 2671 tirmi-

140 2696 328 2769 luuninquit,
339 2704 501 2767 pretiorum
516 2703 651 2756 actionem
659 2718 803 2770 posssimus
814 2703 864 2756 lico
875 2718 916 2755 rc·
954 2705 1023 2764 tate,
1039 2700 1091 2753 hoc
1107 2701 1166 2754 vult
1176 2699 1283 2754 dicere:
1296 2700 1429 2771 quoniam
1459 2700 1607 2772 illaquam
1629 2704 1759 2762 convenis

142 2786 238 2840 mom
248 2804 301 2857 pro
317 2789 391 2842 vobis
408 2805 489 2858 super
500 2793 579 2844 ornni
586 2791 687 2858 condio
703 2807 755 2859 quo
764 2793 915 2858 qoscdenrus
957 2787 1059 2842 habere
1073 2789 1241 2843 sententiam
1255 2789 1491 2860 contemplatione
1505 2790 1618 2860 pietatis
1625 2791 1693 2863 ipsis
1706 2809 1757 2849 aa·

138 2879 227 2944 prater
243 2892 288 2930 sos
303 2891 397 2930 coram
414 2879 465 2931 llco
479 2883 575 2932 cestro.
591 2878 620 2933 Si
630 2878 705 2932 enim
714 2879 810 2933 nos'tra
823 2879 916 2933 eristi·
956 2877 1041 2947 gotiis
1056 2877 1266 2940 demonstratis,
1279 2878 1354 2948 agito
1377 2878 1466 2948 igitur
1477 2884 1507 2932 at
1519 2878 1555 2934 ds
1568 2887 1670 2935 casem
1695 2881 1756 2937 sitae

140 2976 227 3019 mnus
240 2964 290 3018 illa
302 2964 378 3019 bona
388 2983 450 3036 quae
463 2973 556 3020 restra
566 2968 829 3038 sunt‚utquiatalia
839 2969 916 3022 audi·
957 2966 1237 3036 vestraediligentiam
1245 2966 1439 3032 adhibeamus,
1449 2967 1641 3023 utnibilvobis
1657 2970 1756 3026 deesse

140 3049 336 3109 muteronis
349 3054 496 3110 Timotheo
507 3055 654 3122 referente,
672 3072 805 3127 magnum
825 3029 944 3128 quod-C
956 3054 1084 3109 videatur
1094 3072 1126 3109 ex
1141 3056 1197 3110 illis
1212 3073 1273 3127 quae
1288 3056 1323 3109 ad
1338 3055 1538 3126 perfectionem
1560 3055 1637 3112 robis
1663 3059 1757 3114 viden-

141 3136 189 3194 dun
199 3141 230 3196 de
239 3142 318 3197 robis
340 3144 476 3215 gaudium
500 3145 645 3211 habemus,
658 3144 690 3200 iit
712 3162 763 3200 nec
776 3146 913 3217 condigne
954 3150 1001 3198 tur
1015 3161 1076 3198 esse
1086 3145 1176 3211 utilia,
1188 3145 1347 3200 necesaria
1360 3161 1425 3199 vero
1435 3151 1465 3199 et
1479 3146 1577 3201 hoc-in
1594 3147 1654 3201 loco
1681 3148 1757 3219 adje-

141 3229 339 3302 probisgratias
354 3248 438 3302 agere
451 3234 509 3288 Deo
523 3235 911 3305 nostroposseexistimemus,
955 3230 1001 3295 cit,
1019 3236 1090 3286 sicut
1099 3237 1238 3302 accepistis
1251 3251 1269 3287 o
1287 3235 1373 3300 stolis,
1399 3233 1602 3290 demonstravit
1620 3236 1695 3293 enim
1722 3253 1756 3293 ao

141 3320 207 3388 utque
218 3319 346 3376 adeatur
359 3321 414 3376 ista
428 3322 524 3376 dicens
539 3323 641 3377 dixisse
655 3322 691 3376 ab
705 3323 753 3378 illo
775 3323 914 3378 desiderio
954 3322 1029 3392 quod
1040 3338 1096 3376 non
1109 3339 1183 3378 nunc
1197 3322 1337 3400 imprimis
1359 3323 1417 3377 hac
1427 3323 1529 3378 audire
1553 3342 1570 3379 a
1591 3342 1622 3379 se
1640 3325 1755 3383 ridean-

141 3406 356 3475 qnodesiderabat
369 3410 403 3464 ad
417 3427 465 3465 eos
478 3411 582 3476 venire,
599 3413 687 3479 Nocte,
705 3412 806 3483 inquit,
822 3417 846 3467 ct
870 3415 914 3467 ilie
953 3414 1011 3473 tur,
1027 3410 1076 3464 scd
1098 3411 1242 3466 etdudum
1252 3411 1287 3466 de
1303 3411 1346 3465 his
1360 3412 1465 3466 fuerint
1473 3412 1613 3468 instructi.
1626 3414 1705 3471 Unde
1727 3421 1756 3470 et

140 3499 913 3568 opoonmoannoseepreccnnsalsirleamussaaemse-
953 3498 1755 3570 augensillud,scilr's,inquit,qucrrsorsdoladederimcobis

96 3654 102 3663 ·
141 3586 439 3656 commemoramus
468 3605 498 3642 ea
514 3606 572 3658 qne
595 3591 693 3643 maurel
722 3591 786 3656 fidei
808 3595 911 3645 vestra
951 3587 1755 3661 perDorrsinumtllsristum.0mniinlocoostendensque·

141 3668 300 3741 laustinus,
315 3675 418 3747 inquit,
435 3683 547 3731 orantes
562 3684 594 3732 ut
605 3684 634 3731 et
653 3678 795 3733 videamus
808 3695 866 3743 vos,
884 3684 913 3733 et
952 3675 1326 3730 niamnihilnoriillishodie
1335 3674 1439 3729 scribit.
1449 3677 1509 3729 llrc
1519 3682 1556 3730 est
1567 3681 1645 3731 cuim
1654 3681 1754 3733 colan-

141 3763 292 3833 tllppleamus
306 3764 394 3819 etium
404 3766 427 3819 si
442 3771 471 3819 ct
481 3765 578 3821 deesse
589 3765 908 3838 vobisaliquidvidetur:
953 3768 995 3818 tas
1009 3764 1058 3817 llci
1066 3765 1247 3830 sanaiticalio
1261 3768 1360 3816 vestra
1378 3763 1542 3818 Necessario
1556 3762 1636 3828 dixit,
1647 3764 1701 3819 bec
1714 3771 1751 3820 cst

141 3849 325 3908 comoedum
336 3854 476 3925 explicans
496 3871 579 3909 suum
594 3855 714 3925 adjicit:
734 3859 790 3924 lpse
818 3862 911 3910 cirtem
952 3855 1164 3907 miracoluntos
1181 3854 1230 3906 lle-i
1245 3868 1353 3922 :agere
1373 3851 1450 3905 enim
1463 3852 1593 3907 convenit
1617 3851 1667 3911 illa
1689 3869 1751 3924 quie

141 3936 216 3994 leuet
230 3944 310 3997 Pater
328 3947 429 4010 noster,
437 3948 461 3998 et
471 3945 605 3997 bantinus
612 3949 703 3998 noster
716 3946 793 3997 lesnes
805 3946 912 4012 diriqct
952 3941 1027 3996 Deus
1041 3941 1101 3995 vult
1115 3940 1185 4004 tlexi,
1202 3957 1235 3994 so
1248 3940 1324 4011 quod
1338 3939 1521 4002 sanctificatio
1534 3941 1570 3996 ad
1584 3941 1698 4012 planum
1710 3943 1751 3999 di·

95 4092 97 4097 ,
140 4028 374 4085 manseramus
388 4032 507 4086 maline
520 4033 564 4086 rel
578 4032 698 4087 maxime
712 4033 863 4097 desiderat,
880 4039 911 4088 ut
950 4030 1025 4085 citur
1039 4028 1425 4087 omniuminoonseniantium
1439 4028 1587 4097 abdicatio,
1595 4029 1751 4090 maenius

140 4119 442 4193 torafionepostularet
456 4120 485 4174 id
503 4121 573 4185 lleri;
589 4121 628 4175 sic
642 4121 715 4176 etad
731 4122 910 4176 tolerantiam
950 4117 1440 4190 veroexplicansdequibussitilliad
1452 4135 1575 4190 praesens
1591 4136 1684 4177 sermo
1697 4120 1750 4175 ad·

140 4199 910 4278 durissimarumtribulationumadhortanseos,emtione
948 4208 1020 4279 jicit.
1036 4207 1468 4277 tdossion.)Etnesortedubium
1476 4207 1556 4263 nobis
1566 4209 1747 4279 relinqueret,

140 4288 191 4349 bos
201 4313 249 4352 sua
261 4299 420 4352 confirmat.
440 4300 484 4353 Vos
495 4304 589 4353 cutem
604 4302 910 4368 boninusmaltrplicct
951 4297 1306 4369 velobscurumquidnam
1316 4297 1566 4352 sanctificationem
1575 4297 1750 4368 volueritap·

139 4384 532 4456 commiscendorum
544 4391 713 4454 inimicam,
728 4393 753 4442 et
764 4391 905 4454 insomnes,
950 4388 1065 4459 pellere,
1080 4392 1176 4442 utrum
1188 4386 1339 4456 justitiam,
1346 4403 1383 4441 an
1396 4386 1571 4450 charitatem,
1583 4402 1619 4441 an
1632 4385 1749 4441 humili·

95 4446 99 4541 ,i
137 4476 341 4537 omanadum
357 4478 909 4545 etnoainoolris,odconllrmondocordo
948 4480 1047 4543 tatem,
1057 4493 1093 4530 an
1108 4475 1284 4548 patientiam,
1298 4474 1470 4528 inomnibus
1479 4473 1556 4528 enim
1570 4472 1750 4529 hfisvirtuti·

95 4558 97 4625 J
136 4564 644 4634 ursanoquereloinsanctnanann
663 4568 749 4621 licam
763 4572 788 4620 ct
799 4572 908 4635 patrem
948 4563 1001 4620 bus
1015 4564 1140 4619 creditur
1153 4564 1260 4635 acquiri
1277 4562 1471 4625 sancfllieatio,
1484 4561 1620 4627 infestet
1633 4559 1748 4617 manife-

95 4650 97 4655 ’
135 4654 236 4706 aaroni
246 4655 278 4708 in
292 4655 413 4708 odronto
429 4655 542 4708 llomini
552 4657 643 4709 nostri
654 4657 717 4709 lesa
733 4656 908 4710 Christicolis
949 4659 992 4709 ste
1003 4654 1141 4723 designat,
1158 4652 1225 4724 quid
1235 4651 1347 4724 proprie
1360 4649 1609 4705 sanctificationem
1627 4649 1749 4707 voluerit

133 4742 236 4796 unitus
250 4746 430 4813 sanctuep'ns.
441 4742 572 4813 Adjiciah
582 4744 682 4814 inquit,
691 4744 768 4798 robis
779 4750 808 4799 et
821 4745 850 4798 in
863 4744 908 4799 in·
949 4743 1338 4817 appellam,lraccstootuntrss
1348 4740 1589 4807 Iler'sanctilleatto
1601 4745 1699 4806 satra,
1715 4744 1746 4821 ot

129 4824 197 4883 ήκω
209 4835 238 4885 et
248 4846 422 4903 ergaosnnes
431 4832 688 4887 charitatemialem
697 4833 774 4887 illam
789 4834 818 4889 in
833 4833 909 4888 vobis
950 4833 1109 4888 abstineatis
1121 4846 1175 4893 cos,
1192 4828 1294 4900 inquit,
1305 4845 1324 4882 o
1332 4830 1525 4895 fornicatione,
1543 4834 1573 4883 nt
1582 4832 1651 4885 scial
1661 4845 1748 4885 unua

128 4914 242 4986 adm,
257 4919 349 4992 qualis·
364 4925 393 4975 et
405 4921 434 4975 io
450 4921 530 4976 nobis
544 4922 578 4976 do
591 4921 669 4977 robis
683 4929 735 4988 est,
751 4928 779 4976 et
805 4924 908 4977 conar-
949 4924 1063 4991 quisqnc
1076 4924 1250 4973 smtrnrncas
1260 4933 1344 4971 suurn
1347 4918 1484 4985 possidere
1495 4920 1525 4972 in
1536 4918 1637 4973 bonore
1646 4921 1671 4972 et
1682 4932 1747 4974 san·

123 5007 203 5063 Min
216 5008 404 5064 fidementem
413 5016 544 5076 vestram,
553 5011 593 5065 ita
605 5015 637 5065 ut
651 5011 907 5082 permaneatissine
948 5011 1111 5077 clitrotione
1122 5024 1177 5061 non
1195 5010 1225 5060 in
1236 5008 1360 5074 passione
1373 5007 1503 5060 de-u'dcrii
1516 5008 1586 5062 siout
1604 5012 1630 5060 et
1651 5005 1746 5061 (lentes

121 5094 278 5163 fliminaab
288 5098 367 5153 omni
376 5115 424 5153 ros
437 5099 599 5154 cohibentes
608 5101 814 5155 inconvenienti
823 5107 903 5155 amu:
947 5101 1147 5168 qaaiqnoront
1157 5098 1253 5150 bourn.
1265 5094 1335 5149 Vide
1351 5093 1452 5165 quibus
1466 5111 1528 5149 eam
1537 5092 1666 5149 laudibus
1679 5109 1747 5164 pro-

118 5180 328 5242 bosenimdicit
350 5190 381 5241 in
395 5191 548 5254 inanitate,
565 5205 616 5260 per
638 5206 722 5260 quam
737 5189 865 5260 poteritis
877 5189 906 5242 in
947 5193 1091 5258 sequatur,
1103 5185 1240 5239 honorem
1255 5183 1336 5250 vasa,
1347 5183 1376 5236 id
1395 5191 1440 5239 est
1456 5182 1580 5254 corporis
1602 5181 1701 5250 nostri
1715 5189 1747 5239 at

117 5270 204 5329 Maro
217 5274 264 5330 die
276 5275 411 5330 acnuam
425 5277 461 5332 ad
481 5278 571 5333 Deum
592 5279 703 5350 assequi
717 5295 781 5333 cum
801 5277 908 5333 catoris
947 5272 1746 5344 sanctificationemappellanseam,igiturecoutrarioqui

115 5362 240 5419 mnibus
252 5365 301 5436 qui
310 5365 415 5436 placite
425 5375 626 5423 conversantur
634 5368 665 5422 in
678 5368 791 5422 naute.
949 5365 979 5418 in
993 5364 1122 5436 passione
1139 5361 1271 5417 desiderii
1282 5366 1326 5415 est
1338 5367 1368 5415 et
1381 5360 1536 5431 ignominia
1549 5366 1578 5417 st
1592 5361 1746 5419 immundi-

949 5452 1174 5508 tiaconsistitat
1192 5451 1302 5507 ahenos
1327 5467 1346 5504 a
1367 5449 1589 5506 sanetificefioue
1607 5457 1744 5508 amatur.

948 5538 1745 5615 reusquoquspostpeuoeintsamuusssmnerams
