3772 6120
76 275 123 330 'til
309 273 598 330 ENARRA'I'IONUM
617 273 656 328 IN
675 272 752 327 ΕΡΡ.
773 272 882 327 PAULI
901 271 969 326 LIB.
992 271 1142 327 xv.-1N
1162 271 1273 329 EPIST.
1287 274 1336 330 AD
1355 275 1483 333 GALAT.
1664 281 1716 340 322

75 402 128 464 ait;
144 404 200 453 imo
209 403 340 469 cognitio
351 403 412 467 Deo,
422 401 447 454 si
458 400 569 471 proprie
579 399 722 469 accipitur,
730 397 910 470 putabiturA
917 401 1018 452 lesum.
1027 399 1060 453 ln
1070 400 1235 454 memoriam
1245 408 1355 455 revocat
1362 399 1418 455 illis
1425 407 1537 474 tempus
1542 407 1654 476 quando
1661 409 1717 479 pri·

74 490 147 544 Deus
167 490 250 560 quasi
273 508 306 544 ex
324 495 451 562 tempore
471 489 578 561 aliquid
600 505 775 559 cognoscere,
801 489 875 559 quod
916 503 993 540 mum
1011 488 1171 558 praedicarit
1190 489 1245 543 illis
1267 490 1447 560 Evangelium
1471 492 1531 546 Dei.
1552 493 1617 564 lpso
1640 497 1717 552 enim

74 585 136 632 ante
150 595 210 633 non
221 584 348 633 noverat.
358 579 503 633 Translate
512 595 578 648 ergo
589 578 695 632 (lictum
710 583 762 643 est,
772 582 876 631 utocu·
915 581 1042 646 tempore
1058 577 1168 647 injuriis
1183 578 1321 648 agebatur
1333 580 1483 650 Apostolus
1497 586 1526 635 ct
1539 583 1661 640 caedibus
1674 586 1716 641 in·

74 670 111 722 los
129 668 182 722 Dei
198 669 374 739 accipiamus
392 668 483 739 ipsam
504 667 683 721 dilectionem
704 668 774 737 ejus,
792 681 876 736 quam
916 665 1098 720 firmabatur:
1111 666 1240 720 infirmus
1254 667 1328 722 enim
1343 668 1462 733 videtur,
1474 670 1522 740 qui
1537 671 1713 743 humiliatur,

74 758 282 812 commendarit
292 757 430 812 mittendo
444 774 494 828 pro
509 756 604 827 impiis
617 756 799 810 occidendum
811 755 875 809 uni·
917 761 947 808 et
960 772 1016 808 non
1036 755 1142 809 resistit
1156 763 1270 826 propter
1289 757 1470 826 Evangelium
1486 759 1547 813 Dei.
1566 761 1600 815 Et
1620 763 1649 817 in
1666 766 1717 820 hoc

74 864 132 901 cum
146 847 267 901 Filium.
285 846 331 901 Sic
348 846 423 900 enim
438 847 473 901 de
488 845 531 899 his
547 845 593 916 qui
609 846 765 916 diliguntur
783 847 875 900 dicere
918 843 1014 897 laudat
1028 845 1214 899 constantiam
1222 863 1329 910 eorum,
1339 847 1471 916 quianon
1481 853 1548 902 sunt
1557 849 1690 907 abstracti
1700 871 1719 909 a

74 937 205 999 solemne,
222 936 299 1007 quod
310 941 375 989 ante
388 935 481 989 oculos
496 924 662 989 habeantur.
679 937 738 989 Hoc
752 941 795 989 est
809 953 876 1006 ergo
918 933 989 998 lide,
1002 932 1112 1004 injuriae
1123 935 1198 987 enim
1206 935 1332 1006 Apostoli
1342 935 1461 989 tentatio
1471 943 1532 991 erat
1540 938 1715 1010 Galatarum,

75 1032 260 1093 marcescentes
284 1027 380 1091 Deum,
408 1028 464 1079 imo
488 1027 592 1091 cogniti
619 1042 637 1078 e
666 1026 726 1089 Deo,
752 1026 826 1096 quod
850 1031 878 1079 et
918 1021 948 1074 in
963 1038 1019 1092 qua
1033 1022 1107 1076 llnni
1121 1022 1228 1076 inventi
1243 1030 1310 1077 sunt
1324 1040 1380 1078 non
1396 1024 1557 1081 dubitantes
1571 1029 1635 1083 lide.
1652 1031 1717 1085 Pos-

75 1115 195 1168 Joannes
210 1114 301 1168 dixit:
315 1115 457 1182 rl'oaqnooi
471 1129 518 1167 nos
533 1115 713 1168 dilexerimus
726 1116 820 1179 ileum,
833 1117 879 1169 sed
918 1116 981 1164 sent
995 1111 1070 1164 enim
1082 1111 1245 1165 scandalum
1261 1112 1344 1183 passi,
1360 1112 1451 1167 dicere
1469 1132 1474 1166 :
1491 1114 1558 1178 Quae
1574 1123 1617 1172 est
1630 1119 1718 1176 virtus

77 1207 138 1271 quia
153 1207 213 1272 ipse
228 1205 328 1257 dilexit
347 1219 395 1256 nos
411 1205 435 1270 (l
446 1205 526 1256 locet.
544 1205 591 1272 ιιι).
918 1204 968 1253 aut
978 1216 1042 1270 spes
1052 1200 1081 1254 in
1091 1201 1144 1255 hac
1157 1201 1221 1267 lide,
1235 1201 1347 1272 quando
1361 1201 1489 1257 minister
1503 1205 1564 1274 ejus
1577 1205 1617 1261 sie
1628 1207 1720 1263 humi·

107 1293 197 1347 Estote
211 1295 286 1346 sient
300 1298 324 1345 et
340 1308 395 1359 ego,
411 1295 478 1360 quia
493 1297 517 1345 et
533 1309 579 1361 eqo
597 1295 668 1346 sicat
684 1308 738 1347 vos.
756 1293 875 1361 (Ambr.)
918 1286 1021 1343 liatur?
1034 1289 1088 1344 Sed
1099 1291 1231 1360 quiajam
1247 1291 1374 1344 animum
1385 1290 1486 1346 futuris
1497 1293 1600 1365 spebus
1614 1296 1717 1353 insece·

77 1381 210 1436 llocdicit
220 1388 254 1435 ut
264 1381 333 1435 dent
342 1397 457 1452 operam
467 1381 625 1452 corrigendi
638 1398 679 1446 ea,
693 1382 825 1452 quianon
835 1387 878 1436 est
918 1383 991 1443 rant,
1007 1386 1157 1449 praesentes
1175 1379 1265 1433 exitus
1279 1396 1329 1450 pro
1345 1380 1449 1434 Christi
1465 1383 1578 1438 nomine
1589 1401 1644 1439 non
1655 1403 1718 1457 per·

78 1469 249 1541 impossibile
263 1476 296 1524 ut
308 1470 366 1524 sint
380 1470 530 1541 sicutipse,
543 1471 609 1541 qnia
623 1477 652 1524 et
667 1472 726 1541 ipse
742 1476 803 1524 erat
813 1471 875 1536 hoc,
918 1466 1110 1533 timescebant,
1122 1469 1191 1522 certi
1207 1469 1290 1522 sidem
1306 1476 1430 1524 nostram
1441 1487 1497 1524 non
1513 1471 1542 1525 in
1556 1475 1650 1540 terris,
1666 1476 1716 1531 sed

79 1559 168 1623 idest,
186 1559 285 1622 homo,
302 1559 376 1630 (quod
391 1558 488 1626 etilli3
505 1564 610 1613 etcum
625 1559 724 1614 fuisset
738 1559 767 1613 in
783 1575 877 1614 errore
918 1554 948 1608 in
961 1555 1037 1610 coelis
1050 1556 1153 1610 habere
1167 1556 1343 1627 dignitatem,
1359 1565 1389 1613 et
1402 1575 1452 1629 pro
1468 1559 1512 1613 bis
1527 1561 1719 1618 tribulationi-

79 1665 249 1719 persequens
261 1648 422 1712 Ecclesiam,
432 1653 577 1718 correptus
584 1648 721 1702 convertit
729 1650 876 1715 ceillier.)
918 1642 970 1697 bus
983 1662 1087 1715 magna
1100 1646 1214 1716 rependi
1230 1647 1354 1716 praemia.
1372 1646 1468 1718 (Hier.)
1485 1648 1550 1704 Haec
1565 1651 1677 1722 quidem
1692 1659 1722 1709 et

80 1738 156 1801 Quod
165 1737 238 1792 dicit
248 1738 306 1792 tale
318 1743 374 1791 est:
387 1737 525 1808 quomodo
536 1754 587 1807 ego
597 1737 675 1791 robis
685 1736 804 1791 infirmis
815 1754 878 1792 sum
889 1719 911 1777 Β
921 1749 971 1786 uos
983 1735 1018 1787 ad
1029 1735 1216 1789 humilitatem
1227 1741 1386 1806 provocant,
1399 1743 1428 1789 et
1442 1738 1622 1808 supercilium
1638 1742 1720 1798 decu·

80 1827 164 1881 iactus
178 1827 323 1893 infirmus,
340 1832 369 1880 et
382 1842 438 1881 non
452 1826 530 1897 potui
552 1826 629 1897 loqui
649 1833 681 1882 ut
695 1825 877 1897 spiritalibus,
919 1823 996 1877 tiunt
1009 1823 1213 1894 episcoporum,
1226 1824 1273 1895 qui
1287 1825 1406 1879 velutin
1420 1826 1515 1897 aliqua
1528 1828 1642 1884 sublimi
1658 1848 1720 1902 spe·

80 1917 125 1969 sed
139 1916 224 1986 quasi
235 1915 396 1969 carnalibus
413 1922 442 1969 et
455 1915 576 1986 parvulis
590 1915 620 1969 in
634 1915 755 1978 Christo,
772 1920 801 1969 et
814 1916 881 1986 quia
921 1911 983 1966 cula
992 1913 1146 1977 constituti,
1158 1913 1202 1966 vix
1211 1913 1364 1983 dignantur
1374 1914 1468 1969 ridere
1482 1918 1625 1986 menalca,
1639 1926 1668 1974 et
1680 1921 1721 1974 al·

81 2005 198 2059 necdum
214 2005 353 2076 poteratis
365 2004 453 2059 solido
468 2003 529 2058 cibo
543 2004 625 2069 vesci,
641 2005 805 2074 Evangelico
819 2011 880 2058 tan-
921 2000 996 2071 loqui
1012 2017 1158 2055 conservos
1177 2018 1251 2055 suos.
1267 2002 1381 2056 Discant
1394 2002 1429 2056 ab
1444 2005 1576 2075 Apostolo
1591 2015 1718 2063 errantes

81 2102 137 2148 tum
151 2095 227 2148 lacte
242 2094 348 2165 potari,
358 2094 455 2148 nolens
469 2094 498 2147 in
512 2100 595 2148 aetate
609 2110 656 2147 ros
667 2111 779 2165 semper
791 2093 880 2148 infan-
921 2094 950 2143 ct
965 2089 1129 2160 insipientes
1143 2090 1266 2157 Galatas,
1282 2090 1384 2145 fratres
1400 2093 1505 2159 vocari3
1522 2094 1633 2151 discant
1654 2105 1719 2168 post

80 2183 122 2237 aae
135 2199 317 2254 permanere,
333 2182 382 2237 sed
402 2182 537 2252 paulatim
551 2182 587 2236 ad
605 2182 834 2249 adolescentiam,
851 2188 879 2237 et
920 2179 1139 2249 increpationem
1158 2179 1261 2233 blanda
1277 2180 1361 2234 verba
1384 2181 1511 2246 dicentis,
1535 2184 1645 2238 Obsecro
1661 2202 1718 2241 vos.

78 2274 255 2341 juventutem
266 2288 355 2342 usque
365 2271 565 2341 perducerent
574 2271 696 2325 solidum
709 2271 803 2326 cibum
818 2288 880 2342 pos·
920 2267 1000 2331 Quod
1015 2274 1110 2322 autem
1132 2267 1260 2322 obsecrat
1281 2269 1349 2322 illud
1364 2277 1416 2331 est,
1436 2275 1467 2324 ut
1485 2270 1641 2326 imitatores
1657 2274 1719 2343 ejus

80 2361 142 2414 setis
152 2361 285 2432 accipere
298 2360 353 2414 :ita
363 2365 391 2414 et
401 2377 448 2414 vos
457 2359 564 2414 debetis
574 2377 635 2414 esse
648 2360 721 2414 sicut
734 2377 785 2431 ego
799 2377 876 2414 sum:
919 2356 977 2410 sint
988 2357 1061 2410 sicut
1074 2356 1133 2427 ipse
1148 2357 1261 2410 Christi.
1274 2358 1333 2411 Imo
1347 2364 1380 2410 ut
1393 2363 1560 2428 praesentem
1572 2359 1663 2415 locum
1678 2379 1720 2416 se·

80 2451 246 2521 perfectiora
260 2450 390 2504 videlicet
409 2466 516 2520 sapere,
535 2449 651 2503 dimisso
666 2449 747 2512 lacte,
765 2450 800 2502 ad
821 2449 878 2503 for·
919 2463 998 2515 quar,
1015 2444 1085 2498 nihil
1101 2451 1144 2498 est
1157 2446 1263 2514 grande
1283 2445 1357 2516 quod
1377 2447 1510 2516 postulat,
1527 2452 1559 2501 ut
1578 2449 1718 2519 quomodo

81 2540 160 2594 tiores
170 2539 251 2594 cibos
265 2546 295 2592 et
305 2539 340 2593 ad
351 2538 454 2609 pabula
463 2538 584 2592 transire
595 2539 775 2609 majorafloc
783 2545 878 2592 autem
919 2534 979 2604 ipse
994 2539 1108 2604 propter
1122 2533 1184 2588 illos
1194 2534 1229 2588 de
1238 2535 1339 2604 majori
1350 2535 1439 2589 factus
1451 2541 1493 2589 est
1504 2536 1596 2590 minor
1608 2555 1614 2589 :
1628 2538 1668 2592 sic
1677 2538 1719 2592 illi

81 2627 202 2699 loquitur
211 2627 295 2699 quasi
307 2627 458 2683 Salvatoris
472 2627 608 2693 imitator,
620 2630 670 2695 qui
681 2643 737 2681 non
747 2630 878 2695 rapinam
920 2622 1101 2677 aminoribus
1110 2623 1145 2677 ad
1154 2624 1262 2694 majora
1270 2624 1467 2678 conscendant.
1476 2625 1553 2679 lt'iirit
1562 2626 1718 2698 me,inquit,

80 2719 232 2772 arbitratus
247 2723 352 2771 estesse
367 2733 394 2769 se
410 2718 541 2785 replentem
558 2717 620 2781 Deo,
636 2717 682 2769 sed
698 2719 817 2784 scipsum
836 2732 880 2769 ec·
920 2712 1287 2783 tenatiahaeditdiscipulus
1298 2712 1474 2783 magistrum,
1484 2730 1564 2785 siper
1576 2716 1720 2786 negligen-

80 2808 199 2859 inanieit
209 2807 331 2872 ferinam
339 2807 411 2858 seret
420 2803 699 2871 occipiens,etlmbitn
709 2806 837 2857 inuentus
847 2808 879 2857 ut
918 2801 988 2854 tiam
995 2818 1076 2854 suam
1084 2806 1223 2872 praecepta
1232 2802 1294 2871 ejus
1303 2801 1484 2874 laboremque
1496 2802 1720 2875 disperdatNon

80 2892 154 2948 honio
165 2895 249 2959 (Phil.
266 2896 304 2960 ιι),
321 2898 353 2946 ut
363 2891 462 2946 nosdii
477 2892 609 2946 fieremus
620 2908 652 2945 ex
664 2890 833 2958 hominibus,
850 2896 878 2945 et
918 2890 1720 2966 laeserantGalataeApostolum‚usqueinpraesenstempus

80 2999 132 3037 non
145 2983 223 3037 ultra
237 2997 425 3045 moreremur,
442 2981 490 3034 sed
504 2985 736 3050 conresurgentes
756 2981 876 3046 Christo,
920 2979 1101 3049 Evangelium
1110 2980 1209 3050 ejusne
1220 2980 1718 3038 mandataservantes.Autcerteita:

82 3070 160 3125 amici
174 3073 238 3142 ejus
253 3070 421 3133 diceremur,
431 3074 460 3123 et
471 3069 583 3134 fratres,
592 3076 625 3124 ut
638 3076 712 3124 esset
727 3069 879 3141 discipulus
890 3037 1114 3138 Cquandovobis
1122 3068 1245 3138 primum
1254 3068 1612 3138 Evangeliumannuntiaii,
1624 3078 1723 3143 etpro-

82 3160 152 3215 sicut
164 3160 311 3230 magister,
329 3165 358 3213 ot
372 3175 468 3213 servus
482 3159 554 3213 sicut
568 3158 708 3213 dominus.
721 3159 818 3212 Petest
832 3175 880 3212 au·
920 3156 1279 3227 pterinsrrmitatemcarnis
1285 3162 1392 3222 vestrm,
1402 3158 1528 3228 quianon
1534 3160 1669 3230 poteratis
1678 3178 1721 3215 sa-

83 3260 137 3303 tem
151 3249 230 3303 etita
245 3248 365 3318 intelligi
382 3266 387 3299 :
405 3246 518 3301 obsecro
534 3264 591 3314 ros,
608 3247 715 3317 inquit;
726 3247 836 3313 fratres,
849 3252 880 3302 ut
920 3245 1722 3320 oramentasusciperemaiorapmedicaiivobisquasipar-

83 3337 196 3392 iudaice
205 3335 401 3391 observatione
415 3340 584 3406 contempta,
594 3335 714 3401 dierum,
728 3336 878 3401 mensium,
920 3334 1001 3399 vulis,
1009 3333 1399 3405 etmeipsuminlirmumesse
1407 3335 1545 3402 simulavi,
1555 3343 1640 3392 utros
1646 3338 1723 3392 inflr-

84 3432 242 3498 temporum
257 3421 342 3495 atque
352 3441 499 3489 annorum,
510 3442 572 3495 quae
582 3429 648 3478 sunt
660 3423 766 3478 umbrae
775 3424 881 3478 futuro·
921 3422 1722 3497 moslucrisaceremnonnequasiangelumsuseepistisme

85 3532 155 3575 rum,
171 3532 218 3568 me
232 3513 395 3579 imitemini,
412 3513 459 3584 qui
473 3513 533 3567 sine
545 3514 659 3584 querela
668 3513 698 3568 in
712 3514 773 3583 lege
786 3530 880 3567 versa-
922 3511 1724 3587 quasiChristumJesumlCumigiturinnullometempore

85 3613 136 3670 tus,
147 3603 245 3659 omnia
259 3602 411 3656 arbitratus
422 3619 485 3656 sum
501 3603 579 3672 quasi
595 3608 782 3673 purgamenta
796 3609 880 3674 atque
923 3600 1059 3666 laeseritis,
1070 3606 1151 3653 etme
1163 3600 1247 3653 vestri
1256 3600 1721 3673 causahumilematquedejeetnm

87 3692 259 3764 quisquilias,
275 3696 308 3745 ut
322 3691 465 3746 Christum
485 3691 677 3745 lucrifacerem
698 3693 810 3762 (Philip.
831 3701 881 3761 111):
924 3687 1043 3742 similem
1051 3688 1723 3761 DeiFilioputaveritis,quomodoadmajoravos

88 3782 133 3836 l'ui
147 3782 253 3854 quippe
267 3788 297 3834 et
311 3797 363 3850 ego
377 3779 449 3833 sicut
460 3797 506 3833 ros
521 3796 596 3835 nunc
610 3780 686 3845 estis,
703 3797 767 3834 cum
777 3780 884 3834 eisdem
924 3793 1076 3848 provocans
1087 3777 1173 3831 laedor
1183 3775 1439 3847 arobis,perdendo
1448 3776 1571 3831 laborem
1583 3786 1725 3844 meamet

87 3868 325 3925 observationibus
337 3869 450 3923 strictim
464 3867 590 3935 tenebar,
603 3874 632 3922 et
641 3868 792 3922 Ecclesiam
805 3869 884 3922 Chri·
924 3864 1160 3936 dispensationem
1170 3865 1248 3918 illam
1258 3881 1314 3936 qua
1324 3881 1368 3918 me
1380 3865 1526 3936 parvulum
1541 3883 1601 3921 esse
1611 3867 1725 3922 simula-

87 3960 128 4025 sti,
143 3959 211 4030 quia
229 3959 286 4013 ista
300 3974 357 4013 non
371 3957 483 4022 iaceret,
496 3974 676 4028 persequens,
692 3956 881 4011 devastabam.
923 3963 1018 4007 reram
1032 3954 1112 4008 irrito
1133 3970 1217 4024 opere
1231 3970 1305 4007 nunc
1321 3954 1444 4025 lugetis?
1462 3955 1518 4008 Per
1530 3955 1725 4013 infirmitatem

118 4049 238 4113 Fratres,
263 4049 368 4101 obsecro
394 4063 446 4112 vos,
473 4047 545 4100 nibil
573 4062 615 4100 ine
645 4049 759 4100 insistis.
788 4047 882 4116 (Aug.)
925 4049 1020 4097 autem
1028 4041 1120 4096 carnis
1132 4059 1189 4097 non
1201 4044 1324 4105 suae,sed
1336 4044 1522 4110 audientium,
1533 4045 1640 4100 Galatis
1655 4048 1726 4102 Pau-

86 4138 230 4209 Tanquam
237 4136 263 4190 si
272 4136 393 4190 diceret:
405 4135 447 4189 Ne
455 4151 521 4205 ergo
532 4134 635 4205 putetis
643 4134 717 4204 quod
726 4134 884 4204 egoleedere
925 4133 969 4186 lus
983 4131 1141 4199 annuntiat,
1158 4132 1205 4203 qui
1229 4149 1285 4186 non
1304 4137 1435 4204 poterant
1454 4151 1568 4190 carnem
1587 4135 1726 4207 subjicere.

87 4243 130 4281 ros
143 4226 273 4297 cupiam.
299 4223 419 4293 (Ambr.)
440 4224 521 4277 Nunc
548 4222 644 4277 mitius
667 4223 727 4293 agit
747 4240 811 4276 cum
833 4224 883 4290 eis,
925 4221 1086 4276 verboDei:
1103 4221 1152 4275 sed
1166 4222 1246 4293 quasi
1259 4222 1353 4276 carnei
1364 4239 1542 4295 nequaqnam
1553 4223 1726 4296 recipiebant

87 4315 199 4370 etbona
220 4329 321 4368 eorum
335 4312 433 4384 incipit
451 4328 618 4377 memorare,
636 4317 667 4366 ut
685 4317 749 4382 post
769 4310 1141 4411 magnasDintelligentiam
1156 4311 1322 4382 spiritalem.
1339 4311 1419 4375 Quod
1438 4320 1470 4366 ut
1494 4314 1649 4368 evidentius
1664 4317 1724 4381 ilat,

87 4404 287 4476 correptiones,
304 4401 378 4455 bona
392 4417 479 4472 opera
492 4417 543 4455 sua
557 4400 711 4466 audientes,
729 4417 887 4455 recrearen-
927 4400 1040 4471 aliquod
1051 4416 1189 4471 ponamus
1203 4400 1379 4472 exemplum:
1394 4417 1444 4470 per
1453 4401 1648 4455 infirmitatem
1664 4420 1726 4456 car·

88 4502 140 4559 tur,
153 4499 183 4547 et
192 4493 262 4546 data
275 4507 362 4562 opera
382 4489 568 4544 reformarent
581 4507 621 4556 se,
637 4506 672 4543 ne
686 4488 887 4560 objurgationi·
928 4489 972 4543 nis
994 4489 1075 4543 docet
1092 4489 1140 4559 qni
1159 4488 1228 4543 dicit
1248 4507 1253 4540 :
1277 4489 1309 4544 Si
1321 4506 1348 4543 se
1371 4505 1426 4542 non
1447 4493 1596 4556 continent,
1617 4491 1726 4547 erebant

88 4581 137 4638 bus
145 4581 256 4636 diuuus
263 4568 353 4652 pressi
361 4578 549 4649 asperioribus
557 4580 658 4633 fierent
665 4578 888 4634 exacerbati.Ni-
928 4578 956 4650 (I
968 4578 1028 4633 Cor.
1045 4576 1105 4645 ru),
1123 4581 1171 4630 et:
1189 4578 1299 4640 liniter,
1317 4580 1342 4630 si
1357 4582 1484 4629 mortuus
1497 4579 1584 4645 fuerit
1599 4581 1644 4632 uir
1657 4584 1725 4649 ejus,

89 4672 232 4726 biltamen
245 4668 300 4724 sibi
309 4669 438 4723 nocuisse
448 4668 508 4721 illos
523 4667 600 4733 dicit,
618 4667 686 4738 ipsis
701 4668 776 4720 enim
791 4668 889 4723 oberat
929 4668 1016 4719 libere
1026 4672 1064 4719 est
1071 4684 1079 4728 ;
1092 4669 1204 4719 cuiculi
1218 4666 1313 4731 nnbat,
1325 4669 1435 4718 tontum
1446 4667 1478 4718 in
1489 4667 1607 4721 ltomino
1616 4668 1724 4738 (letam

89 4760 221 4815 delictum
235 4759 350 4813 illorum
365 4777 370 4811 :
388 4757 539 4828 Apostolus
557 4757 633 4810 enim
651 4757 815 4827 impleverat
829 4758 889 4812 olfr-
929 4770 1106 4826 nequaquam
1121 4768 1184 4808 vero
1196 4769 1246 4822 per
1258 4752 1449 4808 infirmitatem
1466 4754 1557 4809 carnis
1572 4756 1661 4822 docet,
1674 4758 1729 4814 ista
1772 4754 1776 4767 '

90 4850 162 4904 dum
174 4845 395 4920 dispensationis
410 4845 592 4910 sibicreditae,
608 4851 641 4899 ut
655 4846 732 4899 omni
747 4862 812 4899 cum
827 4845 888 4899 dili·
928 4854 1172 4897 commemorans:
1191 4840 1303 4895 Solutus
1318 4859 1343 4896 es
1358 4843 1392 4897 ab
1415 4859 1509 4910 neore,
1533 4848 1593 4899 noti
1608 4863 1728 4915 paterere
1761 4833 1764 4836 Α

91 4940 185 5010 gentio
201 4936 368 5010 predicaret
382 4934 433 5000 eiS,
449 4934 520 4989 sicut
534 4934 603 4988 dicit
618 4934 755 4988 Dominus
772 4934 807 4988 ad
823 4951 887 5004 pro·
928 4949 1042 4986 errorem
1050 4950 1058 4996 ;
1071 4936 1100 4984 et
1114 4948 1120 4981 :
1138 4932 1250 4999 Tempus
1260 4936 1297 4984 est
1312 4937 1344 4984 ut
1358 4937 1383 5001 et
1396 4936 1446 5000 qui
1457 4933 1556 4988 liabent
1570 4940 1729 5000 enarratio

92 5028 204 5098 phetam
219 5024 368 5081 Ezechiel:
384 5024 434 5087 Tu,
448 5023 549 5093 inquit,
564 5024 693 5090 predico,
709 5026 734 5076 si
754 5028 778 5076 te
794 5024 889 5077 eudic-
929 5024 986 5075 sint
996 5023 1077 5089 qrmsi
1087 5020 1287 5074 nonlrnbentes.
1297 5020 1361 5074 Aba
1371 5021 1473 5092 quippe
1483 5024 1664 5095 praeceptaad
1674 5023 1729 5095 spi-

93 5119 159 5177 rint.
174 5116 328 5171 lucraveris
344 5127 407 5167 eos:
423 5114 449 5164 si
463 5127 516 5180 qno
526 5114 632 5177 minus,
646 5116 675 5165 lu
689 5113 808 5166 salcetis
823 5115 888 5167 eni·
931 5109 1036 5165 ritales.
1053 5108 1108 5162 alia
1123 5108 1227 5162 dantur
1241 5108 1277 5162 ad
1292 5110 1428 5164 carnales.
1448 5111 1482 5164 Et
1503 5110 1579 5165 aliud
1594 5117 1637 5165 est
1655 5113 1729 5184 quod

95 5221 166 5259 mem
181 5209 261 5258 taam
277 5202 383 5270 (Erech.
399 5205 447 5270 ιιι).
929 5199 1010 5268 juxta
1019 5196 1176 5268 imperium,
1188 5197 1264 5251 aliud
1274 5196 1348 5268 quod
1356 5199 1437 5268 juxta
1448 5196 1652 5268 indulgentiam
1662 5217 1731 5273 prae-

127 5291 209 5348 Scitis
217 5297 312 5347 cutem
321 5292 390 5361 quie
397 5305 447 5359 per
455 5293 648 5358 infirmitatem
656 5291 893 5357 cerniseeangeti-
932 5286 1043 5358 cipitur.
1055 5286 1088 5340 lit
1099 5289 1285 5350 tentationem,
1295 5285 1396 5358 inquit,
1406 5291 1525 5340 oestron
1535 5289 1659 5344 incarne
1669 5307 1731 5346 mee

98 5385 156 5437 :eri
173 5382 248 5436 coba
260 5378 442 5452 jampridem,
459 5383 675 5435 alternationem
696 5382 815 5433 vestram
834 5394 893 5447 qua
935 5391 991 5430 non
1005 5376 1154 5444 sprevistis.
1165 5373 1305 5430 Obscurus
1320 5375 1397 5428 locus
1411 5379 1462 5440 est,
1480 5375 1571 5430 acrius
1586 5379 1732 5435 attenden-

98 5474 196 5526 emtin
203 5485 287 5525 cerere
296 5483 358 5522 mee
368 5483 425 5521 non
433 5471 581 5536 sprevistis,
590 5484 675 5538 neque
684 5470 837 5536 respuistis,
849 5467 895 5520 sed
935 5465 1081 5534 duszergo
1091 5463 1214 5534 quidem,
1226 5463 1274 5530 ait,
1288 5463 1367 5534 quasi
1377 5463 1499 5533 parvulis
1509 5464 1586 5520 robis
1597 5473 1683 5540 atque
1692 5470 1732 5524 la·
1816 5482 1818 5487 '

98 5562 318 5630 natanaelem
341 5557 391 5612 bei
414 5559 551 5627 temptatis
577 5573 632 5626 me,
659 5559 729 5612 sient
752 5556 894 5611 Oliristum
935 5553 1073 5610 etentibus
1082 5551 1336 5624 perinllrmitatem
1344 5552 1438 5613 carnis
1447 5555 1613 5627 resumam
1621 5557 1731 5628 pridem
