3786 6128
131 217 202 277 iaia
430 219 461 275 s.
483 184 942 306 mm1'mmiemmm.
963 216 1125 272 uoonnr.
1147 214 1296 270 ornans
1316 211 1407 268 ries
1426 210 1473 266 iv.
1704 206 1770 266 isu

129 345 184 400 Per
198 341 624 415 pluresqueannoseoinbnstiu
639 344 851 416 mansitinepte
935 350 960 408 Α
1008 341 1170 396 construxit
1183 339 1273 394 sancti
1289 334 1617 408 corpiisetliucretalit.

165 432 218 487 Hit
228 433 316 498 ¹0⁰¹1⁸s
332 437 362 486 at
372 432 468 487 ¹²¹¹¹l¹¹⁸
478 432 538 502 d‘ffl
553 432 695 503 ‘emili
708 448 772 487 ⁰⁰⁸¹
785 451 791 500 3
973 449 1068 503 CXXI.
1084 478 1116 488 -
1130 449 1194 502 ⁸112·
1208 425 1301 501 narsus
1315 446 1412 513 scripti
1425 448 1492 496 sient
1506 444 1537 495 i'a
1557 444 1667 496 ecclesia
1684 445 1770 495 sancti

129 521 266 592 hdiguus
276 520 364 575 domo
379 520 485 575 Christi
499 526 684 592 compunctus
698 537 805 588 amore,
1015 521 1126 573 Wr'bcrti
1150 519 1319 586 confessoris,
1334 517 1383 569 linc
1401 520 1448 575 est,
1470 517 1504 568 i'n
1518 515 1612 567 abnde
1629 516 1767 577 omatcli',

166 608 297 665 Mnus
311 609 414 680 pimul
428 610 503 665 hunc
515 610 707 665 renovandum
722 609 800 665 adiit,
1009 593 1057 644 aelii
1071 594 1125 660 ipsc
1134 595 1246 645 maiolus
1258 605 1368 657 corpora
1378 588 1503 655 quiescit.

130 698 184 763 Qui
194 698 317 753 ecclesiae
326 699 399 754 hane
408 699 497 754 adam
511 698 600 753 solers
608 700 752 754 morant
760 704 789 753 et
799 715 887 766 aram,
973 697 1039 751 Hac
1051 697 1152 751 doinus
1162 697 1237 752 alma
1251 694 1303 751 aei
1315 700 1426 749 sacrata
1438 696 1483 747 est
1495 691 1613 746 nomiae
1626 690 1738 747 chnob.

623 798 778 854 SCHOLlA
798 795 1066 853 CHRISTOPHORI
1086 795 1266 850 BROWERl.

165 894 174 915 ⁴
189 885 351 942 Friteslaria
373 903 485 941 rursum
506 885 552 940 hic
574 895 602 941 et
624 886 818 953 Herolsseldia,
841 887 932 942 amica
972 885 1047 939 rium
1057 886 1089 939 B.
1100 884 1222 955 Virginis
1237 902 1243 937 :
1257 882 1379 953 atquein
1390 880 1493 935 ricinia
1507 878 1710 949 Biiriburgum,
1724 896 1768 934 ex·

132 957 198 1012 viris
213 957 373 1029 apostolicis
387 959 457 1024 loca,
473 955 508 1011 ab
532 957 670 1012 oblivione
691 958 771 1012 nobis
786 975 859 1042 saepe
873 957 932 1012 viii-
971 958 1045 1011 celso
1059 957 1089 1011 in
1100 961 1204 1023 moute,
1220 954 1269 1027 qui
1283 953 1465 1024 apropinquo
1480 951 1547 1008 hodi
1585 967 1622 1006 ue
1632 951 1767 1022 conspica-

131 1029 252 1084 dicanda
262 1033 342 1083 sunt·
358 1035 387 1083 et
396 1029 449 1083 lioc
458 1027 604 1096 obnoxius,
617 1045 673 1100 qno
684 1029 720 1083 ab
735 1030 832 1085 haeresi
842 1029 932 1100 magis
971 1035 1019 1083 tur
1029 1027 1233 1093 transflumen,
1243 1024 1421 1081 situmsuisse
1433 1023 1561 1078 uadunt.
1621 1039 1649 1076 iu
1660 1038 1767 1095 prorsus

132 1117 150 1155 a
181 1070 495 1170 nemsgisobteruntur.
507 1100 566 1156 Hoc
609 1100 931 1171 'musinrtntiqnitatum
972 1099 1043 1153 hanc
1054 1098 1183 1153 attestari
1193 1097 1301 1151 videtur
1311 1097 1405 1167 Lupus
1416 1094 1559 1155 Servatus,
1573 1094 1621 1174 qui
1636 1093 1666 1146 in
1680 1100 1767 1149 trans·

132 1172 173 1226 Fu
185 1171 313 1227 densium
322 1117 755 1228 librisllicillustriedddasilicrem
813 1172 891 1232 itudo
903 1172 931 1226 in
972 1169 1076 1224 latione
1093 1171 1121 1224 S.
1138 1168 1183 1222 Wi
1205 1168 1366 1248 berthun
1381 1166 1454 1220 sacta
1468 1182 1503 1219 ex
1515 1170 1611 1247 5910ss
1632 1163 1766 1220 ‹lomicssio

133 1242 774 1313 conspectuponitur,quaeapudmonasterium
809 1243 931 1297 erolsfel-
972 1186 1412 1320 coenobiiFritesdariensis‘clare
1437 1241 1578 1318 memimt,
1601 1235 1702 1289 vallem
1721 1236 1766 1290 de-

133 1313 209 1367 diam
220 1313 288 1368 olim
296 1319 437 1369 exstructa
447 1320 499 1368 est.
511 1314 576 1367 Loci
590 1313 858 1384 originesdebentur
868 1315 931 1368 Ful·
972 1329 1097 1384 pressam
1111 1312 1287 1382 interjectam
1295 1310 1390 1373 inisse,
1406 1312 1436 1363 et
1447 1307 1576 1363 inedium
1590 1308 1707 1389 flumen,
1717 1324 1766 1378 qno

133 1385 212 1439 densi
227 1384 446 1456 congregationi.
464 1385 492 1438 S.
508 1385 613 1444 Lullns.
630 1385 763 1439 Bonisacii
778 1385 931 1457 discipulus
972 1389 1113 1455 superato,
1125 1388 1259 1454 tanquam
1269 1381 1426 1435 turicinum
1436 1387 1575 1443 montem,
1583 1377 1632 1432 ubi
1640 1378 1766 1459 Buribur·

133 1463 162 1510 et
173 1472 326 1522 succensu,
341 1456 514 1510 incrementa
529 1455 615 1510 dedit.
638 1457 678 1509 iic
701 1455 798 1510 tenuia
816 1456 930 1527 quidem
970 1472 1037 1525 gum
1053 1471 1150 1509 recens
1173 1454 1312 1507 munitum
1337 1452 1469 1522 oppidum
1484 1449 1639 1531 visebatur,
1656 1451 1767 1504 minimo

132 1533 183 1580 ant
196 1527 323 1592 obseura,
336 1533 370 1583 ut
382 1526 508 1583 omnium
522 1526 627 1591 rer'uin,
642 1526 682 1581 sic
692 1533 721 1581 et
730 1527 894 1583 monasterii
903 1533 932 1581 et
971 1526 1083 1596 negotia
1099 1541 1211 1580 erasum
1225 1525 1263 1578 sit
1274 1530 1301 1577 et
1316 1523 1405 1576 sancti
1419 1538 1520 1593 corpus
1534 1537 1565 1575 ra
1587 1528 1681 1575 tutum
1701 1538 1767 1576 rece

133 1599 255 1654 ecclesia
269 1599 353 1670 huJ'us
367 1598 445 1653 suere
467 1597 614 1668 principia,
638 1598 749 1670 quando
769 1599 790 1653 F
792 1598 931 1654 riteslaria
971 1602 1060 1668 ptum.
1073 1592 1767 1675 QuareettopographidiligentioresBuriburgum

132 1669 212 1724 Lullo
234 1669 359 1739 jubente,
386 1668 522 1741 probante
543 1669 643 1723 Carolo
666 1670 777 1740 Magno,
799 1670 827 1724 S.
849 1669 929 1741 Wig-
970 1667 1060 1722 ricino
1070 1668 1099 1721 in
1109 1672 1204 1721 monte
1214 1672 1293 1721 trans
1307 1665 1425 1719 Ederam
1440 1663 1469 1717 in
1490 1664 1601 1717 bestico
1617 1661 1766 1718 Senonibus

132 1739 203 1794 berti
214 1739 548 1811 corpusistucadxectum
558 1745 615 1793 est:
628 1757 694 1795 nain
705 1741 851 1795 intervallo
860 1746 930 1795 tem·
971 1739 1137 1804 obvertunt,
1154 1737 1344 1793 Friteslariam
1359 1736 1454 1790 citima
1467 1736 1585 1805 regione
1599 1751 1697 1788 versus
1707 1734 1766 1788 Ful-

151 1810 207 1866 oris
221 1812 316 1866 Bruno
331 1810 495 1875 Hirsfeldiae,
512 1816 542 1864 ct
555 1810 688 1866 Rabanus
699 1811 925 1876 Fuldaeabbates,
938 1788 1036 1866 Bdam
1053 1816 1083 1866 et
1101 1809 1234 1880 Visurgin
1251 1807 1422 1872 describunt,
1443 1824 1507 1878 quae
1525 1806 1612 1888 inodo
1635 1806 1767 1861 memte

131 1828 252 1937 basilicae
261 1881 420 1953 grandioris
428 1881 613 1936 fundamenta
618 1883 720 1952 jecere.
732 1883 823 1937 Testis
837 1883 930 1937 dome·
971 1898 1036 1936 rure
1054 1881 1179 1936 fluminis
1196 1881 1316 1936 Adranon
1336 1879 1377 1934 vel
1396 1879 1493 1933 Ederae
1510 1894 1605 1960 ripam
1623 1884 1767 1948 utramque

131 1952 927 2013 sticusLambertusHersfeldensisadannumcliristiStll.
970 1959 1054 2024 ponte
1066 1952 1172 2024 jungit.
1186 1951 1375 2021 Buriburguiu
1391 1949 1477 2019 igitur
1496 1949 1621 2002 ricinum
1643 1947 1767 2002 Fritesla

132 2025 265 2079 Sanctum
278 2041 344 2079 vero
357 2022 536 2096 Wigberturn
546 2025 775 2096 sacradignaque
786 2031 929 2097 receptum
970 2024 1056 2078 riensi
1069 2025 1128 2078 rico
1148 2023 1375 2092 monasterioque
1394 2021 1482 2083 stetit,
1500 2021 1711 2073 munimentum
1724 2021 1768 2074 ad·

131 2096 206 2161 sede,
223 2096 271 2150 sed
287 2110 344 2150 non
358 2095 411 2149 liac
426 2095 571 2166 ampliore,
582 2096 789 2167 quaetitnlisliic
799 2101 925 2164 ornatur,
969 2111 1065 2149 versus
1079 2096 1211 2161 Saxones,
1228 2095 1277 2148 sed
1296 2092 1422 2147 cladibus
1442 2091 1529 2145 etiarn
1550 2091 1611 2144 suis
1635 2091 1766 2145 caducum

131 2166 259 2221 resolui-a
270 2171 322 2221 est.
335 2167 370 2220 Et
376 2166 547 2239 epigraphen
559 2166 697 2222 illustrem
712 2167 778 2222 olim
791 2169 925 2234 emimus,
968 2165 1411 2237 atquchocinoppidopostquam
1417 2161 1550 2216 translati
1580 2161 1688 2216 raesulis
1696 2161 1766 2233 wig-

130 2237 294 2307 posterioris
305 2236 488 2301 dedicationis
502 2243 609 2301 notam,
626 2238 661 2293 ab
675 2255 749 2293 anno
769 2237 823 2295 852
837 2256 927 2310 qnan-
967 2235 1039 2291 beiti
1054 2237 1162 2292 cineres
1194 2237 1315 2299 nievere,
1328 2233 1526 2288 memorabiles
1564 2249 1766 2314 assonumeru·

128 2324 214 2435 quarn
228 2325 279 2380 pro
291 2309 448 2362 certissima
468 2309 640 2364 noluerimus
654 2309 765 2377 haben,
782 2311 812 2364 in
826 2327 860 2364 ea
873 2312 926 2365 Lu·
966 2308 1062 2432 ptione
1072 2308 1165 2364 clades
1175 2255 1341 2363 Senonibus.
1360 2305 1446 2363 etiam
1465 2320 1590 2376 superne
1604 2305 1680 2360 datis
1692 2305 1766 2360 auxi·

148 2379 241 2434 oricus
256 2380 322 2435 Pius
336 2379 490 2450 imperator
497 2385 655 2434 exstructor
667 2380 787 2435 basilicae
800 2382 926 2436 nomina·
976 2379 1020 2445 iia,
1035 2380 1134 2445 illntae;
1151 2384 1180 2433 et
1193 2379 1292 2449 ingens
1307 2377 1508 2432 miraculorum
1523 2376 1573 2430 lux
1592 2376 1668 2447 apud
1682 2377 1765 2432 senen

128 2455 185 2517 tur,
206 2456 234 2505 et
257 2450 369 2507 biennio
394 2451 531 2506 duntaxat
553 2452 761 2534 chronologiam
782 2453 925 2508 Lamberti
966 2467 1068 2505 novum
1080 2451 1240 2521 sepulcrum
1251 2449 1363 2503 effulsit.
1375 2448 1492 2502 Interim
1503 2447 1623 2501 ecclesia
1631 2447 1763 2518 princeps,

5 2535 21 2554 ·
127 2520 349 2592 supergreditur,
358 2520 406 2594 qui
420 2521 652 2594 quinquagesimo
662 2522 737 2579 illius
748 2523 840 2579 saculi
850 2540 924 2579 anno
966 2538 1050 2593 quam
1061 2521 1174 2577 SPetri
1183 2521 1283 2576 honori
1295 2519 1452 2574 Bonisacius
1465 2518 1535 2573 olim
1551 2525 1687 2590 posuerat
1695 2519 1765 2590 apud

127 2591 286 2648 dedicatam
300 2591 432 2647 affirmat.
443 2592 485 2646 Ad
495 2600 571 2648 certe
586 2609 645 2647 rein
657 2610 713 2648 non
723 2594 852 2648 inutilem
862 2612 925 2666 ege·
965 2592 1177 2658 monasterinm,
1189 2591 1224 2646 ob
1232 2590 1621 2661 incursuspopulationesque
1629 2591 1765 2645 Saxomm

127 2664 191 2731 rim,
207 2664 230 2718 si
244 2664 316 2736 Lupi
330 2663 442 2729 servati,
458 2664 635 2735 scriptorise
706 2665 726 2719 ii
745 2681 808 2720 nieo
828 2682 922 2733 sensu,
965 2663 1399 2733 assiduas‚vestaadtompuset
1414 2661 1520 2734 inculta
1570 2667 1766 2734 rmansit,prc

126 2732 274 2791 obscuram
287 2735 443 2790 oraticnem
461 2735 497 2789 de
518 2737 546 2790 S.
569 2735 635 2806 Wig
654 2737 707 2790 erti
728 2736 922 2804 manatione,
964 2734 1060 2788 feriata
1074 2735 1175 2806 saepius
1189 2733 1224 2788 ab
1239 2734 1328 2799 hoste,
1349 2732 1395 2803 qui
1418 2732 1499 2804 equis
1521 2679 1568 2785 ibie
1587 2732 1723 2804 praesepia
1740 2739 1766 2787 et

126 2804 490 2878 interpretationemaanon
501 2806 570 2861 niliil
580 2807 759 2878 adjuvemls
769 2808 863 2878 itaque
874 2808 924 2863 du·
964 2805 1076 2861 stabula
1090 2807 1202 2872 iecerat,
1228 2805 1294 2859 visis
1316 2805 1400 2858 etiarn
1425 2803 1597 2869 coelestibus,
1622 2805 1765 2858 adversum

146 2877 226 2931 licem
237 2894 299 2932 eam
310 2877 446 2948 agnoscit,
459 2877 579 2949 primam
590 2895 624 2932 ex
633 2878 821 2933 Fritzlariensi
833 2896 924 2934 coeno-
965 2877 1094 2934 incendia
1107 2878 1233 2948 aliosque
1242 2893 1323 2932 casus
1338 2876 1474 2930 bellorum
1488 2875 1652 2941 custodiam
1668 2874 1765 2946 quibus

124 2892 170 3001 bio
183 2948 286 3002 iactam
299 2948 329 3005 in
343 2966 378 3021 ap
399 2948 476 3003 idum
498 2949 697 3020 Buriburgum,
718 2950 784 3005 hinc
805 2951 923 3005 alteram
965 2949 1090 3003 exterriti
1106 2948 1208 3020 pagani
1222 2955 1251 3003 et
1264 2948 1293 3001 in
1304 2948 1401 3018 lugam
1414 2946 1479 3008 acti,
1490 2946 1641 3001 libidinem
1651 2947 1765 3001 nocendi

124 3017 154 3071 iii
165 3019 365 3073 monasterium
375 2966 618 3074 deroisfolliense.
629 3021 767 3075 Caeterum
776 3021 924 3093 inemptis·
965 3019 1131 3091 posthabere
1141 3019 1227 3074 coacti
1236 3024 1310 3072 sunt.
1324 3019 1459 3073 Praeclare
1473 3016 1533 3072 liaec
1550 3017 1672 3090 publicis
1683 3018 1765 3073 rmn-

124 3088 196 3142 simo
211 3089 452 3158 Hassonumpago,
469 3089 516 3168 qui
532 3089 633 3143 Saroni
656 3090 827 3157 limitaneus,
847 3093 921 3163 apud
931 3104 954 3165 (2
964 3107 1059 3146 corum
1073 3090 1221 3144 annalibus
1237 3089 1308 3161 Lupi
1328 3089 1435 3144 Servati
1455 3089 1637 3159 alienamque
1650 3089 1764 3160 scripto

125 3158 429 3223 Friteslariumricum,
441 3159 698 3230 primitiaecollectae
709 3162 868 3218 Hassonum
879 3179 922 3218 ec·
963 3179 1025 3218 rum
1036 3163 1145 3227 litteris,
1162 3161 1198 3216 ob
1212 3161 1338 3215 miraculi
1354 3159 1582 3230 magnitudinem
1592 3161 1628 3214 ad
1644 3167 1765 3231 postera

124 3229 225 3296 clesiae,
241 3230 290 3301 qui
305 3229 400 3311 populi
414 3236 480 3283 ante
496 3230 618 3285 Saxones
633 3249 698 3286 cuin
717 3233 867 3305 Thuringis
886 3235 921 3288 ad
962 3232 1403 3290 transmissaaccelebratasunt.
1415 3231 1522 3301 Regino
1538 3231 1576 3286 ad
1591 3230 1762 3295 sanumiu,

123 3300 208 3355 sidem
215 3301 405 3355 Christianam
416 3302 552 3367 conversi,
565 3302 628 3356 etin
638 3302 922 3375 limitaregniadver·
963 3306 1010 3376 qui
1025 3304 1187 3359 melioribus
1203 3302 1409 3374 exemplaribus
1426 3301 1487 3366 773,
1506 3301 1703 3373 Buriburgum
1721 3320 1763 3357 ca·

124 3388 172 3426 sus
183 3373 316 3439 Saxones,
325 3378 444 3427 nmmos
455 3373 559 3439 hostes,
570 3374 706 3440 collocati,
717 3381 776 3429 uta
790 3376 818 3430 S.
837 3377 921 3432 Boni·
963 3383 1051 3431 strum
1068 3375 1194 3446 agnoscit
1208 3380 1236 3429 et
1249 3374 1443 3429 munitionem.
1460 3373 1623 3427 Frideslare
1648 3391 1712 3428 rere
1726 3375 1764 3428 lo·

123 3441 193 3497 facio
215 3444 333 3526 ejusque
358 3442 503 3567 discipulis
526 3443 646 3515 impigre
666 3447 767 3502 exculti
786 3453 861 3514 sunt,
881 3448 922 3503 ita
962 3464 1025 3502 cum
1041 3454 1162 3502 acastre
1176 3445 1316 3501 diversum
1332 3451 1420 3510 notat,
1436 3445 1466 3498 in
1481 3461 1537 3515 quo
1550 3443 1671 3499 basilica
1683 3462 1763 3499 asan·

33 3536 36 3541 ¹
123 3514 425 3587 Francicoimpen'omi
438 3514 919 3588 itiaestienuamoperamnaverunt.
962 3525 1013 3572 cta
1026 3517 1314 3573 memoriaeBoniiacio
1328 3523 1451 3579 martura
1462 3524 1640 3579 consecrata,
1658 3523 1686 3571 et
1696 3519 1763 3571 circa

121 3584 254 3640 Limitem
264 3586 339 3639 hunc
357 3585 493 3651 describo,
517 3587 653 3659 quidquid
676 3593 826 3655 terrarum,
852 3590 922 3662 ripis
963 3606 1025 3644 eain
1039 3588 1199 3660 patentibus
1213 3588 1289 3655 locis,
1312 3577 1441 3642 villarum
1461 3587 1594 3641 aedilicia.
1618 3590 1762 3642 cai-erere

123 3656 253 3722 ildrsnoe,
264 3656 360 3712 Fnldae
370 3672 402 3710 ac
412 3657 550 3727 Visurgis,
561 3675 578 3711 a
588 3659 788 3740 septentrione,
801 3661 921 3715 solstitio
963 3660 991 3713 iii
1002 3661 1073 3732 Lupi
1081 3660 1190 3714 Servati
1199 3677 1259 3730 cap.
1272 3659 1316 3726 nl,
1325 3659 1373 3713 ubi
1384 3658 1522 3713 albuinus
1542 3659 1651 3714 dicitur
1667 3659 1761 3730 praesul

124 3725 823 3799 brumalirersusoocasumpimtanditnr:hacenim
831 3736 919 3803 parte,
963 3730 1314 3802 Friteslaricnsisejusdem
1324 3730 1428 3802 oppidi,
1440 3729 1641 3784 Friteslarium
1649 3747 1761 3802 cirinop

123 3799 280 3921 pinsertim
296 3799 424 3871 aLippia
437 3807 466 3855 et
479 3800 593 3856 Paderae
613 3807 715 3867 tractu,
740 3803 863 3857 Saxones
877 3803 922 3859 in·
963 3802 1028 3872 pido
1039 3803 1151 3872 jungas
1170 3802 1217 3873 qui
1233 3802 1267 3855 ab
1283 3803 1342 3926 ipso
1354 3801 1471 3872 aliisque
1482 3801 1586 3871 priscis
1600 3807 1713 3857 tantuin
1725 3802 1761 3855 lo·

135 3869 188 3924 esti
200 3869 373 3924 Hassonibus
386 3872 428 3924 vel
444 3871 541 3925 llassis
553 3871 746 3926 imminebant.
764 3874 836 3946 Ergo
847 3875 921 3944 apud
963 3890 1011 3927 cus
1026 3873 1138 3938 dicitur,
1152 3889 1215 3931 cum
1226 3874 1291 3944 oppi
1312 3873 1433 3926 laomen
1441 3870 1476 3925 de
1489 3871 1584 3926 ricino
1600 3873 1688 3926 Bniib
1738 3889 1760 3931 o,

123 3940 922 3999 AdranamlluviumS.Bonifacinscunimonasteriumloco
963 3946 1043 4015 cujus
1051 3944 1105 3999 suit
1113 3944 1251 3998 albuinus
1264 3945 1418 4015 episcopus,
1434 3942 1522 4013 accipi
1536 3943 1655 4005 debeat;
1668 3952 1697 3999 et
1730 3944 1761 3997 ri·

40 4063 42 4066 ,
124 4012 171 4082 qui
188 4013 322 4066 Fiiteslar
335 4013 436 4078 dictus,
458 4013 630 4067 Hassonibus
646 4015 837 4074 exstruxisset.
855 4033 922 4070 con-
962 4015 1136 4070 teslariensis
1151 4015 1312 4068 monasterii
1323 4019 1433 4068 tantum
1446 4012 1534 4067 abbas
1548 4015 1700 4068 exstiterit.
1712 4014 1760 4069 Sed

123 4099 200 4136 venae
214 4089 357 4153 coetusque
371 4081 565 4164 religiosorum
580 4101 598 4138 a
609 4085 694 4139 feroci
713 4086 803 4152 hoste,
820 4087 922 4141 violato
963 4087 1175 4140 tmnslationem
1186 4087 1304 4140 alteram
1319 4085 1475 4140 accuratius
1489 4085 1578 4140 etiarn
1588 4087 1762 4157 prosequitiu

123 4154 222 4218 limite,
231 4170 304 4224 saepe
314 4154 433 4207 divexati
442 4159 523 4220 suut,
540 4172 668 4227 aegreque
682 4158 831 4211 stationem
846 4159 922 4212 inco·
963 4158 1057 4229 Lupus
1068 4158 1210 4223 Servatus,
1227 4157 1449 4227 imperatumque
1462 4156 1600 4210 divinitus
1619 4158 1758 4211 affirmat·

123 4223 323 4288 metuebantur,
337 4225 681 4295 donecplacuitmunitius
691 4228 834 4298 oppidum,
845 4235 925 4285 trans
964 4228 1035 4284 torte
1048 4245 1084 4283 ne
1099 4228 1221 4299 praedam
1233 4229 1348 4282 tandem
1362 4227 1473 4280 barbari
1489 4227 1524 4280 de
1535 4245 1618 4282 sacro
1633 4229 1733 4282 tbesau

125 4296 241 4359 flumen,
254 4295 371 4350 editiore
381 4295 441 4350 loco
451 4296 580 4362 condere,
591 4298 636 4351 cui
650 4299 770 4353 Buribur
790 4317 923 4354 onomen
964 4300 1089 4354 facerent
1107 4318 1113 4352 :
1130 4301 1204 4352 clam
1223 4306 1318 4353 tamen
1337 4298 1477 4370 exportari
1498 4299 1609 4352 cineres
1630 4301 1759 4370 oportuit

125 4367 241 4422 exstitit.
256 4367 328 4448 lluic
337 4367 476 4422 cathedra
485 4368 576 4439 cpisco
597 4369 649 4424 alis
659 4318 862 4440 bouoeobtigit.
878 4341 956 4427 cun
984 4387 1021 4427 uo
1035 4387 1071 4425 ne
1086 4369 1235 4441 Buriburgi
1248 4370 1354 4436 incolae,
1370 4369 1497 4441 pignoris
1511 4369 1644 4425 amabilis
1658 4370 1759 4425 acoemi

123 4437 171 4509 jus
184 4443 411 4520 procurationem
425 4455 511 4509 penes
526 4441 554 4494 S.
568 4387 746 4510 debeam
764 4442 923 4498 Bonisacius
963 4387 1112 4505 desiderio,
1141 4440 1243 4505 ba'ulis
1266 4441 1294 4495 id
1319 4445 1490 4506 excuterent,
1517 4447 1570 4496 ant
1592 4442 1759 4496 arcedonem

126 4525 187 4563 esse
200 4509 297 4575 voluit,
333 4510 457 4565 uisimul
471 4516 500 4566 et
518 4510 604 4566 abbas
624 4511 843 4568 Friteslaricnsis
866 4531 923 4569 οω-
964 4530 1080 4584 prorsus
1094 4513 1169 4584 impe
1191 4513 1272 4567 'ient
1288 4512 1381 4576 Quare
1394 4511 1553 4567 ubiLullus
1577 4514 1760 4586 archiepisco·

125 4578 213 4662 nobil,
228 4585 266 4647 at,
281 4526 423 4651 utzupus
439 4581 570 4662 Servatus
580 4582 629 4645 ait,
646 4600 744 4665 exque
756 4585 852 4640 omnia
865 4585 923 4640 haec
964 4601 1026 4656 pua,
1040 4599 1215 4654 magnusque
1237 4584 1354 4638 Carolus
1369 4599 1505 4649 annuere,
1527 4585 1626 4639 sanxit
1645 4585 1759 4655 denique

123 4649 282 4716 hammus,
309 4651 461 4706 sacerdotes
482 4653 597 4709 secundi
615 4654 723 4708 ordinis
745 4655 921 4725 dignitatem,
962 4654 1101 4711 albuinus
1109 4655 1255 4726 episcopus
1263 4654 1486 4725 Buriburgeasis.
1497 4661 1530 4709 ut
1540 4655 1592 4709 adi
1602 4661 1759 4711 uesinoaa-

124 4722 922 4804 putaapudllassones,oppidoBuriburgosustinuit.Nsm
963 4726 1009 4782 elii
1024 4729 1053 4783 S.
1069 4726 1244 4796 Wigbortum
1264 4725 1421 4796 Buriburgo
1435 4732 1630 4796 exportarent.
1655 4744 1688 4782 sc
1709 4727 1759 4780 lle·

124 4791 254 4851 muudus
267 4793 380 4850 secundi
395 4794 512 4861 ordinis,
528 4795 568 4849 vel
578 4795 780 4866 suffraganeus,
793 4799 833 4852 rel
848 4799 922 4853 idem
964 4797 1097 4853 rolsseldii
1106 4797 1250 4852 cenobitae
1257 4797 1342 4867 justis
1352 4796 1505 4853 honoribus
1514 4813 1582 4852 eum
1592 4799 1757 4869 exitiperent

125 4864 175 4936 qui
190 4864 308 4921 vicarius
317 4864 438 4936 episcopi
454 4871 483 4920 et
495 4867 717 4927 archidiaconus,
734 4873 765 4922 ut
779 4868 846 4923 olim
861 4887 922 4925 mo·
964 4872 1006 4927 Ita
1019 4869 1132 4932 factum,
1145 4867 1211 4923 etin
1222 4868 1338 4923 ecclesia
1352 4868 1542 4935 Hersfeldensi
1558 4869 1688 4940 principe
1704 4870 1758 4923 loco

125 4935 248 4993 unimus.
264 4935 338 5001 Quin
348 4941 377 4992 at
387 4936 418 4991 B.
432 4935 517 5002 Vitta,
528 4937 576 5008 qui
586 4939 772 5004 etAlbuinus,
783 4939 921 5010 Wigheiti
963 4941 1110 5011 magnifice
1123 4939 1261 4994 conditus.
1274 4941 1486 4994 Monumentum
1496 4940 1596 4995 suaein
1605 4940 1759 5011 dirumpis

125 5022 277 5070 succcsmr.
294 5005 428 5062 diserma
446 5007 580 5063 Zacharia
598 5025 680 5080 papa,
705 5010 783 5081 Lupo
806 5012 921 5066 Servata
961 5013 1028 5067 tatis
1046 5027 1139 5066 arcam
1163 5011 1260 5067 Lullus
1281 5011 1379 5077 erexit,
1403 5009 1539 5065 ciborium
1566 5011 1713 5071 Rsbauus.
1732 5011 1759 5064 li·

124 5078 243 5150 aliaque
252 5079 392 5135 salutatur
402 5079 618 5150 Buriburgensis
627 5080 749 5138 ecclesie
763 5082 919 5153 episcopus3
961 5099 1066 5152 gneum
1080 5083 1191 5137 culmen
1200 5081 1414 5152 Egiahardusin
1424 5081 1613 5148 translatione
1622 5083 1674 5139 SS.
1689 5083 1759 5137 blar-

123 5148 165 5207 ita
179 5156 211 5215 ut
224 5150 458 5215 manifestumne,
470 5150 556 5207 etiam
569 5151 686 5222 publicis
696 5153 834 5207 Zachariae
844 5170 922 5224 papa
962 5152 1055 5209 cellini
1068 5158 1096 5208 et
1110 5152 1198 5217 Petri,
1209 5154 1368 5224 appellavit,
1381 5169 1465 5224 quam
1479 5169 1560 5208 more
1575 5155 1685 5211 uinciri
1700 5153 1759 5209 Gal·

125 5221 210 5279 reacri
244 5222 277 5305 e,
299 5221 489 5291 Buriburgum
504 5222 653 5294 episcopali
672 5223 738 5277 sede
756 5223 922 5279 cohonesta-
961 5223 1007 5279 liis
1021 5224 1228 5296 Germaniaque
1241 5230 1362 5295 recepto,
1379 5240 1448 5279 auro
1462 5231 1640 5295 argentoque
1654 5231 1684 5280 et
1700 5225 1758 5280 eliis

125 5296 196 5348 tuni.
232 5293 668 5364 uriburgn'veronomcn,Rerum
680 5295 921 5364 Moguntiacarum
962 5295 1085 5351 metallis
1098 5302 1214 5351 venuste
1227 5302 1393 5362 contectam,
1416 5296 1545 5366 sepulcro
1569 5296 1756 5368 superposuit,

125 5362 253 5442 scriptor,
266 5369 407 5419 mutatum
421 5365 588 5434 suspicatur,
605 5372 654 5420 aut
675 5365 761 5420 alium
778 5365 806 5420 iii
821 5383 920 5420 sonum
962 5366 1057 5421 Idibus
1066 5367 1196 5437 Augusti,
1203 5366 1756 5438 ipsoimperatoreCainlooperifarente.

126 5447 270 5500 migrasse,
283 5452 337 5504 qno
349 5436 442 5489 niirius
452 5441 611 5506 promptum
619 5436 704 5492 fuerit
713 5437 766 5491 loci
776 5438 860 5492 situm
876 5455 920 5491 ex·
962 5438 1100 5492 Ceterum
1111 5439 1195 5508 hujus
1203 5439 1394 5492 translationis
1403 5454 1504 5500 annus
1517 5439 1572 5491 etsi
1583 5455 1601 5493 a
1613 5439 1694 5510 Lupa
1707 5454 1757 5494 aaa

126 5500 245 5568 plorare.
259 5505 296 5558 at
310 5505 358 5575 qui
373 5506 547 5562 Fritzlariam
562 5507 723 5579 diligentius
737 5509 918 5579 inspexerint,
960 5509 1261 5583 exprimitur‚liaudita
1267 5509 1356 5566 inulto
1362 5515 1430 5591 post
1436 5509 1758 5566 Sexanxminamioues

124 5577 229 5651 negant
239 5590 271 5626 eo
284 5575 344 5655 loco
358 5577 501 5632 conditum
516 5594 571 5651 qno
585 5596 660 5634 nunc
674 5578 805 5644 cernitur,
823 5579 871 5634 sed
887 5596 920 5634 ea
960 5585 1056 5636 tamen
1067 5581 1190 5635 evenisse
1199 5580 1306 5651 colligis
1317 5579 1448 5655 exipsius
1457 5579 1560 5649 rubis,
1572 5597 1639 5637 cuin
1654 5582 1759 5654 aliquot

124 5650 400 5707 regionccuiiiomcn
412 5651 708 5716 cstl'rauceeir'i‘nrter,
722 5656 919 5706 autmonaste·
960 5650 1114 5724 interjectis
1127 5651 1219 5712 annis,
1238 5652 1407 5708 censiacum
1427 5656 1536 5720 amat,
1559 5659 1632 5726 puta
1649 5670 1684 5711 cx
1706 5668 1757 5725 quo
