3772 6120
131 256 202 311 1519
431 249 459 301 ll.
484 247 616 301 llllllle
637 245 750 299 ltnuttt
772 243 938 298 AllClllEP.
962 242 1123 296 MOGUNT.
1145 241 1292 297 OPERUM
1313 240 1406 296 PARS
1425 241 1475 295 lll.
1711 240 1770 299 llll

130 377 288 447 epistolam,
305 373 388 427 simul
404 378 432 425 et
448 370 610 441 opusculum
625 369 701 440 qued
717 368 821 422 lecistis
836 368 870 422 ad
883 369 987 428 ιιι-Α(
1003 366 1079 421 Deus
1093 365 1246 437 pronubis,
1263 366 1325 436 quis
1339 372 1439 420 contra
1454 364 1527 418 nost
1542 363 1598 428 Qui
1611 364 1698 418 etiam
1712 381 1769 437 pro·

130 467 223 521 clusos
239 472 268 518 et
286 462 426 533 simplices
442 461 488 531 qui
509 461 537 513 in
557 468 650 513 restra
673 458 805 530 parochia
825 457 930 512 consis-
975 478 986 505 ι
1002 455 1063 526 prio
1074 455 1131 509 lilio
1144 472 1195 509 suo
1208 471 1263 509 non
1278 455 1411 526 pepercit,
1423 454 1473 508 sed
1489 470 1541 525 pro
1556 452 1770 511 nobisomnibus

130 561 205 615 tunt,
221 559 319 607 corana
345 549 501 604 Getescalci
525 564 660 602 errorem.
684 547 825 601 illl'erebat
844 546 930 600 etiarm
974 544 1121 599 «tradidit
1132 560 1207 598 euni.
1224 544 1369 608 Quomodo
1383 560 1450 613 ergo
1466 560 1523 613 non
1539 543 1627 597 etiarn
1644 560 1709 597 cum
1728 544 1769 600 illo

131 660 225 697 secum
240 641 359 695 aliorum
375 638 488 709 scripta,
504 637 551 708 qui
566 636 768 707 propemodum
783 634 930 689 memorati
973 655 986 683 a
1002 634 1097 688 omniu
1116 633 1196 688 nobis
1219 633 1351 688 donarit?
1369 652 1383 687 a
1399 635 1487 688 illone.
1510 649 1567 696 rur,
1584 631 1645 700 28.)
1660 633 1694 687 ln
1712 633 1770 705 Epi·

130 730 252 787 hteretiei
272 730 374 799 dogma
389 734 555 797 sequuntur,
573 726 621 780 sed
641 742 697 779 non
719 740 929 796 usquequaque.
972 723 1045 776 stola
1054 734 1149 778 aunnn
1158 739 1209 777 sua
1223 723 1257 776 ud
1269 722 1403 793 Ephesios
1412 723 1453 776 ita
1462 721 1771 793 loquiturdicenszslle·

131 823 204 876 Nam
220 818 389 874 Prudentius
402 815 566 870 'l'ricassirne
584 814 706 868 civitatis
721 814 878 884 episcopus,
895 813 930 866 nd
973 828 986 863 c
1003 811 1217 881 nedictuslllcus
1228 810 1465 865 etPaterDornini
1477 810 1570 865 nostri
1583 811 1651 864 lesu
1664 810 1769 879 Christi,

131 926 179 963 ros
194 916 222 962 et
237 908 272 962 ad
286 907 439 961 l‘ardulum
449 904 582 968 scribens,
595 904 676 975 plum
690 903 931 973 testimoniuprae-
974 900 1052 970 «qui
1076 900 1217 955 benedixit
1246 918 1296 954 nos
1324 900 1355 954 iu
1380 900 1459 954 omni
1495 899 1696 954 benedictione
1719 899 1770 972 spi·

129 998 278 1053 teritorum
298 997 413 1050 l’atrunr
438 994 466 1047 in
489 991 721 1064 quaternionibus
737 991 795 1045 suis
808 990 929 1060 collegit,
973 989 1077 1043 «rituli
1098 989 1127 1043 in
1149 988 1307 1043 eoelestibus
1327 990 1356 1043 in
1380 989 1503 1053 Christo,
1529 988 1605 1043 sicut
1626 989 1711 1059 elegit
1725 1005 1770 1045 nos

131 1088 160 1142 in
171 1086 272 1157 quibus
282 1084 433 1154 aliquando
444 1090 538 1136 nostro
551 1081 645 1135 sensui
655 1081 813 1145 concordat,
826 1080 878 1133 hoc
888 1084 932 1132 cst
974 1096 986 1130 r
1002 1086 1067 1132 ante
1082 1079 1178 1132 mundi
1193 1079 1432 1141 constitutionem,
1450 1085 1483 1132 ut
1503 1094 1636 1132 essemus
1649 1078 1734 1133 sancti
1745 1086 1772 1135 ct

132 1175 179 1231 ubi
193 1175 260 1229 dicit
275 1173 380 1245 procedi
395 1178 538 1225 tractorem
554 1171 643 1225 Deuca
661 1187 717 1225 nou
731 1187 800 1234 esse,
818 1186 868 1223 nec
881 1168 931 1222 ali·
974 1190 986 1217 ι
1003 1167 1174 1222 immaculati
1183 1168 1212 1221 in
1222 1174 1373 1238 conspectu
1383 1169 1446 1238 ejus
1458 1168 1487 1222 in
1498 1167 1645 1222 charitate
1656 1168 1771 1240 quipse·

132 1280 216 1334 quem
240 1262 275 1316 ud
294 1260 465 1333 peccandum
488 1259 667 1329 compellere,
690 1258 837 1329 praenrium
867 1273 930 1310 rero
973 1255 1149 1310 «destinarit
1164 1273 1213 1310 nos
1226 1256 1256 1311 in
1268 1256 1450 1326 adoptionem
1468 1256 1597 1311 filiorum
1622 1258 1770 1328 perseam

129 1353 215 1423 justis
228 1352 365 1404 innnensa
382 1349 474 1419 gratia
489 1347 706 1401 misericorditer
721 1346 854 1411 tribuere,
871 1362 931 1417 pm·
974 1364 984 1395 ι
1004 1344 1147 1399 Christum
1158 1346 1186 1398 in
1196 1344 1287 1415 ipsum
1298 1345 1771 1416 seeundumpropositumsolunte·

133 1458 199 1497 nam
214 1448 309 1494 autem
320 1438 485 1508 condignum
497 1436 601 1507 iniquis
609 1452 659 1507 pro
670 1435 750 1490 triadis
760 1452 855 1489 eorum
868 1453 931 1505 ope·
974 1454 985 1485 ι
1002 1433 1039 1487 tis
1049 1450 1115 1499 suae,
1133 1434 1161 1488 in
1172 1434 1282 1488 laudem
1293 1434 1390 1504 gloriae
1402 1434 1504 1505 gratiae
1519 1451 1590 1495 suae,
1608 1434 1639 1489 in
1654 1451 1771 1506 quagra-

133 1530 210 1584 ribus
222 1529 299 1599 juste
314 1527 440 1591 reddere,
453 1526 518 1597 quia
529 1527 624 1597 iustus
634 1525 819 1579 estllominus
834 1523 861 1577 in
874 1540 932 1577 orn·
974 1543 985 1574 ι
1003 1523 1120 1577 tisrcarit
1134 1540 1185 1577 nos
1199 1522 1227 1576 in
1240 1523 1341 1577 dilecto
1357 1523 1415 1577 filio
1434 1540 1496 1587 suo,
1517 1523 1548 1577 in
1564 1540 1625 1595 quo
1645 1523 1771 1581 hammus

133 1620 217 1673 nibus
232 1617 361 1681 dissuis,
376 1622 525 1669 etsanctus
540 1615 569 1668 iu
577 1613 708 1668 comibus
721 1613 852 1684 operibus
862 1612 929 1667 suis.
974 1630 987 1664 ι
1004 1612 1224 1683 redemptionem
1239 1630 1288 1683 per
1303 1613 1469 1681 sanguinem
1489 1614 1564 1682 ejus,
1583 1612 1769 1670 remissionem

134 1707 188 1761 Sed
203 1705 314 1776 quaudo
325 1705 477 1775 dicitquod
488 1705 570 1763 Decus,
586 1703 770 1757 sicutelectos
785 1668 988 1773 placasti-¹3«
1003 1708 1191 1772 peccatorum,
1207 1702 1361 1756 secundum
1375 1702 1488 1756 diuitias
1511 1701 1616 1771 gratiae
1631 1704 1700 1773 ejus,
1715 1720 1770 1775 qua

111 1820 115 1831 ·
133 1795 246 1849 natione
257 1810 308 1847 sua
317 1794 352 1847 ad
363 1793 508 1863 piaculum
517 1800 654 1847 aeternum
667 1791 803 1862 perducit,
816 1791 931 1861 itapne-
974 1809 985 1841 ι
1003 1789 1241 1860 superabundavit
1252 1789 1369 1844 innubis
1383 1791 1411 1844 in
1425 1791 1504 1845 ornni
1518 1791 1663 1862 sapientia
1673 1798 1702 1847 et
1713 1809 1771 1864 pm-

134 1884 319 1938 destinatione
334 1899 385 1936 suu
399 1887 481 1951 cogat
494 1888 653 1952 percuteres
668 1881 697 1934 in
712 1881 858 1935 interitum
879 1881 929 1947 ire,
973 1898 987 1931 ι
1002 1879 1099 1934 dentiu
1106 1886 1138 1934 ut
1149 1886 1247 1934 notum
1257 1880 1361 1933 laceret
1369 1879 1450 1934 nobis
1459 1888 1676 1935 sacramentum
1684 1881 1771 1936 volun·

135 1973 187 2027 hoc
204 1973 271 2026 mihi
291 1972 402 2025 ridetur
419 1971 448 2024 in
469 1970 684 2040 corrgregxtionc
706 1969 930 2024 testimoniorum
974 1986 986 2020 r
1002 1968 1069 2023 tritis
1083 1985 1140 2023 suae
1161 1968 1315 2024 secundum
1336 1968 1439 2023 bonum
1458 1969 1600 2041 placitum
1619 1970 1682 2040 ejus
1703 1968 1770 2041 quotl

133 2078 249 2116 suorum
271 2061 361 2114 lucere
376 2060 454 2117 selle,
477 2064 508 2112 ut
523 2060 670 2113 credamus
684 2064 714 2113 et
735 2061 929 2123 conliteamur,
972 2056 1148 2128 «proposuit
1171 2057 1200 2111 in
1222 2074 1254 2111 co
1277 2056 1306 2110 in
1330 2057 1574 2128 dispensationem
1595 2058 1771 2130 plenitudmis

131 2150 213 2220 juxta
225 2147 404 2203 traditionem
419 2148 583 2212 (lotesrulci,
598 2147 740 2215 geratinum
751 2163 811 2201 esse
826 2147 931 2217 praede·
972 2162 986 2198 ι
1005 2154 1172 2217 terriporurn,
1192 2145 1344 2200 instaurari
1368 2146 1463 2200 omnia
1478 2147 1508 2200 in
1533 2148 1590 2202 Chr
1597 2147 1651 2203 isto
1669 2165 1729 2220 quae
1741 2147 1768 2204 ia

132 2238 330 2293 stillationem:
347 2236 454 2291 scilicet
468 2237 540 2307 ιμιιιιι
556 2237 629 2291 sicut
642 2237 745 2291 electos
761 2235 930 2307 praesciendo
973 2254 985 2287 ι
1000 2235 1077 2289 ecelis
1095 2240 1122 2288 et
1138 2251 1199 2306 equae
1214 2234 1241 2288 in
1256 2244 1331 2289 terra
1344 2244 1410 2289 sunt
1430 2236 1458 2289 in
1475 2236 1548 2306 ipso,
1567 2237 1599 2290 in
1613 2253 1670 2308 quo
1683 2244 1711 2292 et
1724 2254 1768 2293 ros

133 2334 162 2382 et
173 2327 397 2398 praedestinando
412 2327 486 2381 Deus
498 2326 573 2380 ducit
590 2326 625 2379 ud
640 2325 736 2389 sitam,
748 2324 930 2396 intreprobos
972 2342 984 2375 ι
999 2340 1063 2377 curn
1082 2323 1231 2378 audissetis
1252 2322 1367 2378 uerbum
1389 2324 1503 2379 intutis
1523 2325 1709 2396 Evangelium
1725 2342 1769 2381 sa-

133 2416 302 2488 prreseiendo
317 2422 346 2470 et
360 2415 725 2486 pradestinandodueutud
741 2430 861 2485 paurum.
875 2414 929 2468 Sed
972 2433 983 2464 ι
1001 2413 1068 2467 lutis
1092 2419 1198 2477 restrae,
1221 2419 1250 2467 ct
1273 2412 1423 2467 credentes
1445 2413 1551 2484 signati
1581 2414 1650 2469 estis
1673 2415 1768 2486 spiritu

132 2506 198 2577 quia
213 2506 265 2559 hoc
279 2521 417 2574 nusquam
440 2505 469 2558 in
497 2504 647 2574 Scripturis
661 2502 746 2557 sacris
761 2503 799 2557 ita
820 2502 928 2556 mixtim
971 2501 1195 2573 «promissionis
1213 2509 1318 2568 sancto,
1343 2503 1391 2573 qui
1412 2510 1456 2558 est
1476 2502 1582 2573 pignus
1602 2503 1769 2560 hereditatis

130 2595 253 2666 positum
268 2595 370 2655 invem,
383 2595 443 2663 ejus
457 2592 654 2646 traditionilms
665 2592 801 2645 assentire
815 2608 871 2644 nrm
886 2609 930 2645 uc-
970 2610 984 2643 ι
999 2598 1103 2645 nostrus
1117 2591 1145 2645 in
1166 2591 1385 2662 reclemptionem
1401 2591 1601 2663 acquisitionis
1616 2592 1646 2647 in
1663 2592 1769 2648 laudem

131 2684 254 2754 quiesco.
275 2682 443 2751 Singillatim
459 2691 553 2735 :tutem
568 2681 676 2737 cunctis
692 2681 929 2751 propositionibus
971 2680 1095 2749 ‹glorice
1109 2680 1196 2751 ipsius
1221 2681 1325 2749 cuprea.
1347 2697 1365 2741 ι,
1389 2679 1428 2743 3.)
1453 2699 1467 2733 s
1488 2681 1584 2744 Quam
1604 2682 1768 2736 senteutiam

130 2775 192 2842 ejus
208 2790 257 2842 per
270 2772 379 2841 singula
396 2772 453 2825 loca
468 2772 646 2842 respomlere,
660 2776 688 2823 ct
700 2770 847 2824 sententiis
863 2769 926 2835 illis,
968 2767 1768 2842 beatusllmbrosiusatquellieronyrnusitaexposuerunl,

131 2877 200 2931 quus
225 2861 283 2930 ipse
298 2879 329 2913 ex
351 2860 445 2914 multis
470 2860 548 2913 libris
568 2860 757 2929 ceorrgreguxit,
773 2859 928 2913 contrarius
967 2858 1071 2912 scilicet
1088 2859 1140 2911 lroc
1153 2857 1307 2911 ‹lecrerisse
1320 2858 1422 2924 Deum,
1439 2864 1471 2912 ut
1485 2858 1636 2913 credentes
1651 2859 1682 2913 in
1691 2859 1767 2914 cun·

129 2949 431 3018 sententiasupponere
443 2965 497 3001 rxon
507 2966 551 3001 rue
562 2948 698 3018 permittit
707 2947 856 3001 inlinnitas
868 2962 928 3001 cor·
967 2953 1042 3001 stunt
1068 2947 1272 3018 anloptarentur
1293 2947 1321 3000 in
1349 2947 1421 3001 lilios
1447 2948 1508 3001 Ilei.
1540 2948 1679 3002 l'raescius
1701 2949 1768 3003 Deru

128 3037 214 3107 poris,
229 3054 279 3091 nec
293 3036 429 3104 agritudo
444 3037 605 3090 surrectutis.
616 3039 683 3100 Quae
695 3043 789 3089 autent
804 3036 839 3089 de
855 3053 925 3106 pne-
937 3010 1093 3090 coxnnium
1120 3036 1201 3089 scirit
1221 3036 1267 3106 qui
1286 3036 1420 3091 credituri
1444 3043 1541 3091 essem
1563 3038 1591 3091 iu
1617 3037 1766 3103 Christum,

128 3125 246 3180 scientia
261 3131 289 3178 et
299 3125 733 3195 prreclestinutionelleiirisacris
744 3124 923 3189 libris-didici,
966 3125 1040 3179 sicut
1050 3124 1115 3179 dicit
1134 3125 1169 3179 ad
1191 3125 1340 3185 Romanos,
1358 3142 1429 3195 quos
1451 3125 1593 3196 praescivit
1612 3132 1644 3180 et
1658 3127 1767 3193 vocant,

127 3222 156 3267 et
170 3214 323 3268 sententias
334 3231 403 3284 quas
416 3213 547 3283 probatas
563 3214 729 3268 araturonicis
743 3212 926 3284 scriptoribus
966 3213 1079 3283 nosjnon
1087 3214 1216 3267 selurnex
1226 3213 1339 3280 ludaeis,
1350 3214 1399 3267 sed
1410 3214 1495 3268 etiam
1503 3215 1692 3285 exgentibus.
1699 3216 1768 3280 Quos

126 3304 156 3358 in
167 3303 268 3357 «lirinis
282 3303 469 3358 'l'estanrentis
484 3303 587 3369 intem,
601 3308 685 3374 prout
696 3302 838 3356 memoriae
858 3308 925 3356 tunc
965 3308 1061 3358 autem
1075 3303 1150 3356 lleus
1168 3302 1271 3357 dicitur
1287 3319 1395 3365 vocare,
1413 3312 1600 3374 perseverant
1614 3304 1648 3359 in
1662 3305 1726 3360 tide.
1736 3303 1768 3359 lli

126 3392 318 3454 occurrebant,
331 3393 360 3446 in
374 3392 516 3463 opusculis
531 3393 601 3446 rneis
614 3392 728 3454 inserui,
745 3409 806 3462 quae
821 3391 857 3445 ud
871 3392 925 3445 No-
965 3398 1032 3446 sunt
1041 3408 1111 3463 quos
1119 3391 1204 3461 elegit
1212 3398 1277 3446 unte
1293 3391 1430 3446 mundum
1441 3392 1471 3446 in
1481 3392 1608 3459 Christo,
1621 3400 1657 3449 ut
1666 3394 1768 3449 sintin·

125 3482 235 3552 b'ngum
251 3482 412 3553 episcopum
428 3489 457 3535 et
472 3480 664 3535 Ebot-harduin
678 3481 810 3535 comitem
824 3487 924 3552 praete·
965 3481 1148 3536 contaminsti
1157 3497 1251 3535 colaia
1261 3481 1317 3535 Deo
1328 3481 1356 3535 in
1365 3481 1513 3547 charitate,
1524 3482 1580 3537 hoc
1593 3490 1641 3538 est
1651 3491 1685 3539 ut
1696 3496 1768 3538 mor

125 3571 179 3625 rito
187 3577 422 3641 tomporecontra
430 3568 924 3634 Getesadcierroremeonlcci.Quas
965 3570 1015 3624 Dei
1035 3575 1160 3624 sanctam
1185 3569 1269 3623 sarciat
1291 3570 1546 3625 conversationem.
1571 3571 1658 3636 Quod
1680 3578 1767 3628 cutm

124 3661 211 3714 etiam
226 3661 368 3731 opuscula,
381 3677 442 3730 quie
453 3659 561 3714 dixistis
575 3660 649 3730 quod
661 3666 832 3714 memoratus
842 3658 924 3713 Gote-
964 3657 1023 3712 ait:
1041 3676 1054 3709 c
1071 3659 1103 3712 ln
1117 3657 1253 3713 charitate
1272 3659 1480 3730 predestinavit
1495 3677 1550 3715 rios
1565 3680 1572 3728 ς
1591 3680 1607 3714 s
1623 3662 1767 3734 duplirile

123 3749 230 3804 scalam
239 3766 273 3803 ea
287 3755 480 3820 corrumperet
493 3748 653 3815 ueritiaret,
663 3748 739 3802 vobis
748 3748 830 3803 modo
840 3753 924 3818 prout
964 3745 1123 3816 legendum,
1143 3753 1176 3801 nt
1194 3747 1325 3813 charitas,
1348 3747 1400 3807 reli
1410 3764 1476 3802 cum
1495 3749 1708 3820 superioribus,
1730 3748 1767 3805 ret

123 3854 200 3892 anre
215 3838 320 3892 dictatu
334 3838 445 3892 suntad
456 3838 604 3907 legendum
619 3837 810 3898 transmutet
818 3837 840 3890 si
856 3837 923 3908 quid
963 3852 1027 3890 cum
1048 3835 1225 3891 inferioribus
1240 3837 1396 3907 copuletur.
1415 3837 1486 3891 Cum
1509 3838 1711 3909 superioribus
1722 3840 1766 3906 itt,

123 3926 152 3980 in
167 3927 208 3981 eis
223 3927 429 3981 currendandum
444 3928 490 3986 sit,
514 3932 605 3981 restro
623 3926 729 3996 iudicio
745 3926 835 3995 inagis
849 3926 923 3995 eligo
966 3944 978 3977 ι
995 3931 1026 3979 ιιι
1040 3942 1163 3979 essemus
1177 3925 1265 3979 sancti
1275 3925 1482 3979 etimrnaculati
1492 3943 1594 3981 coram
1606 3928 1767 3999 ipsoincltn·

117 4016 223 4084 'corrigi
239 4032 323 4085 quarn
347 4016 480 4069 lnoretici.
504 4017 595 4069 l‘anca
611 4015 723 4085 quidem
743 4014 833 4068 adbuc
847 4014 924 4068 testi·
966 4013 1087 4075 oritate,
1107 4035 1117 4063 ι
1138 4020 1166 4067 et
1183 4020 1281 4084 postea
1300 4021 1445 4085 sequatur,
1467 4034 1480 4067 ι
1496 4017 1765 4087 predestinatorum

122 4103 217 4158 monia
231 4104 266 4158 de
280 4105 413 4174 apostolis
428 4109 457 4158 et
478 4104 621 4174 prophetis
635 4104 680 4157 hie
695 4104 843 4158 inserenda
857 4120 922 4157 cen·
965 4125 977 4153 ι
994 4103 1023 4156 in
1033 4103 1211 4173 adoptionem
1222 4103 1343 4157 filiorum
1353 4121 1403 4174 per
1417 4105 1517 4158 lesum
1533 4105 1685 4162 Christum
1694 4108 1722 4162 in
1731 4108 1766 4178 ip

121 4194 175 4248 sui.
191 4198 330 4263 quatenus
345 4197 455 4247 tentent
470 4193 498 4245 hi
513 4193 560 4262 qui
581 4192 853 4263 praedestinationem
873 4193 921 4246 {rei
964 4208 1090 4247 arsum.»
1107 4196 1177 4245 t'um
1194 4191 1370 4246 inferioribus
1383 4199 1479 4246 autem
1489 4194 1543 4260 sic,
1559 4213 1572 4245 ι
1588 4195 1621 4250 in
1635 4197 1764 4251 charitate
1802 4258 1807 4271 Ι

123 4283 151 4336 in
161 4288 221 4337 turn
233 4298 351 4353 pravum
362 4298 476 4337 sensum
490 4290 596 4335 vertere
611 4283 716 4348 solunt,
730 4289 761 4336 ιιι
775 4283 863 4336 Deum
879 4283 977 4345 ‹li-Da
994 4280 1194 4351 praedestinans
1209 4298 1259 4335 nos
1278 4282 1307 4334 in
1321 4281 1503 4353 adoptionem
1519 4283 1650 4339 liliorum
1665 4302 1714 4358 per
1724 4285 1764 4340 le·

122 4371 441 4442 cantpmedestinatione
452 4388 503 4425 sua
515 4372 919 4443 auctoremesseperditorum,
963 4392 976 4422 ι
993 4387 1056 4424 sum
1072 4370 1215 4425 Christum
1230 4370 1258 4424 in
1274 4371 1343 4442 ipso,
1361 4389 1374 4424 s
1392 4371 1419 4424 id
1436 4377 1481 4426 est
1495 4372 1626 4441 Christo,
1642 4375 1691 4447 qui
1703 4390 1763 4430 nua-

122 4465 217 4513 utrum
231 4478 264 4514 ex
280 4460 375 4514 diuina
389 4461 556 4515 auctoritate
571 4477 636 4514 suas
654 4461 827 4514 intentiones
843 4459 920 4514 :xlllr-
962 4475 1045 4530 quarn
1060 4459 1184 4514 nonfuit
1199 4459 1292 4514 silius:
1310 4476 1361 4513 nos
1377 4476 1442 4514 xero
1456 4477 1515 4514 non
1530 4461 1642 4518 luirnus
1657 4464 1707 4518 filii
1718 4478 1761 4516 an·

122 4565 200 4602 mare
208 4555 364 4619 possentan
376 4566 441 4603 non.
455 4551 512 4620 Ego
522 4555 617 4604 autem
631 4566 769 4621 nusquam
779 4549 921 4621 praedesti·
961 4554 1076 4619 tequam
1086 4548 1276 4620 predestinati
1290 4565 1415 4603 essemus
1433 4565 1499 4603 cum
1514 4550 1590 4621 ipso.
1604 4552 1666 4607 lloc
1678 4558 1760 4607 auem

121 4638 265 4692 nationem
281 4638 309 4691 in
320 4639 393 4692 mulo
406 4640 536 4709 positum,
549 4645 686 4710 quantum
696 4639 835 4703 recordor,
846 4636 920 4692 inre-
961 4637 1177 4709 praedestinavit,
1195 4644 1228 4693 ιιι
1242 4637 1358 4693 haberet
1371 4643 1544 4709 potestatem
1557 4640 1639 4696 silius
1648 4641 1699 4696 Dei
1709 4639 1759 4695 herl

120 4727 159 4793 ni,
176 4726 224 4781 sed
240 4743 351 4797 semper
361 4728 389 4781 in
405 4727 518 4782 bonnm.
535 4729 608 4782 Nam
623 4727 722 4782 beatus
735 4728 839 4782 Paulus
852 4744 920 4799 apo·
960 4727 1052 4781 ornnis
1066 4726 1113 4798 qui
1124 4727 1238 4781 credere
1252 4727 1423 4782 uoluissetin
1437 4727 1534 4798 ipsum
1544 4747 1550 4795 ;
1561 4730 1632 4801 quia
1644 4729 1759 4785 nemot-

119 4816 251 4872 andusia
271 4815 395 4887 Epistola
408 4817 443 4871 ad
463 4817 603 4871 Romanos
618 4817 658 4871 ita
674 4816 787 4887 scripsit
798 4816 893 4871 dicens
911 4834 917 4869 ε
961 4816 1015 4870 lius
1030 4816 1081 4870 Dei
1095 4816 1155 4870 lteri
1170 4816 1271 4888 potuit,
1290 4816 1345 4871 nisi
1358 4817 1442 4871 sideni
1457 4822 1487 4871 et
1512 4817 1687 4874 charitatem
1706 4832 1757 4890 que

122 4906 260 4961 «Selinus
285 4910 381 4960 alutem
407 4907 480 4976 quod
499 4905 680 4975 diligentibus
707 4907 796 4959 llerun
824 4905 919 4959 cunda
959 4922 1009 4977 per
1027 4892 1204 4960 dilectionem
1220 4911 1362 4977 operatur,
1387 4904 1501 4960 habeat.
1520 4907 1633 4964 Idcirco
1653 4910 1757 4965 nonest

121 5017 133 5043 κ
150 5002 336 5066 corporantur
345 4994 374 5048 in
387 4994 490 5049 bonum
505 4996 549 5049 his
564 4995 612 5066 qui
626 4996 779 5049 seeundum
795 4995 918 5066 proposi·
959 4996 1026 5060 Deo,
1046 4988 1206 5065 qui'salutis
1224 4994 1353 5049 huntanae
1368 4999 1397 5048 et
1410 4993 1553 5049 bonorum
1572 4997 1701 5053 omnium
1713 5010 1756 5050 ou·

122 5094 211 5138 atum
235 5085 323 5139 iocati
343 5090 410 5138 sunt
433 5084 622 5139 sancti.h'a1n
641 5101 710 5155 qnos
725 5085 872 5154 praescivit,
889 5089 918 5139 et
958 5088 1018 5137 ctor
1028 5089 1079 5150 est,
1090 5082 1217 5138 seductio
1226 5082 1348 5137 hominis
1357 5088 1387 5136 et
1396 5082 1525 5153 deceptio
1535 5084 1756 5157 deputandam&

121 5194 131 5222 ι
150 5173 355 5242 praxlestinarit
378 5173 533 5227 conformes
553 5173 613 5227 lieri
638 5173 769 5243 imaginis
792 5173 841 5227 lilii
860 5172 914 5239 sui,
958 5172 1755 5245 quaminmortemcadatperpetuam:sedmagissibimat

120 5280 133 5313 a
151 5268 181 5314 ut
195 5264 232 5315 sit
244 5263 302 5333 ipse
313 5263 518 5333 prinmgenitus
533 5263 561 5316 in
575 5263 670 5317 multis
684 5263 827 5318 fratribus.
840 5263 915 5327 Quos
958 5263 1021 5333 ipsi,
1031 5262 1078 5333 qui
1093 5261 1211 5332 propriae
1221 5262 1461 5333 concupiscentits,
1478 5263 1523 5316 rel
1544 5262 1652 5319 diaboli
1664 5278 1753 5335 sugge-

121 5372 131 5393 ι·
150 5357 244 5403 autern
256 5352 472 5421 praedestinanit,
489 5353 539 5405 hos
553 5357 581 5406 et
594 5352 709 5419 rocurit,
721 5360 750 5406 et
759 5369 829 5424 quos
839 5368 916 5406 roca·
957 5351 1237 5418 stioniconsentiens;
1247 5358 1393 5423 peccatum
1400 5352 1563 5419 committit,
1573 5354 1752 5409 necindecon·

120 5460 133 5485 ι
151 5438 198 5498 rit,
216 5439 264 5490 tros
278 5441 486 5509 etjostiticasit.
505 5444 580 5505 (laos
595 5447 689 5497 autern
701 5442 875 5513 justificavit,
884 5440 916 5493 il·
957 5440 1071 5510 dignum
1095 5440 1288 5511 paenitentiam
1312 5446 1378 5494 unte
1401 5439 1512 5495 obitum
1533 5457 1621 5512 agere
1635 5440 1750 5498 soluerit

120 5545 133 5576 ι
151 5525 191 5579 los
206 5532 234 5579 et
248 5527 421 5594 glorificavit.
443 5531 512 5594 Quid
530 5531 731 5599 claudicemus
746 5532 780 5586 ed
796 5532 871 5586 haec?
887 5531 915 5585 Si
957 5530 1036 5594 Quod
1053 5531 1195 5601 apostolus
1215 5528 1335 5586 luobus
1349 5530 1473 5585 ostendit
1498 5529 1598 5588 dicens
1615 5551 1622 5587 :
1640 5552 1652 5585 ι
1674 5532 1751 5588 Nemo
