3786 6128
122 108 169 170 tat
421 112 453 170 B.
474 114 611 171 nauem
629 114 748 173 neunt
765 112 925 172 numum
942 112 1105 173 nouum.
1126 112 1277 171 orntum
1294 112 1386 170 PARS
1405 114 1457 171 m.
1711 115 1762 172 73?

121 237 288 310 loquebatur
295 254 345 311 per
355 256 405 293 ora
412 240 624 311 prophetarum,
636 242 670 296 ad
682 243 743 312 ejus
753 259 818 296 roro
825 241 952 299 voteemA
963 243 1014 296 hoe
1027 249 1078 305 est,
1095 240 1270 295 infidelitate.
1286 240 1415 295 Attendis
1424 240 1650 312 quiainhdelitas
1664 259 1763 314 pecca-

122 327 169 399 qui
184 344 339 398 praeconem
354 329 442 389 misit,
460 338 489 384 et
507 347 580 384 rrunr
597 349 647 401 pcr
661 348 691 385 se
705 332 816 397 clamat,
833 331 918 385 nolite
960 336 1018 383 turn
1033 330 1109 390 sarit,
1133 330 1205 384 sieut
1228 330 1302 383 enim
1323 330 1474 384 infidelitas
1498 331 1653 401 malignam
1677 331 1763 385 eitam

122 416 250 470 claudere
266 417 350 471 corda
365 424 466 487 restra,
478 420 663 474 recordamini
674 422 812 492 quoruodo
830 420 918 474 obdu·
959 427 1097 490 procreat,
1107 420 1238 473 sicetiam
1251 418 1345 472 anima
1355 419 1466 489 quando
1475 420 1504 472 in
1518 418 1690 490 protundum
1701 438 1762 475 ma·

121 505 175 558 rati
192 510 258 559 sttnt
274 512 367 577 patres
383 509 477 573 rostri,
491 510 667 580 etquomoclo
681 526 734 563 non
751 509 920 563 introierunt
959 508 1052 562 lorum
1063 508 1169 562 uenerit
1179 508 1350 563 contemnit:
1369 513 1551 562 contemnens
1561 516 1657 563 autem
1672 527 1762 581 neque

122 595 150 648 in
165 594 290 664 requiem
306 596 695 666 promissam‚sedan1arleati
712 603 919 652 murmurantes
960 598 1073 651 credere
1089 598 1204 668 patitur,
1219 603 1251 651 ut
1265 615 1294 649 sc
1309 614 1325 650 a
1338 596 1439 651 timore
1454 599 1554 651 mortis
1567 602 1712 670 perpetue
1726 599 1761 653 li-

121 688 219 737 centra
233 684 322 738 Deum
334 685 496 756 perierunt:
513 694 606 758 patres
621 689 704 741 rostri
720 687 858 758 erantqui
874 704 920 758 pe·
962 686 1047 740 beret.
1066 686 1172 740 Deinde
1192 685 1278 740 insert
1298 688 1448 757 Apostolus
1465 706 1469 738 :
1489 712 1500 735 «
1519 686 1675 759 Partieipes
1688 688 1761 743 enim

123 770 241 827 cierunt.
250 774 343 828 Nolite
350 775 455 829 imitari
471 793 518 829 eos
531 796 537 843 ;
550 783 643 848 patres
651 776 832 841 restrierant
841 776 888 830 sed
896 777 919 830 si
964 802 974 821 n
993 775 1095 829 utristi
1112 774 1202 828 reflecti
1214 792 1321 829 sumus.
1331 794 1343 825 u
1357 774 1430 839 Quid
1445 781 1497 841 est,
1509 775 1662 848 participes
1674 777 1761 832 effecti

123 861 222 915 imitati
253 880 300 916 eos
323 880 379 917 non
408 865 527 932 turritis,
543 871 637 936 patres
652 865 734 919 vestri
752 883 806 918 non
827 870 918 931 erunt,
962 863 1197 917 strnnrsl'hristi?
1213 864 1413 935 participamus
1437 882 1468 917 cx
1492 882 1534 925 eo,
1560 865 1663 936 inquit,
1679 866 1761 921 idest

123 951 248 1021 quamvis
259 951 293 1006 de
304 953 344 1005 eis
355 953 413 1007 nati
424 954 494 1018 sitia,
508 955 627 1008 scientes
639 977 649 1005 ι
663 956 728 1025 quia
737 956 811 1008 licus
822 961 920 1024 potens
962 969 1048 1006 tintnn
1064 953 1153 1006 ellerti
1167 969 1264 1006 sumus
1285 970 1347 1007 eum
1370 952 1427 1014 itio,
1445 953 1583 1024 siquidem
1598 955 1660 1026 ipse
1681 962 1761 1027 caput

122 1046 165 1093 cst
179 1040 213 1094 de
228 1040 367 1113 lapidibus
382 1042 518 1097 suscitare
534 1044 605 1097 filios
621 1044 739 1097 Abrahae
757 1046 828 1113 (ttae.
845 1053 917 1113 tut.»
961 1048 1043 1095 estet
1060 1059 1110 1095 nos
1124 1041 1424 1103 numbracohteredes
1440 1050 1467 1096 et
1485 1044 1700 1114 concorporales
1712 1045 1758 1111 illi,

125 1129 317 1201 Quadraginta
335 1151 346 1182 e
362 1132 442 1185 annis
457 1133 579 1186 otiensus
594 1132 633 1185 tui
645 1133 918 1201 generatiouihuic.»
961 1130 1113 1184 seeundum
1129 1130 1285 1201 spiritalem
1304 1131 1449 1184 hominem
1472 1133 1520 1202 qui
1542 1138 1655 1186 creatus
1674 1133 1759 1188 estin

123 1218 219 1273 Multis
233 1219 324 1273 modis
340 1237 388 1273 eos
402 1222 528 1290 castigat,
546 1222 598 1292 ipsi
612 1228 707 1275 tamen
719 1222 920 1292 sempercorde
961 1220 1031 1289 ipso.
1048 1237 1060 1271 c
1076 1219 1104 1273 Si
1119 1227 1215 1273 tamen
1234 1219 1346 1273 initium
1362 1219 1524 1274 substantiae
1549 1223 1611 1291 ejus
1627 1222 1759 1293 usquead

123 1314 296 1362 erraverunt..
314 1310 508 1380 Quadraginta
526 1311 584 1364 dies
603 1310 738 1365 Dominus
764 1310 792 1364 in
811 1312 921 1365 deserto
962 1307 1046 1361 finem
1060 1309 1169 1362 lirmam
1186 1308 1366 1362 retineamus.
1385 1331 1395 1357 r
1412 1309 1484 1373 Quid
1504 1312 1547 1363 est
1562 1310 1677 1364 initium
1698 1310 1759 1365 suh·

120 1397 267 1466 J'ejunarit
285 1402 317 1451 ut
331 1399 521 1469 triumpharet
530 1400 564 1453 do
579 1416 622 1464 eo,
638 1417 687 1470 per
702 1418 785 1470 quom
800 1400 840 1454 illi
852 1417 921 1471 qua·
963 1396 1095 1451 stantiae?
1115 1396 1212 1450 Fidem
1230 1398 1369 1465 significat
1381 1415 1525 1469 perquam
1541 1399 1723 1454 subsistimus
1736 1402 1760 1455 el

123 1484 254 1556 draginta
268 1503 355 1540 annos
364 1486 610 1542 murmuras-’erunt
621 1494 717 1542 eontra
727 1489 923 1543 Deuminere··
963 1487 1020 1540 Deo
1031 1485 1090 1539 nati
1103 1487 1234 1540 sunrusin
1243 1488 1324 1552 lilios,
1336 1492 1365 1540 et
1379 1487 1552 1553 «essentiales,
1562 1495 1593 1542 ut
1607 1489 1648 1542 ita
1662 1488 1758 1555 dicam,

124 1591 178 1628 mo.
197 1575 318 1645 Postque
333 1584 554 1631 consummatam
564 1578 593 1631 in
608 1576 735 1648 passione
752 1584 780 1631 et
794 1594 918 1632 resurre-
928 1561 950 1618 Β
960 1575 1023 1628 sacti
1040 1591 1156 1629 suiuus:
1176 1576 1248 1645 quod
1261 1576 1473 1643 diligentissime
1490 1577 1696 1632 olisermmdum
1712 1582 1758 1643 est

121 1663 211 1717 ctione
226 1669 314 1719 totam
327 1665 447 1721 victoriae
468 1667 588 1735 gloriam
612 1667 799 1738 quadraginta
822 1666 919 1721 diebus
960 1663 1293 1734 uecujuslihetdoctrinm
1304 1666 1651 1737 maculacorrumpamur3
1662 1666 1760 1722 deinde

119 1751 172 1806 fuit
188 1770 251 1807 cum
270 1754 422 1825 discipulis.
448 1760 598 1826 antequam
621 1756 721 1810 eaelum
746 1757 917 1809 ascenderet.
962 1751 1554 1823 sultinlertApostolnsadhuchodicdicere
1566 1758 1648 1822 tillo.)
1664 1776 1676 1807 a
1691 1755 1759 1810 Dum

122 1841 224 1895 Primis
240 1843 533 1913 quadragintodiebus
545 1845 733 1900 tentationum
750 1845 832 1916 hujus
844 1862 921 1915 pere·
962 1841 1188 1912 dicitur,inquit,
1199 1842 1315 1895 hodiesi
1333 1858 1425 1896 vocent
1435 1845 1495 1913 ejus
1505 1844 1662 1909 audieritis
1680 1846 1760 1900 nolite

121 1929 288 2000 grinationis
303 1933 433 1991 ostendit.
442 1934 651 2004 'posterioribus
664 1935 850 2005 quadraginta
865 1931 921 1987 ‹hess
963 1930 1101 1985 obdurare
1112 1932 1304 1997 cordavestra,
1315 1933 1585 2002 quemadmodumin
1598 1934 1646 1987 illa
1656 1952 1761 1989 exacer-

123 2020 174 2073 hus
189 2022 417 2081 consolationem.
431 2039 515 2093 equam
527 2024 614 2077 saneti
632 2023 753 2078 habituri
765 2029 830 2078 sunt
841 2023 922 2093 inpa-
962 2019 1075 2073 batione
1087 2036 1196 2091 »usquc
1206 2040 1217 2071 e
1227 2037 1258 2073 cx
1268 2020 1363 2091 hisqui
1372 2020 1553 2076 attdiemnt.»
1564 2022 1761 2095 Hicrerollpo

121 2108 185 2163 triav
203 2110 311 2181 Corpus
326 2112 400 2166 enim
412 2113 483 2181 ejus,
499 2113 525 2165 id
542 2120 582 2165 est
607 2112 738 2178 Ecclesia,
753 2129 865 2166 neeesse
880 2116 923 2165 est
963 2110 1051 2162 stolus
1072 2109 1264 2180 propheticum
1286 2108 1479 2164 testimoninm
1504 2112 1591 2166 intrat
1615 2113 1761 2184 explanare

122 2201 155 2251 ut
169 2202 327 2252 tentaretur
343 2200 369 2254 in
385 2200 437 2254 hoc
452 2202 560 2266 saeculo,
579 2202 627 2254 sed
644 2218 698 2255 nem
710 2201 789 2255 deest
799 2201 844 2254 ille
855 2215 921 2255 con·
963 2197 1037 2267 quod
1053 2197 1182 2268 superius
1196 2198 1290 2269 posuit
1302 2218 1307 2266 ς
1320 2199 1391 2252 dixit
1405 2200 1479 2253 enim
1497 2219 1502 2253 z
1517 2220 1534 2268 ‚e
1551 2200 1645 2266 hodie,
1663 2200 1760 2272 inquit,

123 2287 237 2354 solator,
247 2288 294 2359 qui
308 2288 394 2342 dixit:
416 2312 426 2339 c
445 2291 513 2343 Ecce
530 2307 581 2361 ego
596 2290 736 2344 vobiscum
751 2306 814 2344 sum
833 2306 921 2361 usque
963 2286 987 2339 si
1000 2302 1094 2340 torem
1106 2289 1167 2356 ejus
1182 2286 1336 2351 audieritis,
1354 2304 1388 2341 ne
1403 2288 1546 2343 obduretis
1563 2291 1649 2344 corda
1662 2297 1760 2357 vestm,

122 2375 157 2428 ad
172 2377 442 2432 consummationem
455 2380 548 2433 saectrli
562 2380 668 2446 (ilatth.
680 2390 782 2447 satin).
798 2397 836 2431 a«
854 2379 921 2443 Qui.
964 2375 1036 2429 sicut
1047 2376 1075 2428 in
1094 2375 1292 2430 amaritudine.
1304 2376 1403 2443 (loeas
1420 2378 1544 2440 Quorum
1561 2377 1761 2434 Obdllffltfflum

123 2462 175 2518 bus
187 2466 278 2534 jurari
294 2472 408 2536 propter
421 2467 615 2521 infidelitatem
627 2484 706 2521 suam
722 2485 778 2522 non
792 2468 922 2523 introisse
963 2465 1134 2518 mentionem
1148 2466 1231 2519 iacit?
1246 2466 1759 2535 quorumdamintidelium?nonneeo-

122 2552 151 2606 in
176 2555 302 2623 requiem
330 2570 432 2608 meam.
454 2556 566 2625 alequi
595 2559 685 2610 Deum
711 2574 844 2626 magnum
869 2563 920 2619 est,
963 2552 1760 2629 rumquorumeadaseraprostratasuntindeserto?quod

93 2639 98 2649 ’
122 2647 228 2712 quanto
257 2643 347 2713 magis
373 2643 490 2714 jurare:
513 2645 656 2715 juratione
680 2646 920 2700 contirmotionem
962 2641 1037 2694 enim
1051 2642 1118 2695 dicit
1133 2643 1255 2697 taleest:
1272 2644 1491 2699 «Audieruntet
1509 2643 1675 2717 illi,inquit.
1692 2644 1776 2702 sicul'

122 2731 183 2784 lteri
195 2731 290 2785 voluit..
303 2732 357 2785 l‘cr
367 2750 450 2803 quem
463 2734 543 2803 jurat
553 2735 627 2788 Deus
642 2735 694 2788 nisi
712 2753 763 2806 per
776 2736 899 2807 seipsum
909 2730 927 2788 l*
962 2731 1191 2797 etnosaudimus,
1200 2733 1249 2786 sed
1262 2733 1328 2803 quid
1338 2733 1441 2803 proluit
1449 2734 1757 2790 illissermoauditus?r

124 2820 185 2873 Non
201 2821 274 2874 cuim
291 2820 376 2874 habet
390 2822 528 2891 majorem
544 2840 594 2893 per
610 2839 694 2894 quem
712 2825 798 2894 J'uret.
814 2842 864 2895 per
880 2842 921 2878 se·
961 2819 1281 2891 Nouergoputetisquia
1291 2838 1321 2875 ex
1332 2822 1545 2876 auditntantum
1555 2824 1759 2895 praedicationis

122 2910 214 2980 ipsum
230 2910 378 2964 confirmat
393 2917 532 2982 praeopta
548 2929 607 2977 sua,
626 2913 805 2983 perseipsum
822 2914 921 2967 confir·
958 2907 1616 2983 juventiniquia,etilliauclieruntperilloysen,
1634 2902 1758 2968 sednihd

121 3006 180 3052 mat
192 2998 369 3053 minassuas:
382 3000 454 3054 sicut
463 3010 558 3055 rerum
575 3007 618 3056 est
633 3002 707 3072 quod
717 3001 865 3073 promittit,
881 3001 920 3056 sie
962 2996 1092 3051 utilitatis
1102 3014 1134 3051 ex
1146 2998 1242 3053 auditu
1257 2998 1424 3065 hahuerunt,
1433 3001 1565 3071 quoniam
1575 3017 1627 3055 nec
1639 3000 1760 3057 eredide-

121 3092 229 3142 certum
243 3091 286 3142 est
300 3090 374 3159 quod
390 3088 523 3143 minatur.
540 3090 648 3144 durarit
662 3098 693 3143 ut
710 3107 765 3144 non
781 3092 920 3145 intrarent
961 3090 1029 3140 runt
1039 3105 1045 3147 ;
1056 3102 1107 3140 uec
1122 3089 1336 3143 surmuaudttus
1353 3088 1406 3144 fide
1426 3093 1654 3162 contemperatus
1669 3092 1760 3153 estdi·

121 3178 149 3230 in
164 3176 290 3248 requiem
302 3177 398 3249 ipsius.
415 3184 443 3232 ct
457 3186 551 3233 tamen
567 3186 677 3250 oportet
691 3178 796 3234 intrare
812 3179 920 3250 aliquos
961 3175 1063 3228 sorevit
1074 3190 1121 3229 eos
1131 3177 1179 3246 qui
1189 3177 1368 3231 erediderunt
1378 3176 1501 3232 verboah
1511 3178 1621 3250 illisqui
1637 3196 1758 3234 norrcre-

120 3266 281 3337 inrequiem
292 3266 380 3338 ipsius
390 3286 395 3319 :
404 3267 460 3322 illis
470 3285 536 3339 ergo
555 3268 720 3340 reprobatis
734 3286 784 3323 nos
806 3268 921 3324 intrabi-
962 3262 1104 3317 dideruut.
1114 3265 1162 3318 Ait
1171 3267 1245 3319 enim
1260 3286 1264 3318 :
1280 3268 1349 3320 used
1362 3268 1544 3321 nonunirersi
1555 3287 1561 3319 τ
1574 3286 1588 3320 r>
1601 3266 1688 3322 Colch
1698 3284 1758 3324 rere

120 3370 193 3415 mus,
207 3356 272 3427 quia
287 3355 309 3410 si
322 3357 408 3427 aliqui
422 3375 453 3410 ex
471 3358 555 3411 ramis
579 3364 693 3430 propter
715 3358 920 3412 dissimilitudi-
962 3353 1231 3424 et.losue,quian0n
1253 3364 1454 3410 consenserunt
1468 3354 1638 3424 infidelibus,
1655 3358 1759 3428 elinge-

121 3460 184 3499 nem
199 3448 227 3498 et
243 3446 437 3501 infidelitatem
452 3446 531 3500 secreti
547 3453 622 3503 sunt,
641 3465 691 3501 ης),Ι
705 3453 820 3519 proptor·
835 3448 918 3500 fidem
961 3444 1148 3512 runtpoeuam
1158 3462 1219 3514 qum
1231 3445 1285 3498 illis
1303 3446 1381 3498 illata
1391 3453 1442 3498 est.
1455 3446 1511 3499 Nec
1532 3447 1583 3499 hoc
1594 3448 1689 3500 solum
1709 3447 1760 3501 illis

121 3539 149 3589 et
176 3535 365 3589 humilitatem
390 3535 557 3590 inseramur.
575 3534 677 3605 tierent.)
697 3536 830 3606 Sequitur
844 3536 918 3589 enim
960 3528 1094 3584 donatum
1106 3535 1149 3585 est
1160 3538 1279 3587 mortem
1291 3533 1417 3599 evadere,
1430 3550 1484 3604 qua
1495 3534 1587 3588 caeteri
1604 3535 1759 3606 perierunt

121 3624 276 3677 exhortatio
290 3624 442 3695 apostolica
455 3626 488 3678 ad
505 3626 639 3696 populum
655 3625 689 3678 de
712 3624 808 3695 requie
833 3625 918 3679 intro
960 3617 1207 3675 sedenamaatum
1217 3622 1667 3694 estillisterramrepromissionis
1678 3625 1763 3679 iutra-

121 3712 222 3776 0unda,
239 3712 307 3766 dicit
319 3714 393 3767 enim
414 3733 419 3766 :
435 3712 564 3775 «evidere,
577 3714 687 3771 fratros,
703 3730 738 3767 ηρ
753 3713 824 3768 torte
838 3713 875 3768 sit
889 3713 919 3767 in
960 3722 999 3773 re,
1016 3722 1134 3779 eamque
1149 3708 1327 3765 laudabiliter
1341 3727 1391 3782 pro
1401 3727 1452 3766 sua
1465 3712 1594 3783 portione
1604 3708 1761 3783 possidere.

123 3821 135 3853 c
152 3800 245 3871 aliquo
260 3808 382 3855 restrum
398 3818 446 3854 cor
472 3803 577 3856 rnalum
607 3802 809 3857 incredulitatis
833 3802 918 3856 disce·
1266 3818 1383 3873 CApUT
1401 3818 1447 3871 lp⁸

122 3909 136 3943 ί
152 3889 234 3943 ‘tendi
250 3906 267 3942 a
287 3890 344 3943 13⁰0
360 3890 429 3942 l'il'O·
448 3890 584 3961 ”QUJPPO
599 3890 788 3960 perduritiam
802 3892 919 3945 infideli·
959 3902 995 3957 Dc
1007 3906 1143 3960 intranda
1167 3909 1264 3959 celesti
1283 3910 1386 3974 rcqtoe,
1400 3908 1437 3960 od
1461 3923 1544 3975 qttoru
1565 3908 1761 3974 festinandum

120 3984 164 4034 tas
179 3978 312 4039 nascitur,
326 3983 355 4032 et
368 3977 440 4032 sicut
451 3979 589 4032 obdurata
603 3996 719 4050 corpora
734 3985 760 4033 et
776 3979 847 4033 dura
861 3996 918 4034 non
994 3981 1041 4043 cu,
1055 3983 1166 4047 propter
1182 3981 1366 4032 rrecllrnh'om
1379 3980 1535 4031 attestantem
1553 3983 1577 4030 et
1596 3978 1764 4034 ltomonito·

120 4067 315 4138 obsequuntur
329 4067 459 4121 manibus
474 4066 655 4132 medicorum,
669 4066 708 4121 sic
718 4068 746 4120 et
759 4069 858 4122 eninm
873 4067 920 4122 oh
1000 4053 1035 4101 (Β
1050 4052 1161 4106 smmis·

121 4156 227 4212 duratae
240 4172 296 4211 non
306 4156 498 4227 obsequuntur
511 4156 594 4209 rerba
621 4156 681 4210 Dei.
698 4155 726 4210 Si
741 4157 815 4210 enim
826 4161 950 4250 patresD
999 4157 1183 4211 «Timeamus
1196 4170 1262 4224 ergo
1277 4172 1312 4207 ne
1336 4156 1415 4220 forte,
1441 4155 1537 4209 relicta
1557 4154 1766 4226 pollicitatione

121 4246 214 4312 vestri,
233 4245 333 4316 inquit.
351 4245 485 4316 quianon
500 4246 921 4317 speraret·untsieutoportebat
963 4244 1151 4300 «introeundi
1168 4242 1195 4296 in
1218 4243 1343 4313 requiem
1372 4245 1442 4313 ejus,
1464 4244 1641 4298 existimetur
1660 4244 1766 4317 aliquis

120 4352 241 4407 sperare,
268 4336 325 4390 haec
340 4335 414 4407 passi
437 4341 503 4389 sunt
517 4352 578 4406 quae
593 4335 726 4405 locuntur
749 4336 775 4389 in
794 4334 917 4397 historia,
964 4360 975 4384 a
991 4333 1108 4388 carebis
1117 4334 1222 4387 deesse.
1237 4360 1247 4377 ι·
1255 4331 1506 4399 (Alb.)Timeamus
1519 4348 1570 4387 nos
1583 4350 1649 4387 rero
1663 4345 1766 4391 eorum

120 4425 200 4494 cujus
216 4430 280 4478 ante
296 4423 522 4488 memoravimus
539 4429 567 4478 et
596 4425 742 4495 perierunt
764 4424 792 4477 in
809 4424 919 4479 deserto
961 4423 1146 4495 perditionem
1163 4426 1192 4475 et
1203 4423 1311 4491 justum
1326 4420 1522 4492 Deijudicium
1533 4422 1765 4495 inetuamuS,qui

120 4512 382 4584 propterduritiam
398 4512 499 4573 cordis,
517 4513 606 4567 multo
623 4513 834 4585 anrphussohis
854 4512 921 4566 talia
962 4513 1060 4566 reddet
1074 4509 1224 4580 unicuique
1252 4508 1405 4564 secundum
1434 4526 1516 4581 opera
1538 4512 1765 4584 ejusllequiem

120 4599 245 4655 timenda
259 4606 333 4661 sunt,
347 4602 418 4654 sicut
440 4602 495 4656 illis
516 4602 695 4663 acciderunt3
713 4602 746 4655 ad
763 4601 826 4655 illos
845 4602 920 4655 enim
962 4600 1162 4671 sempiternam
1176 4597 1516 4655 tidernhabcntihusoam
1531 4603 1627 4653 tamen
1644 4612 1768 4673 quaper

121 4707 212 4744 sermo
228 4689 279 4743 iste
292 4687 381 4743 sactus
396 4696 438 4743 est
449 4690 532 4761 quiin
548 4688 696 4762 praesentia
705 4689 818 4743 luerunt
830 4690 870 4744 vei
881 4689 922 4744 su·
963 4688 1285 4758 dilectionemopemtur.
1294 4688 1355 4741 Non
1364 4684 1768 4759 credentibusituquepoenam

121 4778 176 4834 turi
187 4782 254 4833 sunt
266 4798 271 4831 :
281 4777 344 4832 ideo
356 4778 424 4832 dicit
435 4799 448 4832 e
462 4780 552 4845 hodie,
563 4799 576 4832 u
586 4778 667 4832 hodie
682 4794 804 4849 natuque
813 4796 923 4850 semper
963 4780 1138 4848 perpetuam,
1155 4793 1190 4829 ne
1204 4776 1285 4833 sorte.
1297 4774 1393 4829 relicta
1403 4776 1602 4847 pollicitatione
1613 4793 1703 4849 quam
1716 4778 1767 4833 de·

121 4872 163 4923 est
176 4870 264 4923 ‹tonoc
279 4872 389 4922 constat
404 4870 534 4933 triurnluS,
557 4868 645 4922 intrat
659 4868 734 4921 enirn
752 4868 815 4939 plus
828 4868 920 4922 dicere
961 4866 1054 4919 dimus
1064 4867 1120 4918 [leo
1131 4865 1160 4918 in
1170 4862 1317 4935 baptismo,
1330 4865 1432 4918 iterum
1449 4870 1623 4919 revertamur
1632 4864 1668 4920 ad
1678 4884 1769 4939 erpere

121 4954 155 5009 de
171 4956 253 5010 hodie
274 4962 300 5010 et
325 4952 471 5026 subjungit
494 4956 588 5009 dicens
605 4975 609 5008 :
630 4974 643 5007 t
660 4956 714 5009 Sed
730 4954 920 5010 adhortamini
962 4953 1136 5008 infidelitatis
1150 4970 1211 5024 (pua
1222 4953 1411 5008 abdicavimus
1423 4970 1516 5007 eoram
1528 4955 1766 5023 multistestibus3

124 5065 134 5095 ι
154 5047 336 5116 vctsmetipsos
350 5062 401 5115 per
409 5044 532 5113 singmlos
548 5042 606 5097 dies
621 5042 709 5097 donec
726 5045 806 5099 hodie
821 5048 920 5113 eoguo-
961 5044 1155 5114 unusquisque
1172 5060 1222 5113 per
1234 5042 1325 5113 ipsum
1342 5042 1449 5096 laboret
1463 5060 1498 5096 ne
1517 5042 1587 5097 forte
1611 5045 1710 5099 tatinus
1724 5046 1767 5100 di·

124 5132 285 5199 «ruinatun
301 5137 403 5187 utnon
418 5133 647 5203 oialureturquis
664 5151 695 5187 ex
719 5132 920 5187 st'rhisfallacia
960 5149 1032 5202 gnus
1045 5132 1203 5185 inveniatur
1218 5131 1379 5185 introeundi
1402 5131 1430 5185 in
1458 5132 1583 5203 requiem
1612 5131 1674 5186 Dei.
1691 5132 1767 5190 «Et-

122 5242 133 5270 c
152 5220 267 5290 peccati.
287 5248 299 5272 a
317 5220 375 5275 lloc
402 5228 465 5276 est:
483 5222 617 5276 aedihcate
643 5221 770 5283 invicem,
788 5221 918 5293 corrigite
963 5246 976 5273 a
988 5221 1062 5275 enim
1073 5220 1765 5291 etnohisnuntiaturnestquemadmodumetillis:

120 5308 313 5380 vosmetipsos
329 5326 365 5365 ne
379 5311 543 5381 contingant
558 5310 634 5364 robis
648 5309 761 5378 similia,
779 5328 813 5364 ne
828 5310 917 5365 obdu·
961 5330 974 5363 c
992 5310 1040 5364 scd
1055 5326 1110 5364 non
1127 5310 1232 5381 profuit
1246 5308 1301 5363 illis
1316 5326 1408 5363 sermo
1424 5310 1538 5364 auditus
1556 5326 1611 5365 non
1624 5312 1768 5368 admistus

120 5402 199 5455 retur
214 5398 362 5473 quisquam
375 5416 409 5454 ex
421 5398 498 5478 robis
512 5398 667 5471 decipiente
677 5398 910 5472 fallaciapeccati‚
960 5420 972 5450 ι
989 5399 1054 5454 lldei
1070 5416 1103 5453 ex
1113 5399 1157 5454 his
1172 5414 1233 5470 quae
1247 5398 1406 5455 audierunt.
1426 5420 1438 5445 a
1453 5400 1563 5455 Etenim
1591 5400 1674 5457 nobis
1691 5416 1768 5458 nun·
