3786 6128
156 271 224 326 itta
453 273 484 326 B.
506 271 642 327 RABANI
661 271 776 326 naum
800 270 968 326 saumae.
989 268 1150 324 MOGUNT.
1173 265 1321 321 OPERUM
1340 263 1432 318 PARS
1450 263 1500 317 111.
1727 255 1793 310 titt

156 412 206 466 per
218 395 333 466 Moysen
347 394 484 447 Dominus
498 395 587 448 dicit:
609 416 618 444 r
642 396 717 465 Ignis
732 396 836 449 exarsit
854 394 889 448 ab
912 396 984 454 iraA
997 393 1112 462 maligni
1125 391 1254 445 videlicet
1263 389 1377 460 spiritus
1395 393 1508 458 peccata
1528 384 1673 458 preterita
1694 382 1795 451 impro-

157 499 221 538 mea
235 489 264 536 et
278 482 388 536 ardebit
412 500 499 554 usque
522 484 557 537 ad
581 485 684 538 inferos
707 485 837 538 deorsum
862 486 952 556 (flent.
996 488 1126 554 perantes
1138 497 1186 534 ore
1197 477 1493 534 facerantsaevissimo.
1510 475 1590 540 Quod
1604 480 1702 527 autem
1717 468 1797 523 addi-

157 575 257 640 1xxn).
277 571 447 635 »Quantum
472 573 505 626 ad
530 579 696 644 praesentem
718 572 821 626 etenim
841 589 955 643 percus·
995 577 1052 636 tur,
1067 576 1130 642 post
1142 568 1350 624 devorationem
1369 582 1461 620 avium
1475 564 1599 619 extensio
1620 561 1698 616 dorsi
1721 559 1798 612 insa·

158 659 266 714 sionem
281 667 397 731 spectat,
414 667 488 715 recte
503 661 623 715 dicitur:
638 681 649 712 r
663 660 739 731 Ignis
750 661 853 714 exarsit
866 659 900 713 ab
913 661 956 713 ira
997 660 1108 724 nabilis,
1121 659 1260 730 significat
1273 657 1369 728 plagas
1385 656 1545 720 acerrimas,
1560 669 1630 724 quas
1650 650 1808 722 patiuntur

159 764 231 803 mea.
249 768 262 802 r>
279 748 421 815 Quantum
437 768 501 803 vero
523 750 558 803 ad
578 755 711 804 aeternam
735 750 953 814 damnationem,
997 756 1156 822 peccatores
1172 750 1200 802 in
1215 747 1505 807 torturadaemonum,
1529 743 1576 814 qui
1597 758 1646 795 eos
1665 739 1729 793 sine
1743 736 1809 791 ulla

159 844 224 909 apte
238 838 289 893 hoc
303 838 441 906 subditur,
454 845 483 893 et
497 839 607 894 ardebit
617 857 706 910 usque
716 839 750 893 ad
762 839 863 893 inferos
874 839 956 892 deor·
998 840 1179 893 miseratione
1193 837 1331 908 affligunt,
1349 841 1378 889 et
1391 851 1487 905 peenas
1507 831 1613 886 validas
1637 831 1667 883 in
1690 826 1816 881 inferno

159 944 232 991 sum,
247 927 312 982 licet
326 945 343 982 a
358 928 525 1000 quibusdam
540 929 593 982 dici
610 929 699 982 soleat
712 928 780 982 illud
797 928 871 999 quod
888 928 957 981 scri-
999 929 1105 982 solvere
1116 933 1229 998 cogunt,
1244 925 1349 980 bestias
1362 929 1447 994 atque
1458 927 1600 993 serpentes
1616 918 1704 972 iidem
1721 914 1819 969 mali-

160 1021 240 1088 ptum
254 1022 298 1071 est
315 1036 320 1071 ι
340 1019 427 1072 «Non
449 1017 571 1071 vindicat
594 1018 668 1072 Deus
684 1017 726 1071 bis
748 1017 955 1088 inidipsum.»
999 1017 1048 1088 gni
1070 1015 1184 1087 spiritus
1207 1021 1282 1079 sunt,
1299 1013 1345 1085 qui
1367 1011 1463 1065 bestiae
1482 1011 1615 1064 dicuntur
1629 1011 1749 1078 propter
1765 1003 1830 1055 fe-

161 1104 397 1172 ouranense,
414 1107 487 1177 quod
502 1123 552 1177 per
566 1106 733 1176 Prophetam
748 1106 782 1159 de
797 1105 900 1175 iniquis
914 1104 957 1157 di·
1000 1106 1156 1170 rocitatem,
1183 1110 1326 1175 serpentes
1348 1106 1462 1173 propter
1479 1099 1663 1160 caliditatem,
1684 1093 1832 1149 trahunt

160 1194 243 1261 citur,
259 1211 316 1249 non
331 1196 490 1261 attendunt,
509 1202 537 1250 ct
549 1195 653 1266 duplici
668 1195 829 1249 confusione
845 1201 957 1248 contere
999 1195 1094 1248 bestiae
1116 1199 1200 1264 atque
1225 1196 1368 1262 serpentes
1396 1188 1528 1259 reprobos
1556 1184 1691 1241 dentibus
1719 1198 1836 1252 super

161 1299 218 1349 eos,
231 1288 259 1336 et
271 1283 299 1337 id
314 1285 389 1355 quod
403 1284 472 1338 alias
495 1285 630 1356 scripturn
655 1291 706 1338 cst.
722 1286 802 1338 lesus
824 1285 958 1356 populum
999 1289 1104 1338 terram
1117 1299 1180 1336 cum
1193 1281 1297 1345 furore,
1315 1279 1425 1350 quando
1441 1278 1502 1342 hoc,
1523 1276 1596 1347 quod
1619 1273 1701 1345 prius
1722 1269 1835 1323 bian—

161 1372 196 1427 de
209 1378 284 1426 terra
298 1373 411 1444 AEgppti
426 1374 545 1439 salvanS,
562 1374 684 1427 secundo
696 1391 752 1440 coS,
765 1375 813 1444 qui
829 1391 883 1427 non
898 1391 958 1427 cre-
999 1372 1101 1426 diendo
1114 1370 1273 1426 carnalibus
1287 1373 1497 1440 persuaserunt,
1509 1372 1538 1419 uf
1550 1365 1721 1419 seducerent
1731 1366 1843 1431 post.—

161 1460 294 1515 diderunt
308 1463 440 1532 perdidit,
453 1461 553 1533 quibus
567 1470 662 1516 tamen
676 1462 698 1515 si
713 1479 879 1516 consensum
891 1480 959 1533 prae
1000 1461 1115 1516 modum
1130 1459 1280 1514 furibundo
1295 1458 1389 1512 animo
1411 1474 1427 1510 a
1442 1452 1635 1527 peccatoribus
1656 1453 1837 1521 expetunt,

161 1549 287 1615 beamus,
313 1551 467 1622 quamlibet
491 1552 601 1622 culpam
626 1551 668 1605 bis
692 1552 774 1606 ferire
796 1568 852 1606 non
867 1569 958 1623 posse,
1001 1558 1033 1605 ut
1047 1550 1179 1615 crucient,
1194 1548 1261 1603 soris
1275 1547 1394 1601 vastabit
1417 1546 1517 1616 impios
1535 1542 1656 1614 gladius,
1672 1545 1703 1593 et
1728 1539 1845 1594 intus

163 1639 216 1692 hoc
230 1655 263 1693 ex
278 1646 392 1710 peccato
405 1640 544 1711 percussis
559 1646 644 1711 atque
667 1641 696 1694 in
711 1646 823 1712 peccato
838 1658 889 1696 suo
904 1659 961 1695 mo·
1002 1658 1100 1711 pavor;
1114 1638 1226 1710 quando
1242 1639 1272 1692 in
1292 1643 1417 1690 extrema
1431 1635 1538 1689 ultione
1556 1631 1683 1701 undique
1703 1643 1845 1697 corpus

163 1727 300 1783 aientibus
313 1728 398 1783 debet
411 1729 554 1796 aestimari,
571 1730 638 1800 quia
651 1746 748 1783 eorum
759 1731 901 1800 percussio
919 1717 993 1783 hicB
1003 1730 1075 1800 ignis
1089 1728 1185 1782 aeterni
1198 1733 1312 1798 torquet
1329 1725 1445 1789 exustio,
1462 1730 1491 1777 et
1507 1723 1582 1776 intus
1606 1724 1735 1773 mentem
1758 1732 1846 1770 am-

134 1849 138 1867 ·
164 1818 258 1888 coepit,
269 1817 326 1872 illio
339 1819 446 1882 finitur,
458 1824 490 1872 ut
500 1819 530 1872 in
540 1819 703 1873 incorrectis
717 1836 805 1873 unum
820 1820 962 1890 flagellum
1002 1818 1102 1888 gestia
1125 1816 1260 1888 opprimit
1281 1811 1455 1884 magnitudo,
1476 1811 1550 1865 undo
1576 1807 1717 1878 scripturn
1741 1810 1783 1857 cst
1830 1824 1844 1857 :

164 1906 212 1971 Sit,
229 1905 304 1977 quod
317 1908 511 1978 temporaliter
525 1907 632 1978 incipit,
650 1907 698 1960 sed
723 1908 750 1962 in
769 1909 881 1962 aternis
899 1926 963 1980 sup
1006 1930 1017 1957 ι
1033 1909 1144 1962 Vermis
1155 1924 1251 1961 eorum
1264 1922 1320 1960 non
1336 1903 1480 1968 morietur,
1499 1906 1527 1955 et
1540 1897 1614 1969 ignis
1627 1914 1683 1950 non
1698 1893 1846 1948 exstim-

165 1995 245 2067 plicis
259 2002 481 2060 consummatur,
494 2002 632 2067 quatenus
648 1996 696 2062 eis,
714 1997 761 2068 qui
777 1998 891 2051 omnino
905 2015 963 2051 cor·
1003 2002 1106 2066 guetur
1130 1997 1226 2061 alfere.
1250 1997 1296 2060 rx).
1321 2009 1334 2043 s
1351 2009 1364 2041 r
1380 1990 1524 2052 iuvenem,
1540 1985 1643 2056 inquit,
1662 1982 1753 2037 simul
1772 1997 1847 2034 rm

164 2082 218 2154 rigi
248 2090 380 2148 renuunt,
404 2086 463 2155 jam
493 2085 674 2155 presentium
704 2087 879 2155 flagellorum
903 2104 964 2158 per·
1006 2085 1153 2155 virginem,
1168 2083 1317 2137 lactantem
1342 2097 1405 2134 cum
1429 2078 1540 2132 homine
1561 2091 1638 2128 sene.
1655 2093 1668 2125 v
1684 2072 1849 2126 Enume-

165 2173 257 2228 cussio
281 2175 459 2244 sequentium
481 2176 519 2228 sit
540 2175 653 2229 initium
676 2181 890 2230 tormentorum.
913 2178 963 2231 Se·
1005 2174 1075 2227 ratis
1087 2172 1224 2226 universis
1236 2170 1363 2226 aetaubus
1383 2168 1505 2223 ostendit
1522 2165 1591 2219 nulli
1613 2156 1690 2216 aetati
1713 2160 1742 2214 in
1761 2174 1849 2212 ex·

167 2261 263 2332 (initur
279 2280 285 2314 ²
1005 2269 1096 2317 trema
1110 2262 1216 2315 ultione
1238 2277 1298 2315 esse
1319 2258 1499 2330 parcendum,
1511 2271 1581 2326 quos
1597 2252 1672 2305 idem
1690 2248 1851 2303 idolola-

206 2369 217 2402 ι
239 2351 369 2405 comedit
382 2358 487 2407 terram
502 2359 531 2407 et
545 2356 689 2409 nascentia
703 2357 773 2426 ejus,
785 2360 813 2408 et
827 2353 964 2408 montium
1005 2351 1067 2406 triae
1082 2351 1234 2404 fedaverat
1254 2348 1354 2402 cultus.
1371 2345 1524 2416 ftflegon'ce
1539 2348 1634 2396 autem
1655 2340 1684 2392 in
1704 2339 1853 2409 juvene

170 2457 183 2491 r
198 2438 381 2495 fundamenta
389 2429 542 2507 comburet,
550 2443 724 2514 congregabo
731 2461 815 2515 super
824 2461 871 2496 eos
882 2444 964 2507 mala,
1007 2440 1141 2495 lascivum
1155 2437 1369 2493 ellibidinosum
1382 2455 1387 2488 :
1402 2435 1430 2488 in
1440 2434 1547 2502 virgine
1558 2428 1665 2484 abonis
1675 2426 1854 2498 operibus

171 2534 230 2583 «et
244 2530 361 2600 sagittas
376 2547 453 2584 meas
471 2532 616 2602 complebo
640 2532 670 2585 in
692 2533 742 2586 eis.
759 2533 967 2587 consumentur
1007 2529 1141 2592 sterilem,
1159 2528 1186 2581 in
1210 2528 1330 2580 lactante
1351 2523 1490 2588 hebetem,
1506 2522 1534 2575 in
1559 2535 1625 2573 sene
1645 2517 1760 2587 pigrum
1779 2513 1855 2565 el

173 2617 286 2684 «fame,
302 2624 331 2672 et
344 2618 517 2674 devorabunt
531 2638 578 2674 eos
593 2638 657 2675 aves
669 2638 763 2676 morsu
779 2621 965 2687 amarissima,
1007 2618 1136 2674 inutilem
1157 2615 1288 2680 ostendit,
1305 2616 1356 2668 hos
1375 2629 1442 2683 ergo
1468 2626 1565 2664 omnes
1586 2610 1665 2678 justa
1687 2604 1857 2659 vindict)

173 2724 185 2757 r
204 2705 302 2760 dentes
322 2706 474 2762 bestiarum
495 2709 647 2764 immittam
671 2711 766 2765 ineos
789 2728 851 2764 cnm
873 2711 967 2765 furore
1008 2707 1059 2762 Dei
1070 2707 1099 2761 in
1109 2714 1234 2760 extrema
1248 2704 1355 2759 ultione
1369 2705 1524 2760 consumet,
1537 2714 1607 2769 quos
1631 2711 1708 2750 nunc
1733 2705 1859 2747 cort)-

175 2813 189 2847 ι
204 2794 379 2849 trahentium
390 2813 475 2867 super
488 2803 592 2851 terram
609 2806 694 2870 atque
709 2801 892 2871 serpentium,
902 2800 969 2854 foris
1010 2796 1127 2850 monitio
1141 2802 1169 2848 et
1181 2793 1319 2864 correptio
1333 2810 1351 2845 a
1362 2790 1482 2862 peccatis
1497 2804 1553 2842 non
1569 2784 1691 2839 cohibet.
1709 2819 1712 2823 ι

174 2884 323 2938 rvasmbit
336 2901 384 2939 eos
403 2887 513 2955 gladius
528 2895 557 2940 et
571 2888 646 2942 intus
671 2906 764 2960 pavor,
779 2891 910 2960 juvenem
931 2889 969 2943 si·
1048 2903 1061 2937 r
1083 2885 1117 2938 Et
1134 2883 1189 2937 dixi
1207 2902 1212 2935 :
1230 2882 1351 2936 Ubinam
1369 2885 1445 2940 sunt,
1458 2892 1567 2931 cessare
1589 2874 1690 2927 faciam
1710 2888 1744 2925 ex
1763 2871 1864 2924 ho

176 2992 188 3024 r
204 2974 311 3027 mulae
327 2974 473 3045 virginem,
489 2976 714 3031 lactantemcum
734 2978 844 3032 homine
862 2995 938 3031 senc.
956 2999 968 3029 r
1014 2993 1025 3024 r
1042 2972 1165 3027 minibus
1187 2971 1352 3029 memoriam
1376 2984 1482 3022 eornm.
1502 2987 1512 3016 ι
1528 2965 1591 3019 Alia
1616 2962 1704 3016 editio
1722 2979 1727 3012 :
1748 2979 1759 3010 r
1777 2945 1866 3013 Ξῖ

173 3060 237 3116 Alia
251 3061 355 3115 editio:
375 3080 386 3114 r
405 3063 533 3118 Comedit
551 3071 625 3118 terra
649 3067 806 3119 nascentias
826 3083 968 3136 agrorum,
979 3035 1001 3094 G
1011 3062 1067 3117 dixi
1082 3081 1087 3114 ι
1103 3060 1268 3131 Disperdam
1284 3076 1340 3125 eos,
1355 3056 1469 3129 privabo
1484 3061 1579 3109 autem
1600 3069 1633 3106 ex
1650 3047 1868 3105 hominib,⁸

174 3156 203 3205 et
217 3149 405 3206 concremabit
418 3152 601 3206 fundamenta
616 3155 764 3220 montium,
777 3172 926 3224 congeram
941 3155 970 3209 in
1012 3152 1176 3206 memoriam
1191 3165 1298 3207 eorum.
1315 3168 1328 3200 r
1344 3148 1530 3216 interrogatio
1542 3143 1593 3197 Dei
1607 3157 1666 3195 non
1678 3145 1723 3193 est
1732 3139 1870 3207 ignoe·

175 3240 250 3312 ipsos
263 3240 348 3307 mala,
364 3247 393 3295 et
406 3242 522 3310 sagittas
543 3259 619 3296 meas
644 3243 844 3297 consummabo
867 3245 895 3297 in
920 3244 969 3310 eie,
1012 3241 1115 3306 nantia,
1129 3240 1178 3294 sed
1192 3239 1340 3309 correptio.
1359 3238 1449 3306 Hujus
1461 3232 1607 3288 sententie
1622 3223 1873 3299 expletiones*

173 3327 348 3383 tabescentes
363 3330 437 3383 fame
457 3337 486 3383 ct.
500 3347 563 3383 esca
577 3338 661 3385 erunt
681 3332 784 3397 avium,
800 3339 829 3385 et
848 3333 972 3387 extensio
1012 3330 1092 3384 facile
1107 3329 1270 3398 dignoscere
1285 3333 1387 3397 potest,
1405 3324 1451 3395 qui
1467 3322 1577 3376 Judteos
1600 3318 1678 3371 videt
1700 3332 1718 3369 a
1738 3311 1877 3369 tend

175 3417 250 3471 dorsi
274 3418 446 3483 insanabilis,
473 3419 570 3473 (lentes
592 3420 744 3474 bestiarum
768 3422 919 3476 immittam
943 3423 971 3476 in
1013 3417 1236 3490 repromissionis
1246 3417 1391 3485 ejectos,et
1400 3418 1545 3484 perlatum
1556 3401 1879 3476 orbcmdispe'rsoff·

175 3522 233 3573 ece,
249 3523 313 3560 cum
332 3507 426 3561 furore
448 3508 620 3562 trahentium
645 3526 728 3581 super
743 3515 857 3575 terram,
875 3512 972 3565 aforis
1014 3506 1188 3562 Generaliter
1202 3512 1296 3559 autern
1312 3502 1441 3557 omnibus
1457 3497 1651 3571 peccatoribus
1666 3500 1695 3548 et
1713 3494 1883 3564 impr&¹

175 3596 237 3650 sine
249 3596 313 3650 filiis
324 3597 444 3667 privabit
453 3614 501 3650 eos
510 3598 621 3667 gladius
636 3605 664 3652 et
674 3598 702 3652 in
718 3601 918 3670 promptuariis
928 3618 973 3655 eo·
1013 3595 1168 3650 nitentibus
1179 3595 1363 3648 hocfuturum
1374 3591 1512 3653 imminet,
1520 3587 1594 3659 quod
1603 3586 1639 3639 de
1651 3577 1887 3638 sanctomffl

138 3672 143 3689 ¹
176 3701 239 3739 rum
250 3685 343 3751 timor,
354 3688 544 3756 juvenescam
564 3687 679 3757 virgine,
697 3689 803 3742 lactans
827 3706 891 3743 cum
914 3696 972 3743 sta-
1014 3691 1090 3739 terra
1097 3685 1241 3746 tollantur,
1249 3690 1277 3737 et
1289 3677 1565 3736 memoriaeorumin
1575 3682 1649 3729 coetu
1660 3664 1889 3727 electores-:2¹

175 3771 255 3828 bilito
265 3790 341 3827 sene.
358 3795 372 3825 o
389 3774 526 3840 Comedit‚
543 3775 644 3846 inquit,
660 3781 764 3830 terrum
789 3783 817 3831 et
830 3777 974 3832 nascentia
1015 3790 1071 3828 non
1084 3779 1258 3827 numeretur.
1275 3771 1354 3826 Unde
1373 3786 1424 3841 per
1442 3766 1620 3822 Psalmistam
1645 3761 1732 3833 capiti
1757 3756 1892 3813 cufi·

177 3863 238 3933 ejus
262 3882 268 3916 ε
289 3869 394 3917 terram
409 3870 476 3917 tunc
491 3865 611 3918 comedit
625 3870 654 3918 et
667 3866 811 3919 nascentia
825 3868 895 3936 ejus,
911 3883 974 3921 cum
1016 3863 1094 3917 nium
1106 3862 1267 3933 iniquorum
1281 3860 1364 3915 simul
1378 3875 1442 3913 cum
1457 3862 1516 3911 toto
1528 3870 1646 3925 corpore
1657 3867 1767 3923 poenap
1786 3862 1861 3894 ·9
1879 3856 1880 3859 ’

177 3968 289 4006 carnem
302 3953 483 4022 peccatricem
498 3959 708 4024 proptoropera
722 3955 844 4009 libidinis
860 3957 976 4010 flamma
1016 3952 1118 4006 dicitur
1139 3950 1243 4016 sutura,
1260 3966 1323 4004 cum
1347 3947 1505 4019 supputatis
1530 3942 1650 4013 singulis
1668 3937 1780 4012 specieb

177 4045 288 4094 aeternae
310 4041 425 4093 ultionis
449 4041 602 4094 comburet.
620 4042 769 4096 Nascentis
793 4043 868 4097 enim
884 4044 975 4098 carnis
1016 4041 1147 4095 vitiorum
1161 4039 1351 4093 subinfertur:
1367 4056 1380 4087 o
1393 4037 1544 4106 Propterea
1557 4033 1687 4086 destruet
1698 4035 1728 4082 te
1742 4028 1780 4081 De

178 4128 290 4199 proprie
306 4144 391 4199 opera
405 4136 472 4182 sunt
485 4131 714 4200 concupiscentiae
728 4133 865 4185 carnalis:
882 4133 975 4197 «Quae
1017 4130 1046 4184 in
1061 4131 1156 4195 finem,
1171 4129 1270 4182 evellet
1287 4132 1315 4180 te
1335 4135 1364 4180 et
1378 4123 1527 4195 emigrabit
1540 4129 1568 4175 te
1583 4121 1617 4174 de
1632 4115 1814 4173 tabemacul·
1857 4096 1893 4153 3⁸

179 4222 246 4271 sunt
272 4216 477 4283 fornicationes,
499 4219 693 4284 immunditia,
722 4221 912 4292 impudicitiae,
936 4224 975 4276 fu·
1017 4235 1067 4273 suo
1093 4225 1122 4271 et
1145 4217 1268 4271 radicem
1288 4221 1366 4270 tuam
1389 4214 1423 4268 de
1450 4220 1527 4267 terra
1550 4208 1705 4263 virentium
1730 4186 1891 4274 (Psob¹

179 4304 275 4370 xuriae,
287 4304 425 4359 idolorum
438 4307 565 4375 servitus,
580 4309 727 4374 veneficiae,
740 4309 902 4377 inimicitia,
913 4329 976 4365 oon-
1017 4311 1062 4377 nr).
1082 4328 1093 4358 ι

178 4393 327 4459 tentiones,
343 4397 545 4461 aemulationes,
562 4397 618 4460 irae,
638 4399 712 4466 rixae,
730 4400 926 4466 dissensiones
936 4420 977 4455 se·
1055 4415 1068 4449 r
1089 4396 1142 4451 Sed
1159 4401 1273 4467 propter
1287 4395 1358 4448 iram
1371 4392 1549 4448 inimicorum
1569 4387 1666 4442 distuli
1690 4402 1726 4440 ne
1745 4384 1771 4438 to

179 4488 239 4551 ctae,
255 4485 375 4550 invidiae,
386 4485 546 4552 homicidia,
559 4487 718 4549 ebrietates,
730 4491 976 4545 commessationes
1021 4511 1031 4532 ·
1052 4485 1230 4557 superbirent
1253 4485 1346 4538 hostes
1369 4498 1476 4543 eorum,
1503 4486 1531 4533 et
1552 4479 1690 4542 dicerent,
1716 4488 1835 4527 manu-a

179 4581 207 4628 θῑ
222 4574 265 4627 his
281 4574 394 4638 Similia,
410 4593 471 4646 <1¹1ae
482 4578 529 4647 qui
544 4585 640 4648 agunt,
657 4599 667 4628 r
682 4587 713 4633 ut
727 4580 830 4634 Paulus
844 4586 974 4648 testatur,
1020 4582 1143 4629 «nostra
1164 4574 1272 4628 excelsa
1295 4577 1324 4625 et
1346 4588 1401 4625 non
1422 4572 1497 4624 Deus
1515 4568 1582 4622 feeit
1603 4563 1780 4621 haecomnia.
1796 4558 1883 4612 β(

182 4682 194 4714 r
211 4679 329 4733 regnum
340 4664 391 4717 Dei
402 4680 456 4718 non
468 4669 752 4738 consequenturldol.
764 4677 800 4737 v).
820 4690 830 4719 s
848 4670 882 4724 Et
895 4687 975 4724 mon·
1017 4665 1080 4718 fllia
1101 4663 1186 4717 editio
1209 4681 1214 4714 :
1233 4682 1245 4714 r
1268 4662 1328 4716 Nisi
1349 4666 1464 4732 propter
1483 4659 1554 4712 iram
1576 4655 1766 4717 inimicorum,
1779 4652 1891 4703 nef?

177 4752 250 4807 tium
260 4751 443 4807 fundamenta
454 4754 678 4813 comburenaum
687 4757 869 4828 superborum
881 4760 977 4830 iniqua
1017 4755 1101 4824 longo
1122 4759 1248 4823 tempore
1267 4751 1325 4804 sint
1344 4766 1431 4819 super
1453 4755 1568 4811 terram,
1584 4762 1619 4799 ne
1640 4736 1872 4798 consentianf5

178 4841 303 4906 consilia,
315 4841 417 4912 quibus
428 4859 457 4896 so
467 4844 580 4914 impune
591 4863 671 4916 posse
688 4863 801 4918 peceare
814 4849 974 4916 credebant,
1017 4843 1170 4897 adversarii
1185 4847 1214 4895 et
1227 4841 1323 4894 dicant
1338 4859 1344 4891 ε
1361 4840 1461 4893 Manus
1475 4842 1572 4891 nostra
1582 4834 1702 4899 excelsa,
1719 4838 1747 4887 et
1760 4845 1810 4885 non

176 4930 467 4986 aeterniscruciatibus
479 4938 632 4999 consumet,
645 4936 825 5005 congregabit
835 4953 919 5007 super
929 4956 975 4992 eos
1017 4932 1092 4986 Deus
1108 4932 1173 4985 fecit
1187 4930 1245 4984 haec
1259 4928 1363 4984 omnia.
1378 4948 1390 4980 n
1407 4928 1473 4982 Ideo
1496 4926 1570 4979 enim
1591 4925 1731 4979 Dominus
1744 4934 1811 4991 sape

178 5021 262 5086 mala,
278 5021 390 5092 quando
405 5038 461 5075 non
475 5023 565 5077 solum
577 5023 651 5077 rnala
660 5041 754 5095 opera,
769 5025 818 5079 sed
830 5031 858 5079 et
872 5027 975 5097 cogita-
1016 5026 1177 5092 peccantem
1188 5018 1320 5091 populum
1332 5018 1379 5072 diu
1390 5015 1535 5071 tolerando
1543 5014 1689 5079 sustinuit,
1699 5028 1735 5067 ne
1747 5025 1812 5079 geu-

175 5110 267 5166 tiones
282 5129 427 5183 perversas
442 5119 526 5183 atque
541 5131 626 5184 prava
640 5132 690 5185 pro
705 5115 805 5185 quibus
822 5117 976 5187 puniantur
1016 5118 1058 5165 tes
1069 5111 1109 5164 eis
1119 5109 1242 5163 confines
1253 5124 1354 5162 nomen
1364 5113 1393 5161 et
1402 5104 1556 5176 potentiam
1568 5105 1629 5175 ejus
1639 5101 1813 5173 blasphema·

177 5199 207 5254 in
222 5202 387 5256 memoriam
402 5202 522 5256 adducet
546 5203 638 5268 verba,
655 5203 771 5274 sagittas
793 5219 858 5256 suas
881 5204 911 5257 in
935 5204 975 5258 eis
1016 5198 1171 5254 rontUnde
1179 5205 1207 5252 et
1215 5199 1325 5268 Moyses
1335 5197 1370 5250 ad
1382 5195 1532 5251 Dominum
1544 5209 1593 5265 pro
1606 5196 1723 5265 peccato
1731 5188 1814 5245 lsrael

177 5290 336 5360 complebit,
351 5292 462 5362 quando
477 5292 548 5345 iram
563 5292 762 5362 indignationis
772 5309 829 5346 suae
841 5292 975 5364 perraria
1016 5289 1210 5359 indignantem
1223 5293 1251 5340 et
1265 5301 1311 5339 eas
1332 5284 1492 5354 disperdere
1506 5282 1646 5336 volentem
1663 5281 1723 5334 ait:
1739 5300 1750 5330 r
1765 5280 1812 5340 Ne,

178 5381 320 5432 tormenta
333 5381 470 5434 ostendet.
489 5382 697 5436 consumentur
707 5381 790 5447 fame,
803 5382 855 5434 hoc
864 5389 975 5447 estnon
1017 5395 1120 5450 quaeso,
1136 5376 1263 5441 Domine,
1282 5374 1377 5429 dicant
1388 5373 1509 5444 AEgppti,
1521 5369 1622 5424 callide
1643 5369 1745 5424 eduxit
1758 5384 1811 5430 eos,

178 5462 231 5517 cibi
242 5480 292 5518 nec
307 5473 399 5537 potus,
417 5468 465 5522 sed
487 5476 622 5541 perpetua
636 5469 773 5526 bonorum
786 5486 903 5542 operum
917 5477 975 5525 ste·
1017 5477 1048 5526 ut
1061 5470 1231 5524 interficeret
1251 5467 1279 5520 in
1294 5464 1435 5519 montibus
1455 5468 1484 5517 et
1495 5462 1605 5517 deleret
1620 5477 1635 5514 e
1650 5467 1752 5523 terra;
1772 5475 1812 5512 re-

176 5551 291 5607 rilitatc.
309 5555 344 5608 Et
355 5555 529 5613 devorabunt
543 5575 591 5612 eos
601 5575 665 5613 aves
675 5576 771 5615 morsu
786 5560 973 5623 amarissimo,
1017 5560 1142 5632 quiescat
1155 5559 1198 5613 ira
1212 5564 1263 5612 tua
1276 5562 1305 5610 et
1317 5562 1376 5610 esto
1388 5552 1533 5626 placabilis
1553 5567 1639 5625 super
1658 5551 1813 5625 nequitiam

1884 4028 1893 4054 t:

1868 4374 1890 4388 A
