3772 6120
127 281 178 340 295
420 280 452 334 Β.
473 279 609 335 RABANI
629 281 743 335 unua}
763 274 930 336 AROHlEP.
951 279 1114 334 MOGUNT.
1135 279 1283 335 OPERUM
1302 278 1394 333 PARS
1414 278 1463 333 lll.
1521 319 1528 325 .
1654 330 1658 335 ,
1708 273 1762 332 ἳ96

127 407 221 462 minus
234 423 284 477 pro
299 405 379 460 nobis
386 405 413 458 in
425 404 486 474 ipsa
494 404 586 458 carnis
596 407 766 461 mortalitate
778 406 954 478 suscepitiA
965 421 1015 476 pro
1031 404 1145 459 infamia
1159 404 1251 474 objici,
1273 404 1347 474 quod
1364 403 1492 458 Salvator
1508 406 1603 481 noster
1618 404 1647 454 et
1667 398 1765 452 Domi·

126 497 200 550 unde
217 512 267 549 nec
282 493 394 547 erubuit
408 509 458 547 nec
473 492 568 546 timuit
583 495 733 565 Apostolus
751 497 842 550 dicere
858 512 922 566 pec·
964 509 1016 547 nus
1031 493 1082 547 sub
1107 493 1158 548 Dei
1180 493 1266 547 fuerit
1285 491 1442 546 maledicto.
1468 489 1594 544 Primum
1618 487 1707 558 igitur
1724 487 1765 540 in·

30 570 42 592 ⁰
126 591 299 639 catumeum
318 581 414 636 iecisse
433 597 483 651 pro
503 581 710 649 uobisaddens,
728 586 923 653 rvldsmcnto
963 583 1100 636 tuendum
1111 587 1162 647 est,
1178 581 1251 652 quod
1262 598 1318 635 non
1329 580 1488 651 quicunque
1499 578 1528 632 in
1542 578 1618 648 ligno
1628 575 1766 648 pepende·

126 674 317 727 condurnuarel
335 674 494 738 peccatum:
515 687 571 725 non
592 671 666 725 enim
687 678 816 728 etvetus
839 673 922 727 bomo
964 670 1011 735 rit,
1027 671 1192 724 maledictus
1207 670 1244 724 sit
1257 669 1332 740 apud
1347 669 1506 733 Dominum,
1527 667 1575 720 sed
1600 666 1647 737 qui
1668 683 1765 736 pecca·

127 768 222 817 noster
244 759 326 813 simul
348 759 559 829 crucifigeretur
584 761 657 815 sicut
680 761 753 815 idem
773 762 923 832 Apostolus
964 758 1045 825 rerit,
1062 764 1090 812 et
1113 764 1228 830 propter
1251 758 1339 812 scelus
1362 757 1447 811 morti
1466 755 1552 809 fuerit
1574 754 1763 826 adjudicatus.

126 849 192 904 alibi
207 847 275 902 dicit
290 849 374 913 (dorii.
392 854 439 912 vil,
456 847 509 901 nisi
525 848 552 901 in
568 849 616 902 ida
631 856 721 904 morte
736 850 848 904 Domini
859 867 924 921 pec·
965 847 1147 918 sublatusque
1162 847 1191 900 in
1202 863 1330 909 erucem;
1351 862 1407 899 non
1427 845 1490 899 ideo
1512 843 1678 898 maledictus
1699 843 1766 914 quia

125 937 181 992 cati
203 936 292 991 nostri
314 936 404 1005 ligura
427 937 570 1006 penderet,
596 945 627 992 ut
650 945 800 993 evacuetur
823 954 925 1009 corpus
966 935 1176 998 crucifixusest‚
1189 936 1237 989 sed
1252 935 1318 1006 quia
1334 935 1363 988 in
1382 934 1467 988 talem
1489 933 1620 988 inciderit
1643 938 1763 1000 reatum,

127 1025 241 1097 peccati,
266 1030 298 1099 ut
319 1025 393 1078 ultra
415 1041 471 1080 non
493 1025 646 1080 serviamus
666 1033 789 1097 peccato.
813 1029 844 1082 ln
864 1029 925 1097 ejus
965 1024 1140 1077 utmeruerit
1149 1023 1398 1094 crucifigiDeinde
1406 1023 1474 1076 illud
1482 1023 1679 1093 opponendum
1690 1022 1765 1091 quod

127 1115 232 1186 peccati
246 1118 274 1167 et
297 1113 396 1167 mortis
419 1115 509 1184 ligura
533 1115 619 1169 etiarn
643 1117 752 1188 Moyses
775 1117 805 1170 in
829 1132 924 1170 eremo
965 1111 1081 1166 inferius
1091 1129 1175 1167 eausa
1190 1111 1306 1183 patibuli
1320 1112 1429 1183 plenius
1443 1116 1607 1182 exponatur,
1619 1110 1766 1181 Scriptura

126 1220 210 1274 super·
225 1203 333 1272 lignum
350 1203 482 1256 exaltavit
497 1209 656 1274 serpentem
668 1205 762 1267 (llum.
776 1212 925 1276 xx1);per-
966 1201 1113 1267 referente,
1130 1201 1165 1257 ob
1176 1201 1356 1255 maledictum
1372 1205 1400 1253 ct
1413 1199 1616 1270 blasphemiam
1632 1199 1682 1253 Dei
1698 1216 1764 1252 eum

126 1293 256 1346 suasione
272 1291 374 1362 quippe
393 1291 531 1362 serpentis
555 1292 638 1346 homo
663 1293 692 1346 in
716 1294 925 1349 damnationem
967 1307 1028 1344 esse
1038 1291 1210 1345 crucifixum.
1223 1290 1302 1354 Quod
1312 1290 1437 1360 apertius
1447 1289 1632 1360 Symmachus
1642 1293 1765 1343 transtu-

126 1380 224 1434 mortis
238 1379 345 1433 cecidit.
373 1380 470 1450 ltaque
492 1396 607 1450 serpens
630 1381 665 1434 ad
691 1381 924 1452 significationem
967 1379 1000 1433 lit
1014 1379 1109 1432 dicens
1126 1397 1131 1430 :
1150 1381 1220 1446 Oisia
1231 1384 1344 1447 propin·
1355 1379 1550 1447 hlaqurenriana
1561 1380 1610 1432 Ilei
1618 1392 1765 1446 suspensus

125 1468 214 1540 ipsius
227 1467 326 1522 mortis
345 1468 541 1522 convenienter
560 1469 588 1523 in
607 1470 683 1539 ligno
709 1471 847 1525 exaltatus
871 1476 923 1533 est,
966 1473 1013 1521 est.
1034 1467 1076 1521 Ad
1102 1473 1259 1521 extremum
1281 1466 1487 1535 interrogemus
1510 1483 1567 1527 eos,
1587 1467 1610 1519 si
1629 1466 1763 1524 Ananias*

125 1556 156 1611 in
170 1557 219 1610 illa
231 1558 307 1611 enim
323 1559 423 1626 ligura,
439 1574 515 1611 mors
525 1558 637 1612 Domini
646 1558 786 1630 pendebat
798 1559 827 1613 in
838 1558 923 1630 ligno.
966 1555 1079 1610 Azanes
1094 1561 1123 1609 et
1133 1555 1239 1615 Misael,
1258 1556 1384 1609 nolentes
1409 1555 1526 1609 adorare
1546 1554 1653 1609 idolum
1673 1554 1766 1608 Nabu-

127 1648 261 1713 (Hieron.)
277 1644 409 1716 Subrepit
424 1651 452 1698 et
467 1644 495 1699 in
515 1647 568 1700 boc
587 1647 648 1701 loco
663 1633 796 1715 Marcion,
821 1649 856 1701 de
879 1663 927 1718 po·
967 1644 1142 1700 chodonosor
1159 1647 1241 1710 (Dan.
1263 1648 1316 1712 nr),
1337 1643 1456 1698 tuissent
1476 1643 1504 1698 in
1524 1643 1600 1714 ligno
1619 1644 1764 1714 suspensi;

125 1741 227 1789 testate
242 1733 392 1799 CreatoriS,
405 1751 488 1804 quem
498 1736 719 1805 sanguinarium,
730 1736 872 1791 crudelem
884 1721 957 1790 iri-B
968 1733 1115 1787 Eleazarus
1130 1749 1241 1804 quoque
1260 1733 1466 1802 nonagenarius
1481 1732 1532 1787 sub
1547 1733 1686 1787 Antiocho
1701 1749 1766 1802 rege

126 1822 222 1889 samat,
235 1822 419 1889 etvindicem,
431 1840 559 1878 asserens
570 1841 621 1878 nos
633 1825 792 1897 redemptos
805 1842 866 1879 esse
877 1842 926 1896 per
968 1821 1055 1893 Syria
1080 1823 1119 1889 (ll
1139 1823 1208 1876 illac.
1225 1826 1273 1890 vr),
1296 1828 1325 1875 et
1342 1838 1405 1876 cum
1425 1829 1534 1892 septeni
1557 1821 1623 1876 filiis
1644 1821 1767 1891 gloriosa

126 1913 280 1978 Christum,
297 1912 344 1982 qui
365 1912 482 1966 alterius
496 1912 562 1967 boni
575 1913 626 1967 Dei
651 1914 738 1967 Filius
752 1914 807 1982 sit,
833 1914 881 1986 qui
902 1913 926 1968 si
967 1916 1059 1964 mater
1073 1912 1113 1977 (II
1129 1912 1197 1965 Mac.
1220 1914 1250 1980 1),
1271 1916 1366 1965 utrum
1390 1910 1553 1965 maledictos
1573 1927 1621 1964 eos
1642 1911 1764 1965 aestima-

126 2000 305 2071 intelligeret,
321 2017 375 2070 quo
389 2001 523 2055 differunt
538 2018 630 2056 emere
650 2007 679 2056 et
693 2002 832 2057 redimere
849 2002 927 2073 (quia
967 1999 1024 2053 turi
1035 1999 1272 2065 suerint,anomni
1282 1999 1476 2053 benedictione
1486 1998 1680 2069 dignissimos3
1693 2005 1767 2052 certe

125 2089 174 2160 qui
189 2090 266 2155 emit,
281 2089 404 2144 alienum
419 2089 496 2155 emit,
512 2091 560 2160 qui
571 2097 665 2145 autem
680 2091 802 2157 redimit,
820 2092 848 2147 id
857 2091 927 2145 emit
967 2087 990 2141 si
1001 2104 1111 2141 crucem
1122 2104 1206 2158 quarn
1217 2089 1307 2141 Arnan
1317 2094 1465 2158 paraverat
1474 2087 1650 2142 Mardochaeo
1662 2089 1769 2153 (Esther

125 2179 236 2250 proprie
251 2178 488 2248 quodsuumsuit,
501 2185 621 2233 etsuum
640 2197 701 2235 esse
721 2180 840 2249 desivit),
852 2196 925 2236 nun·
966 2181 1024 2241 vu),
1041 2192 1096 2230 non
1112 2176 1171 2247 ipse
1186 2193 1237 2230 suo
1252 2177 1353 2229 merito
1372 2177 1588 2241 conscendisset,
1607 2183 1675 2247 puto
1697 2177 1769 2231 blar-

41 2320 45 2326 ,
125 2283 210 2338 quam
226 2267 433 2337 scripturarum
449 2266 533 2320 verba
546 2267 683 2339 simplicia
703 2268 732 2323 in
756 2269 925 2323 calumniam
966 2263 1097 2318 dochaeus
1107 2263 1134 2316 in
1150 2280 1213 2317 cam
1228 2280 1284 2317 non
1304 2269 1336 2317 ut
1349 2264 1525 2329 maledictus,
1537 2265 1586 2318 sed
1604 2270 1637 2318 ut
1655 2271 1768 2319 sanctus

125 2356 168 2409 sui
194 2355 333 2426 dogmatis
347 2355 537 2426 detorqueret.
554 2356 684 2411 Redemit
697 2373 763 2427 ergo
777 2374 829 2412 nos
843 2357 925 2412 Chri·
966 2353 1138 2405 ascenderet.
1157 2351 1207 2406 llis
1222 2358 1251 2405 et
1267 2352 1374 2407 caetcris
1395 2352 1533 2406 similibus
1556 2353 1763 2424 comprobatur,

125 2451 184 2498 stus
199 2444 233 2497 dc
249 2444 398 2498 maledicto
415 2443 485 2514 legis
501 2445 574 2514 quod
595 2445 772 2516 peccantibus
791 2445 926 2500 constitu·
966 2439 1044 2494 illum
1056 2457 1116 2494 esse
1127 2439 1305 2495 maledictum
1320 2441 1368 2511 qui
1383 2442 1499 2511 dignum
1516 2441 1624 2496 facinus
1640 2441 1765 2513 patibulo

123 2538 248 2596 tamesi,
266 2532 405 2602 quosipse
420 2532 546 2603 increpat
560 2551 610 2603 per
624 2535 788 2604 prophetam
803 2534 923 2589 dicens:
966 2529 1136 2600 perpetravit
1162 2547 1168 2581 :
1196 2545 1251 2583 uon
1275 2546 1339 2583 euru
1363 2531 1411 2600 qui
1431 2530 1578 2600 iniquitate
1594 2531 1722 2601 judicum
1738 2538 1766 2584 et

123 2621 186 2675 Eece
197 2623 312 2689 peccatis
325 2623 423 2676 cestris
436 2622 543 2674 venditi
555 2625 625 2687 estis,
638 2628 662 2675 ct
678 2625 709 2676 ln
725 2624 924 2691 iniquitalibus
966 2617 1144 2672 inimicorum
1160 2617 1286 2689 potentia
1300 2619 1341 2671 vel
1364 2619 1484 2673 clamore
1503 2619 1588 2688 vulgi,
1611 2626 1661 2673 aut
1681 2620 1766 2673 virtu-

38 2712 42 2724 '
127 2712 223 2764 cestris
238 2710 335 2762 dr'rnisi
349 2713 465 2762 matrem
480 2715 598 2762 cestram
611 2711 679 2781 (lxo.
692 2713 718 2777 a)
736 2729 742 2776 ς
759 2715 788 2765 et
803 2712 924 2782 Aposto·
965 2711 1026 2760 tum
1046 2706 1160 2773 invidia,
1183 2712 1233 2761 aut
1255 2707 1329 2776 regis
1348 2706 1391 2760 ira
1409 2706 1495 2761 fuerit
1517 2707 1674 2762 crucifixus.
1701 2709 1765 2763 llaec

128 2797 172 2850 lus
187 2797 238 2850 hoe
253 2796 343 2867 ipsum
364 2796 481 2866 replicat
494 2796 605 2851 dicens:
622 2799 677 2866 Epo
692 2803 784 2852 autern
799 2803 923 2854 carnalis
965 2795 1112 2849 adversum
1131 2795 1251 2849 ludaeos.
1268 2795 1407 2850 aster-um
1422 2795 1502 2850 atad
1521 2812 1572 2850 nos
1589 2797 1688 2850 redeat
1707 2798 1765 2852 dis-

122 2902 195 2950 sum,
207 2886 333 2939 seruitus
347 2885 397 2938 sat
410 2891 517 2953 peccalo
528 2886 613 2951 (horn.
625 2889 684 2954 vu).
695 2887 842 2941 Maledicta
857 2904 924 2958 quo·
966 2883 1084 2954 putatio,
1111 2884 1183 2937 scire
1200 2900 1255 2938 non
1275 2900 1426 2954 possamus
1450 2901 1537 2955 quare
1562 2886 1713 2956 Apostolus
1737 2887 1766 2941 in

118 2990 177 3044 ‘quc
192 2973 271 3044 legia,
288 2989 355 3044 quar
364 2972 393 3026 in
408 2973 539 3035 Levitico,
552 2974 618 3028 etin
629 2975 845 3030 Deuteronomio
856 2977 924 3030 scri·
966 2988 998 3025 eo
1014 2972 1088 3042 quod
1102 2972 1237 3044 scriptum
1253 2978 1296 3027 est
1313 2990 1318 3024 ε
1334 2974 1495 3028 Maledictus
1508 2990 1526 3027 a
1541 2975 1593 3028 Deo
1607 2978 1698 3029 earnis
1717 2979 1767 3045 qui

122 3068 171 3132 pta
184 3067 259 3127 sunt,
276 3077 332 3115 non
343 3062 400 3115 Deo
417 3067 530 3116 auctore
546 3063 730 3133 complentur,
747 3024 1060 3135 sedprophe-Cpenrlct
1075 3064 1205 3128 iuliano,
1226 3060 1269 3114 vel
1291 3060 1461 3116 subtraxerit
1484 3061 1600 3132 aliquid,
1622 3064 1665 3117 vel
1684 3063 1764 3118 addi-

121 3150 177 3204 tico
196 3150 296 3221 spiritu
311 3149 354 3203 his
370 3149 418 3220 qui
436 3151 578 3220 peccaturi
596 3158 687 3217 erant,
709 3168 742 3205 ca
762 3169 824 3224 qua
844 3169 924 3207 even·
964 3149 1046 3202 derit.
1065 3149 1095 3204 Si
1117 3149 1192 3203 enim
1210 3151 1296 3203 semel
1315 3149 1511 3205 auctoritatem
1526 3151 1711 3221 Septuaginta
1726 3152 1767 3206 in·

121 3246 185 3292 tura
200 3243 268 3293 sunt
281 3237 322 3292 eis
337 3239 513 3292 nuntiantur.
530 3239 609 3303 Quod
625 3239 648 3292 si
663 3241 789 3310 Apostoli
804 3241 924 3295 voluerit
964 3242 1121 3308 terprctum
1136 3237 1315 3308 sequebatur,
1337 3237 1434 3292 debuit
1448 3239 1521 3293 sicut
1538 3240 1573 3294 ab
1587 3239 1643 3294 illis
1658 3240 1765 3296 editum

124 3343 176 3381 nos
202 3326 363 3380 testimonio
385 3333 526 3380 coarctare
546 3326 686 3382 dicentis:
710 3329 870 3399 Quicunque
892 3347 924 3384 cn
965 3333 1017 3393 est,
1029 3333 1058 3380 et
1076 3327 1126 3380 Dei
1146 3343 1248 3381 nomen
1261 3327 1425 3397 adjungere.
1448 3329 1477 3382 Si
1495 3346 1560 3383 roro
1579 3334 1611 3384 ut
1630 3329 1766 3386 uebraeus

121 3417 248 3484 operibus
263 3417 329 3483 lapis
342 3419 416 3480 sunl,
430 3416 479 3468 sub
495 3417 638 3470 maledieto
647 3422 722 3471 sunl.
736 3417 877 3486 Scriptum
886 3424 923 3472 cst
965 3432 998 3469 ex
1012 3414 1136 3469 Hebraeis
1155 3415 1184 3469 id
1199 3416 1273 3486 quod
1286 3415 1315 3469 in
1330 3432 1382 3470 sua
1395 3417 1493 3486 lingua
1511 3419 1627 3488 legerat,
1647 3419 1766 3490 putabat

122 3507 214 3558 anim:
227 3505 386 3557 Maledictus
400 3506 613 3572 ornnisquinon
624 3509 810 3574 permanserit
823 3509 854 3560 in-
868 3524 924 3561 om·
965 3520 1025 3558 csse
1046 3503 1232 3571 verissimum,
1255 3521 1305 3558 nec
1327 3508 1418 3559 ornnis
1437 3522 1488 3560 nec
1508 3510 1539 3560 in
1556 3511 1639 3576 ligno,
1658 3524 1720 3580 quae
1735 3509 1764 3563 in

121 3593 204 3646 nitur
217 3595 387 3661 quascripla
401 3598 466 3646 situl
478 3594 510 3646 in
520 3593 591 3647 libro
606 3597 681 3663 legis,
693 3599 725 3648 ut
738 3595 864 3662 [analeo
876 3614 883 3660 ;
896 3602 925 3650 et
966 3591 1082 3646 rrebraeo
1105 3609 1161 3646 non
1176 3592 1324 3659 habentur,
1341 3610 1493 3648 assumere.
1511 3596 1549 3649 Ex
1570 3613 1624 3666 quo
1643 3597 1712 3651 mihi
1728 3598 1765 3650 vi-

122 3697 249 3734 assererc
264 3680 422 3750 omnesqui
444 3680 495 3734 sub
511 3681 572 3752 lege
591 3680 706 3748 fuerint,
731 3682 818 3737 fuisse
840 3685 925 3738 male·
965 3681 1050 3734 detur
1062 3685 1112 3734 aut
1123 3686 1229 3735 veteres
1245 3680 1426 3736 Hebraeorum
1440 3683 1523 3738 libros
1538 3685 1620 3739 aliter
1633 3685 1765 3740 habuisse

122 3769 221 3835 dictae,
239 3770 445 3839 interrogemus
460 3786 534 3834 eum,
548 3776 642 3825 utrum
658 3771 688 3824 hi
702 3771 749 3842 qui
765 3771 817 3826 sub
838 3773 925 3827 Evan-
966 3785 1050 3839 quam
1069 3785 1144 3823 nunc
1168 3770 1295 3825 habent:
1319 3777 1369 3825 aut
1381 3773 1556 3842 Apostolum,
1576 3780 1607 3827 ut
1621 3779 1686 3828 ante
1703 3775 1764 3846 jam

118 3857 192 3927 gelio
205 3857 310 3912 Christi
335 3863 411 3932 sunt,
432 3864 461 3911 et
484 3859 544 3928 ejus
566 3866 705 3930 praecepta
725 3877 781 3914 non
806 3860 921 3928 iaciunt,
963 3858 1029 3924 dixi,
1041 3875 1153 3913 sensum
1162 3859 1372 3930 scripturarum
1384 3861 1520 3931 posuisse,
1529 3861 1694 3930 nonverba3
1714 3870 1765 3918 aut

118 3946 262 4000 maledicti
277 3946 334 3999 sint
359 3962 397 3998 an
417 3946 495 4000 non?
521 3947 550 4001 Si
575 3949 738 4002 maledictos
762 3949 872 4014 dixerit,
894 3949 922 4003 id
963 3947 1038 4017 quod
1053 3948 1143 4019 magis
1158 3953 1201 4002 est
1209 3948 1416 4010 assumendum,
1433 3955 1496 4020 post
1505 3951 1664 4021 passionem
1680 3952 1762 4008 Chri·

120 4033 234 4087 habcbit
247 4034 275 4086 in
292 4034 452 4102 Evangelio,
469 4035 543 4103 quod
558 4051 608 4089 nos
623 4035 759 4090 habemus
782 4037 812 4090 in
836 4038 919 4108 lege:
963 4035 999 4090 sti
1014 4041 1042 4089 et
1062 4036 1091 4089 in
1113 4036 1247 4101 Hebraeis,
1270 4043 1299 4091 et
1321 4037 1351 4091 in
1371 4038 1474 4092 nostris
1492 4039 1633 4094 codicibus
1653 4041 1688 4094 ab
1714 4041 1764 4095 ali·

119 4121 142 4175 si
153 4108 315 4175 maledictos
332 4123 485 4190 negaverit,
504 4121 609 4176 frustra
624 4140 690 4194 crgo
700 4124 842 4194 Evangelii
854 4142 922 4196 pra·
963 4141 1017 4195 quo
1033 4124 1082 4178 Dei
1097 4141 1199 4179 nomen
1210 4127 1380 4198 appositum,
1398 4132 1431 4181 ut
1440 4127 1585 4182 infamiam
1605 4128 1684 4183 nobis
1703 4129 1764 4184 inu·

119 4215 200 4280 cepta
215 4214 281 4262 sunt
295 4209 395 4278 posita,
412 4213 440 4261 et
453 4208 558 4279 absque
574 4211 701 4265 mercede
716 4218 801 4266 erunt
816 4213 855 4276 hi,
872 4214 921 4283 qui
962 4218 1046 4280 reret,
1073 4212 1121 4285 qui
1144 4213 1173 4268 in
1198 4214 1341 4270 Christum
1365 4216 1545 4272 maledictum
1564 4234 1581 4271 a
1600 4218 1658 4272 Deo
1677 4218 1765 4273 credi·

119 4297 167 4351 illa
193 4296 401 4367 compleverint.
428 4296 549 4350 Solvitur
572 4298 668 4368 itaque
692 4304 844 4371 utrumque
868 4302 1034 4398 hocDmus.
1046 4302 1152 4356 Audaci
1168 4303 1263 4374 itaque
1274 4304 1344 4375 pede
1358 4304 1387 4359 in
1402 4306 1583 4376 hocprocedo
1599 4307 1761 4373 certamine,

119 4386 211 4452 modo,
223 4384 364 4456 quomodo
387 4384 514 4439 Christus
536 4387 617 4439 lesus
641 4404 674 4441 cx
695 4389 844 4444 maledicto
868 4407 919 4445 nos
961 4397 995 4445 ut
1012 4391 1047 4444 ad
1064 4390 1150 4445 libros
1171 4408 1328 4462 provocem,
1345 4394 1422 4448 nullo
1435 4393 1495 4449 loco
1519 4395 1654 4466 scriptum
1674 4397 1763 4450 aDeo

119 4475 189 4546 legis
203 4474 339 4542 liberavit,
355 4474 445 4527 sactus
459 4491 510 4544 pro
526 4474 606 4529 nobis
619 4476 813 4545 maledictum;
830 4479 870 4532 ita
885 4480 920 4534 de
964 4480 1124 4550 quempiam
1140 4497 1200 4535 esse
1214 4482 1405 4550 maledictum,
1423 4489 1451 4537 et
1471 4483 1629 4555 ubicunque
1648 4485 1762 4539 maledi·

119 4564 268 4618 maledicto
279 4579 389 4635 quoque
400 4563 543 4633 Evangelii
554 4564 628 4634 quod
639 4570 776 4620 statutum
788 4574 922 4639 estsuper
962 4569 1017 4622 ctio
1031 4569 1153 4639 ponitur,
1171 4586 1315 4640 nunquam
1330 4571 1381 4625 Dei
1396 4588 1498 4626 nomen
1513 4573 1688 4644 adjunctum.
1705 4575 1762 4628 Ma-

119 4653 224 4722 eosqui
239 4653 300 4722 ejus
320 4658 459 4723 praecepta
473 4669 529 4707 non
549 4653 675 4719 iecerint,
698 4654 771 4709 eruit
796 4673 856 4723 nos,
883 4656 922 4710 ia·
963 4657 1076 4710 ludicius
1087 4662 1117 4711 tu
1128 4658 1162 4711 alr
1176 4660 1304 4713 omnibus
1318 4661 1417 4725 bestiis,
1429 4661 1531 4716 dicitur
1541 4661 1576 4716 ad
1586 4669 1760 4734 serpentemz

119 4746 180 4794 ctus
194 4756 244 4810 pro
258 4739 337 4792 nobis
351 4740 411 4809 ipse
426 4741 605 4797 maledictum
622 4761 627 4795 z
645 4743 735 4797 scians
745 4744 844 4799 talenti
854 4761 921 4816 quo·
961 4748 990 4798 et
1001 4744 1036 4797 ad
1049 4745 1139 4800 Adam
1157 4763 1163 4799 ε
1181 4748 1325 4802 Maledicta
1343 4755 1418 4802 terra
1430 4752 1460 4803 in
1471 4752 1597 4820 operibus
1608 4755 1663 4805 luis
1672 4771 1680 4815 ,·
1690 4752 1762 4806 etad

119 4840 174 4903 quc
187 4827 334 4881 minimam
348 4843 404 4881 non
419 4828 560 4883 dimittere
574 4830 741 4901 portionem,
759 4839 788 4885 et
802 4833 919 4887 novissi·
961 4832 1030 4886 Cain
1042 4850 1047 4885 z
1066 4835 1226 4889 Maledictus
1241 4841 1270 4889 tu
1284 4852 1366 4904 super
1382 4843 1485 4892 terrain
1497 4858 1504 4903 ;
1518 4846 1545 4893 et
1556 4839 1623 4893 alibi
1632 4860 1641 4894 .·
1650 4842 1762 4895 Maledi-

120 4932 197 4970 mum
213 4915 322 4985 exigere
336 4915 531 4985 quadrantem.
545 4919 665 4989 (Arutr.)
679 4921 738 4974 Hoc
756 4921 832 4985 dicit,
855 4921 920 4992 quia
960 4926 1020 4975 clus
1034 4922 1168 4977 Obanaan
1181 4940 1260 4992 puer,
1277 4927 1403 4992 farrrulus
1417 4930 1470 4981 crit
1482 4930 1698 4995 trainiacensis,
1712 4946 1763 4985 nec

119 5003 292 5076 exprobratis
306 5008 335 5057 el
345 5004 500 5058 maledictis
509 5006 622 5073 ludaris,
633 5024 696 5062 cum
706 5008 758 5062 sibi
768 5009 802 5063 de
809 5010 920 5080 justitia
960 5026 1016 5063 non
1025 5009 1053 5063 in
1063 5011 1118 5064 alio
1126 5011 1186 5066 loco
1196 5030 1202 5065 τ
1213 5014 1373 5068 Maledictus
1382 5018 1647 5086 furorcorum,quia
1656 5021 1760 5086 audac,

120 5094 189 5164 legis
208 5092 403 5147 blandirentur
426 5093 515 5147 occiso
535 5095 688 5160 Salvatore,
711 5098 791 5168 quasi
811 5098 920 5152 sabbati
961 5101 1759 5172 cliroeorurnquiadura.Nullumautemdcbetmorerc,

119 5182 214 5236 violati
229 5199 286 5248 reo,
302 5181 458 5236 benedictio
473 5181 665 5253 promissionis
681 5184 800 5241 Abrahae
815 5186 919 5241 transi·
961 5186 1035 5258 quod
1047 5187 1176 5243 Christus
1185 5206 1234 5261 pro
1245 5190 1325 5246 nobis
1336 5192 1516 5248 maledictum
1532 5193 1621 5249 sactus
1634 5195 1681 5262 sit,
1695 5197 1762 5268 quia

118 5275 180 5325 tum
195 5270 262 5324 fecit
276 5271 423 5341 adgentes
438 5287 488 5342 per
508 5270 592 5324 sidem
612 5271 715 5327 Christi
739 5277 816 5330 lesu.
839 5275 920 5331 Unde
961 5281 990 5330 et
1006 5276 1080 5331 Deus
1100 5277 1148 5347 qui
1164 5294 1228 5332 eum
1244 5279 1347 5335 dicitur
1360 5280 1457 5336 iecisse
1477 5283 1667 5351 maledictum,
1689 5286 1758 5358 ipse,

119 5357 188 5412 dicit
201 5357 336 5412 Dominus
350 5358 471 5414 ludaeis:
495 5360 615 5412 Tollslur
629 5377 646 5413 a
660 5363 734 5415 cotis
753 5379 880 5432 ragnum,
895 5370 919 5418 el
961 5381 1023 5419 oum
1034 5381 1090 5419 non
1105 5365 1189 5420 sciret
1208 5367 1336 5423 Christus
1353 5376 1507 5441 peccatum,
1530 5389 1580 5442 pro
1600 5373 1680 5428 nobis
1695 5392 1760 5429 eum

119 5448 233 5501 dabitur
249 5450 324 5514 penti
345 5449 459 5515 saciertli
478 5450 604 5515 fructura
618 5452 685 5517 ejus.
703 5453 839 5521 (Hieron.)
855 5453 920 5507 Haec
960 5454 1196 5523 peccatumsccit3
1218 5461 1247 5510 et
1264 5457 1391 5512 Salvator
1415 5461 1450 5513 de
1472 5460 1646 5530 plenitudine
1667 5463 1760 5518 Patris

119 5533 308 5590 famosissima
329 5536 446 5605 quaestio
471 5542 523 5600 est,
546 5543 575 5591 ct
591 5535 671 5592 nobis
690 5540 761 5594 solet
784 5540 921 5596 aludaeis
961 5541 1114 5596 exinanivit
1122 5560 1162 5610 se,
1175 5543 1294 5599 formam
1309 5547 1379 5600 servi
1394 5548 1534 5620 accipiens
1551 5552 1632 5618 (Phil.
1649 5564 1686 5623 ru,
1702 5552 1760 5607 rita
