3772 6120
153 250 177 306 91
346 243 635 300 cannamomum
655 243 693 298 [N
713 242 788 297 EPP.
810 242 916 298 PAULI
936 244 1003 299 LIB.
1026 245 1059 298 X.
1076 274 1108 284 -
1128 245 1167 298 lN
1193 244 1302 298 EPIST.
1325 247 1403 301 IAD
1423 247 1503 302 COR.
1711 252 1745 308 98

151 368 324 428 nminactibus
334 375 362 422 et
370 367 586 422 conuersatione
601 365 753 422 Christiani
764 366 1003 428 hemlee-mibi
1023 385 1078 422 non
1098 368 1242 440 placuerit,
1263 370 1340 424 nullo
1366 376 1446 441 pacto
1475 373 1623 443 quisquam
1643 381 1742 445 potest.

151 466 215 517 datin.
950 459 1028 512 Sicut
1042 475 1108 527 erpo
1125 475 1180 512 non
1195 459 1314 512 absurde
1330 460 1499 529 loqueretur,
1510 462 1556 532 qui
1571 463 1676 517 diceret
1692 484 1697 516 :
1713 468 1744 521 ln

172 554 220 603 ,llic
239 551 380 614 operosiore
399 552 479 601 ostatu
502 548 612 607 caasa,
636 550 661 597 ct
681 546 788 601 drocis.
809 551 834 598 ct
856 546 907 598 lic-
948 547 1000 600 hac
1008 564 1092 617 opera
1101 565 1262 617 quauarem
1279 564 1382 617 quaero,
1398 564 1453 601 non
1467 567 1566 604 narem
1583 569 1687 622 quma,
1696 555 1743 608 sed

147 643 206 693 daia
218 640 268 692 θεῖ.
280 637 323 691 Sic
332 637 547 707 temperandam
563 634 803 687 conversationem
815 633 905 693 decet,
949 636 1079 706 patriam.
1096 636 1135 689 sio
1147 638 1289 707 apostolus
1306 637 1502 690 conuenienter
1515 639 1621 694 diceret
1631 660 1636 693 ε
1646 644 1677 696 ln
1693 643 1746 697 hac

146 735 166 781 ut
175 727 251 780 nullus
264 725 292 778 in
305 742 339 778 ca
361 725 525 778 scandalum
544 723 686 794 patiatur:
705 722 820 776 ollbnsio
841 739 907 791 ergo
949 741 1044 795 opera,
1062 742 1117 794 qua
1134 725 1293 778 hominibus
1312 726 1416 795 placeo.
1439 743 1494 778 riou
1510 727 1679 797 hominibus,
1696 734 1744 786 sed

142 816 262 873 ludaisllt,
274 830 338 867 cum
348 814 423 868 idola
435 813 544 884 queeilli
555 812 763 873 abominantur,
775 811 909 865 Christia—
949 814 1007 867 lleo
1023 812 1127 884 placeo,
1143 813 1208 884 (pria
1224 831 1279 867 uon
1298 816 1349 867 hoc
1363 823 1473 885 appeto,
1492 816 1540 869 sed
1554 817 1588 870 ad
1608 818 1634 871 id
1656 821 1745 874 rel'em

140 921 199 959 rrum.
212 904 255 973 qui
268 920 297 956 se
310 903 379 956 dicit
394 903 486 972 legem
503 909 531 956 et
545 902 695 972 prophetas
717 900 851 970 accipere,
869 900 908 952 ri·
950 910 982 956 ut
1003 921 1047 956 me
1072 903 1228 963 imitentur,
1255 919 1323 972 cpuos
1346 904 1436 957 salros
1455 905 1515 958 lieri
1538 907 1608 959 volo.
1625 906 1744 977 (Aaron

137 992 188 1046 dent
206 1009 256 1046 non
279 992 411 1045 horrere:
429 991 533 1044 Graecis
546 1008 620 1055 uero,
642 990 671 1043 id
687 994 729 1042 est
744 987 906 1059 gentilibus,
951 991 1100 1047 Sciendum
1115 1008 1226 1061 quoquc
1240 992 1314 1061 quod
1331 998 1468 1061 oporteat,
1490 999 1521 1046 ut
1540 1002 1662 1048 rectores
1682 996 1745 1051 boni

135 1080 354 1141 herestellensio,
366 1080 430 1133 siin
446 1097 479 1134 eo
493 1080 522 1134 in
536 1096 591 1150 quo
602 1085 668 1132 sunt
677 1093 732 1131 non
747 1078 837 1131 solum
853 1093 908 1130 nou
950 1081 1059 1151 placere
1069 1079 1380 1149 hominibusappotant,
1391 1081 1438 1133 sed
1448 1087 1479 1134 ut
1488 1099 1545 1135 suec
1553 1083 1747 1138 {estimationis

133 1169 329 1240 arguantur,sed
341 1166 910 1239 etpromptioresliantdumnonvitantur
949 1168 1096 1222 dulcedine
1115 1168 1254 1239 proximos
1277 1169 1304 1221 in
1324 1170 1454 1222 allectum
1475 1171 1600 1225 veritatis
1622 1174 1744 1227 trabant.

131 1268 181 1313 rota
191 1258 327 1311 idolorum
342 1256 472 1323 illorum;
485 1257 613 1311 Ecclesiae
622 1255 776 1310 autemllei
786 1255 909 1308 litollen-
951 1274 1005 1311 non
1021 1264 1053 1311 ut
1066 1257 1192 1311 scemari
1204 1257 1373 1314 desiderent.
1382 1258 1430 1311 secl
1440 1259 1657 1314 utdilectionem
1666 1278 1747 1316 suam
1784 1252 1789 1263 ’

129 1347 245 1411 dicdum,
260 1345 375 1417 quando
386 1346 523 1416 quosdam
536 1363 569 1399 ex
582 1361 699 1399 numero
710 1362 761 1399 suo
778 1344 854 1398 ridet
867 1343 910 1396 his
952 1347 1031 1416 quasi
1047 1347 1198 1417 quarndam
1213 1346 1287 1404 riam
1301 1346 1413 1409 iaciant,
1430 1364 1480 1417 per
1495 1364 1581 1417 «puram
1597 1350 1680 1403 corda
1695 1368 1746 1405 eeu-

127 1453 177 1505 quae
190 1436 302 1489 inimica
316 1436 376 1489 Deo
390 1441 457 1489 sunt
471 1433 708 1491 adhereresam
724 1440 747 1487 ct
764 1450 809 1501 epo
824 1439 849 1485 ct
861 1448 911 1502 per
951 1436 1090 1490 dientium
1103 1435 1138 1488 ad
1152 1451 1276 1488 ancoram
1290 1435 1442 1488 conditoris
1460 1436 1638 1491 introducant
1653 1457 1658 1491 :
1677 1440 1736 1492 dilli

124 1529 207 1578 orarem
220 1525 350 1577 oscinibus
361 1527 462 1591 placeo,
480 1540 537 1578 nora
550 1539 672 1592 quarens
685 1524 835 1591 precamini
844 1524 911 1574 actile
952 1524 1003 1577 eile
1015 1524 1117 1594 (puppe
1132 1531 1182 1588 est,
1199 1531 1232 1576 ut
1247 1523 1332 1576 etiam
1348 1524 1478 1593 quidibet
1492 1533 1568 1579 recta
1579 1526 1748 1582 denuntians

122 1620 161 1679 cn,
175 1616 220 1667 ssd
232 1615 306 1682 arcad
321 1617 467 1679 articulant
481 1616 552 1666 salci
566 1615 646 1679 fiatri.
663 1612 763 1677 (Cass.)
773 1609 911 1665 Omnibus
953 1612 1172 1684 praedicatorqui
1185 1611 1499 1681 nondiligiturlibenter
1510 1615 1650 1669 audiatur.
1661 1617 1749 1670 Debet

121 1703 260 1773 peronmia
272 1704 384 1773 placere
392 1701 502 1756 estsine
514 1701 644 1754 scartdalo
652 1701 820 1771 cujusquam
826 1715 910 1767 agere
921 1685 1021 1769 Berge
1035 1701 1082 1772 qui
1100 1706 1243 1771 praestet
1257 1701 1369 1755 studere
1383 1717 1412 1753 se
1429 1702 1517 1771 diligi,
1535 1711 1674 1773 quatenus
1688 1723 1750 1775 pos-

119 1792 149 1845 ad
155 1791 311 1862 profectum
320 1790 452 1844 utilitatis
461 1790 582 1852 illorum,
592 1796 624 1842 ut
639 1796 668 1842 et
682 1788 737 1842 illis
754 1793 782 1841 et
795 1787 860 1841 huic
876 1787 913 1841 sit
954 1791 992 1844 sit
1009 1790 1111 1857 audiri,
1128 1796 1156 1843 et
1175 1795 1269 1842 tarmen
1288 1807 1412 1844 amorem
1428 1808 1511 1845 serum
1531 1809 1580 1861 pro
1600 1795 1750 1865 semetipso

119 1880 180 1934 utile
191 1899 198 1946 ς
208 1880 280 1934 utile
294 1879 356 1933 sine
372 1879 458 1933 dubio
473 1877 913 1947 eisuerat,sicutsup1adietum
954 1896 1010 1933 non
1025 1895 1159 1950 quemme,
1176 1896 1211 1932 no
1227 1878 1385 1932 inueniatur
1400 1880 1425 1933 ei
1445 1880 1489 1934 cui
1508 1882 1611 1935 sortire
1626 1900 1676 1953 por
1694 1884 1751 1937 olli-

117 1976 155 2022 est
165 1969 349 2022 Timotheum
363 1984 420 2022 non
428 1967 636 2032 circumcidere,
649 1971 733 2037 caput
741 1983 796 2019 non
804 1966 911 2027 radere,
955 1968 1030 2022 cium
1044 1967 1169 2022 cernitur
1182 1968 1290 2021 occulta
1304 1968 1481 2035 cogitationis
1497 1971 1647 2039 tyrannide
1662 1974 1751 2026 resul-

116 2058 338 2129 purificationem
352 2057 499 2111 iudaicam
514 2072 570 2110 non
589 2071 742 2119 assumere,
763 2054 915 2124 nudipedia
955 2064 1016 2111 tare
1031 2057 1105 2127 quod
1121 2056 1443 2114 lunePaulusinsinuat.
1455 2059 1571 2111 cumsui
1581 2059 1750 2115 nobisstudii

116 2162 167 2200 non
183 2163 324 2209 exercere,
341 2154 407 2199 rota
421 2144 586 2215 legalianon
601 2144 711 2209 ollerre,
721 2143 843 2197 seclsacit
857 2143 914 2196 heec
955 2146 1064 2199 occulta
1080 2145 1248 2210 manifestat,
1265 2144 1359 2198 dicens
1376 2163 1381 2196 :
1399 2146 1475 2200 Sicut
1490 2153 1515 2199 cl
1531 2165 1577 2214 opo
1594 2165 1642 2216 par
1657 2153 1752 2204 orrrnia

115 2236 205 2289 emnia
214 2236 349 2306 quianon
363 2235 465 2305 (luant
478 2235 552 2304 quod
565 2233 617 2287 sibi
630 2233 699 2287 utile
711 2238 763 2297 est,
776 2232 825 2286 sed
840 2231 913 2302 quod
955 2236 1083 2287 orrnn'bas
1095 2238 1198 2302 placeo,
1218 2233 1264 2303 qui
1292 2240 1388 2286 tamen
1415 2251 1513 2287 rursus
1542 2236 1609 2290 dicit
1631 2255 1636 2288 ι
1660 2239 1714 2304 Epo
1728 2241 1754 2291 si

116 2325 217 2389 multis,
226 2325 304 2394 quod
313 2324 442 2394 quamuis
450 2322 501 2376 Dei
509 2321 745 2392 contemplatione
755 2321 912 2385 sitsactum,
955 2322 1465 2390 odilaebonualdusplacerem.Obrr'sti
1481 2339 1639 2377 sercusaon
1660 2342 1751 2378 esseni.

116 2422 206 2467 tamen
220 2413 418 2467 simultatione
432 2428 490 2465 non
503 2411 609 2464 caruit:
620 2410 667 2481 qui
683 2410 757 2463 enim
767 2410 915 2479 perlegam
955 2411 1051 2464 Placet.
1064 2427 1131 2479 ergo
1147 2411 1250 2463 Paulus
1271 2416 1299 2463 et
1322 2425 1378 2462 non
1399 2410 1498 2479 pluma
1516 2411 1605 2481 quiin
1626 2429 1658 2465 eo
1678 2415 1751 2483 quod

118 2502 215 2556 Christi
230 2501 288 2572 legi
304 2506 435 2554 mortuus
448 2500 549 2563 suerat,
566 2506 598 2552 ut
611 2500 669 2553 Deo
682 2499 796 2563 vireret,
813 2498 916 2568 quique
958 2500 1068 2570 placere
1083 2499 1198 2569 appetit,
1215 2516 1270 2551 non
1286 2498 1370 2551 sesed
1379 2516 1465 2568 perse
1477 2500 1636 2554 hominibus
1647 2502 1754 2572 placere

120 2591 191 2644 illam
204 2590 353 2661 justitiam
368 2590 448 2659 legiS,
458 2589 486 2642 in
501 2606 557 2659 qua
565 2593 744 2641 conversatus
758 2587 916 2640 suerratsine
957 2589 1104 2642 cecitatem
1120 2587 1220 2657 qucmit
1236 2605 1241 2638 :
1256 2590 1411 2640 laa'talorcs
1428 2590 1481 2640 mci
1495 2594 1574 2642 crlotc
1589 2593 1658 2643 n'eut
1672 2597 1697 2643 ct
1709 2608 1755 2658 epo

119 2680 227 2751 quercla
242 2679 451 2733 detrimentum
465 2678 577 2741 lecerat,
593 2682 621 2730 et
636 2677 789 2730 arbitratur
803 2682 836 2729 ut
849 2681 917 2728 ster·
959 2677 1187 2745 t'b-r·1'stt.(Grog.)
1204 2675 1365 2729 Humanum
1373 2681 1424 2740 cst,
1436 2677 1584 2746 queddicit
1591 2685 1622 2731 ut
1635 2679 1756 2732 imitato

119 2784 178 2822 mm
191 2774 223 2823 ut
237 2768 387 2823 Christum
409 2766 591 2823 lucrifaceret.
616 2782 650 2819 ea
670 2783 732 2836 quea
752 2765 822 2834 legis
837 2770 919 2816 erant
959 2783 1003 2819 res
1017 2766 1079 2833 ojus
1096 2764 1195 2825 simus
1215 2764 1262 2834 qui
1279 2782 1295 2816 a
1311 2765 1368 2817 lleo
1389 2763 1468 2818 nobis
1484 2766 1618 2834 magister
1631 2767 1756 2821 indultus

121 2874 179 2912 cero
194 2857 290 2911 cordis
304 2857 407 2910 allecta
422 2857 522 2909 ollerre
541 2871 598 2909 non
622 2854 722 2925 potuit,
744 2869 795 2907 nec
815 2853 856 2905 sas
876 2858 918 2905 cst
959 2860 1010 2908 est.
1030 2854 1059 2908 Si
1080 2853 1155 2907 euim
1170 2853 1215 2906 hie
1233 2852 1282 2906 llei
1304 2853 1431 2906 imitator
1456 2861 1507 2912 est,
1529 2871 1615 2925 queue
1631 2873 1685 2910 non
1706 2874 1756 2912 nos

120 2947 189 3001 credi
202 2962 269 3000 eum
287 2945 337 3016 qui
351 2945 463 2998 dixerat
478 2963 483 2996 :
499 2946 532 2999 Si
542 2947 616 2997 enim
632 2960 691 3012 qua
709 2944 844 3006 destruxi,
865 2942 919 2993 bac
960 2943 1081 2997 hominis
1094 2942 1106 2994 l
1121 2941 1187 3012 quia
1202 2941 1274 2995 sicut
1289 2941 1756 2999 lleusPatermisitChristnmnm-

121 3039 218 3087 ilcram
238 3036 351 3100 ⁸edifica,
375 3036 616 3101 prevaricatorem
637 3049 677 3085 mc
694 3035 829 3085 roratituo
846 3030 915 3095 (Gal.
928 3000 1079 3102 Cgistrum
1106 3038 1134 3083 et
1159 3038 1301 3084 auctorem
1327 3030 1398 3089 rita,
1422 3031 1460 3084 ita
1487 3037 1515 3084 et
1534 3032 1662 3086 Christus
1681 3034 1754 3088 misit

119 3140 155 3187 m.
170 3125 198 3177 in
215 3124 245 3177 id
260 3122 403 3186 incidisse,
420 3122 495 3192 quod
509 3121 568 3192 ipse
578 3121 762 3174 damnaverat
775 3136 839 3173 cum
858 3124 919 3172 tan·
959 3121 1106 3192 Apostolos
1121 3118 1200 3173 nobis
1216 3118 1375 3188 magistros.
1391 3127 1423 3172 ut
1437 3120 1699 3175 eorumimitatores
1714 3140 1754 3176 es·

120 3220 177 3268 tum
190 3229 249 3266 non
265 3211 359 3281 magis
367 3228 412 3264 res
428 3211 489 3281 ipsa
500 3227 561 3281 quae
568 3210 686 3279 geritur,
697 3226 782 3279 quam
793 3207 918 3277 gerentis
959 3227 1064 3273 semus,
1079 3209 1145 3279 speia
1166 3209 1226 3278 ejus
1240 3224 1300 3260 esse
1317 3224 1372 3260 uon
1386 3225 1544 3278 possumus.
1560 3211 1602 3264 lta
1621 3211 1695 3264 enim
1715 3213 1753 3265 ait

121 3312 254 3373 pensatur
267 3302 396 3367 allectus
415 3308 446 3353 ut
462 3299 633 3353 econtrario
654 3298 820 3368 quibusdam
841 3313 919 3366 repe·
960 3298 1097 3353 Dominus
1112 3297 1147 3350 ad
1161 3298 1274 3350 Patrem
1291 3315 1295 3347 :
1311 3296 1388 3349 Sicut
1412 3302 1435 3349 cl
1465 3313 1505 3350 mc
1520 3301 1622 3351 arrisisti
1638 3303 1668 3352 m
1683 3301 1757 3353 lracnc

121 3391 207 3444 riatur
230 3389 335 3443 ueritas
358 3389 495 3449 nocuisse,
520 3405 552 3442 ac
573 3387 709 3458 profuisse
732 3384 917 3440 mendacium.
962 3389 1110 3447 intericiunt,
1127 3389 1168 3440 ila
1195 3391 1218 3439 et
1238 3402 1283 3453 epo
1303 3387 1369 3437 ruisi
1396 3402 1437 3437 cos
1463 3388 1492 3437 in
1517 3387 1599 3439 letrae·
1621 3390 1755 3441 tricandum

122 3480 190 3533 Nam
205 3479 303 3534 Doech
319 3478 460 3532 idumaeus
474 3477 533 3546 regi
548 3476 625 3531 Sauli
640 3478 675 3529 de
691 3476 758 3545 suga
773 3474 860 3528 David
873 3490 919 3526 co·
961 3476 1052 3547 (ioan.
1075 3478 1140 3537 xum
1159 3493 1165 3540 ς
1188 3479 1217 3528 et
1236 3474 1302 3545 quia
1323 3473 1439 3543 dignum
1466 3480 1535 3535 erat,
1552 3482 1582 3528 ut
1603 3475 1758 3530 imitatores

123 3585 178 3622 ram
186 3567 307 3622 famulis
316 3566 499 3637 conquerenti
510 3561 918 3635 veraciterproditionemfecit,
963 3566 1023 3634 eJ'us
1032 3565 1140 3628 tierent,
1148 3563 1270 3632 subjicit,
1280 3570 1304 3616 cl
1315 3578 1367 3631 pro
1376 3565 1414 3616 eis
1425 3564 1600 3630 sarectificabo
1612 3569 1758 3633 triennum.

123 3674 169 3727 pm
184 3674 243 3728 (pua
257 3655 377 3709 ueritate
394 3655 529 3710 eradicari
548 3655 582 3708 de
600 3661 677 3708 terra
695 3652 846 3706 virentium
866 3667 922 3704 me·
963 3652 1105 3723 Quidquid
1119 3652 1147 3705 in
1163 3651 1203 3705 eis
1217 3652 1251 3705 de
1272 3650 1422 3704 visceribus
1438 3651 1560 3720 pietatis.
1576 3652 1708 3723 quidquid
1724 3655 1759 3707 do

123 3746 186 3803 ruit,
210 3762 245 3799 ac
266 3746 304 3798 de
325 3761 359 3798 eo
378 3744 481 3799 dicitur
501 3760 550 3814 per
569 3743 759 3812 prophetam:
777 3744 921 3809 Propterea
963 3741 1179 3795 mamsuetudinc
1189 3738 1564 3809 spiritus,quidquiddeaolo
1573 3741 1757 3795 rectitudinis.

125 3835 190 3888 bno
203 3835 328 3887 destruet
341 3838 374 3896 te,
391 3837 422 3886 in
442 3835 622 3899 slmracrcllct
638 3838 669 3895 tc,
687 3831 837 3884 eradicabit
853 3834 876 3881 tc
890 3830 921 3881 dc
963 3829 1099 3900 quidquid
1115 3830 1149 3881 de
1164 3828 1291 3881 custodia
1309 3826 1486 3891 hurmlitatis,
1507 3827 1640 3896 quidquid
1655 3829 1689 3882 de
1703 3830 1759 3881 ler-

126 3924 340 3985 tabernaculam
348 3923 466 3975 radicem
474 3927 551 3974 tuam
559 3922 828 3974 deterroritumtium
838 3919 919 3984 (Paul.
963 3935 1027 3971 rore
1042 3917 1187 3970 charitatis
1204 3921 1256 3980 est,
1273 3916 1324 3968 hoc
1339 3913 1373 3967 ab
1390 3914 1449 3984 ipso
1461 3913 1536 3967 sonte
1551 3914 1757 3978 misericordiae,

125 4018 169 4079 n).
186 4011 284 4081 [Aug]
303 4010 337 4063 Et
351 4010 502 4080 Apostolus
516 4009 584 4063 dicit
597 4027 602 4061 :
615 4010 647 4065 Si
663 4009 752 4061 acllrac
764 4007 922 4060 lioraim'buc
963 4007 998 4061 ab
1007 4007 1067 4077 ipsa
1076 4002 1756 4075 radicemansuetudinis,abipsavirtutejustitiee,

123 4099 386 4169 placerem‚t'ln·isti
400 4115 494 4152 serras
508 4114 654 4152 saonensem
669 4098 738 4164 (Gal.
755 4094 923 4165 1)‚cumalio
963 4095 991 4149 id
1007 4103 1058 4160 est,
1075 4112 1093 4148 a
1106 4094 1260 4148 mediatore
1275 4093 1326 4147 Ilei
1346 4098 1375 4146 et
1396 4092 1552 4158 hominum,
1568 4093 1626 4148 Deo
1641 4094 1760 4149 Domino

126 4188 182 4242 loco
196 4188 269 4242 dixit
295 4205 300 4239 :
324 4188 403 4242 Sicut
418 4203 464 4254 epo
479 4186 884 4254 ornaibusparomniaplacco
899 4184 926 4249 (l
964 4190 1120 4238 traxerunt.
1138 4184 1229 4252 HuJus
1244 4181 1402 4236 lmminisse
1417 4181 1630 4236 similitudinem
1646 4182 1758 4238 habere.

125 4278 184 4334 cor.
201 4280 232 4344 x)
247 4295 254 4343 ;
271 4276 348 4347 quod
370 4276 418 4346 qui
435 4292 490 4329 non
504 4275 666 4344 intelligunt
679 4272 852 4327 contrarium
872 4288 924 4341 pu-
966 4274 1095 4345 egregius
1103 4272 1268 4343 praedicator
1278 4271 1409 4335 ostendit,
1422 4271 1516 4324 dicens
1528 4289 1533 4322 :
1545 4274 1699 4326 laudatores
1708 4276 1763 4326 enei

125 4374 195 4431 tant,
211 4381 277 4418 cum
289 4364 337 4418 ille
353 4364 669 4434 sedixcritnonplacere
679 4360 849 4425 hominibus,
859 4360 925 4430 quia
966 4367 1054 4426 estote,
1064 4364 1167 4415 saaru.
1181 4376 1227 4427 epo
1237 4361 1347 4421 Clun'str',
1359 4359 1391 4411 ad
1408 4359 1468 4427 ejus
1482 4375 1532 4411 nos
1547 4359 1761 4413 similitudinem

126 4471 181 4508 non
196 4454 261 4507 ideo
278 4460 358 4507 recta
370 4451 498 4515 faciebat,
515 4459 545 4506 ut
559 4453 682 4523 placeret
696 4450 867 4511 hominibus,
876 4449 925 4503 sed
966 4467 1081 4521 surgere
1097 4450 1239 4509 admonet,
1251 4465 1314 4501 cum
1331 4446 1410 4500 dicit:
1422 4449 1534 4499 Primus
1549 4446 1628 4498 bouso
1640 4448 1671 4498 dc
1687 4452 1761 4498 terra

127 4550 158 4596 ut
170 4543 240 4608 Deo,
257 4542 295 4595 ad
310 4543 391 4612 cujus
410 4557 536 4595 amorem
552 4541 637 4595 corda
650 4540 796 4594 hominum
817 4537 927 4592 volebat
968 4540 1245 4601 arrenuaacomao
1258 4537 1450 4597 bomodccoelo,
1459 4535 1663 4587 ecclesiastem
1671 4540 1764 4602 porta·

127 4642 299 4693 convertere,
312 4630 414 4701 eoipso
429 4631 504 4701 quod
512 4629 639 4700 placebat
646 4628 806 4683 hominibus
815 4646 822 4694 ς
832 4626 926 4696 itaque
968 4631 1058 4682 eiuras
1073 4630 1225 4693 c'rnapr'acm
1241 4626 1498 4690 terraemot-remus
1513 4627 1538 4674 el
1544 4623 1695 4689 tarracinam
1706 4627 1764 4692 ejus

128 4728 218 4774 elnon
227 4721 377 4791 seplacere
388 4718 549 4774 hominibus
564 4724 637 4772 recte
652 4717 770 4782 dicabat,
781 4715 882 4787 quiain
894 4732 927 4768 eo
968 4719 1017 4785 arai
1031 4718 1063 4769 dc
1077 4719 1139 4769 calo
1159 4714 1294 4767 descendit
1317 4710 1342 4779 (l
1356 4712 1418 4771 Cor.
1439 4714 1497 4776 xv).
1521 4710 1639 4764 Sanctus
1660 4711 1765 4765 etenim

128 4809 186 4880 ipso
200 4816 234 4863 ut
247 4810 308 4864 Deo
322 4809 449 4880 placeret
463 4808 634 4871 intuebatur,
644 4812 673 4861 et
685 4806 853 4877 placendum
867 4821 927 4858 esse
969 4806 1087 4876 quisque
1101 4804 1129 4856 in
1146 4809 1257 4855 tantum
1271 4800 1305 4853 ad
1314 4798 1528 4853 similitudinem
1543 4799 1628 4869 hujus
1644 4800 1766 4855 hominis

129 4897 289 4952 hominibus
300 4906 376 4952 recte
391 4896 571 4969 praecipiebat
577 4913 634 4951 non
644 4902 676 4950 ut
686 4896 738 4949 hoc
749 4898 929 4966 appeteretur
969 4893 1090 4950 ducitur,
1104 4891 1131 4945 in
1142 4895 1279 4960 quantum
1286 4887 1373 4941 vitam
1383 4888 1426 4941 sui
1435 4888 1620 4958 redemptoris
1627 4888 1764 4943 imitatur.

130 4994 263 5058 unquam
278 5004 387 5042 merces
401 4993 478 5040 recte
491 4985 636 5051 factomm,
652 4985 702 5039 sed
716 4984 782 5054 quia
795 4983 853 5036 llco
868 4983 927 5053 pla·
970 4998 1035 5035 nam
1050 4980 1084 5033 ab
1111 4980 1172 5049 ejus
1195 4976 1336 5030 mandatis
1356 4982 1440 5047 atque
1461 4976 1496 5031 ab
1512 4976 1642 5048 operibus
1661 4977 1765 5031 discor-

131 5091 189 5130 ωτι
204 5092 262 5131 non
282 5082 389 5149 posset,
413 5074 535 5146 quinon
554 5092 583 5129 se
604 5075 648 5128 his
668 5090 738 5145 quos
759 5073 848 5126 salros
868 5070 929 5125 fieri
970 5070 1046 5133 dare,
1063 5068 1129 5140 quid
1143 5074 1187 5121 est
1199 5066 1275 5120 aliud
1290 5065 1592 5137 quamasimilitudine
1600 5066 1682 5135 longe
1690 5080 1767 5120 rece·

132 5163 210 5218 vellet
218 5166 359 5237 praeberet
366 5164 540 5221 imitandum
551 5163 776 5218 :Imitariautem
783 5161 873 5225 illum,
881 5160 930 5230 qui
970 5159 1035 5212 dere
1051 5160 1062 5208 2’
