3772 6120
50 283 101 339 'llll
140 324 143 329 -
251 279 542 341 mesammones
559 285 600 341 ln
616 285 694 342 llPP.
714 285 822 343 enum
840 285 910 343 nm.
928 285 1027 343 uvi.
1040 316 1073 333 -·
1091 286 1132 343 ln
1151 285 1262 343 seith
1282 286 1332 343 an
1350 284 1498 341 suman.
1643 285 1695 344 702

49 406 316 478 ergalicumhabes
326 406 498 478 comprobat.
509 408 588 464 Unde
596 416 624 463 et
631 411 737 481 optime
746 412 955 482 aripennem
975 428 1045 475 esea,
1068 413 1135 484 qnia
1151 412 1256 469 Christi
1271 416 1323 475 est,
1337 416 1369 465 ut
1394 410 1531 481 quidquid
1544 410 1610 466 bani
1626 418 1656 466 et
1666 412 1695 465 in

50 506 113 551 «ut
131 497 355 551 communicatio
365 496 431 551 fidei
447 504 502 553 ture
518 499 642 570 perlecta
658 502 707 554 liat
721 502 749 555 in
758 501 853 571 cogni-
896 500 1059 556 Philemone
1079 503 1219 565 laudatur,
1246 507 1275 554 et
1297 502 1332 554 de
1360 500 1551 571 apostolorum
1573 507 1697 555 sumitur

48 586 130 641 tione
143 586 240 641 omnis
262 585 405 652 bonitatis,
428 604 490 658 quse
506 588 536 644 in
550 588 631 643 nobis
642 596 686 644 est
699 590 727 644 in
739 591 854 644 Christo
895 588 1694 662 exemplo,iudchonumsitquoddeChristisontedacatur.

49 676 146 731 san..
155 677 258 742 (llierl
275 676 402 746 Haecjam
417 694 474 731 non
486 684 519 732 ut
529 679 633 733 Paulus
645 687 674 732 et
691 680 854 734 Timotheus
917 684 944 729 's
957 679 1097 734 Gaudium
1113 679 1189 734 enim
1205 696 1341 749 magnum
1363 677 1512 732 habuimus
1525 684 1554 732 et
1568 679 1696 739 consola·

51 764 214 821 Philemoni
232 769 262 819 et
280 765 397 830 ceteris,
409 767 457 821 sed
468 774 500 821 ut
513 769 590 822 solus
600 769 749 823 Paulusad
764 771 854 824 solum
897 768 1032 823 «tionem
1048 770 1076 823 in
1090 769 1228 824 charitate
1242 776 1301 835 trra,
1328 767 1394 839 quia
1408 768 1514 822 viscera
1534 774 1695 823 sanctorum

52 853 250 909 Philemonem
257 854 398 925 loquitur:
409 857 688 928 «gradesdnquiens,
698 863 788 928 agoet
800 876 856 913 rne-
898 858 1118 928 «requieverunt
1132 874 1183 929 per
1196 864 1233 918 te,
1250 858 1347 912 irater.
1362 876 1375 909 a
1399 856 1519 924 (Arathe.)
1547 857 1636 923 lusto,
1651 858 1695 911 in·

52 942 176 999 noriam
193 944 237 999 tui
251 943 357 999 iaciens
371 944 401 998 in
416 945 589 1001 orationibus
603 948 682 1001 meis
695 968 706 999 s
718 948 855 1019 ambigue
897 947 967 1017 quit,
978 948 1111 1005 delector.
1125 964 1176 1019 pro
1193 947 1369 1018 quibuscum
1392 947 1481 999 irrulto
1499 946 1600 1000 ellectu
1619 962 1694 1000 sem·

52 1032 248 1093 tamdictum.
259 1040 357 1089 utrum
372 1035 478 1104 gratim
486 1036 801 1108 aaatlleosuoscmper.
819 1055 854 1092 sn
895 1052 946 1107 per
972 1036 1135 1107 obsequeris
1153 1038 1266 1094 sanctis.
1283 1054 1316 1093 ex
1331 1034 1433 1106 qnibus
1447 1035 1534 1088 etiam
1552 1033 1694 1089 suiticien·

54 1123 224 1179 aemesam
241 1123 398 1193 ejuslaeiat
408 1123 620 1178 morationibus
631 1126 817 1197 suissemper:
827 1136 856 1181 et
896 1131 952 1178 tem
964 1125 1071 1179 inmeis
1086 1125 1317 1180 tribulationibus
1332 1124 1551 1178 consolationem
1571 1124 1692 1189 invenio,

56 1211 335 1282 utrrimqueiatelligi
344 1213 509 1281 potestant
524 1215 599 1266 enim
610 1215 736 1285 precipit
749 1216 812 1269 aliis
826 1224 857 1270 ut
897 1214 1014 1267 audiens
1024 1216 1208 1269 intentionem
1220 1215 1305 1271 studii
1326 1215 1368 1267 tui
1384 1233 1390 1267 :
1415 1214 1474 1268 haec
1483 1214 1579 1267 dicans
1593 1213 1622 1267 in
1637 1214 1695 1267 lau·

58 1301 85 1357 iu
97 1300 344 1371 omnibusgratias
351 1308 439 1370 agant
451 1302 519 1364 Deo,
529 1302 613 1356 nullis
625 1305 763 1371 angustiis
776 1314 855 1376 pote·
896 1303 961 1356 dem
975 1310 1005 1357 et
1017 1305 1239 1359 exhortationum
1252 1304 1436 1359 Philemonis:
1448 1303 1623 1357 soletautem
1634 1303 1695 1361 laus

59 1389 279 1445 dteamctariut
291 1391 398 1459 gratias
412 1392 586 1461 semperlleo
601 1391 660 1462 ipse
671 1409 726 1446 non
740 1394 853 1449 retieret.
896 1392 1029 1462 preteriti
1042 1395 1177 1465 temporis
1192 1394 1328 1464 explicata
1345 1392 1495 1446 alacriores
1504 1392 1652 1447 eostacere
1667 1392 1695 1446 in

61 1478 257 1548 ffiaumrupro
266 1479 737 1552 sanetisetmelioribusquibusque
753 1484 855 1539 Paulus
896 1481 1141 1552 subsequentibus.
1154 1485 1265 1549 (llice).
1283 1482 1396 1536 Plenius
1419 1480 1542 1535 inculcat
1556 1485 1585 1533 et
1599 1482 1697 1535 edocet

62 1584 168 1638 temper
182 1567 553 1635 orabatlsanetusautenret
563 1570 708 1624 Philemon
723 1579 774 1633 est,
791 1580 854 1627 tan-
896 1586 983 1641 quare
998 1572 1117 1626 dixerit:
1133 1594 1145 1623 s
1162 1572 1335 1641 Gratiassgo
1351 1572 1409 1627 Deo
1420 1586 1491 1635 meo,
1508 1586 1619 1640 semper
1634 1585 1694 1623 me·

64 1663 115 1713 lau
127 1656 237 1711 babens
252 1657 281 1711 in
295 1674 325 1710 se
340 1658 424 1711 iidem
439 1658 652 1725 melioritatem,
663 1663 855 1717 utnonsolum
897 1660 1016 1715 moriam
1027 1661 1069 1715 tui
1083 1661 1187 1714 iaciens
1206 1662 1234 1714 in
1259 1659 1434 1714 emtionibus
1450 1659 1530 1713 meis.
1545 1678 1556 1710 s
1573 1658 1695 1729 Dignum

65 1735 921 1820 auditucinerumetiamoperenoscereturl,otproPhile-Rsi
932 1749 1046 1819 quidem
1061 1754 1123 1803 erat
1142 1766 1225 1818 agere
1239 1750 1346 1820 gratias
1375 1748 1432 1803 Deo
1457 1764 1542 1819 super
1560 1747 1697 1803 charitate

67 1852 140 1891 morie
147 1835 268 1890 Paulum
284 1853 497 1907 seraperorasse
505 1838 638 1892 credibile
648 1845 704 1906 est:
718 1857 774 1909 quo
785 1842 856 1895 seili-
897 1838 1077 1903 Philemonis,
1095 1839 1141 1909 qui
1157 1839 1300 1892 internum
1325 1838 1418 1892 cordis
1441 1837 1581 1903 allectum,
1594 1842 1623 1891 et
1636 1852 1699 1908 pra·

67 1925 856 1995 cetlldeseteharitasquamhabebatinChristo,etinom-
896 1926 991 1981 fundis
1003 1927 1089 1981 animi
1112 1936 1271 1983 sanctorum
1292 1942 1419 1980 recessus
1433 1926 1609 1997 suscipiendo
1624 1925 1698 1980 reie-

67 2015 856 2090 ueaaanctosejuspercommunioationemlideictopera-
897 2022 983 2070 cerat.
998 2017 1031 2070 lit
1046 2016 1098 2070 hoc
1115 2016 1220 2071 idionis
1243 2015 1427 2086 apostolicum
1453 2020 1503 2075 est.
1535 2021 1567 2069 ut
1584 2031 1696 2085 semper

65 2102 163 2157 donem
175 2104 328 2173 agnitionis
337 2105 366 2158 ia
378 2105 454 2158 omni
470 2105 542 2159 bono
553 2107 657 2160 Christi
666 2108 856 2165 misericordia
898 2105 1005 2159 visreeru
1017 2115 1104 2165 nocet,
1121 2105 1336 2176 volensplenam
1355 2104 1458 2158 mentis
1473 2104 1620 2159 ostendere
1632 2103 1697 2157 eba-

65 2198 226 2247 aersaretnr.
241 2192 276 2247 llt
285 2193 320 2247 de
328 2194 585 2265 charitatequidem
597 2212 681 2267 quam
698 2197 818 2253 hahebat
827 2201 856 2253 in
899 2194 1021 2251 ritatem.
1040 2196 1118 2249 Unde
1128 2194 1255 2264 gaudens
1264 2210 1327 2247 cum
1337 2192 1525 2263 gaudentibus
1540 2197 1643 2246 etcum
1654 2192 1697 2247 his

65 2280 253 2345 Christolesu,
265 2290 295 2336 et
307 2284 337 2336 in
349 2300 447 2337 omnes
461 2287 650 2355 sanctosejus,
668 2303 723 2340 rien
735 2288 856 2345 dillieilis
899 2284 946 2354 qui
952 2284 1147 2355 requieverant
1153 2301 1182 2337 se
1190 2284 1323 2337 refectum
1339 2298 1400 2335 ³⁸⁸⁰
1415 2282 1541 2344 credens,
1554 2281 1638 2339 habet
1649 2281 1696 2334 loe·

62 2368 554 2442 harpreatioestquiapostucum
566 2374 856 2445 diligerejnhemuret
898 2373 990 2427 titiam
998 2390 1054 2427 non
1069 2373 1260 2427 transitoriam
1268 2373 1399 2433 etlevern,
1407 2377 1436 2424 et
1445 2370 1626 2442 quaelortuito
1636 2386 1698 2440 pos·

62 2459 210 2527 proximus.
242 2461 324 2514 Nunc
341 2462 394 2514 hoc
421 2462 556 2531 quaritur
569 2465 710 2534 quomodo
726 2466 855 2522 eamdem
898 2462 936 2515 sit
950 2462 1083 2528 accidere,
1099 2462 1147 2515 sed
1172 2477 1313 2530 inagnam,
1330 2466 1358 2513 et
1383 2466 1467 2530 prout
1480 2465 1541 2513 erat
1556 2459 1585 2513 in
1601 2457 1696 2511 Phile·

61 2546 296 2603 fideminGhristo
304 2550 371 2603 lesu
382 2549 485 2604 habere
500 2551 562 2621 quis
573 2553 662 2623 possit
671 2560 699 2608 et
706 2555 735 2609 in
746 2562 857 2611 sanctos
898 2567 981 2605 mone
989 2551 1120 2613 charitas,
1129 2551 1299 2604 eminentem
1310 2565 1408 2619 :quam
1415 2546 1536 2617 augebat
1543 2546 1696 2601 consolatio

60 2629 290 2706 ejuszs’x'osslnt
304 2639 857 2713 enimsonatoharitatemquamhabesin
897 2657 983 2711 snper
993 2640 1163 2695 Philemonis
1181 2638 1318 2693 charitate
1333 2637 1513 2691 descendens.
1526 2635 1696 2706 plenaaPa·

62 2724 178 2780 Domino
185 2728 251 2781 lesu
262 2734 292 2782 et
298 2727 326 2781 in
332 2744 430 2782 omnes
436 2732 627 2799 senetoseJ'us3
640 2732 761 2787 attidem
772 2751 857 2805 quam
896 2736 941 2783 tre
956 2729 1175 2785 misericordiam
1189 2734 1218 2782 et
1227 2728 1285 2782 Deo
1296 2727 1383 2781 totius
1394 2725 1602 2803 consolationis.

62 2812 413 2871 habesiallominolesuet
420 2822 711 2890 omnessanctosejus.
723 2823 766 2876 Ad
773 2840 857 2895 expo·
936 2838 948 2871 r
964 2819 1083 2889 Propter
1093 2818 1166 2888 quod
1182 2818 1300 2871 multam
1311 2816 1443 2873 fiduciam
1458 2814 1563 2868 habens
1575 2813 1604 2867 in
1615 2812 1696 2866 Chri·

61 2904 190 2959 &bouem
208 2906 295 2975 hujus
305 2906 357 2960 loei
368 2906 403 2960 de
414 2907 506 2961 Exodo
521 2924 656 2963 sumanus
674 2912 855 2983 extimplum:
899 2913 967 2962 «sto
994 2909 1060 2962 lesu
1076 2907 1233 2977 imperandi
1258 2906 1319 2971 tibi,
1345 2905 1419 2976 quod
1441 2903 1557 2975 prodest
1582 2908 1697 2975 propter

63 3010 86 3045 ι
98 2994 217 3049 Credidit
231 2997 352 3065 populus
363 2994 420 3049 lleo
435 3002 464 3049 et
484 2997 572 3068 Mopsi
584 3014 664 3052 servo
680 3001 751 3069 ejus.
761 3002 855 3068 (deod.
902 3016 914 3047 ι
929 2996 1201 3066 charitatem,magis
1215 2995 1341 3055 obsecro,
1361 3012 1423 3049 cum
1440 2994 1478 3048 sis
1490 2994 1565 3057 talis,
1582 2998 1614 3047 ut
1623 2992 1694 3046 Pau·

64 3088 146 3149 xnls
164 3084 859 3159 Unaatqueeadcmcredulitasinllopsenrefertur
901 3106 914 3137 s
931 3087 974 3139 lus
988 3101 1082 3146 senex,
1099 3100 1173 3139 nunc
1188 3090 1282 3139 autem
1296 3090 1325 3138 ui
1341 3084 1450 3138 vinetus
1464 3084 1531 3137 lesu
1547 3081 1661 3136 Chriffl·
1682 3098 1694 3132 θ

63 3171 442 3244 etinlleummtpopulusqui
449 3174 858 3250 creds1›atinnominum,aeque
900 3175 1018 3243 ldrrrlrr.)
1033 3175 1160 3229 Primum
1171 3172 1629 3244 equidemnondixit,Potestetem
1644 3170 1696 3223 hs-

60 3261 392 3317 tradidiasescribaturin
402 3280 523 3317 servum.
541 3265 698 3319 lloeautern
706 3269 858 3323 conscium
899 3262 950 3316 beo
964 3261 1151 3333 praecipiendi,
1160 3261 1207 3315 sed
1227 3280 1238 3307 s
1254 3260 1403 3315 llduciam:
1418 3282 1429 3307 a
1447 3260 1613 3313 deindsnon
1626 3257 1698 3311 dixit

59 3344 261 3422 inlloysessd
276 3353 306 3406 in
316 3352 447 3406 omnibus
458 3353 562 3407 sanctis
578 3360 629 3415 est,
647 3362 679 3408 ut
699 3357 858 3429 quicunque
899 3357 1014 3423 propter
1022 3351 1221 3421 apostolatum,
1231 3366 1322 3421 neque
1332 3349 1451 3403 Obillstffl
1461 3349 1698 3418 digssifflttmsqust

59 3439 150 3494 eredit
160 3441 228 3505 Deo,
243 3442 327 3495 aliter
335 3443 397 3512 ejus
407 3443 491 3495 lldem
499 3443 685 3513 reciperenon
692 3452 786 3515 queat,
804 3448 857 3501 nisi
899 3441 1032 3512 preditus
1046 3456 1107 3493 esse
1117 3439 1222 3505 videor,
1231 3439 1280 3492 sed
1289 3455 1338 3509 per
1352 3438 1519 3492 charitatem
1535 3452 1620 3508 quam
1630 3451 1696 3505 erga
1734 3468 1742 3483 ·

55 3528 227 3584 credatetin
241 3533 431 3601 sanctosejus.
445 3532 553 3585 Nonest
562 3533 674 3586 enimin
691 3534 778 3588 Deum
793 3553 858 3605 per-
898 3546 996 3583 omnes
1010 3527 1139 3591 hahebat,
1153 3535 1183 3581 ut
1198 3528 1235 3580 Sit
1259 3526 1420 3596 hujusmodi
1436 3525 1548 3585 fiducias
1560 3525 1602 3578 iel
1613 3540 1697 3578 081188

56 3613 253 3673 fandiloetio
267 3625 295 3672 et
308 3620 386 3674 fides,
404 3637 465 3690 quse
480 3621 508 3674 in
520 3622 664 3675 ministros
679 3624 740 3692 ejus
752 3625 816 3678 odio
829 3632 858 3679 et
898 3617 933 3671 ab
955 3618 1015 3689 ipso
1030 3617 1194 3670 Philemona
1209 3614 1325 3669 tributa.
1347 3614 1425 3668 llndo
1453 3614 1525 3670 etin
1545 3613 1657 3666 laudem
1669 3620 1698 3666 at

53 3699 223 3763 infidelitate
229 3716 373 3762 tenuatur.
385 3710 464 3773 Quod
474 3710 646 3773 autemdico,
658 3713 714 3765 talo
727 3718 779 3777 est,
800 3730 858 3767 cre-
898 3706 1121 3762 exhortationem
1134 3707 1196 3774 ejus
1209 3704 1314 3774 adjicit,
1331 3723 1343 3754 r
1360 3710 1476 3774 propter
1490 3702 1565 3773 quod
1578 3701 1696 3757 multem

52 3792 105 3849 dit
116 3798 254 3868 quispiam
268 3797 298 3851 in
317 3798 490 3852 conditorem
514 3800 612 3865 Deum,
625 3817 680 3854 non
694 3807 857 3873 potestcre.
899 3797 928 3850 in
943 3795 1055 3850 Christo
1070 3794 1202 3851 fiduciam
1223 3792 1339 3857 habens,
1360 3812 1372 3842 r
1396 3798 1449 3845 ete.
1473 3792 1512 3845 llo
1533 3790 1607 3861 quod
1622 3789 1696 3844 idem

48 3882 192 3940 demulsi
206 3888 286 3957 prius
299 3887 450 3941 crediderit
464 3888 499 3941 de
518 3889 622 3943 sanctis
638 3891 700 3959 ejus
714 3907 780 3944 vern
794 3908 854 3946 esse
897 3886 1041 3941 Philemon
1048 3884 1105 3937 tale
1113 3882 1218 3943 habens
1231 3881 1390 3936 institutum
1398 3887 1426 3934 et
1433 3879 1696 3951 propositumfflrre-

50 3986 121 4043 que
134 3975 238 4046 scripta
253 3981 329 4030 sunt.
343 3976 415 4030 Sunt
425 3977 508 4031 hodie
518 3994 629 4049 quoque
645 3980 771 4051 plerique
787 3981 854 4034 sim·
895 3977 989 4047 cipere
1005 3990 1069 4028 sum
1080 3973 1133 4026 sibi
1147 3989 1211 4028 curn
1227 3971 1331 4025 llducia
1346 3970 1558 4036 adhortabatur,
1575 3985 1631 4039 qua
1645 3985 1697 4022 nee

49 4062 181 4131 Plinium,
197 4065 246 4135 qui
261 4064 369 4119 faciunt
391 4082 477 4136 opera
489 4067 615 4134 justitiae,
633 4073 662 4120 et
683 4084 737 4122 non
752 4070 856 4124 habent
897 4071 991 4137 posset
1004 4062 1154 4134 aliquando
1178 4060 1359 4132 postulationi
1384 4060 1511 4131 ejusdem
1536 4058 1616 4113 Pauli
1631 4059 1698 4112 resi·

51 4164 156 4208 eorum
169 4171 232 4225 quse
239 4155 291 4225 ipsi
301 4162 455 4225 operantur
465 4156 621 4212 scientiam.
632 4157 711 4212 Unde
723 4159 832 4213 eddidit
849 4177 854 4211 ς
897 4162 991 4219 stare,
1009 4153 1057 4224 qni
1072 4158 1168 4205 autem
1184 4167 1251 4221 erga
1266 4167 1362 4204 omnes
1385 4155 1497 4205 sanctos
1520 4149 1560 4202 sic
1574 4147 1698 4202 liberalis

59 4242 126 4295 ult
136 4244 352 4297 communicatio
370 4245 434 4298 lldei
448 4250 503 4298 tuse
514 4247 654 4315 operatrix
674 4248 762 4301 lintin
776 4249 856 4317 egni-
898 4250 949 4307 est,
963 4258 1109 4313 nunquam
1125 4240 1160 4294 ob
1175 4256 1298 4310 praesens
1308 4240 1452 4309 negotium
1463 4238 1584 4308 gratiam
1605 4243 1698 4308 postu·

54 4329 164 4386 tionem
179 4334 271 4386 omnis
287 4332 367 4386 boni:
382 4355 393 4382 ι
413 4335 526 4404 quantis
541 4335 676 4401 gradibus
688 4337 856 4408 quantisque
897 4334 984 4386 latam
994 4333 1062 4385 dare
1073 4330 1180 4403 pigebit
1196 4349 1201 4383 :
1217 4330 1312 4399 itaque
1322 4338 1402 4382 tuum
1417 4325 1698 4399 propositumetcha·

54 4418 227 4485 petentes
241 4422 411 4492 apostolicus
431 4423 459 4476 in
472 4423 573 4477 altiora
589 4442 681 4478 sermo
696 4444 726 4477 se
745 4427 854 4483 tendit!
897 4422 976 4483 ritas,
994 4438 1054 4493 qua
1070 4436 1138 4489 erga
1152 4435 1249 4472 ornnes
1265 4417 1467 4477 sufficienscst,
1481 4415 1611 4469 liduciam
1627 4414 1697 4468 mihi

58 4500 290 4580 hbetquispiam
302 4511 477 4575 charitatem,
496 4518 524 4565 et
539 4513 623 4566 lidcrn
643 4513 670 4566 in
684 4515 770 4567 lleum
784 4521 813 4567 et
828 4517 856 4569 in
897 4510 1012 4584 prabet,
1030 4516 1061 4563 nt
1071 4508 1229 4579 prmdpianr
1244 4508 1279 4560 de
1292 4505 1393 4577 quihus
1404 4504 1542 4569 convenit,
1560 4519 1612 4573 ego
1631 4518 1696 4557 vcro

63 4600 253 4668 unccsejus:
264 4599 313 4652 sed
324 4599 439 4654 forsitan
450 4617 505 4654 non
521 4603 621 4672 aequali
639 4620 700 4656 eam
722 4603 749 4656 in
761 4620 857 4657 omnes
898 4602 951 4654 hoc
965 4617 1021 4655 non
1036 4598 1116 4664 facio,
1129 4598 1176 4651 sed
1193 4596 1307 4649 obsecro
1323 4594 1421 4663 magis.
1439 4592 1545 4646 Deinde
1559 4592 1637 4646 etad
1653 4608 1697 4644 ve-

69 4678 140 4740 hare
151 4688 348 4743 communicet.
356 4690 551 4744 Communicel
560 4690 676 4747 forsitan
687 4693 715 4744 in
731 4699 854 4755 cunctos,
898 4689 1061 4744 recundiam
1074 4703 1139 4740 enm
1154 4685 1285 4744 invitans,
1299 4683 1365 4737 talis
1375 4699 1438 4736 oum
1457 4681 1504 4743 sia,
1521 4680 1612 4752 qualis
1622 4681 1696 4737 Pau·

72 4772 199 4846 *tepere
215 4795 272 4831 non
286 4778 396 4848 expleat
412 4797 417 4831 :
436 4780 608 4835 voluntatem
623 4780 740 4851 impleat
755 4782 856 4852 aliquis
898 4780 941 4832 lus
950 4777 1061 4831 senior:
1088 4774 1264 4829 tantsnniim
1279 4770 1470 4826 habebatsola
1494 4771 1573 4824 Pauli
1590 4787 1697 4825 nuncu·

78 4868 789 4938 «opemssdgesmrumsuorumpen‘eetsmhshere
799 4887 855 4924 non
897 4867 988 4938 patio!
1003 4864 1077 4930 Quid
1093 4864 1169 4917 enim
1183 4879 1240 4917 non
1250 4860 1386 4933 expressit
1396 4877 1530 4929 magnum
1539 4865 1568 4914 et
1577 4859 1697 4915 demira-

80 4956 310 5011 thouonem.
324 4957 368 5010 Sit
378 4957 443 5010 talis
454 4974 564 5028 quoqne
579 4958 625 5029 qui
637 4966 741 5029 etopus
752 4959 856 5012 hebeat
896 4957 973 5010 tione
989 4955 1107 5023 dignum
1123 4953 1151 5006 in
1163 4969 1228 5006 soce
1245 4953 1305 5011 hae,
1323 4967 1378 5021 qua
1388 4950 1459 5004 dixit
1469 4949 1588 5003 Paulum
1599 4948 1611 5000 'l
1622 4949 1695 5003 Nam

81 5038 310 5109 “aeduenses
326 5062 380 5100 non
392 5045 476 5100 habet
485 5047 657 5114 agnitionem
670 5048 761 5101 omnis
772 5048 850 5101 honi:
895 5061 979 5099 omne
991 5044 1324 5115 quodcunquesummum
1335 5040 1439 5095 bonum
1447 5038 1567 5108 intelligi
1574 5042 1694 5108 poterat.

79 5125 227 5209 Quonim
241 5136 328 5204 iuste,
339 5144 484 5189 mansuete
496 5135 677 5206 studioseque
688 5144 853 5207 perpetrans
895 5136 1023 5189 hocerat
1044 5133 1072 5187 in
1089 5133 1186 5193 Paulo,
1207 5137 1236 5183 et
1260 5133 1333 5201 quod
1349 5130 1460 5201 adjecit,
1473 5127 1623 5187 seniorem,
1640 5142 1696 5179 non

79 5214 195 5279 mlibrent
207 5224 269 5277 suis
284 5224 315 5277 in
332 5224 427 5295 aliqua
449 5231 528 5295 parte
553 5225 713 5279 virtutihus.
738 5227 780 5278 hn
797 5242 852 5280 non
894 5223 1020 5278 absolute
1031 5239 1095 5275 eum
1124 5221 1158 5274 ad
1179 5219 1365 5273 reverentiam
1389 5217 1516 5272 invitavit
1530 5215 1620 5269 atatis
1634 5232 1693 5270 suae

73 5293 778 5385 ui⁸Philemonlhahetquippecommunicationem
789 5332 853 5385 ope-
894 5328 1053 5366 memorans
1064 5309 1279 5380 longevitatem,
1296 5308 1344 5360 sed
1355 5308 1414 5359 voci
1431 5305 1511 5360 Pauli
1523 5305 1610 5359 etiam
1623 5302 1691 5360 illud

12 5422 15 5429 v
65 5386 246 5468 &aranea
254 5408 284 5455 et
300 5403 446 5457 charitatis
459 5403 489 5457 in
505 5403 648 5473 agnitione
658 5404 750 5457 ornnis
760 5403 825 5457 honi
844 5424 850 5461 ;
892 5403 985 5474 ipsum
1001 5401 1105 5454 haclone
1122 5396 1329 5452 venerabilem:
1347 5395 1394 5466 qni
1407 5395 1482 5448 enirn
1494 5394 1634 5449 seniorem
1645 5412 1693 5449 au·

57 5472 115 5533 “Q
135 5506 197 5545 cum
211 5492 242 5545 ia
257 5491 393 5560 apostolis
412 5492 459 5555 sit,
484 5509 539 5547 non
554 5510 617 5546 eam
632 5501 762 5563 putemus
778 5492 813 5545 ob
824 5493 851 5546 id
892 5492 936 5546 dit
957 5492 1078 5545 Paulum
1101 5488 1171 5542 scire
1196 5491 1306 5557 poterat
1328 5501 1361 5539 eo
1377 5483 1450 5555 quod
1466 5485 1550 5555 longo
1565 5490 1692 5557 tempore

45 5552 237 5635 “mmm
252 5581 417 5651 primam,
433 5581 457 5634 n
475 5582 504 5635 n
518 5581 629 5648 siresa,
646 5582 694 5636 sec
713 5583 742 5636 n
758 5598 792 5635 00
806 5587 852 5635 a·
892 5581 1007 5655 presses
1021 5579 1115 5635 suno
1138 5576 1292 5641 inoleverit,
1317 5582 1346 5631 a
1372 5574 1462 5629 mna
1478 5574 1566 5629 nest
1593 5574 1690 5631 aare
