3772 6120
177 285 228 344 ru
475 286 506 345 s.
528 258 1168 347 animumanimumum.
1190 283 1517 345 orsnmmasm.
1761 287 1814 344 ros

176 411 249 477 lieri,
265 411 314 467 sed
329 413 390 483 ejus
404 409 616 467 immortalitate
629 411 725 469 resdri
738 418 821 470 :tunc
835 414 910 471 enim
921 414 976 470 erit
985 411 1203 482 Apertruemur.
1212 409 1453 480 (dropruisquis
1466 424 1533 480 ergo
1542 411 1707 482 omniaque
1717 411 1756 466 ibi
1766 412 1815 467 ba·

177 516 288 572 corpus,
299 500 347 555 sed
356 500 423 571 quia
434 498 615 569 corruptibile
626 517 683 555 non
691 503 755 566 erit,
768 520 824 559 non
836 503 971 573 gravabit.
1015 500 1107 556 benda
1117 507 1192 565 sunt,
1200 502 1245 557 hic
1255 501 1315 555 mlt
1324 498 1437 559 habere,
1450 500 1535 553 fidem
1545 515 1575 555 se
1586 499 1692 554 indicat
1700 518 1757 556 non
1767 502 1816 556 ha-

178 590 250 645 Nsm
266 589 295 643 in
311 589 418 659 psalmo
431 588 567 658 scripturn
584 596 639 644 est:
662 589 774 647 stream
784 594 872 658 feristi
886 594 917 645 de
930 608 974 647 uc-
1014 589 1090 656 bere,
1106 591 1135 645 in
1150 591 1295 660 Scriptura
1317 605 1396 644 sacra
1418 589 1606 659 appellatione
1621 590 1748 660 pignoris
1762 591 1815 644 ali-

178 677 347 735 crssr'totibus
356 679 484 733 animum
495 693 584 733 meam
595 680 677 743 (Prot.
691 686 770 745 xxx).
783 680 924 751 Quidjom
934 680 974 737 di·
1015 678 1209 750 quandodona
1218 678 1338 750 Spiritus
1347 677 1816 749 sancti,sliquandoverosignatnr

178 783 238 823 cem
253 767 287 821 de
302 766 468 823 necessitate
478 765 565 836 ipsius
573 767 772 825 mortalitatis?
782 768 854 825 mori
861 786 973 825 necesse
1013 768 1150 825 ceniessio
1164 768 1280 839 peccati.
1296 766 1401 837 Pignus
1423 781 1544 835 namque
1558 766 1695 837 accipitur
1708 767 1815 823 donum

175 861 227 921 est,
243 862 272 911 et
285 870 369 911 nomo
383 855 443 911 vult
457 855 531 924 quod
545 864 716 916 necessaost,
730 857 801 913 dum
810 858 971 925 necessitas,
1014 857 1136 928 Spiritus
1150 857 1239 914 sancti
1254 857 1327 912 sicut
1340 872 1390 926 per
1405 856 1525 911 Paulum
1545 855 1658 922 dicitur,
1673 860 1723 926 put
1741 858 1815 911 dedit

175 943 249 1001 nolle
259 943 333 1013 quod
349 959 404 1000 nou
420 949 512 1014 potest
523 944 614 1001 vitari.
630 945 703 1001 Nam
718 945 740 1001 si
756 946 796 1001 sic
810 947 871 1003 tieri
880 954 974 1018 posset
1014 948 1091 1005 noua
1099 946 1354 1015 pipnusSpiritum,
1364 944 1531 1001 athoeenim
1542 944 1812 1017 pignusaocipimus,

174 1033 311 1091 nollemus
325 1032 423 1102 utiquo
437 1032 512 1089 mori
526 1039 554 1089 et
563 1033 635 1091 ettrci
644 1035 717 1104 quod
727 1035 970 1104 angelivsllemus,
1014 1042 1046 1091 ut
1059 1036 1094 1090 de
1108 1034 1292 1105 promissione
1301 1051 1362 1105 qua
1377 1033 1456 1090 nobis
1465 1034 1505 1099 fit,
1515 1034 1712 1089 certitudinem
1719 1040 1814 1090 tenea-

173 1121 449 1179 sedcommutstione
460 1122 973 1195 quadamnonxnouesicutuioitxpo-
1014 1125 1203 1177 musmonem
1219 1140 1285 1192 ergo
1297 1123 1419 1194 Spiritus
1426 1122 1514 1178 sancti
1523 1123 1813 1194 pignusdicitnr,qoia

174 1209 263 1265 stolus
272 1227 278 1265 ι
287 1209 392 1266 etenim
403 1210 450 1280 qui
461 1211 595 1269 sumusin
608 1211 660 1267 bac
670 1211 844 1269 habitatione
856 1213 972 1282 ingemi·
1013 1228 1063 1282 per
1074 1213 1125 1265 lmc
1134 1211 1332 1265 nostraanima
1342 1211 1376 1265 ad
1389 1210 1530 1264 interioris
1544 1211 1604 1280 spei
1613 1212 1813 1267 certitudinem

173 1299 277 1355 suimus
291 1299 408 1368 gravati,
425 1315 458 1353 eo
476 1299 550 1369 quod
571 1300 702 1357 nolumus
722 1302 846 1371 spoliari,
865 1302 913 1358 sed
928 1319 973 1356 su·
1013 1301 1169 1355 roboratur.
1180 1299 1419 1370 Rursuspignoris
1433 1299 1545 1353 nominc
1556 1301 1662 1370 peccati
1675 1300 1813 1356 confessio

174 1387 328 1458 pervestiri,
350 1387 478 1444 volumus
497 1389 641 1458 peruenire
660 1389 695 1445 ad
713 1407 832 1460 regnum
847 1390 907 1453 Dei,
922 1391 972 1447 sed
1013 1390 1085 1443 solet
1093 1389 1220 1458 intelligi.
1235 1388 1307 1442 sicut
1319 1389 1350 1441 in
1363 1389 1425 1461 lege
1435 1388 1571 1459 scripturn
1582 1394 1637 1442 est:
1656 1390 1726 1444 dum
1740 1391 1814 1444 debet

175 1482 294 1533 mortem
303 1476 445 1539 nolumus,
462 1477 672 1546 ingemiscimus
683 1479 801 1549 murati,
817 1480 970 1535 secundum
1016 1480 1316 1547 tibipm'ppr‘omfrutcr
1335 1483 1406 1537 turis.
1426 1483 1449 1530 rt
1459 1478 1606 1531 abstuleris
1618 1481 1723 1546 pipnus
1731 1480 1766 1532 ab
1776 1497 1814 1538 ro.

174 1565 243 1621 illud
258 1565 408 1635 Scripturas
423 1565 478 1621 ulio
493 1566 567 1621 loco:
585 1567 686 1635 llorpus
700 1570 771 1636 priori
781 1572 972 1636 corrumpitur
1012 1573 1076 1623 unte
1089 1569 1153 1621 sotis
1167 1582 1291 1621 occasum
1304 1568 1406 1633 pignus
1423 1568 1534 1620 restituo
1552 1567 1644 1635 (liceri.
1663 1570 1743 1632 xxii),
1768 1570 1816 1638 qui

172 1657 476 1721 appror‘etonirnamrt
485 1656 615 1723 deprimit
622 1662 731 1711 terrena
741 1658 972 1714 introbitatioscn·
1012 1656 1088 1711 enim
1103 1660 1248 1726 peccatum
1263 1654 1337 1724 quod
1359 1654 1502 1711 commisit
1520 1653 1634 1715 latetur,
1661 1657 1817 1711 streniam

174 1757 236 1799 turn
255 1746 344 1797 inuito
358 1746 520 1809 repitentcm
537 1744 611 1813 (Sap.
625 1750 672 1807 rxl.
688 1745 770 1815 Ergo,
787 1746 837 1810 uit,
853 1726 1092 1817 ingemi-Bpetit,
1099 1745 1159 1815 jum
1171 1743 1251 1814 qnasi
1266 1759 1316 1813 pro
1326 1741 1421 1798 debito
1435 1743 1537 1813 pignus
1549 1743 1636 1802 dedit,
1647 1744 1817 1815 quodnimi·
1861 1740 1865 1745 ’

174 1830 279 1888 nunus
287 1830 405 1900 gravati,
415 1831 467 1887 snb
478 1832 587 1887 sarcina
599 1832 704 1888 scilicet
715 1833 904 1904 corruptibilis
914 1851 972 1890 cur·
1011 1850 1076 1893 rum
1084 1833 1184 1903 pignus
1193 1839 1259 1887 unte
1265 1830 1331 1887 solis
1341 1847 1470 1887 occasum
1478 1831 1596 1887 reddere
1601 1826 1816 1904 jubemur,quis

174 1918 218 1977 nis
238 1919 449 1990 ingemiscimus
470 1921 589 1990 gravati.
613 1922 642 1977 Si
664 1922 833 1993 ingemiscis.
852 1922 973 1979 libenter
1012 1923 1177 1997 priusquam
1191 1921 1221 1974 in
1236 1919 1316 1975 nobis
1330 1936 1380 1990 per
1395 1920 1521 1978 dolorem
1537 1921 1629 1976 cordis
1647 1922 1689 1976 sol
1699 1923 1817 1993 justitie

176 2024 248 2078 poue
261 2008 400 2065 sarcinam
410 2010 588 2076 istam,certs
597 2011 782 2080 ingemiscere
797 2028 827 2067 se
840 2012 911 2069 dixit
921 2011 973 2068 sub
1013 2011 1129 2074 occidat,
1148 2009 1283 2067 debemus
1294 2009 1319 2065 ei
1332 2008 1536 2065 consessionem
1549 2011 1636 2065 renim
1653 2011 1781 2075 reddere,
1799 2030 1815 2066 a

175 2096 227 2154 boc
236 2112 331 2161 onera,
345 2098 457 2168 gravari
468 2116 497 2155 sa
510 2099 580 2157 dixit
593 2099 645 2157 sub
659 2100 770 2156 sarcina
784 2100 973 2172 corruptibilis
1014 2117 1069 2170 quo
1083 2098 1286 2157 consessionem
1301 2098 1564 2169 accepimusculpro.

175 2186 973 2265 corporis,rideutrumvelithoconorespoliari,subquo
1049 2188 1816 2257 Audcrttrstpitursempcrclementerquoniumdumsa-

174 2280 316 2345 gravstur,
332 2275 384 2333 sub
396 2292 451 2346 quo
465 2277 632 2346 ingemiscit,
644 2294 700 2335 non
712 2278 764 2335 hoc
776 2278 912 2348 sequitur,
925 2278 973 2333 sod
1014 2280 1113 2333 musio
1123 2278 1171 2333 troc
1180 2292 1289 2344 corpora
1296 2279 1534 2343 pereurinomuru
1544 2277 1670 2335 Domino.
1676 2292 1726 2345 per
1734 2276 1815 2344 fidem

104 2379 109 2387 ‘
150 2364 972 2434 'quodsit,inpuonolrurnrsermonariovocemnaturus,
1015 2365 1321 2428 eniurombulemus,ot
1338 2363 1814 2434 nonperspceicm.t.lrub.)blani-
1882 2408 1884 2418 ,

176 2452 379 2510 confossiorem
406 2470 503 2524 poena,
517 2471 602 2524 greum
624 2472 724 2526 corpus
746 2462 797 2515 est,
825 2472 974 2513 onerosum
1015 2453 1118 2509 festum
1133 2461 1184 2516 est,
1198 2451 1266 2523 quia
1278 2469 1329 2523 per
1341 2452 1425 2509 tidem
1436 2468 1500 2507 cum
1511 2452 1631 2508 Domino
1642 2469 1751 2513 sumus,
1759 2470 1814 2508 non

178 2558 279 2611 cerpus
289 2548 341 2601 est,
357 2542 643 2614 corruptibilecorpus
656 2544 863 2615 est,gemitsub
874 2545 931 2611 illo,
947 2552 976 2599 et
1016 2559 1066 2613 per
1074 2541 1262 2613 presentiam,
1275 2557 1307 2595 ac
1321 2558 1372 2611 per
1384 2541 1436 2595 hoc
1449 2540 1664 2611 peregrinamur
1682 2557 1739 2596 non
1749 2542 1813 2597 fide.

177 2645 232 2684 non
240 2629 359 2684 libenter
369 2630 524 2687 deseritur!
538 2633 679 2691 nolumus,
697 2633 798 2704 inquit,
813 2633 853 2687 sie
862 2649 974 2691 reinau-
1016 2631 1170 2702 sedspecie.
1184 2631 1318 2700 thuare,
1332 2646 1397 2687 cum
1408 2630 1483 2687 idem
1492 2629 1690 2686 dicatindctis
1705 2637 1816 2701 aposto-

176 2733 260 2776 surus
275 2735 305 2773 es
324 2719 460 2787 gemeus?
470 2725 499 2773 et
513 2721 536 2775 si
557 2720 716 2790 ingemiscis
729 2727 871 2791 grauatus,
888 2739 975 2792 quare
1016 2722 1125 2775 lorum:
1143 2722 1176 2772 lu.
1192 2723 1249 2787 ipso
1266 2722 1479 2777 crrinroieimus.
1490 2724 1514 2773 ct
1526 2735 1675 2782 rnoucrmrr,
1685 2724 1815 2773 etsumus

177 2806 291 2877 spoliari
306 2823 363 2862 non
375 2807 435 2864 tisl
450 2823 507 2866 non
529 2808 630 2878 inquit,
650 2809 712 2863 ride
736 2810 810 2880 quod
837 2810 973 2880 sequitur,
1016 2810 1085 2879 (dot.
1103 2813 1182 2869 arnt,
1196 2808 1249 2862 hoc
1259 2807 1319 2863 loco
1329 2806 1502 2877 peregrinari
1511 2807 1715 2863 nosauomino
1723 2807 1812 2863 dicat:

177 2899 306 2953 rrotumus
313 2898 436 2962 spoliari,
447 2898 680 2964 adsumserunt,
692 2896 743 2954 sub
754 2904 867 2955 terrena
876 2899 973 2955 tunica
1013 2898 1037 2953 si
1053 2896 1155 2968 ubique
1176 2903 1227 2957 est,
1244 2896 1384 2966 quemodo
1408 2896 1452 2951 hic
1468 2896 1551 2966 positi
1567 2896 1783 2967 peregrinamur
1800 2913 1816 2951 a

174 2999 267 3053 gamo,
281 2983 317 3039 ad
332 2984 474 3041 coelestem
485 2991 591 3042 restem
600 2986 718 3046 testium
733 2987 813 3044 illam
828 2988 889 3041 rolo
904 2987 972 3043 acci·
1013 2986 1132 3045 Domino
1141 2985 1221 3040 tsine
1229 2983 1313 3041 dubio
1323 2984 1439 3054 ubique,
1451 2985 1509 3041 imo
1524 2984 1654 3041 emniain
1666 2986 1724 3041 Deo
1738 2992 1814 3045 sunt,

175 3088 251 3142 pera,
262 3071 346 3129 istam
356 3072 420 3130 nolo
428 3089 542 3143 ponere,
550 3073 579 3133 in
587 3091 642 3151 qua
650 3076 781 3133 nolumus
791 3063 1002 3147 spoliari,sedC
1013 3075 1060 3131 sed
1074 3074 1141 3145 quia
1152 3074 1232 3131 sedes
1243 3073 1293 3132 Dei
1306 3072 1335 3127 in
1346 3073 1422 3127 coelis
1431 3079 1484 3137 est,
1501 3081 1529 3128 et
1538 3073 1594 3128 illic
1611 3090 1724 3145 semper
1738 3074 1815 3131 vide-

175 3159 365 3230 supervastiri.
382 3161 464 3231 Ergo,
479 3162 572 3227 Paule,
580 3163 736 3233 intelligam
751 3170 789 3229 te,
806 3164 872 3235 quid
892 3164 971 3231 dicis,
1012 3169 1068 3228 tur,
1084 3164 1147 3223 ideo
1156 3162 1201 3217 bic
1210 3162 1303 3233 positi,
1321 3161 1369 3219 ubi
1379 3178 1435 3217 non
1453 3161 1573 3225 ridetur,
1590 3163 1764 3233 peregrinari
1779 3163 1814 3219 ab

175 3248 224 3307 sot
238 3248 344 3319 injicis
356 3255 436 3307 muta
456 3250 496 3307 illi
511 3252 614 3311 celesti
638 3253 814 3320 vestimento,
835 3253 974 3309 streniae
1012 3268 1045 3309 oo
1058 3252 1186 3311 utemur.
1209 3251 1328 3316 Quando
1356 3251 1432 3307 enim
1454 3252 1813 3316 nonsumvidomus,1icet

175 3335 226 3395 tibi
242 3338 391 3407 superbos
414 3355 521 3408 pannos
537 3340 719 3399 mortalitatis
733 3346 761 3401 et
775 3342 971 3413 corruptionis,
1011 3357 1135 3411 presseris
1148 3340 1194 3405 sit,
1206 3338 1334 3398 absentes
1350 3338 1385 3395 ab
1400 3356 1433 3393 eo
1447 3355 1553 3395 sumus.
1565 3341 1705 3398 studemus
1721 3347 1812 3395 autem

174 3432 208 3483 ut
215 3426 267 3481 lmc
281 3426 318 3482 sit
328 3426 453 3491 inferius,
466 3428 536 3488 illud
549 3430 688 3500 superius.
699 3431 751 3487 boc
761 3430 888 3494 iuterim,
904 3430 972 3485 illud
1011 3435 1035 3485 rt
1052 3431 1150 3487 bouum
1165 3432 1336 3483 uolrrntctcm
1351 3429 1480 3482 trobcmus
1499 3432 1588 3496 mepis
1604 3432 1814 3496 pereuriuum'o

175 3516 306 3572 exterius.
318 3514 407 3579 Absit,
417 3516 517 3587 inquit,
531 3533 587 3572 non
599 3518 638 3573 sie
648 3518 784 3583 discursio
794 3522 920 3587 spoliari,
928 3521 973 3575 sed
1012 3533 1131 3585 corpore,
1148 3524 1172 3571 ct
1185 3523 1329 3585 presentes
1353 3533 1406 3572 esse
1425 3519 1462 3570 od
1481 3518 1641 3572 Dorrsinum.
1661 3518 1748 3573 Recte
1763 3518 1812 3579 ait,

175 3607 359 3671 supernustiri,
375 3611 540 3665 nontamen
556 3612 587 3661 ut
601 3606 653 3661 sub
664 3606 872 3677 incorruptione
886 3608 973 3665 lateat
1011 3607 1153 3669 cuduinus,
1164 3604 1300 3662 habentes
1315 3605 1390 3658 enim
1402 3604 1533 3660 liduciam
1548 3606 1741 3676 promissionis
1749 3607 1811 3663 Dei.

174 3693 325 3763 conseptis,
342 3695 390 3749 sed
405 3701 438 3752 ut
452 3694 635 3752 absorbeatur
657 3697 774 3753 mortale
789 3713 806 3753 a
820 3697 885 3763 rita,
903 3697 972 3755 bene
1011 3702 1040 3751 ot
1052 3695 1172 3753 scientes
1183 3695 1304 3751 multum
1318 3695 1449 3764 expedire
1460 3694 1517 3749 illic
1527 3711 1595 3759 osse,
1616 3712 1701 3765 quam
1716 3697 1747 3753 in
1763 3712 1814 3750 sae-

175 3781 335 3839 exclamasti
350 3784 398 3853 qui
407 3784 565 3854 Scripturas
580 3786 664 3851 nosti,
675 3786 766 3843 sedne
778 3785 881 3856 aliems
895 3786 973 3854 igna-
1011 3784 1083 3850 culo,
1099 3783 1280 3841 consentiunt
1293 3789 1322 3839 et
1336 3789 1435 3854 optant
1449 3783 1583 3839 excedere
1597 3784 1631 3840 do
1645 3800 1772 3854 corpore,
1784 3794 1815 3839 ut

175 3885 224 3928 rus
238 3871 446 3941 Scripturerum
460 3873 544 3929 rerba
559 3891 623 3933 mea
636 3879 724 3945 putet,
734 3875 883 3935 subsecuta
892 3875 971 3933 Pauli
1011 3872 1189 3944 requiescant
1199 3888 1288 3942 usque
1299 3873 1335 3927 ad
1349 3872 1425 3927 diem
1442 3873 1655 3929 resurrectionis
1662 3872 1715 3929 sub
1726 3874 1814 3929 sltarr¹

175 3963 242 4016 sunt
256 3959 348 4016 verba.
364 3961 459 4017 omnia
471 3961 526 4020 ista
539 3963 694 4033 apostolica
707 3962 792 4019 verba
806 3969 880 4030 sunt,
897 3964 973 4034 irrgs
1012 3961 1071 4019 Dei.
1088 3962 1392 4024 cismontanorum,
1405 3962 1594 4017 siroubsoutes.
1604 3965 1659 4017 sire
1668 3969 1814 4030 presentes

175 4046 319 4103 missimus
333 4049 451 4115 gmvuti,
469 4052 561 4117 inquo
581 4054 711 4106 notruuus
725 4054 851 4118 spoliari,
869 4054 914 4106 sert
928 4068 972 4106 su-
1011 4053 1122 4118 placere
1131 4053 1185 4105 itii.
1195 4050 1226 4105 Id
1237 4050 1379 4118 agendum
1392 4049 1468 4115 dicit,
1477 4055 1505 4105 et
1515 4048 1596 4104 bonis
1609 4050 1739 4121 operibus
1750 4051 1815 4105 insi·

171 4136 326 4202 perueniri,
340 4142 368 4191 ut
378 4137 556 4191 absorbeatur
566 4141 784 4203 moriemurne,
802 4137 871 4199 beno
881 4144 969 4203 tenes,
1012 4139 1152 4205 stenelum,
1165 4144 1198 4193 ut
1210 4137 1268 4192 siro
1282 4137 1310 4191 in
1326 4139 1377 4191 hac
1390 4138 1482 4192 adbuc
1492 4139 1550 4194 rita
1564 4139 1657 4208 positi,
1673 4139 1730 4194 sire
1748 4146 1814 4193 ente

175 4237 246 4292 quoe
262 4221 329 4280 alibi
344 4222 413 4279 dicis
427 4224 462 4279 da
475 4225 680 4282 resurrectione
698 4227 822 4297 corporis
836 4227 968 4297 loquens:
1012 4226 1134 4281 tribunal
1143 4225 1245 4281 Christi
1259 4234 1419 4296 pressantes,
1437 4228 1597 4298 placeamus
1604 4227 1638 4281 ei.
1649 4228 1760 4283 Undesi
1771 4229 1813 4283 di-

176 4311 284 4380 Oportet
298 4315 476 4381 corruptibile
490 4314 539 4369 tior
552 4315 668 4374 induere
683 4317 930 4383 incorruptionem,
948 4322 971 4369 ot
1012 4315 1486 4385 sciplinasorvetur,ethicetillicei
1497 4316 1679 4386 placebimus,
1690 4316 1811 4386 quiaqui

175 4404 290 4459 mortula
301 4402 350 4459 noe
358 4403 729 4461 iuduereirurnortotitotrm.
739 4404 806 4457 dum
815 4411 905 4460 cirtem
916 4391 1058 4461 cor-Dhio
1068 4404 1166 4474 placet,
1183 4404 1239 4459 illic
1251 4421 1306 4460 non
1317 4403 1483 4475 displicebit.
1496 4406 1593 4461 (turries
1601 4408 1675 4458 rrum
1693 4421 1740 4459 uos
1753 4422 1813 4458 rriu-

175 4491 306 4557 muttum
316 4492 364 4547 troc
375 4493 499 4549 induerit
511 4495 756 4560 incorruptionem,
764 4497 789 4547 ct
801 4495 973 4549 mortolclror
1013 4495 1144 4561 attestari
1148 4498 1317 4562 oportetuute
1325 4494 1450 4547 tribunat
1457 4493 1568 4558 Ciuisti,
1579 4499 1610 4548 ut
1619 4495 1813 4560 roserotuuus-

175 4578 300 4641 r'udusrit
311 4583 559 4646 iuunortutitetoru,
574 4584 691 4647 tuncptct
699 4596 788 4635 sermo
794 4583 843 4649 put
854 4585 973 4650 scriptus
1012 4584 1567 4651 potsqueproprtacorportsprontpessu.
1576 4583 1749 4645 sturionum,
1759 4587 1812 4637 sicr

174 4670 227 4723 ert:
244 4667 375 4734 tusorum
390 4675 427 4724 cst
445 4687 518 4727 ruors
535 4673 565 4725 iu
578 4673 694 4727 uictoria
707 4671 730 4735 (l
745 4672 805 4726 tior.
824 4671 881 4738 xx).
893 4671 971 4735 Quod
1014 4674 1130 4726 matum.
1149 4669 1238 4740 Igitur
1245 4670 1421 4740 sijudioante
1428 4670 1549 4737 Christo,
1560 4670 1754 4741 unusquisque
1765 4687 1813 4726 uo-

174 4751 222 4811 illo
237 4753 297 4808 loco
310 4754 359 4815 ait,
376 4761 405 4811 ut
421 4759 598 4815 obsorbeat-ur
608 4762 723 4814 rnortato
738 4775 755 4815 u
770 4764 836 4822 ertu,
857 4760 908 4814 hoc
919 4761 971 4818 isto
1013 4764 1103 4813 strum
1117 4759 1191 4813 facta
1203 4758 1328 4829 eorporis
1344 4758 1468 4829 recipiet,
1485 4776 1541 4813 non
1556 4759 1654 4829 utiquo
1674 4759 1735 4814 sius
1751 4775 1811 4813 cor-

174 4839 245 4906 loeo,
261 4844 387 4912 absorpta
401 4851 437 4901 cst
453 4863 526 4900 mors
543 4851 573 4905 iu
587 4851 713 4912 uictoria,
732 4864 872 4918 nusquam
895 4865 971 4905 mors
1013 4863 1080 4918 pore
1093 4846 1378 4918 adiurlicabiturbono
1391 4855 1441 4905 aut
1451 4849 1535 4905 malo,
1549 4855 1577 4902 et
1592 4847 1726 4903 nondixit
1737 4847 1811 4903 sactu

175 4945 231 4990 uon
246 4930 328 4998 infru,
339 4948 396 4991 nou
404 4950 498 5004 supra,
507 4952 562 4992 nou
576 4936 660 4997 intra,
674 4952 730 4994 nou
745 4943 832 5001 extra,
840 4936 971 5008 absorpta
1011 4936 1112 5003 carnis,
1131 4937 1198 5008 quia
1211 4937 1303 4993 carnis
1318 4936 1385 4993 vitia
1399 4936 1542 5007 punienda
1556 4944 1751 5007 sempersunt,
1763 4937 1809 4991 sed

174 5025 218 5077 ast
232 5019 399 5080 euim'mors
417 5021 446 5079 in
462 5022 585 5079 victoria.
606 5024 659 5080 Ubi
679 5030 722 5079 est
741 5041 816 5081 mors
829 5027 970 5084 eontentio
1011 5024 1226 5096 lactacorporis,
1239 5025 1465 5096 quiaaliquando
1476 5025 1651 5095 spiritaliter,
1661 5025 1811 5095 aliquando

174 5108 425 5176 meteororum,
449 5110 550 5181 inquit,
570 5116 741 5180 pertritum
761 5117 792 5169 iu
812 5115 860 5169 boo
879 5119 969 5184 ipsum
1010 5114 1161 5171 carnaliter
1175 5120 1316 5185 operatur.
1334 5115 1425 5182 (dap.)
1442 5115 1505 5170 Non
1518 5114 1606 5184 igitur
1614 5115 1677 5181 ista,
1690 5131 1751 5183 qum
1761 5131 1811 5185 pro

175 5196 970 5274 Deus,puideditnobispipnusSptriturnlamresponsum
1010 5202 1812 5274 defunctiscommandandisfrequenterEcclcsireilliapo·

174 5290 226 5348 est,
243 5300 306 5343 cum
321 5287 355 5345 de
375 5287 511 5346 distantia
524 5289 669 5360 pinsentis
683 5296 712 5344 et
723 5290 812 5346 futuri
826 5291 920 5350 smculi
932 5293 971 5347 lo·
1011 5292 1115 5348 stolicre
1134 5298 1200 5348 sunt
1217 5291 1333 5347 adversa
1352 5291 1509 5361 sententias,
1536 5308 1592 5363 qua
1615 5291 1723 5348 dictum
1749 5300 1808 5347 est:

175 5371 231 5430 euti
237 5388 335 5431 sumus
344 5393 350 5429 ε
360 5375 404 5433 bie
412 5377 488 5435 euim
498 5376 707 5448 accipimusper
716 5377 819 5451 pignus
825 5379 970 5450 Spiritum,
1015 5381 1111 5437 Omnes
1125 5385 1199 5437 onim
1209 5381 1343 5437 stabimus
1355 5385 1419 5434 urite
1433 5383 1560 5437 tribunat
1571 5381 1685 5446 Gliristi,
1698 5386 1729 5434 ut
1738 5383 1810 5446 terat

176 5464 205 5519 st
217 5462 344 5521 cerurci
359 5471 387 5525 et
411 5465 539 5525 uincendi
556 5465 637 5531 sires,
653 5465 692 5520 ibi
708 5472 804 5523 autem
817 5468 878 5523 sine
892 5469 971 5523 hosts
1014 5473 1203 5539 unusquisque
1213 5471 1470 5538 socundumoupuc
1480 5485 1530 5538 per
1545 5472 1811 5538 respiramentum

176 5547 233 5612 tile
243 5554 394 5614 examen
403 5552 525 5638 interno,
541 5554 713 5621 mouentum
722 5555 895 5627 sempiterna
901 5573 968 5628 pace
1014 5559 1126 5620 donum,
1146 5563 1201 5615 stre
1215 5561 1332 5617 omium.
1355 5557 1427 5627 Quis
1440 5558 1527 5614 etiem
1542 5558 1598 5655 hog
1609 5558 1744 5617 meritum
1758 5558 1811 5619 sibi
