3772 6120
122 283 188 339 llil)
417 283 445 336 B.
464 283 598 336 RABANl
619 282 733 335 hunul
752 280 920 334 Auernae.
941 280 1102 335 llOliUNl'.
1125 280 1273 335 OPERUM
1292 280 1383 334 PARS
1402 279 1453 334 Ill.
1690 272 1755 333 ltth

116 409 198 463 trinae
214 407 371 477 negationis
393 407 514 476 culpam.
541 405 708 460 l‘cnriitentia
730 405 857 474 quamvis
878 404 1131 475 sitAconternptus
1143 405 1273 458 dominus
1288 406 1349 473 ejus
1364 401 1498 472 superbie
1511 402 1620 456 feriret.
1641 403 1753 457 vulnera

119 497 211 566 exigui
219 496 363 566 temporis,
372 494 395 547 si
405 494 505 547 intima
515 494 801 548 cordisomaritudine
812 494 914 563 agitur,
957 494 1089 547 districts¹
1105 493 1353 546 animadversionis
1373 491 1524 561 inlligeret.
1541 492 1613 545 Ecce
1627 507 1680 545 uos
1693 508 1753 562 pec·

119 601 176 638 non
190 584 422 655 despiciturapud
430 583 671 653 judicernjustum
684 583 782 641 Deum,
795 583 842 652 (lui
858 598 917 636 cor·
958 584 1045 636 cando
1064 583 1171 637 auctori
1191 588 1287 635 nostro
1305 589 1385 649 terga
1399 581 1428 633 in
1452 580 1553 634 faciem
1575 579 1714 641 dedimus,
1729 585 1755 634 et

117 674 283 727 dissecrata
296 673 463 726 considerat.
481 673 543 726 Non
552 672 627 725 eriirn
636 671 839 741 longitudinem
847 678 918 724 tern-
958 678 1053 725 terrien
1059 672 1241 731 sustinemur,
1253 670 1373 741 superbe
1382 685 1496 723 aversos
1507 669 1751 739 benignerevocat:

118 763 195 834 poris
208 768 319 816 tanturn
335 761 454 831 requirit
465 762 549 815 Deus.
566 767 702 831 quantum
717 760 848 813 allectum
862 762 918 813 sin·
958 761 1049 831 etqui
1069 760 1152 813 ferire
1171 777 1222 814 rios
1241 764 1400 813 aversantes
1421 759 1522 828 potuit,
1538 762 1573 811 nt
1587 763 1756 813 revertamur

118 851 244 905 caritatis
257 856 357 922 pensat
369 849 539 920 paenitentis.
556 850 610 913 Qui
628 849 703 903 enim
723 849 751 901 in
775 849 917 902 Christum
958 867 1077 903 munera
1095 850 1243 921 promittit.
1258 850 1349 903 Tanta
1361 847 1476 901 obsecro
1500 847 1657 901 conditoris
1675 847 1754 901 nostri

119 946 181 994 tota
194 944 290 993 mente
303 939 427 1001 conlidit,
445 938 554 992 etiarnsi
569 938 665 992 multis
676 938 814 991 moriatur
825 954 918 1008 peeca-
959 939 1150 993 misericordia
1168 938 1301 992 duritiam
1321 937 1410 993 nostri
1432 945 1529 991 reatus
1554 935 1685 991 emolliat
1706 954 1712 987 z
1731 942 1755 991 et

119 1029 165 1087 tis.
182 1029 251 1082 tides
267 1044 319 1082 sua
331 1027 399 1081 rlrit
412 1027 441 1080 in
455 1034 591 1082 aeternum
611 1046 616 1079 :
634 1026 772 1097 sicutipse
782 1027 918 1080 Dominus
960 1028 1043 1083 homo
1060 1028 1107 1101 qui
1123 1027 1228 1082 rualum
1244 1028 1319 1097 quod
1333 1028 1398 1080 lecit
1413 1025 1534 1096 experiri
1551 1040 1702 1097 percussus
1715 1041 1755 1097 po

119 1118 160 1172 ait
173 1118 203 1171 in
215 1116 380 1187 Evangelio:
396 1135 406 1166 ι
420 1117 544 1186 Egosurn
555 1116 723 1170 resurrectio
734 1121 762 1169 et
777 1116 833 1168 vita
850 1134 854 1167 :
871 1115 918 1185 qui
960 1122 1042 1175 terat,
1060 1117 1160 1169 saltem
1173 1122 1348 1186 exspectatus
1356 1115 1513 1169 erubescat.
1522 1113 1689 1171 Habeamus
1697 1130 1755 1185 ergo

118 1207 208 1262 credit
220 1207 248 1260 in
262 1223 316 1269 me,
330 1206 440 1259 etiarnsi
457 1212 584 1259 mortuus
597 1205 774 1268 lueritvivet,
787 1210 816 1258 et
826 1204 917 1257 omnis
959 1205 1089 1259 fiduciam
1105 1204 1139 1258 de
1155 1204 1346 1259 misericordia
1360 1203 1512 1259 coriditoris
1527 1201 1621 1259 nostri
1638 1221 1644 1254 ι
1659 1202 1754 1273 cogite·

119 1295 167 1366 qui
181 1295 247 1348 vivit
255 1300 284 1348 et
292 1294 382 1348 credit
400 1294 428 1346 in
448 1310 502 1354 ine,
519 1310 575 1346 non
588 1294 724 1347 morietur
737 1293 766 1345 in
781 1299 917 1347 aeoernum
958 1311 1021 1349 mus
1036 1311 1097 1365 quae
1112 1293 1239 1355 facimus,
1252 1293 1438 1361 recogitemus
1447 1309 1510 1365 quea
1524 1291 1657 1349 fecimus.
1670 1291 1755 1361 Largi

117 1385 209 1452 (Jooa.
222 1400 259 1443 xi,
270 1382 326 1448 25).
342 1384 401 1436 »De
412 1389 502 1435 morte
513 1383 614 1437 ammae
633 1382 710 1447 dixit,
729 1387 917 1452 quapropter
958 1388 1045 1437 tatem
1061 1398 1189 1455 supernae
1204 1381 1316 1452 pietatis
1330 1381 1511 1453 aspiciamus,
1523 1379 1754 1439 etadmisericor·

119 1480 296 1543 pcccatorum
312 1470 506 1540 {egritudinem
523 1470 598 1524 uenit
610 1470 660 1523 illi.
670 1472 855 1524 Deusnatura
867 1470 918 1523 mi-
958 1470 1569 1545 dernjudicem,dumadhueexspectat,cum
1579 1468 1752 1539 [commisse-

119 1561 237 1615 serieors
251 1565 302 1614 cst.
316 1560 435 1613 Paratus
448 1565 492 1612 est
505 1560 612 1612 salvare
627 1576 677 1629 per
696 1559 917 1612 misericordiam
959 1560 1079 1614 nianius.
1090 1560 1307 1614 Consideremus
1316 1575 1438 1629 namque
1448 1557 1525 1629 quod
1532 1559 1632 1627 justus
1642 1557 1687 1622 sit,
1697 1572 1752 1627 pec·

119 1665 190 1719 quos
201 1665 258 1702 non
278 1649 355 1702 venit
368 1649 476 1701 saltare
490 1665 540 1718 per
551 1648 700 1717 iustitiam,
715 1648 764 1719 qni
777 1648 837 1701 vult
856 1664 918 1700 om·
959 1653 1021 1702 catii
1048 1656 1143 1702 nostra
1165 1665 1222 1702 non
1247 1648 1432 1718 negligamus.
1455 1647 1677 1701 Consideremus
1696 1662 1752 1716 ergo

119 1737 303 1792 neshomines
313 1738 403 1791 salvos
414 1738 664 1791 lierietnerninem
674 1737 775 1808 perire,
799 1738 846 1807 qui
869 1723 948 1807 perB
958 1738 1031 1808 quod
1046 1738 1107 1808 pius
1120 1737 1165 1802 sis,
1183 1753 1237 1791 non
1250 1737 1439 1806 desperemus.
1456 1735 1569 1789 Praebet
1583 1735 1659 1805 apud
1675 1735 1750 1788 Deum

120 1826 289 1896 Prophetam
304 1825 344 1879 ait
360 1826 433 1879 :eln
447 1826 668 1896 quacunquodie
678 1825 917 1879 conversussuerit
958 1826 1065 1880 homini
1078 1826 1219 1890 fiduciam,
1236 1826 1309 1879 Dens
1325 1826 1409 1879 horno
1424 1831 1467 1879 est
1481 1824 1563 1877 nobis
1582 1841 1648 1895 spes
1662 1839 1750 1892 magna

120 1920 257 1985 peccator,
276 1914 334 1969 vita
344 1914 425 1978 vivet,
441 1920 469 1967 et
481 1931 538 1968 non
554 1915 801 1981 morieturtla'srch.
821 1930 914 1977 xxxin,
958 1914 1169 1986 poenitentibus,
1186 1914 1253 1985 quia
1267 1915 1417 1967 advocatus
1429 1919 1527 1967 noster
1542 1913 1635 1966 lactus
1652 1919 1693 1965 est
1710 1913 1749 1981 ju·

120 2002 172 2063 lui.
191 2024 203 2054 ι
220 2003 353 2067 Quamvis
365 2002 485 2073 quisque
497 2002 535 2056 sit
547 2010 684 2074 peccator,
697 2009 725 2057 et
735 2003 836 2074 impius
848 2003 872 2056 si
881 2003 916 2056 ad
958 2005 1010 2058 dex
1025 2012 1129 2058 noster.
1146 2004 1225 2058 Unde
1240 2019 1353 2057 necesse
1368 2007 1412 2056 est
1426 2009 1458 2058 ut
1469 2002 1622 2056 audiamus
1636 2001 1699 2072 quia
1709 1999 1750 2054 mi·

119 2092 313 2162 penitentiam
328 2098 516 2155 convertatur,
530 2093 794 2162 consequiseposse
808 2092 915 2145 reniam
958 2093 1076 2147 sericors
1105 2098 1157 2154 est,
1174 2098 1370 2146 convertamur
1391 2108 1409 2144 a
1430 2092 1562 2162 peccatis,
1582 2091 1748 2145 recordantes

119 2197 169 2252 per
183 2181 234 2236 Dei
248 2180 470 2235 misericordiam
483 2197 539 2234 non
553 2181 672 2235 dubitet.
698 2183 729 2235 ln
749 2182 800 2234 hoe
816 2181 916 2235 seculo
958 2182 1033 2253 quod
1045 2183 1140 2250 justus
1156 2178 1208 2247 est,
1226 2181 1457 2251 pertimescamus
1473 2180 1607 2233 recedere
1617 2196 1634 2233 a
1641 2178 1746 2249 justitia

119 2269 313 2340 penitentiam
325 2269 492 2323 facientibus
506 2269 555 2323 Ilei
570 2269 762 2323 misericordia
778 2268 915 2335 subvenit,
958 2286 994 2323 ne
1010 2271 1172 2324 inchoantes
1188 2270 1259 2323 bona
1275 2286 1369 2340 opera,
1386 2270 1448 2323 sine
1461 2269 1635 2339 perfectione
1649 2268 1694 2321 illa
1706 2267 1746 2321 de·

118 2358 148 2413 in
161 2357 257 2413 futuro
271 2364 366 2412 autem
383 2358 547 2428 poenitentia
564 2374 621 2411 non
634 2358 751 2427 prolicit,
769 2358 818 2411 sed
835 2358 917 2412 ratio·
958 2376 1094 2415 seramus.
1111 2375 1146 2412 ne
1160 2360 1209 2412 liat
1220 2359 1293 2429 quod
1313 2358 1508 2429 scriptumest
1526 2375 1531 2409 :
1550 2379 1561 2404 .
1585 2357 1687 2412 Omnes
1707 2355 1743 2426 qui

117 2462 182 2502 uem
204 2453 365 2500 nostrorum
383 2463 500 2517 operum
518 2445 654 2500 reddituri
678 2463 785 2500 suiuus.
809 2447 841 2500 ln
868 2447 918 2500 hac
958 2446 1742 2518 viderintincipiantilludereeidicentestllichomone·

119 2536 177 2589 vita
190 2540 302 2589 tautum
317 2534 488 2605 penitentie
501 2534 716 2604 patetlibertas:
729 2541 917 2605 postmortem
960 2538 999 2607 pit
1018 2538 1165 2595 adificare.
1184 2543 1213 2591 et
1226 2552 1280 2590 non
1297 2537 1389 2606 potuit
1399 2551 1599 2589 consummare
1611 2537 1680 2597 (Liar.
1696 2549 1738 2594 ιιι,

119 2640 184 2677 vero
200 2623 379 2676 correctionis
391 2630 434 2676 est
449 2624 571 2676 licentia.
588 2623 765 2693 Quapropter
787 2623 918 2676 lestinare
959 2626 1014 2697 ⁸39),
1035 2647 1044 2673 ι
1063 2626 1137 2697 quia.
1153 2627 1234 2695 juxta
1248 2626 1327 2679 Pauli
1347 2641 1453 2679 vocem.
1479 2625 1670 2695 spectaculum
1688 2621 1737 2676 facti

119 2711 202 2767 dehet
219 2711 409 2780 unusquisque
424 2718 552 2764 nostrum
568 2711 603 2764 ad
618 2713 707 2765 lleurn
731 2712 917 2766 cornertendo
959 2732 1056 2768 sumus
1070 2715 1176 2768 mundo
1190 2720 1218 2768 et
1230 2715 1337 2783 angelis
1352 2720 1379 2767 et
1394 2714 1567 2774 hominibus,
1591 2719 1619 2766 et
1632 2713 1660 2767 in
1673 2726 1735 2764 omne

118 2800 186 2854 dum
201 2805 294 2869 potest
310 2817 315 2850 :
332 2816 368 2852 ne
383 2800 404 2852 si
417 2801 483 2852 dum
492 2800 918 2869 potestnoluerit,ornuinoeum
960 2804 1032 2874 quc-d
1048 2804 1158 2873 sigirnus
1172 2803 1348 2856 considerare
1363 2803 1487 2856 occultos
1510 2802 1680 2855 adversarios
1699 2815 1734 2852 ne

119 2888 199 2943 tarde
213 2888 340 2947 voluerit,
355 2906 412 2942 non
427 2889 523 2958 possit.
540 2892 657 2958 Semper
670 2906 738 2958 ergo
761 2896 916 2942 extremum
959 2892 1185 2956 strosdebemuS,
1202 2893 1249 2961 qni
1271 2909 1383 2961 semper
1405 2891 1509 2945 nostris
1530 2891 1658 2960 operibus
1684 2887 1732 2942 iusi

118 2977 194 3032 diem
217 2976 349 3030 debemus
375 2986 510 3030 rrrcrtuere.
543 2994 737 3048 quemcunque
769 2994 917 3047 possumus
959 2988 1046 3045 stunt,
1063 2997 1174 3051 semper
1188 2997 1220 3033 ex
1240 2987 1336 3033 nostro
1350 2980 1459 3034 defectu
1476 2980 1662 3050 gratulantur.
1678 2979 1731 3040 Quos

120 3065 280 3135 presidere.
300 3066 367 3130 Ecce
382 3081 456 3118 rrurrc
467 3065 558 3135 ipsum
572 3066 646 3118 diem
663 3067 689 3118 in
706 3083 761 3136 quo
777 3039 948 3135 loquimurC
959 3071 1100 3140 Propheta
1115 3070 1228 3125 intuens
1242 3071 1282 3123 ait
1299 3087 1305 3120 :
1327 3071 1426 3122 uDeus
1441 3086 1532 3131 ineas,
1549 3069 1578 3121 in
1595 3074 1622 3121 te
1639 3065 1730 3120 muido.

119 3154 154 3209 ad
169 3153 296 3209 inducias
308 3154 496 3207 corn'ersionis
510 3154 667 3224 accepimus
684 3162 833 3208 :ettamen
843 3156 917 3208 mala
959 3175 1015 3213 non
1039 3158 1211 3219 erubescam,
1236 3174 1327 3228 neque
1352 3157 1491 3210 irrideant
1512 3173 1558 3211 me
1578 3155 1677 3209 inimic-i
1696 3151 1732 3206 nei

118 3259 180 3313 quae
195 3241 310 3296 lecimus
325 3245 392 3296 llere
402 3259 572 3296 recusamus.
586 3244 647 3299 Nou
662 3244 751 3296 solum
766 3244 916 3298 cornvnissa
958 3250 1039 3316 (Psal.
1056 3246 1176 3312 xuni).
1193 3248 1249 3301 »lu
1260 3246 1340 3299 bonis
1350 3246 1428 3299 enim
1445 3245 1579 3316 operibus
1593 3239 1731 3301 intestinis

120 3348 176 3387 nou
191 3330 360 3402 plangimus,
375 3331 520 3385 sedetiam
531 3349 592 3402 (quse
604 3332 912 3401 delleanturaugeurus.
956 3343 1055 3389 contra
1065 3335 1203 3406 rnalignos
1213 3335 1328 3406 spiritus
1340 3335 1462 3388 sollicite
1472 3334 1630 3403 vigilemus,
1642 3329 1731 3402 ipsatr-

118 3421 155 3475 At
169 3419 192 3474 si
206 3419 300 3490 aliqua
314 3435 366 3473 nos
380 3419 517 3490 aegritudo
532 3420 704 3490 corripiat,si
714 3421 914 3490 signaugnitu·
956 3424 1060 3479 risores
1075 3425 1201 3495 patimur
1214 3441 1284 3494 qnos
1299 3424 1334 3477 ad
1356 3424 1463 3477 rusulum
1482 3421 1628 3476 habemus.
1643 3421 1674 3474 Et
1689 3417 1730 3471 deo

119 3507 194 3565 dinis
208 3508 329 3563 acinam
343 3516 462 3563 mortem
477 3509 652 3571 denuntient,
667 3509 792 3563 inducias
806 3509 913 3563 vivendi
956 3513 1074 3567 sollicite
1089 3513 1267 3566 considerare
1283 3513 1426 3577 debemus,
1441 3527 1476 3564 ne
1491 3506 1730 3583 perpusillsnirnh·

117 3596 279 3668 querimus,
295 3604 327 3651 ut
341 3604 454 3667 peccata
469 3605 565 3651 nostra
579 3598 744 3659 defleamus,
759 3605 788 3652 et
799 3615 915 3653 cascum
956 3608 1013 3655 tem
1021 3618 1178 3672 pereamus,
1190 3602 1326 3656 nehostes
1337 3601 1514 3671 spirituales,
1527 3600 1730 3671 quosinnumers

118 3702 221 3756 magno
236 3693 306 3741 estu
320 3686 452 3740 desiderii
466 3686 597 3756 petimus,
615 3703 677 3757 quse
692 3693 813 3757 acceptae
833 3688 916 3741 inodo
958 3690 1028 3744 biles
1042 3690 1187 3753 habemus
1204 3707 1268 3744 cuin
1280 3690 1403 3743 viderint
1417 3707 1468 3743 nos
1493 3689 1529 3743 de
1553 3693 1627 3743 statu
1639 3682 1726 3756 iustitie

120 3775 272 3845 pronihilo
287 3774 436 3829 habentur.
450 3776 602 3829 Pensemus
611 3792 684 3829 nunc
694 3792 779 3845 super
788 3793 839 3828 rios
850 3776 917 3829 divi-
958 3779 1106 3845 corruisse,
1124 3794 1237 3833 curnem
1253 3779 1376 3831 lahorem
1391 3783 1519 3831 nostrum
1530 3778 1560 3830 in
1571 3770 1726 3830 norisshnuiss

118 3864 173 3920 ties
187 3865 339 3919 conditoris
358 3864 456 3924 nostri,
474 3881 589 3935 peccare
603 3881 655 3918 nos
666 3865 736 3918 vidit
745 3870 774 3919 et
791 3866 914 3934 pertulit.
958 3867 1082 3921 derisum
1098 3867 1150 3921 sibi
1165 3868 1270 3921 ducant
1283 3868 1368 3920 vitam
1384 3872 1519 3920 nostram.
1533 3872 1563 3919 et
1573 3865 1650 3919 nobis
1662 3864 1684 3916 ἰι
1696 3874 1727 3928 op

119 3953 173 4016 Qui
187 3969 238 4008 uos
252 3959 319 4006 ante
332 3953 440 4023 culpam
458 3970 572 4023 peccare
587 3952 740 4024 prohibuit,
755 3953 841 4009 etiam
856 3960 918 4024 post
959 3956 1227 4027 probriumvertant.
1241 3957 1345 4020 Quales
1356 3955 1430 4009 enirn
1442 3955 1606 4025 egrediente
1617 3947 1728 4006 animalu-

118 4041 230 4111 culpam
244 4047 403 4111 exspectare
414 4041 449 4094 ad
460 4042 759 4095 veniamnondesistit.
775 4043 843 4096 Ecce
859 4042 918 4112 ipse
960 4045 1103 4099 veniemus·
1111 4045 1236 4117 prefecto
1244 4045 1280 4098 ab
1288 4051 1403 4099 auctore
1416 4052 1522 4109 nostro,
1537 4045 1608 4098 tales
1619 4036 1728 4111 judicail·

120 4146 172 4185 nos
187 4145 270 4199 quem
284 4130 556 4201 daspexunusvocat,
568 4131 658 4184 aversi
667 4130 703 4184 ab
715 4131 763 4185 illo
773 4148 871 4185 sumus
892 4137 919 4185 st
961 4150 1032 4187 mur.
1045 4134 1125 4188 Unde
1135 4135 1270 4205 scriptum
1280 4139 1339 4188 est:
1354 4151 1366 4181 a
1382 4134 1520 4189 Doniinus
1535 4131 1670 4204 iudicabit
1681 4129 1726 4180 lue

120 4224 216 4274 tamen
231 4235 287 4272 non
302 4219 411 4272 avertit.
429 4219 508 4274 Unde
522 4236 572 4289 per
584 4220 685 4273 lsainm
700 4219 804 4274 dicitur
819 4239 823 4272 :
844 4243 856 4273 ι
887 4221 920 4275 ht
960 4223 1077 4290 terraell
1091 4225 1152 4290 lleq.
1164 4239 1192 4288 n,
1207 4223 1260 4291 lu).
1274 4243 1287 4275 u
1298 4222 1584 4292 Necnosjuvatboue
1595 4209 1727 4291 crispiussi
1746 4221 1749 4225 ’

120 4313 205 4363 erunt
218 4308 290 4362 oculi
305 4308 348 4362 tui
363 4307 488 4361 uidentes
499 4313 827 4379 praecept01·emtuum,et
837 4326 920 4363 aures
960 4311 1110 4383 contigerit
1124 4313 1197 4365 male
1211 4312 1302 4372 linire.

119 4403 176 4452 aaa
186 4396 302 4451 audient
313 4413 407 4451 vocem
422 4402 487 4467 post
500 4403 611 4467 tergum
620 4398 761 4452 monentis
772 4399 835 4464 tlsu.
850 4391 950 4464 isan

119 4483 204 4556 aba»
221 4486 307 4549 Quasi
321 4485 350 4540 in
364 4484 464 4540 faciem
478 4486 562 4540 homo
584 4487 708 4540 monitus
727 4492 779 4552 est,
795 4488 916 4557 quando,

120 4574 156 4631 ed
168 4574 308 4644 justitiam
325 4575 463 4641 conditus,
476 4575 795 4646 praecepmrectitndinis
801 4577 918 4646 accepit.
997 4578 1035 4632 Ut
1044 4579 1292 4651 ergolongauimes
1303 4594 1484 4650 perseverare
1491 4578 1629 4650 possimus
1642 4577 1667 4629 in
1680 4572 1726 4623 hun

121 4663 176 4718 Sed
199 4679 263 4717 cum
287 4664 346 4717 heac
369 4663 466 4719 eadem
490 4670 630 4735 precepta
646 4666 823 4734 contempsit,
841 4665 920 4735 quasi
962 4667 1036 4738 quod
1049 4668 1194 4739 ecepimus,
1207 4668 1383 4740 imploranda
1396 4672 1439 4721 est
1454 4660 1725 4721 misericordiadiviuss¹

120 4750 259 4807 conditori
275 4769 326 4807 suo
337 4752 453 4807 dorsum
467 4752 570 4806 mentis
585 4752 614 4806 in
639 4752 738 4807 faciem
763 4754 849 4807 dedit.
866 4754 920 4808 Sed
961 4761 994 4811 ut
1008 4756 1200 4813 misericordia
1214 4774 1274 4828 que
1290 4773 1341 4811 nos
1356 4756 1491 4827 praeuenit
1508 4756 1683 4826 subsequatur
1693 4759 1726 4800 ute

121 4857 186 4896 ecce
208 4840 301 4895 adhuc
321 4847 385 4911 post
401 4846 512 4912 tergum
528 4841 665 4912 sequitur,
687 4846 716 4896 et
730 4849 836 4908 monet,
855 4843 922 4914 quia
961 4845 1092 4899 omnibns
1110 4845 1209 4900 «liebus
1229 4847 1293 4900 vitae
1316 4850 1428 4900 nostrae.
1445 4845 1632 4915 Cogitandum
1655 4837 1727 4911 quippe

119 4931 180 5000 jam
194 4935 249 4984 eta
265 4929 345 4984 nobis
355 4936 533 5001 contemptus
547 4940 599 4994 est,
615 4936 753 4986 ettamen
768 4949 820 4986 nos
830 4933 921 4987 adhuc
961 4935 1041 4987 valde
1055 4942 1099 4991 est
1113 4941 1251 5005 quantum
1264 4934 1344 4989 nobis
1359 4934 1414 4988 erit
1427 4933 1565 4988 terribilis
1578 4934 1644 4987 horn
1656 4931 1726 4983 nostre

121 5034 220 5074 vocare
234 5035 291 5073 uon
306 5025 405 5073 cessat.
419 5019 503 5083 Quasi
515 5020 629 5074 dorsum
644 5020 671 5073 ei
687 5021 713 5074 in
731 5021 829 5074 farciens
842 5021 921 5075 dedi·
963 5023 1141 5077 resolutionis
1162 5024 1210 5094 qui
1234 5041 1319 5094 pavor
1334 5023 1473 5089 litteraria,
1494 5029 1601 5094 quanta
1621 5027 1677 5074 tuuc
1688 5024 1726 5065 oni

123 5122 195 5168 nius,
211 5109 291 5177 cujus
307 5108 389 5162 verba
404 5107 582 5178 despicimus,
594 5110 674 5177 cujus
688 5117 827 5180 praecepta
836 5111 922 5164 calca-
962 5113 1041 5166 nium
1058 5113 1195 5167 malorum
1211 5113 1356 5175 memoria,
1373 5099 1725 5182 quaeobliviotransacnlr
1777 5128 1780 5163 ι

122 5211 193 5251 mus.
211 5196 265 5253 Sed
275 5203 352 5251 stans
363 5204 426 5268 post
439 5203 552 5265 tergum
572 5213 623 5251 nos
647 5198 777 5251 adversos
797 5207 916 5265 revocat,
960 5200 1083 5266 licitatis,
1100 5218 1161 5272 quae
1176 5201 1295 5255 formido
1310 5206 1339 5254 et
1351 5200 1542 5255 consideratio
1556 5198 1660 5270 judicis.
1676 5183 1724 5254 <llll
1777 5186 1780 5257 i

123 5283 210 5351 quiet
221 5285 297 5339 videt
311 5286 385 5355 quod
399 5286 599 5357 despicitu1·,ct
614 5292 709 5340 tarum
720 5305 769 5357 per
781 5295 919 5359 praecepta
961 5306 1027 5359 ergo
1036 5306 1096 5343 esse
1108 5289 1187 5343 nobis
1197 5290 1231 5343 de
1241 5289 1425 5361 praesentibus
1441 5289 1477 5345 ad
1490 5277 1724 5348 delantioaeult·

121 5370 234 5436 clamat,
252 5390 301 5442 per
315 5375 481 5444 patientiam
492 5381 641 5445 exspectat.
660 5378 810 5430 Perrscmus
821 5395 886 5446 ergo
897 5378 919 5430 si
962 5377 1017 5440 het,
1035 5379 1146 5448 quando
1161 5379 1269 5432 cunctis
1283 5379 1365 5431 simul
1382 5377 1594 5432 transeuntibus
1610 5391 1659 5437 non
1676 5363 1723 5419 ulti

123 5458 237 5515 cullibet
246 5470 374 5517 nostrum
388 5464 511 5534 loquenti
529 5465 651 5518 tinnulus
671 5484 739 5519 sinus
760 5466 851 5520 subito
877 5484 921 5520 su·
961 5467 1162 5538 transirequod
1173 5468 1311 5521 imminet.
1324 5468 1437 5538 quando
1452 5474 1481 5521 et
1495 5467 1549 5521 hoc
1561 5465 1673 5520 funditus
1684 5449 1723 5508 ll*

1187 4457 1223 4509 de
1234 4457 1303 4509 bonu
1317 4457 1532 4523 persequutio.

122 5546 259 5618 peruret,
275 5557 354 5619 terga
372 5551 402 5606 in
430 5553 531 5607 faciem
558 5554 692 5617 mitteret,
710 5556 836 5625 nunquid
865 5572 920 5610 non
961 5562 1009 5609 tur
1023 5557 1099 5626 quod
1114 5556 1250 5626 diligitur,
1263 5563 1293 5609 et
1305 5556 1376 5611 illud
1389 5556 1525 5627 incipian
1538 5554 1586 5610 ubi
1598 5552 1723 5608 dolorm
