3772 6120
71 355 143 415 loll
548 357 596 413 DE
613 356 723 414 vl'llls
741 356 786 414 ET
805 356 1029 415 VlR'l'U'l'IBUS.
1048 389 1081 400 -
1100 358 1168 415 tre.
1184 357 1234 416 111.
1646 353 1715 415 1342

71 482 143 539 dum
157 496 244 538 vanas
260 481 402 538 doctrinas
417 482 564 538 hominum
579 481 672 537 fausta
685 482 728 537 vel
751 482 905 544 infaustaA
917 487 965 537 tur
977 498 1038 538 esse
1052 482 1214 554 injuriosus,
1228 483 1381 539 maledicus
1394 490 1447 551 est,
1463 482 1578 540 utillud
1592 483 1628 539 de
1642 497 1714 538 caco

70 572 217 628 oesfimem
239 576 377 642 tempora,
401 571 455 625 nisi
475 570 698 640 magnitudinem
714 587 748 625 ex
775 571 876 626 timore
919 573 1006 639 tloan.
1019 574 1057 642 rr)
1070 590 1075 624 :
1090 571 1319 628 «Maledirerunt
1337 574 1417 629 illum
1430 573 1529 639 ludaei,
1541 577 1571 627 et
1584 570 1716 644 dixerunt

69 660 201 733 Apostoli
217 676 400 731 pensaremus
417 660 528 731 quando
539 660 601 713 ait:
624 659 745 714 «Timeo
762 676 820 726 vos,
841 675 876 715 ne
917 660 942 714 ei
959 678 964 712 :
981 659 1023 715 'lu
1038 660 1191 731 discipulus
1204 661 1279 716 illius
1292 662 1340 717 sis.
1360 682 1373 715 n
1392 665 1544 732 (Basilius.)
1570 663 1628 717 Aut
1651 661 1715 732 quis

70 749 145 804 torte
156 749 218 804 sine
229 765 313 804 causa
322 748 507 804 laboraverim
515 748 627 803 invobis
635 748 704 816 (Gal.
721 765 755 815 rv,
777 747 840 815 ln?
860 767 873 800 n
917 748 1044 804 crederet
1059 750 1202 804 tristitiam
1225 751 1318 805 saculi
1340 752 1515 806 mortiferum
1541 767 1601 806 esse
1621 767 1715 821 pecca·

70 837 154 910 Saepe
170 839 245 892 enim
262 838 388 908 quaedam
398 838 875 908 peccatamagnaethorrendacum
916 842 987 904 tum,
1003 837 1057 892 nisi
1071 839 1174 892 Paulus
1190 840 1333 911 apostolus
1348 841 1455 896 diceret
1471 859 1476 894 :
1493 860 1505 894 c
1520 839 1648 896 Tristitia
1661 856 1715 895 sae·

69 927 350 983 inconsuetudinem
365 927 877 998 veneruntautparraautnullaesse
917 926 972 982 culi
995 933 1115 981 mortem
1139 934 1272 998 operatur
1287 931 1326 997 (ll
1340 930 1400 984 Cor.
1418 930 1444 994 7,
1462 928 1528 996 lot?
1554 947 1567 983 r
1589 928 1716 985 Tristitia

69 1017 237 1082 creduntur,
253 1033 342 1087 usque
358 1017 428 1071 adeo
442 1033 499 1071 non
512 1016 601 1071 solum
623 1033 679 1071 non
700 1016 873 1085 occultanda,
916 1015 1010 1070 saeculi
1025 1023 1068 1070 est
1077 1033 1140 1070 cum
1154 1016 1260 1088 aliquid
1276 1018 1311 1071 de
1334 1018 1417 1073 rebus
1440 1018 1571 1073 humanis
1594 1018 1638 1073 rel
1653 1034 1715 1089 quae

69 1122 171 1162 rerum
191 1105 277 1160 etiam
302 1105 489 1176 praedicanda,
519 1105 691 1160 diffamanda
716 1105 873 1172 videantur,
916 1105 952 1159 ad
967 1104 1100 1160 saeculum
1115 1105 1258 1176 pertinent
1272 1108 1480 1163 contristamur.
1500 1107 1629 1163 Tristitia
1649 1121 1715 1163 vero

70 1195 196 1267 quaudo,
215 1194 287 1249 sicut
302 1195 437 1266 scriptum
453 1201 504 1260 est,
524 1195 697 1249 «Laudatur
707 1195 874 1265 peccatoria
916 1195 1070 1250 secundum
1085 1195 1175 1250 Deum
1191 1201 1242 1261 est,
1258 1212 1382 1268 cumpro
1397 1196 1499 1252 nostris
1512 1196 1716 1269 proximorum·

68 1283 222 1357 desideriis
234 1284 335 1338 animae
349 1301 416 1349 suae,
430 1289 458 1337 et
481 1283 529 1355 qui
545 1283 643 1354 iniqua
665 1284 740 1353 gerit
761 1283 874 1339 benedi·
914 1300 969 1355 que
992 1283 1131 1339 erratibus
1151 1283 1308 1351 tristamur,
1325 1285 1360 1339 de
1375 1303 1431 1356 qua
1453 1285 1529 1340 idem
1554 1285 1623 1340 dicit
1636 1286 1713 1356 Apo·

69 1371 332 1445 cetu-(escant).
350 1390 363 1425 s
383 1372 458 1427 Talis
475 1373 504 1425 in
527 1371 629 1427 divinis
650 1372 800 1443 Scripturis
818 1372 873 1428 ini·
914 1374 1032 1428 stolus:
1059 1373 1212 1428 «Tristitia
1226 1373 1379 1429 secundum
1394 1375 1484 1430 Deum
1497 1375 1615 1430 salutem
1630 1373 1716 1428 stabi·

69 1461 167 1534 quitus
181 1461 288 1516 clamor
304 1467 426 1516 vocatur.
442 1461 522 1517 Unde
537 1466 580 1515 cst
598 1461 666 1516 illud
689 1462 718 1515 in
741 1461 844 1517 Genesi
865 1480 871 1516 ι
914 1461 970 1516 lem
985 1468 1118 1533 operatur
1134 1463 1239 1532 (llud).
1258 1483 1270 1514 n
1288 1463 1360 1518 Sunt
1374 1468 1403 1518 et
1415 1464 1472 1518 alia
1490 1462 1586 1533 gravia
1600 1467 1716 1534 peccata

70 1568 85 1605 c
101 1551 221 1606 Clamor
234 1550 420 1606 Sodomorum
437 1557 465 1605 et
486 1550 649 1605 Gomorrha
672 1550 876 1622 multiplicatus
917 1550 1039 1621 plurima
1053 1552 1087 1604 de
1101 1551 1203 1622 quibus
1218 1568 1268 1624 per
1281 1551 1406 1607 diversas
1420 1556 1581 1607 sanctarum
1593 1552 1717 1623 Scriptu-

69 1646 113 1695 est
124 1640 205 1707 (Gen.
217 1655 289 1705 nuru,
303 1638 360 1709 20),
375 1640 538 1711 »quianon
553 1639 644 1694 solum
654 1641 715 1711 jam
730 1640 805 1711 apud
829 1658 876 1696 eos
916 1655 1013 1694 rarum
1036 1640 1153 1711 paginas
1177 1640 1318 1696 studiosus
1336 1643 1433 1708 lector,
1455 1641 1524 1695 licet
1546 1641 1674 1711 sparsim,
1691 1640 1717 1696 si

68 1745 127 1785 non
141 1727 335 1800 puniebantur
345 1729 393 1783 illa
407 1728 523 1799 llagitia,
542 1745 638 1783 verum
661 1733 690 1783 et
704 1729 813 1800 publice
828 1747 875 1784 ve·
917 1729 1003 1800 cupit,
1020 1728 1144 1784 inveniet
1157 1730 1255 1797 multa,
1272 1747 1333 1802 quae
1348 1747 1412 1786 cum
1430 1730 1460 1785 in
1484 1728 1717 1786 consuetudinem

70 1818 123 1875 luti
136 1818 203 1888 lege
218 1817 478 1889 frequentabantur,
493 1818 567 1873 unde
581 1819 715 1888 scriptum
731 1823 774 1873 est
790 1838 796 1873 2
816 1837 829 1869 «
842 1803 905 1874 utB
917 1818 1041 1885 veniunt,
1057 1824 1088 1873 ut
1101 1819 1333 1890 suprascriptum
1348 1824 1399 1887 est,
1417 1825 1467 1874 aut
1476 1836 1561 1891 parva
1575 1826 1625 1874 aut
1639 1818 1718 1874 nulla

69 1913 222 1981 peccatum
237 1923 320 1962 suum
335 1907 415 1978 quasi
440 1907 560 1961 Sodoma
579 1907 808 1977 praedicaverunt,
825 1923 877 1962 nec
917 1924 978 1964 esse
992 1907 1155 1962 creduntur.
1172 1907 1251 1963 Unde
1266 1908 1438 1962 clarissimus
1453 1908 1551 1963 doctor
1572 1909 1601 1963 S.
1617 1909 1717 1978 Augu-

71 1996 286 2053 absconderunt
305 1996 374 2051 illud
391 1997 458 2068 (lca.
483 2013 520 2062 ru,
545 1995 614 2065 9).s
645 1997 694 2050 Est
720 1996 796 2051 enim
824 1997 877 2052 hoc
917 1998 1008 2052 stinus
1028 1997 1175 2068 episcopus
1199 1997 1236 2071 in
1250 1997 1422 2068 expositione
1436 1996 1566 2068 Epistola
1590 1997 1617 2052 S.
1635 1996 1717 2052 Pauli

68 2091 221 2160 peccatum
234 2085 441 2157 gravissimum,
459 2085 533 2157 quod
549 2101 605 2139 non
625 2085 716 2140 solum
737 2102 802 2140 suos
824 2102 875 2140 su·
917 2085 1086 2152 adGalatas,
1101 2087 1274 2140 cumdolore
1290 2085 1376 2140 nimio
1388 2086 1545 2140 exclamare
1555 2073 1716 2156 compulsus

69 2180 175 2243 mores,
191 2191 289 2230 verum
304 2174 389 2228 etiam
404 2179 432 2229 et
447 2191 494 2228 eos
510 2191 580 2245 quos
595 2174 747 2229 mortiferis
767 2191 874 2229 sermo·
916 2179 968 2242 est,
994 2175 1089 2230 dicens
1112 2194 1118 2228 :
1148 2175 1196 2231 Vae
1225 2174 1345 2246 peccatis
1372 2174 1528 2241 hominum,
1557 2191 1619 2246 quae
1656 2174 1717 2230 sola

67 2263 155 2321 nibus
178 2270 208 2319 et
231 2263 339 2319 actibus
360 2263 395 2317 ad
420 2263 592 2335 peccandum
613 2264 761 2334 pertrahit,
778 2280 875 2335 perpe·
916 2262 1051 2319 inusitata
1071 2265 1304 2330 exhorrescimus,
1324 2263 1430 2318 usitata
1450 2280 1514 2317 vero
1540 2279 1590 2335 pro
1614 2262 1716 2334 quibus

66 2358 152 2410 tuam
166 2353 295 2425 perducit
310 2353 344 2408 ad
357 2368 479 2424 poenam.
497 2352 567 2407 Cum
583 2352 657 2406 enim
682 2352 734 2406 hoc
759 2359 788 2407 et
809 2352 874 2407 huic
916 2352 1062 2408 abluendis
1085 2353 1149 2408 Filii
1171 2353 1222 2408 Dei
1246 2352 1361 2423 sanguis
1388 2352 1494 2406 ellusus
1516 2358 1567 2418 est,
1589 2351 1717 2424 quamvis

66 2443 164 2499 simile
178 2443 298 2515 quisque
319 2447 471 2515 perpetrat,
487 2447 531 2519 tot
548 2441 684 2497 mortibus
707 2442 808 2513 dignus
832 2448 875 2498 est
916 2448 975 2496 tam
1003 2458 1107 2513 magna
1128 2441 1185 2496 sint
1208 2448 1239 2496 ut
1260 2442 1375 2496 omnino
1399 2440 1491 2496 claudi
1506 2446 1601 2495 contra
1624 2458 1654 2495 se
1673 2439 1716 2495 sa·

66 2538 141 2604 quot
162 2533 197 2587 ad
221 2537 335 2587 caeteros
360 2530 524 2603 perditionis
550 2531 677 2602 exempla
697 2531 872 2588 transmittit.
915 2531 992 2585 ciant
1014 2547 1134 2601 regnum
1158 2531 1219 2596 Dei,
1242 2548 1315 2601 saepe
1337 2530 1453 2585 virendo
1469 2530 1564 2584 omnia
1583 2530 1716 2597 tolerare,

66 2621 163 2679 Nemo
171 2621 486 2691 etenimtammagnum
496 2624 610 2691 putaret
619 2619 873 2691 concupiscentiam
915 2636 988 2690 saepe
1013 2619 1160 2675 tolerando
1183 2619 1321 2674 nonnulla
1341 2619 1426 2674 etiam
1448 2619 1539 2675 lacere
1561 2617 1689 2689 cogimur
1707 2636 1715 2687 ;

68 2709 199 2766 libidinis
220 2726 281 2764 esse
307 2715 462 2782 peccatum,
490 2708 544 2763 nisi
571 2709 708 2764 Dominus
735 2708 841 2764 diceret
865 2728 871 2765 :
915 2714 999 2780 atque
1031 2710 1155 2774 utinam,
1186 2725 1202 2763 o
1229 2709 1358 2777 Domine,
1381 2725 1437 2763 non
1460 2708 1556 2763 omnia
1581 2725 1642 2779 quae
1669 2724 1717 2778 po·

72 2798 162 2863 «Qui
184 2798 285 2853 viderit
303 2798 450 2852 mulierem
472 2799 507 2851 ad
530 2797 781 2869 concupiscendum
800 2815 872 2864 eam,
916 2797 1055 2852 tuerimus
1080 2797 1231 2869 prohibere
1264 2796 1420 2852 faciamus?
1448 2796 1615 2852 Nullatenus
1640 2796 1718 2852 enim

66 2887 130 2960 jam
138 2887 717 2956 moechatuscsteamincordesuo(sduttb.
739 2903 767 2952 r,
783 2885 839 2955 98).
859 2905 872 2938 n
916 2885 952 2941 de
974 2885 1041 2958 ipsis
1063 2886 1239 2952 criminibus,
1256 2887 1411 2958 quamlibet
1431 2886 1551 2956 magnis,
1567 2886 1597 2941 in
1619 2890 1717 2940 sancta

69 2976 142 3043 Quis
158 2977 262 3032 etenim
276 2982 336 3030 tam
348 2976 455 3046 grande
469 2978 582 3047 putaret
595 2992 656 3029 esse
669 2980 814 3046 peccatum
828 2976 872 3030 in·
917 2975 1040 3030 Ecclesia
1062 2975 1240 3030 remittendis
1258 2975 1310 3030 Dei
1328 2975 1520 3029 misericordia
1542 2974 1720 3047 desperanda

71 3065 184 3122 utiliter
198 3081 341 3118 reservare
353 3062 473 3130 divitias,
489 3061 669 3119 nisilacobus
684 3062 789 3117 diceret
803 3079 872 3134 apo·
915 3069 959 3119 est
974 3064 1122 3135 agentibus
1148 3064 1342 3135 poenitentiam
1363 3063 1516 3119 secundum
1533 3064 1647 3120 modum
1667 3080 1718 3120 cu-

71 3153 165 3211 stolus
190 3154 259 3222 (lac.
279 3168 306 3219 v,
330 3152 352 3220 ll
370 3170 407 3206 :s
432 3151 515 3224 Agite
530 3168 614 3217 nunc,
639 3152 748 3215 divites,
766 3131 903 3223 plorateC
914 3154 1018 3224 jusque
1042 3153 1158 3224 peccati.
1176 3153 1209 3209 ln
1233 3153 1342 3208 actione
1366 3158 1460 3207 autem
1484 3152 1655 3224 poeniteutiae
1668 3152 1717 3208 ubi

71 3242 218 3300 ululantes
233 3242 261 3296 in
274 3241 393 3296 miseriis
408 3258 470 3312 quae
484 3241 634 3295 advenient
650 3240 749 3294 robis?
765 3241 874 3296 Aurum
914 3243 973 3297 tale
994 3242 1176 3296 commissum
1198 3248 1241 3296 est
1259 3248 1292 3297 ut
1315 3242 1338 3295 is
1354 3242 1401 3313 qui
1417 3242 1559 3297 commisit
1571 3259 1589 3295 a
1611 3242 1716 3297 Christi

71 3317 269 3403 stangentum
284 3337 406 3385 restrum
422 3329 597 3399 aeruginavit,
613 3335 642 3383 et
658 3346 752 3400 aerugo
776 3346 874 3385 eorum
915 3331 1002 3386 etiam
1016 3348 1133 3402 corpore
1148 3337 1303 3402 separetur,
1321 3347 1376 3385 nou
1391 3337 1449 3385 tam
1460 3329 1663 3386 consideranda
1672 3334 1717 3386 est

71 3419 103 3476 in
123 3420 320 3475 testimonium
341 3419 418 3474 vobis
442 3421 504 3484 crit,
521 3425 550 3473 et
575 3418 755 3472 manducabit
778 3435 876 3472 carnes
917 3436 1049 3474 mensura
1064 3420 1200 3491 temporis
1215 3435 1299 3490 quam
1309 3418 1424 3486 doloris,
1442 3436 1455 3470 a
1471 3418 1526 3473 Gor
1552 3419 1628 3474 enim
1651 3435 1716 3474 con·

72 3513 183 3565 vestm
198 3508 270 3563 sicut
283 3508 366 3579 ignis.
385 3527 396 3559 r
413 3504 515 3578 (Grac.)
528 3507 616 3562 Valde
631 3508 734 3562 etenim
750 3513 875 3578 peccant,
918 3509 1018 3563 tritum
1029 3507 1244 3563 ethumiliatum
1254 3507 1328 3561 Deus
1335 3507 1504 3578 nonspernit
1517 3508 1590 3571 (Ptol
1594 3506 1715 3577 .r.,l9).r

75 3599 125 3670 qui
149 3596 267 3653 verbum
292 3613 376 3651 sacrae
399 3597 604 3668 praedicationis
625 3596 733 3650 utiliter
753 3596 877 3667 proferre
918 3597 1022 3652 Verum
1038 3597 1112 3667 quod
1122 3595 1287 3668 plerumque
1302 3596 1505 3650 doloralterius
1522 3596 1613 3650 cordis
1627 3597 1733 3670 occule

75 3691 204 3761 possunt,
220 3692 249 3741 et
267 3691 362 3740 tamen
383 3686 435 3740 sub
459 3685 570 3740 silentio
594 3684 778 3739 abscondunt.
797 3685 877 3740 Unde
918 3692 964 3741 tus
977 3691 1020 3739 est
1034 3684 1123 3748 alteri,
1141 3700 1192 3739 nec
1203 3685 1232 3738 ie
1246 3683 1365 3738 aliorum
1380 3683 1510 3739 notitiam
1521 3683 1716 3754 perverbarel

75 3791 127 3848 per
141 3775 322 3831 Salomonem
337 3775 440 3829 dicitur
456 3794 464 3829 :
482 3792 495 3826 c
511 3773 565 3838 Qui
579 3772 724 3828 abscondit
736 3774 879 3831 frumenta
919 3791 1092 3846 quaecunque
1106 3774 1163 3828 alia
1179 3773 1261 3844 signa
1275 3773 1408 3844 procedit,
1425 3789 1489 3826 cum
1508 3772 1545 3827 sit
1558 3789 1652 3827 coram
1667 3774 1716 3829 illo

68 3864 256 3929 ,maledicitur
274 3864 303 3917 in
326 3864 436 3935 populis
452 3864 541 3931 (Pron.
559 3879 594 3920 11.
620 3861 664 3925 ib)
683 3881 688 3915 :
707 3882 720 3914 »
735 3863 877 3918 frumenta
918 3864 963 3918 cui
978 3863 1104 3918 dicitur:
1124 3862 1278 3917 «Gemitus
1294 3878 1373 3916 meus
1385 3879 1403 3916 a
1416 3866 1444 3916 te
1454 3878 1509 3916 non
1520 3861 1717 3918 cstabscondi·
1824 3884 1837 3899 ·

76 3955 182 4026 quippe
198 3951 366 4007 abscondere
388 3958 430 4007 est
449 3951 654 4022 predicationis
676 3957 779 4006 sancta
801 3953 877 4023 apud
917 3951 1237 4020 tus(Psal.1rxru,10),
1251 3950 1720 4027 rrecteconstituunturabhisqui

76 4059 105 4099 se
119 4041 209 4098 verba
223 4041 353 4096 retinere.
369 4041 402 4097 ln
427 4040 537 4111 populis
556 4047 652 4094 autem
673 4041 738 4095 talis
758 4041 877 4112 quisque
917 4041 1047 4097 Ecclesiis
1062 4046 1187 4112 presunt
1202 4046 1331 4112 tempora
1345 4040 1524 4111 poenitentia,
1541 4046 1574 4095 ut
1597 4040 1727 4099 sadsliat‘

75 4131 266 4196 maledicitur,
284 4131 350 4201 quia
364 4131 393 4184 in
408 4129 494 4184 solius
508 4130 591 4199 culpa
605 4129 708 4183 silentii
722 4131 877 4199 permulto·
918 4130 1004 4185 etiam
1019 4129 1156 4194 Ecclesiae,
1172 4128 1201 4183 in
1213 4145 1269 4200 qua
1283 4129 1466 4186 remittuntur
1474 4130 1535 4201 ipsa
1546 4136 1717 4201 peccatam·
1732 4199 1734 4202 y

76 4235 150 4286 rum,
164 4237 237 4292 quos
250 4220 389 4290 corrigere
400 4219 500 4290 potuit,
516 4233 599 4289 poena
611 4219 772 4274 damnatur.
788 4219 877 4275 Nemo
917 4224 963 4273 tra
976 4235 1038 4272 eam
1053 4218 1156 4289 quippe
1172 4235 1226 4273 nou
1238 4218 1423 4273 remittuntur
1438 4218 1496 4273 :cui
1509 4235 1575 4289 ergo
1584 4224 1664 4273 tanta
1674 4222 1718 4275 ast

76 4311 151 4367 euim
166 4324 326 4364 sermonem
342 4307 545 4362 maledictionis
564 4307 682 4361 forsitan
695 4306 798 4378 aliquis
818 4313 877 4362 tam
917 4308 997 4379 lepra
1006 4307 1142 4378 gravioris
1153 4308 1268 4379 peccatu
1285 4314 1317 4362 ut
1331 4325 1348 4361 a
1361 4307 1545 4362 saluberrimo
1555 4308 1717 4379 corporisct

76 4399 242 4455 horrificum
259 4402 372 4469 putaret
386 4412 447 4450 esse
470 4402 626 4467 peccatum,
642 4396 768 4466 quamvis
791 4402 878 4452 secta·
918 4396 1184 4467 sanguinisllomini
1193 4397 1397 4451 medicamento
1407 4412 1464 4450 non
1474 4395 1578 4462 animo,
1591 4395 1640 4450 sed
1653 4412 1716 4451 cor·

73 4493 151 4545 tores
165 4504 233 4543 suos
247 4503 265 4541 a
280 4487 332 4541 Dei
345 4490 457 4558 separat
470 4501 566 4555 regno,
583 4484 638 4538 nisi
651 4484 756 4539 Paulus
770 4484 907 4547 diceretD
916 4502 983 4556 porc
990 4491 1147 4556 separetur,
1158 4484 1274 4538 consilio
1281 4489 1310 4538 et
1317 4485 1483 4539 auctoritate
1490 4484 1624 4540 antistitis
1631 4484 1716 4541 debet

72 4576 221 4650 apostolus
238 4594 244 4629 ε
260 4592 273 4627 c
288 4574 387 4645 Neque
401 4573 531 4629 maledici
545 4589 663 4644 regnum
679 4573 730 4629 Dei
752 4574 877 4645 posside·
918 4590 949 4628 se
962 4573 997 4628 ab
1012 4572 1111 4628 altario
1125 4579 1154 4627 et
1167 4572 1362 4627 communione
1374 4589 1478 4628 mensae
1490 4572 1644 4628 Dominicas
1657 4590 1716 4631 non

70 4664 148 4722 bunt
159 4666 188 4735 (1
200 4666 262 4722 Gor.
278 4665 325 4735 m).
343 4682 356 4716 r
382 4664 431 4718 Est
454 4662 529 4718 enim
549 4678 635 4718 causa
654 4662 775 4717 levitatis
792 4663 879 4718 usita-
917 4662 1112 4734 desperatione
1126 4662 1175 4716 sed
1189 4661 1348 4716 humilitate
1362 4677 1505 4717 removere
1519 4662 1555 4716 ad
1577 4662 1717 4734 agendam

69 4753 218 4814 tissimum
232 4759 261 4809 et
273 4752 470 4824 gravissimum
484 4756 641 4824 peccatum,
657 4756 686 4806 et
700 4768 771 4823 pene
782 4752 878 4808 nullus
918 4750 1113 4806 satisfactionis
1127 4750 1364 4822 poemtentiam,et
1374 4751 1716 4821 postmodumsecundum

69 4851 118 4902 ast
133 4844 185 4916 qui
196 4847 276 4899 tanto
289 4841 493 4897 immanissimo
508 4842 612 4896 scelere
627 4839 752 4911 linguam
763 4840 877 4896 restrin·
917 4840 1080 4896 canonicam
1092 4839 1299 4895 institutionem
1314 4839 1481 4895 auctoritate
1490 4847 1519 4895 et
1528 4840 1655 4896 oratione
1668 4856 1715 4895 sa·

67 4940 125 5007 gat
148 4948 241 5000 suam,
257 4947 348 5003 neque
370 4931 456 4999 dives,
473 4946 565 5002 neque
579 4945 696 5001 pauper,
711 4946 802 5002 neque
825 4947 877 4986 no·
917 4929 1037 4985 cerdotis
1051 4927 1235 4984 reconciliari.
1252 4928 1335 4984 Prius
1350 4928 1426 4983 enim
1441 4929 1550 5000 agenda
1564 4934 1608 4983 est
1625 4928 1715 5000 posui-

68 5022 152 5088 brus,
168 5037 260 5094 neque
274 5021 395 5093 sapiens,
411 5036 502 5091 neque
519 5019 664 5091 insipiens,
682 5036 772 5092 neque
794 5020 877 5076 cleri·
917 5019 1016 5085 tentia,
1031 5035 1063 5074 ac
1076 5019 1116 5074 sic
1129 5017 1231 5074 deinde
1245 5018 1297 5073 hoc
1311 5016 1486 5073 salutiferum
1507 5023 1716 5075 sacramentum

68 5127 135 5178 cus,
152 5126 245 5183 neque
260 5110 358 5177 laicus,
373 5125 466 5181 neque
480 5125 573 5177 senex,
585 5125 676 5181 neque
695 5109 814 5180 jureum,
831 5125 878 5166 ne·
918 5108 1127 5180 suscipiendum
1144 5125 1150 5162 :
1170 5106 1251 5172 «Qui
1267 5106 1342 5162 enirn
1356 5106 1567 5163 manducaverit
1588 5105 1714 5178 indigne,

70 5217 132 5276 que
157 5199 418 5271 maculosusque
439 5198 552 5265 femina,
576 5215 667 5271 neque
686 5198 767 5266 liber,
787 5214 878 5271 neque
916 5198 1053 5269 judicium
1067 5197 1122 5253 sibi
1135 5197 1287 5252 manducat
1302 5202 1331 5251 et
1349 5195 1420 5250 bibit
1440 5198 1466 5264 <l
1483 5197 1544 5251 dor.
1563 5210 1601 5262 ru,
1625 5194 1713 5265 29)‚r

69 5306 194 5357 semum
210 5294 239 5344 et
252 5304 309 5344 non
323 5289 414 5344 solum
429 5294 473 5344 est
485 5286 639 5343 maledicus
653 5305 746 5343 sermo
762 5288 810 5359 qui
834 5287 878 5343 di·
918 5289 971 5343 hoc
985 5291 1029 5342 est
1040 5286 1115 5342 enim
1136 5285 1252 5356 indigne
1264 5284 1399 5356 accipere,
1414 5284 1438 5340 si
1460 5301 1494 5340 eo
1510 5288 1637 5356 ternpore
1651 5284 1715 5358 quis

72 5380 150 5437 citur
164 5398 171 5434 :
187 5378 337 5435 Maledicat
350 5377 430 5433 illum
443 5376 590 5443 Dominus,
606 5381 656 5432 aut
674 5376 822 5432 maledicte
836 5376 879 5433 sac
919 5376 1046 5448 accipiat,
1064 5392 1119 5447 quo
1135 5374 1218 5430 debet
1232 5390 1316 5445 agere
1328 5374 1533 5445 poenitentiam.
1548 5373 1666 5444 (prosp.)
1679 5375 1717 5430 m

72 5470 129 5526 hoc
142 5472 194 5526 aut
205 5467 285 5534 illud,
302 5471 352 5522 aut
365 5465 531 5522 maledictus
543 5466 581 5521 sit
589 5486 597 5531 ‚·
619 5466 668 5522 sed
682 5466 768 5522 etiam
784 5465 876 5521 omnis
917 5466 941 5521 si
956 5465 1004 5537 qui
1016 5465 1044 5519 in
1055 5461 1439 5536 aliquograduecclesiastico
1449 5462 1716 5536 constitutialiqucd

75 5573 171 5615 sermo
181 5557 230 5630 qui
238 5555 274 5612 ab
284 5556 336 5611 hoc
352 5555 493 5628 protertur
502 5562 535 5611 ut
548 5555 666 5611 infamet
679 5555 811 5626 aliquem,
827 5559 878 5612 aut
918 5555 1023 5612 occulte
1037 5554 1144 5610 crimen
1157 5552 1320 5618 admittunt,
1338 5552 1392 5624 ipsi
1405 5570 1435 5607 se
1450 5569 1520 5608 rana
1535 5553 1716 5625 persuasione

76 5633 259 5720 derogatam
271 5645 344 5702 male
356 5645 544 5703 commendet.
559 5644 692 5710 Quamvis
711 5660 767 5700 non
783 5643 876 5703 vioea-
917 5639 1070 5717 decipiunt,
1087 5644 1110 5698 si
1126 5641 1166 5698 cis
1178 5640 1289 5698 ridetur
1303 5636 1453 5714 propterea
1466 5641 1673 5699 communicare
1687 5648 1716 5700 et
1734 5632 1738 5641 ’
