3772 6120
118 281 170 337 3⁴3
416 282 446 336 B.
468 280 604 337 RABANI
624 282 738 339 MAURI
758 285 925 338 ARCHIEP.
946 280 1107 338 MOGUNr.
1129 279 1278 336 OPERUM
1296 278 1388 333 PARS
1406 278 1457 333 111.
1705 274 1754 331 alt

118 405 611 478 harmticosproferatur,llarcionem
620 405 914 462 videlicetetllalenti-
922 405 1076 479 Apondere
1094 406 1313 460 demonstratur.
1326 403 1468 474 Quidquid
1486 418 1553 474 ergo
1566 403 1608 457 illi
1621 419 1674 473 pro
1683 403 1757 474 Apo·

64 507 72 517 ·
119 511 188 549 num
202 499 230 548 et
249 510 355 560 ornnes,
372 495 421 566 qui
436 501 534 549 contra
544 500 624 549 vetus
638 495 743 549 latrant
756 496 917 550 Testamen-
957 496 1029 550 stolo
1038 493 1225 549 excusationis
1236 493 1393 557 attulerint,
1404 491 1456 547 hee
1466 507 1523 546 non
1533 508 1583 562 pro
1593 491 1656 563 lege
1669 491 1756 546 veteri

119 591 190 651 tum,
206 599 261 655 qua
275 583 383 638 ratione
398 583 438 636 illi
461 583 508 654 qui
523 589 677 642 creatorem
692 583 914 655 sanguinarium,
957 584 1148 638 defendemus.
1163 583 1258 652 (dap.)
1274 581 1424 636 Maledicta
1442 579 1519 635 enim
1543 587 1572 635 et
1595 579 1758 652 prophetica

119 688 247 726 severum
260 670 436 739 bellatorem,
452 677 481 726 et
496 677 608 727 tantum
624 671 750 743 judicem
765 673 917 728 criminan-
958 673 1098 738 dicuntur,
1110 688 1167 727 non
1176 675 1244 725 sunt
1253 671 1288 724 de
1303 671 1377 724 malo
1389 675 1453 724 vota
1462 669 1654 741 imprecantis,
1663 669 1713 723 sed
1722 669 1757 722 de

119 769 175 826 tur,
187 761 240 814 hoe
255 760 284 815 in
297 760 424 832 apostolo
439 760 490 814 Dei
508 749 575 815 boni
593 761 705 815 valeant
724 777 866 816 excusare.
884 760 919 816 Et
958 761 1074 833 praescio
1094 760 1200 832 Spiritu
1215 758 1426 825 denuntiantis3
1443 774 1511 812 nam
1531 757 1601 812 illud
1619 763 1758 828 tanquam

119 854 194 903 certe
207 849 315 904 nullam
328 854 396 920 puto
410 849 440 903 in
456 849 543 903 reteri
561 849 625 920 lege
644 855 704 904 tam
724 856 842 916 trucem,
859 855 917 904 tarn
959 849 1149 905 stomachatus
1161 854 1191 903 et
1202 846 1366 918 indignatus
1375 845 1461 901 etiam
1470 846 1544 901 male
1559 851 1672 918 optasse
1685 846 1759 901 vide-

119 943 266 993 cruentam
275 937 305 992 in
315 936 423 1009 aliquos
433 953 494 992 esse
512 937 691 1003 sententiam,
704 954 788 1009 quam
806 941 918 993 utinam
959 944 1007 993 tur
1020 938 1180 1009 Apostolus,
1194 937 1306 991 Utinam
1320 942 1345 990 ct
1360 937 1561 990 abscindantur
1575 939 1625 1005 qai
1639 951 1684 989 ees
1697 951 1760 989 con-

119 1027 438 1096 abseindaatur,qaiecs
448 1026 919 1098 conturbant!Necpossuntdieere
960 1027 1094 1081 turbant!
1109 1024 1189 1091 Quod
1204 1024 1311 1097 utique,
1322 1025 1347 1079 si
1356 1023 1514 1079 consideres
1526 1040 1679 1095 personam
1693 1024 1758 1078 scri·

120 1132 215 1170 orasse
242 1116 408 1187 Apostolum
427 1132 478 1186 pro
501 1115 621 1170 inimicis
647 1116 762 1179 Christi,
788 1114 836 1186 qui
857 1117 919 1186 ejus
959 1114 1060 1180 bentis,
1083 1114 1174 1185 magis
1198 1131 1264 1168 eum
1297 1113 1504 1184 elegantissimo
1533 1113 1667 1185 ambiguo
1689 1111 1760 1167 bene
1798 1135 1800 1139 ·

121 1202 257 1260 Ecclesias
270 1203 476 1259 conturbabant
487 1223 493 1270 ;
509 1220 561 1258 nec
570 1221 603 1258 ex
617 1203 766 1259 dilectione
778 1204 920 1277 prolatum
961 1210 1072 1276 optasse
1081 1203 1222 1275 intelliges
1235 1221 1240 1256 :
1252 1207 1318 1257 sunt
1331 1203 1480 1274 spadones,
1490 1202 1539 1273 qui
1551 1202 1660 1274 seipsos
1671 1200 1760 1256 absci-

121 1294 197 1364 quod
206 1299 318 1348 tumore
328 1299 357 1347 et
370 1292 563 1363 indignatione
572 1294 687 1364 plenum
700 1294 761 1365 ipso
770 1293 919 1348 verborum
961 1293 1063 1348 denmt
1076 1297 1191 1364 propter
1204 1308 1324 1362 regnum
1337 1292 1480 1346 coelorum.

373 1581 640 1711 LIBER
688 1584 1030 1716 SEXTUS
1077 1582 1511 1714 DECIMUS.

335 1923 517 1988 SEQUITUR
535 1924 653 1980 CAPUT
672 1925 706 1978 V.
931 1928 1157 1992 Beontcmnant‚
1167 1923 1236 1978 illud
1251 1923 1325 1994 quod
1334 1922 1485 1995 Apostolus
1497 1927 1667 1987 exsecratur,
1680 1920 1765 1974 noxia

163 2014 208 2067 Vos
216 2015 328 2067 enimin
336 2013 489 2067 libertatem
497 2017 586 2068 cecati
595 2017 667 2080 estis,
676 2015 789 2081 fratrea
801 2019 921 2077 teatina,
963 2012 1092 2066 libertate
1102 2012 1228 2067 dicentes
1243 2031 1248 2065 ι
1263 2014 1446 2079 Peccavimus,
1459 2014 1525 2081 quia
1536 2026 1592 2065 aon
1602 2026 1700 2065 sarram
1714 2008 1764 2062 sut

124 2102 525 2157 neliberteteminocccsicncm
534 2102 924 2170 detiscornis,sedpercbori-
965 2104 1029 2170 lege,
1054 2102 1100 2155 sed
1114 2102 1165 2155 snb
1181 2104 1276 2169 qratia
1295 2102 1379 2172 (dont.
1402 2103 1449 2168 u).
1471 2099 1525 2164 Qui
1548 2114 1616 2170 ergo
1641 2113 1694 2152 nec
1712 2094 1765 2151 sub

123 2188 841 2259 tatemscruiteineiccm.(Amb.)Inlibertatemvoeati
847 2196 923 2255 sunt,
964 2190 1058 2260 gratia
1071 2196 1123 2255 est,
1141 2190 1207 2261 quia
1221 2206 1400 2261 nequaquam
1414 2190 1450 2243 ad
1464 2188 1616 2243 Dominicae
1630 2186 1764 2242 doctrine

124 2279 199 2351 quia,
214 2294 278 2333 cum
288 2279 410 2349 pcccatis
423 2284 518 2333 essent
534 2278 655 2344 obnoxii,
670 2279 721 2335 Dei
737 2279 859 2349 gratiam
875 2296 921 2333 ac·
964 2278 1076 2333 culmen
1091 2279 1227 2345 ascendit,
1242 2295 1294 2333 nec
1309 2278 1361 2332 sub
1374 2280 1446 2350 lege,
1459 2277 1526 2350 quia
1540 2277 1626 2332 etiam
1639 2277 1702 2347 ipsa
1717 2274 1766 2329 illa

121 2367 257 2439 cipientes
266 2367 415 2421 remissam
424 2366 589 2422 delictorum
597 2367 708 2423 liberati
716 2373 793 2423 sunt.
803 2370 921 2422 Tanta-m
964 2367 1080 2439 parvula
1089 2368 1159 2438 legis
1170 2368 1305 2422 mandata
1317 2383 1375 2422 non
1384 2367 1511 2439 suscipit,
1525 2365 1571 2420 nie
1584 2364 1689 2437 duplici
1703 2379 1766 2435 pec·

122 2473 156 2511 nc
170 2457 323 2512 libertate-m
336 2460 368 2510 in
387 2459 553 2511 occasionem
567 2460 662 2511 carnis
675 2459 754 2512 dctis.
770 2458 829 2511 Hoc
844 2456 920 2520 dicit,
964 2462 1090 2510 catorum
1100 2473 1249 2529 oppressus
1255 2457 1373 2528 imperto
1389 2454 1648 2527 obsolamgratiam
1659 2453 1765 2508 Christi

123 2561 158 2600 ne
173 2549 315 2616 acceptam
329 2543 491 2600 libertatern
506 2545 613 2599 occasio
630 2546 724 2600 earnis
738 2546 847 2601 adimat
864 2565 869 2599 :
887 2545 923 2600 ad
965 2545 1122 2617 percepisse
1137 2563 1168 2600 se
1182 2546 1280 2612 credit,
1297 2551 1329 2600 ut
1349 2544 1526 2617 pernoxiam
1546 2543 1708 2598 libertatern
1729 2540 1764 2596 ab

123 2635 176 2687 lroc
186 2633 432 2689 enimcircumcidi
444 2651 491 2688 eos
504 2632 644 2701 volebant,
654 2640 686 2689 ut
696 2635 724 2689 in
734 2635 924 2690 conditionem
965 2651 997 2689 eo
1011 2635 1092 2689 ficret
1110 2633 1230 2692 alienus.
1247 2635 1276 2688 in
1290 2633 1360 2689 illud
1378 2634 1513 2699 incidens,
1530 2633 1605 2704 quod
1621 2631 1765 2703 apostolus

123 2720 193 2792 legis
208 2723 357 2776 intrarent.
374 2722 440 2777 Ideo
455 2728 559 2788 monet,
576 2738 612 2776 ne
631 2723 669 2777 sit
682 2723 790 2778 occasio
805 2741 923 2778 consen·
964 2723 1074 2789 Petrus,
1091 2740 1126 2777 ne
1147 2724 1324 2778 incurramus
1339 2723 1470 2778 enuntiat
1485 2742 1490 2776 :
1508 2725 1593 2791 mansi
1613 2723 1706 2784 liberi,
1722 2721 1765 2775 in-

121 2810 272 2865 tiendoeis.
282 2829 295 2862 ι
302 2810 357 2865 Sed
363 2811 725 2883 perdilectionemSpiritus
733 2812 835 2867 servite
846 2812 924 2868 vobis
965 2812 1175 2883 quitantiam
1195 2827 1251 2866 nort
1269 2816 1350 2881 quasi
1366 2815 1490 2867 aeleram
1508 2812 1635 2866 babentes
1649 2812 1767 2864 malitia

122 2898 923 2971 invicem,»nonperaffeetumcarnischaritatemhaben-
965 2902 1120 2955 libertatem
1139 2900 1168 2974 (1
1189 2903 1260 2955 Petr.
1292 2900 1329 2964 ιι).
1356 2901 1460 2955 Beatus
1483 2916 1594 2972 quoque
1622 2893 1767 2971 apostolus

123 2988 200 3055 dam,
215 2988 265 3043 sed
279 3005 330 3060 per
343 2987 480 3059 Spiritum
495 2989 668 3056 exhortatur,
683 2995 716 3044 ut
735 2988 854 3045 invicem
870 2989 923 3045 sibi
965 2990 1070 3044 Paulus
1087 3008 1093 3042 :
1117 2991 1162 3045 l'os
1180 2992 1265 3056 caira,
1282 2990 1384 3061 inquit,
1400 2993 1431 3044 in
1447 2991 1572 3044 libertate
1585 2991 1676 3046 cecati
1690 2991 1765 3051 estis,

122 3077 240 3149 subjecti
250 3076 316 3132 sint.
330 3077 489 3132 «Universa
500 3078 577 3132 enim'
586 3078 631 3132 lex
644 3078 674 3133 in
685 3078 762 3133 vobis
772 3096 829 3134 uno
839 3080 923 3134 verbo
964 3080 1076 3146 fratres,
1092 3078 1121 3132 id
1136 3085 1188 3145 est,
1205 3085 1237 3133 ut
1251 3077 1371 3133 absoluti
1386 3077 1447 3132 sitis
1462 3095 1478 3132 a
1493 3077 1685 3133 dominatione
1700 3093 1767 3147 pec-

21 3192 26 3201 ·
122 3165 529 3238 impletur,ditipcsprocimam
542 3169 923 3237 tuam,sieattcrpsam.»Hoe
964 3168 1030 3233 cati,
1043 3172 1164 3234 tanturn,
1176 3183 1209 3221 ae
1219 3168 1373 3222 libertatem
1384 3171 1415 3221 in
1426 3171 1563 3222 occasione
1579 3169 1674 3221 cornis
1685 3167 1764 3231 dctis,

122 3254 319 3326 scriptumest
336 3254 366 3308 in
386 3254 519 3321 Levitico,
537 3255 611 3326 quod
632 3272 718 3327 supra
739 3257 847 3311 dictum
869 3224 992 3324 esseio
1004 3260 1055 3321 est,
1063 3256 1276 3311 frustrationem
1286 3255 1419 3327 legalium
1430 3262 1634 3327 praceptorum
1644 3254 1768 3309 credatis

121 3344 188 3415 quia
196 3342 329 3415 perfectio
338 3343 437 3398 salutis
448 3360 499 3415 per
508 3343 686 3399 dilectionem
696 3349 839 3417 operatur,
857 3345 924 3416 quia
963 3361 1024 3399 esse
1047 3344 1189 3399 licentiam
1207 3345 1350 3399 vitiorum.
1380 3345 1444 3399 Haec
1463 3361 1528 3399 vero
1551 3343 1677 3405 libertas,
1700 3342 1769 3415 quia

121 3433 170 3504 qui
193 3447 250 3486 non
272 3431 365 3503 diligit
383 3431 508 3498 fratrem,
534 3449 590 3487 non
617 3433 710 3503 diligit
734 3433 833 3501 Deum,
855 3434 924 3489 dicit
963 3448 1112 3504 nusquam,
1126 3432 1180 3487 nisi
1195 3431 1233 3486 ibi
1245 3432 1283 3487 sit
1296 3438 1419 3497 tanturn,
1430 3431 1478 3486 ubi
1489 3432 1626 3486 Dominus
1641 3447 1767 3486 commo·

120 3522 243 3576 ioannes
257 3522 400 3593 apostolus
410 3523 435 3589 (l
447 3522 528 3575 loca.
540 3525 587 3592 rr).
606 3523 722 3590 Quodsi
738 3524 868 3577 mordetis
879 3526 923 3578 in·
964 3526 1053 3586 ratur,
1069 3521 1173 3576 Paulus
1188 3522 1333 3592 apostolus
1348 3522 1429 3576 docet
1442 3540 1447 3574 :
1462 3523 1607 3581 Dorrrinas,
1622 3521 1767 3591 inquiens,

121 3612 207 3667 uicem
222 3615 247 3663 rt
260 3612 428 3673 criminatis,
443 3612 528 3665 videte
543 3627 576 3664 ne
592 3611 627 3664 ab
643 3614 761 3665 invicem
775 3628 922 3666 consuam-
963 3613 1080 3679 spiritns
1094 3616 1131 3664 cst
1148 3627 1155 3661 :
1171 3612 1221 3664 udi
1233 3616 1325 3664 autem
1336 3614 1452 3680 spiritns
1465 3613 1587 3674 Domini,
1601 3610 1642 3664 ibi
1652 3610 1767 3664 libertas

122 3701 205 3764 mins]
213 3697 451 3765 manifestumest,
459 3698 526 3770 quia
533 3697 671 3755 dissensio
680 3699 802 3754 fratrum
809 3699 924 3755 inimica
964 3697 1005 3768 (ΙΙ
1019 3700 1081 3756 Cor.
1103 3702 1151 3768 111).
1170 3700 1347 3771 Quapropter
1366 3700 1463 3769 ignoro
1481 3705 1578 3753 utrum
1592 3699 1669 3753 hunc
1691 3696 1767 3752 beati

124 3793 168 3842 est
176 3787 343 3853 dilectionis,
352 3787 415 3843 ideo
435 3793 531 3843 monet
549 3793 582 3843 ut
591 3788 699 3860 pacifici
709 3788 766 3842 sint
779 3789 925 3861 prolicien-
965 3787 1085 3859 apostoli
1099 3803 1223 3855 sensnm,
1239 3787 1312 3843 sicut
1325 3788 1355 3842 hi
1370 3788 1419 3860 qui
1438 3787 1545 3860 experti
1559 3793 1627 3842 sunt
1641 3787 1767 3858 sapiunt,

123 3883 165 3930 tes
180 3875 307 3930 inbono.
322 3876 522 3931 contentiones
541 3876 617 3931 enirn
633 3882 771 3948 generant
786 3878 922 3949 iurgium,
966 3876 1121 3947 exprimere
1145 3883 1230 3948 atque
1256 3877 1397 3932 elucidare
1415 3876 1570 3948 potuerim;
1589 3892 1678 3931 unum
1698 3877 1767 3941 scio,

122 3966 202 4034 eujus
222 3963 329 4018 fructus
352 3970 396 4019 est
413 3965 476 4019 vitae
496 3966 680 4038 consumptio.
700 3967 820 4036 (licead.)
840 3967 922 4031 Quis·
965 3965 1142 4037 apertissime
1151 3965 1234 4020 illurn
1248 3966 1334 4025 etiam
1344 3967 1405 4022 sine
1415 3965 1587 4038 expositione
1599 3967 1769 4037 cujusquam

123 4052 185 4124 quis
200 4069 267 4123 ergo
281 4053 480 4124 perfectionem
495 4053 659 4124 evangelice
674 4055 817 4110 studuerit
825 4062 923 4110 tenere
965 4053 1095 4108 omnibus
1113 4055 1228 4119 servari,
1251 4055 1298 4126 qui
1320 4055 1480 4126 practicem.
1507 4053 1605 4120 idest,
1628 4053 1768 4108 actualem

123 4140 265 4207 doctrinae,
281 4140 326 4194 hie
340 4139 392 4194 sub
408 4141 502 4210 gratia
515 4142 694 4209 constitutus,
711 4143 817 4214 peccati
832 4142 923 4197 dorni·
964 4142 1086 4212 porrecte
1106 4144 1251 4198 tenuerint
1273 4144 1460 4215 disciplinam.
1479 4144 1541 4198 Non
1562 4143 1639 4197 enim
1654 4142 1766 4197 labora·

123 4228 237 4284 natione
251 4245 307 4284 non
321 4229 473 4301 premitur:
486 4230 539 4285 hoe
548 4237 592 4284 est
601 4231 676 4284 enim
686 4247 747 4285 esse
760 4231 813 4285 sub
820 4232 921 4303 gratia,
964 4230 1044 4296 bunt,
1062 4237 1094 4285 ut
1108 4231 1183 4302 quod
1196 4233 1256 4303 jam
1273 4233 1415 4304 operando
1429 4232 1590 4287 didicerunt
1606 4231 1771 4303 intelligant

123 4335 185 4391 quaa
199 4334 216 4372 a
229 4317 322 4389 gratia
334 4318 505 4372 mandantur
518 4318 656 4389 implere;
676 4319 845 4391 quicumque
858 4337 924 4374 vero
965 4319 1143 4390 disputando.
1160 4320 1213 4375 Sed
1228 4337 1279 4390 per
1293 4323 1466 4385 cleeritctern,
1483 4322 1585 4393 inquit,
1603 4324 1703 4378 scroite
1721 4324 1769 4375 in·

123 4407 302 4481 perfectionis
317 4407 489 4479 Evangelicae
503 4407 672 4479 plenitudini
695 4408 839 4479 subjectus
863 4426 924 4464 esse
964 4412 1059 4463 eicere.
1078 4410 1172 4480 (Aug.)
1185 4410 1239 4474 Qui
1253 4411 1329 4464 enim
1344 4427 1395 4482 per
1405 4411 1572 4465 charitatem
1585 4409 1672 4464 servit
1686 4407 1766 4473 liber,

124 4497 255 4564 noluerit,
276 4513 333 4552 non
357 4497 467 4569 ignoret
486 4513 526 4565 se,
548 4496 675 4567 quamvis
694 4497 851 4569 baptizatus
871 4497 924 4552 sibi
966 4503 994 4551 et
1021 4498 1116 4563 servit,
1137 4503 1166 4553 et
1194 4499 1255 4554 sinc
1284 4500 1398 4553 miseria
1422 4499 1597 4570 obtemperat
1623 4499 1682 4553 Deo
1705 4514 1769 4552 cum

123 4585 295 4641 videaturne
309 4586 473 4653 monachus,
486 4601 615 4640 nonesse
631 4584 684 4640 sub
698 4585 925 4656 gratia,sedsub
967 4603 1063 4641 amore
1087 4587 1214 4643 iaciendo
1237 4589 1311 4660 quod
1343 4589 1469 4655 docetur,
1494 4603 1552 4642 non
1580 4604 1645 4642 curn
1665 4587 1769 4642 timore

123 4673 193 4743 legis
216 4674 307 4729 adhuc
330 4675 447 4730 vinculis
470 4675 656 4747 praepediturn
676 4675 784 4747 peccati
802 4676 926 4747 pondere
967 4676 1042 4747 quod
1056 4677 1175 4747 cogitur.
1184 4677 1263 4733 Tunc
1278 4678 1354 4732 enim
1368 4694 1419 4731 nos
1434 4676 1556 4731 charitas
1566 4693 1584 4731 a
1595 4678 1665 4747 jugo
1680 4676 1769 4747 culpa

122 4762 480 4833 pergravari.Propositum
492 4781 614 4836 namque
625 4770 669 4818 est
683 4764 806 4835 ejusqui
816 4781 924 4829 omnes,
966 4763 1069 4820 liberos
1085 4766 1186 4833 reddit,
1203 4783 1267 4821 cum
1278 4767 1399 4820 vicissim
1414 4783 1465 4820 nos
1480 4770 1608 4820 nostrum
1623 4781 1675 4836 per
1689 4780 1769 4818 amo-

125 4865 143 4902 a
157 4848 258 4920 quibus
271 4855 400 4921 receptus
412 4851 507 4916 fuerit,
518 4853 612 4924 gratia
622 4852 781 4924 adoptionis
795 4854 924 4918 assumit,
967 4869 1027 4907 rem
1041 4854 1156 4910 servitio
1165 4854 1287 4926 subjicit,
1301 4861 1403 4910 etcum
1413 4855 1506 4910 aliena
1515 4859 1612 4908 nostra
1623 4852 1699 4908 bona
1708 4867 1769 4908 cre·

125 4953 181 4992 non
200 4937 355 5004 destruere,
376 4939 425 4992 sed
450 4942 683 5011 superaedificare,
705 4958 756 4996 nec
780 4958 925 5008 evacuare,
967 4941 1070 5008 dimus,
1080 4944 1278 4999 etnostraaliis
1288 4945 1368 5015 quasi
1377 4945 1585 4999 suaollerentes
1594 4941 1769 4996 exhibemus.

126 5025 176 5080 scd
194 5026 348 5097 adimplere
367 5027 504 5081 Mosaicas
519 5030 693 5097 sanctionem
710 5030 785 5102 quod
799 5030 928 5085 nonnulli
971 5030 1107 5100 (Hieron.)
1119 5033 1200 5087 Hune
1213 5034 1306 5088 locum
1321 5050 1376 5104 quo
1390 5033 1459 5088 dicit
1473 5051 1478 5085 :
1497 5035 1542 5087 Vos
1556 5034 1676 5086 catinia
1690 5032 1771 5085 libra·-

124 5116 237 5185 penitus
259 5115 422 5186 ignorantes
442 5121 471 5169 ct
493 5118 675 5174 consiliorum
694 5126 779 5190 atque
796 5120 927 5174 exhorta-
970 5124 1151 5175 tatemoocati
1164 5125 1237 5187 estis,
1252 5124 1365 5190 fratres,
1382 5128 1435 5176 etc.
1454 5121 1521 5193 quia
1534 5121 1614 5175 valde
1634 5119 1771 5175 obscurus

124 5204 235 5259 tionum
246 5204 350 5259 Christi
359 5203 596 5275 magonisscentiam
607 5208 790 5278 negligentes,
800 5208 841 5262 ita
855 5224 928 5279 prae·
969 5214 1021 5273 est,
1033 5208 1068 5262 de
1079 5209 1182 5263 dicimo
1193 5210 1367 5264 Stromatum
1378 5209 1450 5264 libro
1462 5209 1608 5264 transferri
1619 5208 1726 5280 placuit
1736 5207 1771 5262 ad

125 5293 271 5365 sumptivae
281 5291 419 5348 libertatis
433 5292 584 5347 securitate
600 5294 755 5357 solvuntur,
768 5302 800 5351 ut
814 5312 869 5350 non
885 5312 928 5351 so-
970 5296 1085 5350 rerbem
1097 5317 1103 5350 :
1115 5314 1172 5352 non
1188 5298 1262 5369 quod
1277 5298 1387 5368 singula
1399 5314 1454 5352 non
1470 5297 1578 5370 possint
1592 5298 1651 5352 suis
1665 5296 1734 5351 locis
1744 5301 1772 5350 ct

126 5381 184 5435 lum
195 5380 298 5435 Christi
310 5388 450 5453 praecepta
458 5388 594 5453 tanquam
605 5383 693 5437 ardna
703 5400 759 5439 non
773 5385 925 5455 attingant,
969 5384 1098 5439 sensibus
1113 5386 1255 5456 explanari
1275 5404 1281 5437 :
1298 5387 1347 5440 sed
1363 5387 1437 5457 quod
1459 5404 1476 5440 a
1498 5387 1636 5458 superiori
1656 5384 1772 5456 negotio

126 5468 320 5524 verumetiam
334 5470 464 5543 ipsailla,
478 5469 604 5542 quaeillis
620 5471 817 5543 insipientibus
828 5489 927 5544 parsu·
969 5480 1108 5544 separata,
1128 5491 1215 5528 unurn
1231 5474 1343 5529 difficile
1363 5492 1465 5546 corpus
1486 5475 1610 5529 alliciant
1627 5493 1632 5526 :
1650 5472 1717 5528 etsi
1732 5473 1772 5526 sic

125 5557 216 5628 lisque
231 5558 352 5615 Mosaios
367 5559 428 5628 lege
450 5559 581 5612 mandata
603 5566 670 5612 sunt
689 5563 765 5614 velut
778 5561 926 5635 antiquata
969 5561 1162 5632 intelligantur
1172 5569 1204 5616 ut
1214 5571 1356 5622 resonant,
1369 5566 1604 5634 inconsequenter
1612 5570 1641 5617 et
1650 5562 1770 5634 abrupte
