3772 6120
160 309 182 362 11
391 307 681 367 astamorsel
699 309 739 365 ΙΝ
757 308 834 365 EPP.
855 309 961 367 PAULI
981 309 1050 367 Lm.
1070 310 1106 365 11.
1123 308 1208 363 -IN
1227 306 1338 362 sels'r.
1359 305 1371 361 l
1391 304 1439 360 ΑΙ)
1457 302 1540 358 COR.
1745 302 1779 358 82

159 433 196 487 sed
208 432 273 487 ideo
287 432 344 487 ista
356 439 493 497 sumeret,
509 439 541 488 ut
555 433 623 488 illud
633 434 773 505 impleret,
789 449 824 488 ne
835 435 1085 496 nonve-Aludsis
1100 439 1234 502 tuaquom
1256 431 1376 495 Jodaeas,
1396 433 1428 482 at
1448 429 1554 482 ledeos
1575 428 1776 494 lucrifacerem.
1810 452 1819 467 .

158 525 204 578 leus
216 522 264 577 sed
278 523 450 577 necessitate
459 523 680 593 evangelizaret:
696 523 829 577 hoeenim
840 524 942 594 impro-
984 523 1056 576 Nam
1065 515 1778 593 quasividetursimulasseutomnibuslleretomnis,

158 612 194 665 bet
204 627 266 665 cum
273 611 357 666 dicit:
366 612 489 675 ll'escitr's,
499 611 741 682 inquit‚qooaiom
751 615 838 681 quiin
845 616 942 682 ternplo
984 611 1059 681 quod
1074 610 1166 664 solent
1179 608 1338 662 adulatores
1352 606 1452 671 faeere,
1468 605 1516 659 sed
1531 604 1642 659 nonita
1655 609 1719 658 est:
1737 605 1780 659 vir

156 701 694 770 operantemquadatcmplosuatcdant;
707 703 942 769 qaioltoridcscr-
984 699 1059 753 enim
1074 699 1185 753 divinus
1204 703 1232 751 et
1251 695 1376 751 medicus
1399 693 1534 765 spiritalis
1546 693 1636 748 sciens
1651 693 1778 749 omnium

156 793 230 845 siant.
246 792 335 843 altore·
347 793 593 858 compartiantur?
605 788 649 844 Sic
655 796 684 843 et
690 789 942 845 Dominusordina·
982 804 1081 843 causas
1096 795 1125 842 et
1138 788 1264 850 vulnera,
1281 801 1384 855 magna
1397 782 1537 837 industria
1543 781 1670 837 confovet
1683 783 1780 837 illoset

156 878 244 943 111ιί3,
259 878 309 948 qui
324 877 732 949 evangeliumannuntiant‚de
746 880 889 950 evangelio
903 880 942 934 vi·
981 878 1167 949 compatitur:
1182 892 1245 930 cum
1261 869 1779 943 omnibusenimbominibusqutedam

155 967 379 1036 iereAEgoautem
394 967 500 1022 nullius
507 967 607 1022 horum
621 984 689 1022 usus
699 968 941 1033 sum,hineosten-
982 966 1088 1021 habens
1101 964 1271 1031 communia,
1289 962 1378 1017 sactus
1392 967 1435 1016 est
1449 977 1516 1031 ergo
1530 959 1633 1015 Judaeis
1648 960 1780 1031 quesitu-

154 1057 187 1109 lit
198 1056 368 1126 permissum
387 1072 458 1115 esse,
482 1073 538 1110 non
562 1058 683 1126 jussum,
699 1057 824 1129 alioquin
844 1064 942 1114 contra
982 1055 1068 1122 daus,
1079 1055 1147 1126 quia
1160 1060 1275 1125 propter
1291 1051 1455 1107 scandalum
1469 1050 1583 1104 illomm
1603 1047 1779 1104 circumcidit

154 1152 312 1214 praeceptum
326 1144 442 1199 Domini
455 1144 553 1198 fecisse
567 1144 717 1198 tenebitur.
735 1145 841 1199 Deinde
851 1147 942 1217 sequi·
981 1144 1171 1204 Timotheum,
1188 1152 1217 1196 et
1231 1138 1528 1214 purillmtusascendit
1542 1139 1571 1192 in
1584 1138 1733 1209 templum,
1744 1154 1779 1193 ne

152 1242 192 1284 tur
202 1238 230 1285 et
242 1231 330 1285 dicit:
349 1232 411 1286 ,1ὀιι
425 1237 517 1286 autem
534 1235 573 1286 sio
586 1235 686 1301 scripsi
697 1233 760 1293 bec.
771 1239 802 1287 at
817 1237 857 1287 ito
871 1238 942 1302 fioat
982 1234 1156 1287 occasionem
1166 1248 1286 1303 pereum
1298 1230 1457 1300 acciperent
1469 1226 1692 1298 blasphemandi.
1708 1227 1778 1282 Rem

152 1326 175 1370 ιιι
187 1337 239 1373 nie:
255 1321 360 1373 ὺοιιιιιιι
375 1325 414 1373 est
427 1320 499 1373 inibi
514 1323 601 1388 inopis
617 1325 699 1385 orori,
719 1336 805 1389 quom
820 1325 939 1389 pieriam
982 1338 1048 1391 ergo
1061 1322 1128 1376 iecit
1139 1322 1270 1392 quaejam
1283 1335 1392 1373 cessare
1406 1317 1530 1382 deberet,
1541 1316 1663 1371 sedleoit
1678 1331 1778 1371 secun-

150 1424 229 1461 ‚seam
244 1411 396 1477 quisquam
403 1412 518 1463 inanem
524 1410 619 1477 saciat,
628 1409 680 1464 hoo
689 1409 942 1481 dixitquiastatue-
981 1412 1049 1465 dum
1063 1410 1164 1481 legem,
1176 1426 1243 1464 nam
1257 1414 1286 1462 et
1299 1407 1500 1462 eoasentitillis
1509 1407 1602 1476 legem
1611 1421 1698 1459 ossea
1707 1405 1776 1471 Deo,

148 1504 186 1550 ml
199 1502 316 1568 propter
324 1497 462 1568 quosdam
483 1497 656 1552 occasionem
676 1505 833 1569 quarentes
853 1501 941 1554 mani·
982 1506 1011 1554 et
1024 1501 1185 1571 prophetas,
1200 1504 1230 1553 et
1244 1497 1342 1551 exinde
1352 1493 1778 1551 illisostenditChristumhuno

147 1584 192 1637 bns
204 1584 263 1638 suis
276 1584 384 1639 victum
392 1583 565 1655 transigere:
582 1584 614 1639 Si
627 1589 937 1655 reineccaapclimrcro,
981 1606 1051 1654 esse,
1077 1589 1126 1660 qui
1141 1587 1294 1659 promissus
1317 1593 1368 1653 est,
1385 1590 1562 1639 vitassemus
1581 1584 1644 1654 ejus
1661 1581 1778 1638 baberet
1851 1636 1857 1650 ,

144 1678 242 1725 nonest
256 1673 330 1726 aiibi
341 1673 484 1740 gloriald
501 1678 552 1735 est,
564 1673 588 1726 si
603 1674 836 1743 evangelizavero,
854 1681 886 1729 ut
899 1676 940 1730 ita
979 1678 1119 1732 ellectum.

143 1763 206 1815 liant
217 1761 248 1815 in
262 1777 320 1826 me,
336 1762 364 1816 id
387 1767 439 1826 est,
455 1762 479 1815 si
499 1768 647 1832 propterea
666 1763 890 1832 evangelizavero
906 1751 971 1819 utB
1016 1767 1176 1836 lltsqus'sab
1192 1768 1326 1834 tepeseat,
1333 1766 1414 1832 quasi
1427 1763 1477 1817 sub
1492 1767 1547 1830 lcpc
1556 1766 1776 1832 essemcamipse

141 1848 172 1901 ad
185 1849 232 1902 illu
240 1849 405 1920 perveniam
413 1855 442 1904 et
450 1850 535 1904 linem
548 1850 685 1920 evangelii
698 1850 727 1903 in
738 1850 809 1916 cibo,
824 1857 936 1922 etpotu,
980 1858 1102 1909 nonsibi
1117 1855 1166 1909 sub
1182 1857 1246 1923 lepe,
1263 1859 1295 1906 ut
1309 1868 1352 1906 cos
1364 1854 1413 1922 qai
1422 1852 1472 1905 sub
1486 1854 1541 1919 lcpc
1554 1842 1621 1905 iant
1631 1853 1776 1920 lucriface-

140 1938 422 2004 etvestitulocaver03
439 1938 488 1992 sed
506 1955 593 2009 quare
605 1947 711 1994 nonest
722 1939 748 1993 ei
761 1940 874 2010 gloria?
888 1943 938 1996 Ne·
979 1960 1047 1998 rem.
1060 1944 1096 1999 lli
1111 1943 1158 2015 qui
1174 1943 1225 1997 sub
1241 1943 1301 2013 lege
1314 1946 1380 1995 sunt
1396 1939 1566 1995 Samaritani
1572 1940 1776 2007 noscunturde-

138 2030 241 2079 cessitas
254 2030 341 2087 raim,
359 2026 461 2097 inquit,
480 2028 552 2082 aviti
566 2029 710 2093 incumbit,
728 2028 815 2095 idest,
827 2035 860 2084 ut
874 2030 937 2086 ideo
977 2049 1042 2102 gem
1057 2032 1134 2087 enim
1160 2032 1248 2085 solam
1273 2030 1423 2100 accipiunt,
1439 2029 1533 2096 idest,
1552 2029 1677 2101 quinque
1691 2027 1776 2083 libros

137 2113 333 2184 evangelizem.
351 2115 420 2185 quia
437 2116 512 2169 unde
531 2116 622 2170 vivam
641 2132 698 2170 non
716 2116 815 2183 habeo,
832 2124 882 2172 aut
906 2125 938 2173 ut
978 2121 1154 2193 Moysisunt
1164 2126 1259 2187 autem
1274 2137 1307 2173 ex
1322 2118 1431 2189 origine
1446 2119 1597 2172 Persarum
1606 2124 1635 2172 et
1648 2118 1776 2189 Assyrio-

136 2203 279 2272 aequiram
301 2204 507 2274 temporarium
528 2204 649 2259 fructum
678 2204 713 2258 de
740 2206 937 2277 predicatione
978 2226 1051 2273 rum,
1067 2226 1136 2280 quos
1150 2226 1198 2264 rex
1220 2209 1410 2280 Assyriorum,
1426 2206 1544 2261 sublatis
1563 2206 1629 2260 siliis
1645 2207 1732 2260 Israel
1745 2207 1776 2261 in

136 2299 316 2356 aternomm,
332 2293 372 2346 sic
386 2293 463 2346 enim
477 2294 532 2347 erit
545 2294 696 2349 necessitas
708 2295 805 2364 jamin
820 2311 936 2366 cvange-
977 2299 1177 2370 captivitatem,
1187 2295 1542 2369 posuitadinoolendaloca
1549 2294 1693 2351 Samariae.
1709 2294 1775 2349 ldeo

136 2381 171 2433 lio
184 2397 241 2434 non
258 2382 399 2436 voluntas.
421 2383 459 2435 Va
472 2385 547 2436 caim
563 2384 633 2436 inibi
647 2387 710 2448 crit,
723 2384 823 2454 inquit,
839 2388 865 2438 si
879 2403 936 2440 noa
977 2393 1006 2441 et
1016 2389 1109 2457 ignem
1124 2388 1219 2440 colunt
1227 2402 1305 2440 more
1312 2387 1462 2441 Persarum
1472 2384 1531 2437 :his
1538 2399 1605 2452 ergo
1613 2384 1773 2453 Apostolus.

135 2473 364 2536 (conpetitorem.
388 2470 442 2525 Sed
458 2470 597 2542 quomodo
611 2470 695 2526 debet
718 2473 908 2543 evangelizare
923 2474 935 2526 l
976 2477 1044 2530 dum
1059 2492 1115 2529 non
1129 2474 1250 2543 negabat
1256 2475 1347 2541 legem
1358 2490 1419 2527 osse
1433 2473 1524 2538 aDeo,
1535 2470 1619 2525 flebat
1633 2470 1774 2542 quasisub

135 2558 238 2611 scilicet
252 2566 285 2612 ut
300 2559 405 2630 inipso
420 2560 569 2629 Evangelio
588 2566 617 2613 et
637 2559 665 2614 in
680 2577 767 2631 regno
783 2562 832 2616 Dei
847 2570 933 2633 ponat
976 2565 1047 2634 lege.
1057 2564 1112 2618 Sed
1126 2579 1159 2616 ex
1174 2579 1208 2617 ea
1222 2563 1277 2617 illis
1292 2562 1354 2617 miti
1367 2560 1451 2615 verbo
1465 2559 1774 2629 Christumintelligen·

135 2647 291 2701 mercedem
310 2667 316 2698 :
340 2647 381 2701 ita
402 2648 477 2701 enim
492 2654 584 2719 potest
596 2665 652 2703 non
667 2655 779 2704 coactus
794 2653 932 2719 evangeli·
975 2653 1043 2706 dum
1057 2651 1195 2717 tradebat,
1211 2651 1250 2706 sic
1263 2657 1292 2705 et
1306 2650 1484 2705 Samaritana
1496 2649 1555 2715 illa,
1571 2665 1633 2720 quae
1652 2647 1723 2702 dixit
1736 2648 1773 2703 ad

134 2752 203 2793 rare,
218 2736 270 2789 sed
286 2737 392 2790 volem.
408 2737 441 2791 Si
455 2741 528 2790 raim
543 2741 643 2801 coleras,
659 2737 760 2810 inquit,
781 2740 829 2793 boc
847 2741 929 2807 secio,
974 2741 1143 2795 Dominum:
1159 2741 1219 2795 Soio
1235 2741 1417 2809 qaiuMessim
1430 2742 1503 2793 erait
1518 2740 1608 2804 (loca.
1624 2739 1675 2807 tv),
1691 2736 1774 2791 docta

135 2827 280 2879 ›aacedcm
296 2826 389 2882 babeo.
404 2823 437 2879 Si
450 2831 541 2880 orclem
554 2829 668 2892 incitus,
682 2829 849 2896 dr'qrarolio
864 2831 935 2883 ιιιιἸιι·
974 2846 1025 2900 per
1043 2830 1144 2899 legem.
1156 2829 1206 2883 llis
1218 2831 1335 2897 quisine
1351 2828 1580 2896 tepescentem
1588 2827 1651 2880 siat
1663 2828 1718 2894 lege
1734 2841 1772 2879 cs-

132 2914 233 2967 crrditu
249 2921 297 2980 est,
313 2914 340 2967 id
356 2922 409 2980 est,
426 2914 449 2967 si
470 2920 581 2969 coactus
601 2915 695 2986 inopia
714 2932 811 2970 earum
825 2934 931 2977 rerum,
973 2935 1102 2986 scoacum
1119 2920 1178 2972 sinc
1195 2921 1249 2985 lcpc
1266 2932 1322 2971 aon
1338 2932 1418 2971 assera
1433 2915 1492 2979 Dei,
1508 2914 1599 2968 sedin
1615 2918 1670 2983 lege
1688 2929 1771 2968 essem

132 3016 191 3070 que
205 3002 360 3072 temporali
375 3002 517 3057 vitasunt
530 3004 697 3070 necessaria,
715 3005 835 3075 praedico
845 3006 932 3060 Evan·
974 3007 1085 3061 Cb-risli.
1103 3006 1161 3060 Hoc
1174 3005 1242 3060 dicit
1262 3005 1329 3075 quia
1349 3021 1414 3058 cum
1426 3003 1455 3057 in
1474 3003 1537 3072 lege
1552 3002 1656 3057 Christi
1671 3007 1723 3068 est,
1737 3002 1767 3056 in

130 3090 243 3158 galium.
260 3090 310 3144 alii
326 3107 376 3161 per
386 3108 431 3144 me
445 3090 588 3146 habebunt
606 3094 763 3147 mercedem
776 3095 928 3162 Evangelii,
942 3071 1032 3165 Clege
1047 3096 1097 3149 Dei
1105 3101 1157 3156 est,
1173 3095 1239 3166 quia
1252 3093 1326 3165 quod
1341 3092 1446 3147 Christi
1461 3091 1573 3156 est,1)ei
1584 3098 1636 3157 est,
1652 3096 1681 3145 et
1694 3090 1769 3162 quod

130 3180 175 3247 qui
192 3179 379 3249 Evangelium
395 3181 487 3250 ipsum
503 3182 930 3254 mepraedioanmdiligunt:cgo
970 3185 1031 3245 Dei,
1041 3184 1145 3238 Christi
1157 3184 1291 3248 est,sicut
1302 3181 1384 3235 dicit:
1401 3182 1502 3236 Omnia
1515 3196 1575 3233 rnca
1587 3184 1636 3233 tao
1649 3184 1726 3246 sant,
1744 3186 1768 3234 et

130 3276 223 3321 sutem
239 3284 296 3321 non
311 3267 429 3325 habebo.
438 3268 506 3338 quia
515 3285 571 3323 non
584 3269 677 3339 ipsum
693 3270 873 3340 Evangelium
889 3272 929 3326 di·
949 3278 1018 3327 »lira
1031 3290 1092 3326 ineo
1107 3276 1278 3340 (locraxvn).
1297 3272 1326 3325 lsl
1341 3288 1383 3324 eos
1397 3273 1519 3337 quisine
1534 3272 1588 3336 lepe
1602 3274 1669 3323 sual
1682 3272 1768 3323 lacri-

132 3355 192 3424 ligo.
209 3356 259 3409 sed
274 3357 338 3425 ejus
347 3357 470 3427 pretium
490 3357 520 3411 in
540 3357 595 3411 illis
610 3359 813 3429 temporalibus
828 3361 929 3415 consti·
969 3364 1097 3430 sacciula.
1106 3363 1180 3415 Dum
1194 3361 1269 3414 onim
1285 3359 1404 3413 assentit
1416 3359 1482 3423 illis,
1497 3358 1586 3424 idest,
1601 3356 1765 3428 gentilibus,

129 3450 231 3498 tutum.
248 3445 323 3514 quod
341 3444 418 3498 nesus
434 3452 477 3499 est
491 3446 562 3514 lieri,
584 3454 684 3501 utnon
705 3455 840 3519 tanquam
855 3449 929 3503 silius
967 3451 1049 3520 juxta
1056 3451 1202 3522 physicam
1208 3450 1348 3505 rationem
1362 3448 1499 3502 mundum
1509 3446 1613 3501 iactum
1628 3463 1646 3500 a
1660 3447 1727 3512 Deo,
1739 3452 1768 3500 et

130 3533 270 3586 ministret
285 3534 404 3604 quisque
413 3535 604 3604 Evangelium.
620 3537 668 3590 sed
679 3544 814 3608 tanquam
820 3555 926 3596 servus.
969 3556 1031 3609 quse
1046 3541 1075 3593 in
1090 3557 1123 3594 eo
1137 3545 1212 3602 sunt,
1230 3546 1257 3592 et
1276 3537 1467 3591 animamesso
1481 3535 1680 3599 immortalem,
1690 3541 1718 3589 et
1731 3534 1767 3588 ab

129 3620 168 3674 cui
182 3621 358 3692 dispensatio
365 3623 473 3677 eredita
487 3630 538 3687 est,
548 3631 580 3678 ut
593 3630 728 3696 tanquam
735 3626 859 3680 alienum
867 3644 927 3681 ero-
967 3628 1027 3699 ipso
1042 3645 1093 3682 nos
1108 3628 1246 3697 originem
1257 3627 1369 3692 halvere,
1386 3625 1427 3680 ita
1437 3625 1513 3679 enim
1527 3625 1557 3679 in
1572 3624 1688 3679 Actibus
1701 3641 1766 3696 apo-

128 3710 255 3771 eetnibil
271 3711 337 3765 inde
348 3711 408 3782 ipse
422 3712 524 3783 capiat,
542 3719 644 3784 prater
662 3713 776 3775 cibaria,
794 3732 855 3785 qum
870 3733 926 3771 non
967 3718 1104 3771 stolorum
1119 3717 1173 3770 ait:
1195 3718 1229 3770 lit
1242 3719 1313 3769 sicat
1328 3716 1441 3783 quidam
1459 3731 1492 3767 es
1511 3715 1585 3767 iobis
1606 3714 1739 3767 dicernat
1756 3732 1762 3764 :

128 3797 159 3850 de
173 3799 390 3870 participatione
403 3801 494 3869 regni.
512 3801 560 3855 sed
577 3803 800 3857 sustentaculum
816 3804 925 3858 misera
968 3808 1057 3874 Ipsius
1078 3808 1151 3858 caira
1168 3811 1192 3857 ct
1215 3820 1301 3871 pentes
1322 3802 1594 3868 estbenedictus),
1625 3801 1665 3854 sic
1679 3799 1765 3855 fiebat

130 3887 267 3942 abituris
283 3888 388 3943 dantur
401 3890 582 3944 extrinsecus.
613 3892 781 3962 Quanquam
795 3892 850 3946 alio
866 3894 925 3947 loco
967 3894 1046 3966 quasi
1062 3894 1123 3947 sine
1151 3894 1223 3962 lege,
1252 3907 1302 3963 per
1329 3890 1403 3961 quod
1433 3888 1681 3944 subintroducebat
1708 3888 1765 3943 illis

128 3982 153 4028 et
165 3976 392 4047 dispensatorem
407 3995 437 4031 se
452 3979 533 4042 dieat,
546 3981 728 4049 potestenim
743 3987 772 4035 et
785 3997 881 4034 servus
896 3983 924 4035 in
967 3983 1111 4037 Christum
1138 3982 1230 4052 ipsum
1255 3997 1316 4034 esse
1330 3995 1414 4050 quem
1429 3979 1504 4033 Deus
1532 3977 1762 4049 adjudicandum

128 4064 247 4118 liliorum
266 4067 573 4137 nurnevumadaptatus
584 4085 646 4122 earu
657 4069 826 4140 reminqua
838 4071 926 4123 colne-
966 4071 1104 4125 mundum
1120 4069 1271 4141 praeelegit,
1288 4075 1317 4123 et
1330 4069 1422 4139 ipsum
1437 4084 1498 4122 esse
1506 4084 1556 4139 per
1569 4083 1655 4139 quem
1668 4068 1764 4124 omnia

127 4153 197 4205 ielis
217 4159 322 4208 sortem
335 4155 440 4209 meruit
450 4156 925 4229 fideliterdispensareparticipibus
965 4160 1038 4214 lecit.
1056 4161 1149 4228 (slep.)
1173 4159 1305 4230 Utrisque
1320 4157 1396 4211 enim
1411 4156 1532 4212 debebat
1550 4157 1716 4211 charitatem
1731 4159 1763 4211 dc

128 4241 194 4297 suis.
212 4243 260 4296 sed
277 4260 362 4310 stunc,
378 4243 496 4298 ubisit:
520 4245 549 4299 Si
571 4251 666 4299 autem
687 4237 798 4312 invitus,
814 4247 925 4317 dispcn·
964 4251 1043 4302 corde
1051 4265 1133 4318 puro,
1151 4254 1176 4301 ct
1196 4251 1362 4302 conscientia
1383 4248 1454 4301 bono
1467 4252 1492 4300 et
1514 4248 1566 4314 tide
1581 4262 1637 4300 ιιοιι
1661 4249 1724 4314 licto
1739 4248 1765 4312 (Ι

126 4332 196 4384 satio
214 4331 283 4385 mihi
297 4334 406 4387 credita
420 4340 472 4399 est,
495 4333 580 4387 talem
599 4334 823 4407 dispensatorem
843 4336 924 4389 intel·
967 4339 1036 4391 Τιίιι.
1053 4340 1081 4405 v),
1112 4354 1144 4392 ac
1159 4354 1209 4407 per
1228 4337 1281 4390 hoc
1300 4334 1431 4390 omnibus
1447 4335 1544 4389 omnia
1557 4333 1646 4389 sactus
1662 4340 1714 4401 est,
1730 4341 1763 4388 ut

126 4418 170 4483 ligi
188 4421 285 4480 voluit,
310 4422 358 4491 qui
378 4422 502 4476 alienum
518 4422 661 4493 dispensat
681 4423 755 4477 unde
775 4423 834 4493 ipse
852 4386 1061 4480 nihilDomnos
1075 4426 1259 4492 lucrifaceret,
1275 4441 1330 4479 non
1341 4422 1762 4492 mentientisustu,sedcompa·

125 4507 248 4578 aeti95²st-
962 4514 1059 4568 tientis
1075 4516 1176 4569 allectu
1193 4534 1198 4567 :
1215 4514 1309 4579 idest,
1327 4528 1383 4565 non
1398 4511 1493 4564 omnia
1514 4510 1589 4563 mala
1614 4509 1760 4564 hominum

157 4596 228 4649 ,1ἀιιι
238 4613 303 4650 caia
313 4599 383 4651 liber
393 4601 919 4663 siniesoirtattaspomatvnmesenum
963 4602 1099 4657 fallaciter
1111 4604 1229 4673 agendo,
1246 4601 1294 4655 sed
1310 4600 1429 4653 aliorum
1437 4598 1564 4652 omnium
1574 4599 1657 4653 malis
1671 4600 1760 4653 omni-

125 4685 182 4747 [rci.
199 4690 229 4737 ut
237 4688 332 4753 plures
343 4689 533 4754 lucrifacium.
543 4687 736 4756 (alarioshiber
748 4706 781 4742 ex
791 4689 921 4744 omnibus
962 4690 1024 4753 bus,
1040 4697 1174 4762 tanquam
1190 4691 1214 4743 si
1229 4706 1281 4743 sua
1301 4694 1414 4742 essent:
1432 4686 1620 4743 misericordis
1647 4687 1760 4742 medici·

125 4782 247 4837 etcum
258 4775 328 4828 nulli
334 4792 385 4846 per
394 4776 586 4830 adulationem
601 4777 719 4832 tradidit
728 4778 919 4847 Evangelium,
963 4796 1005 4834 nse
1020 4779 1195 4851 diligentiam
1217 4776 1401 4848 procurando.
1418 4778 1489 4830 Cum
1504 4776 1600 4848 itaque
1614 4777 1663 4831 illa
1675 4782 1760 4832 testa-

123 4876 210 4932 neque
225 4863 394 4934 cujusquam
408 4870 509 4934 prater
531 4866 650 4919 salutem
672 4867 779 4937 aliquid
792 4869 921 4938 mnoupi·
962 4869 1050 4923 menti
1064 4865 1442 4923 veterissaoramentaetiam
1457 4864 1510 4920 sibi
1518 4866 1629 4936 agenda
1642 4866 1759 4920 minime
1820 4930 1824 4939 Ι

123 4950 166 5007 vit,
181 4967 273 5021 neque
288 4952 325 5005 ad
339 4952 453 5006 delicias
468 4952 612 5009 habendas
627 4954 662 5009 ab
681 4955 775 5026 aliquo
790 4965 920 5028 sumptus
960 4957 1117 5024 recusabat,
1132 4974 1188 5011 non
1203 4954 1420 5009 misericorditer
1436 4953 1559 5021 fallebat,
1580 4954 1629 5008 sed
1643 4955 1758 5010 omniuo

122 5038 254 5109 largiores
269 5041 398 5094 mercede
422 5041 578 5112 hypocrisis
594 5045 709 5114 accepit.
734 5047 852 5099 Servum
871 5063 920 5100 au-
960 5063 1017 5102 non
1030 5047 1138 5107 fallens,
1154 5050 1239 5115 atque
1266 5044 1318 5097 hoo
1348 5042 1431 5097 modo
1459 5060 1476 5097 a
1503 5043 1623 5098 Domino
1638 5043 1695 5097 Deo
1710 5042 1758 5098 illa

121 5134 174 5181 tem
188 5128 228 5182 sic
255 5145 285 5182 se
313 5129 560 5199 omniumfactum
580 5131 657 5196 dicit,
673 5133 741 5187 dum
756 5152 785 5189 se
805 5152 855 5204 per
869 5135 919 5189 hu·
960 5135 1097 5206 usquead
1113 5135 1181 5189 certi
1196 5133 1331 5204 temporis
1351 5130 1590 5203 dispensationem
1602 5132 1682 5202 jussa
1696 5147 1758 5188 esse

121 5217 267 5272 militatem
280 5217 405 5272 similem
426 5219 553 5274 omnium
569 5227 663 5275 mente
678 5221 860 5277 imbecillium
874 5241 919 5278 ex·
960 5224 1168 5283 commendans,
1181 5221 1359 5291 asacrilegiis
1372 5221 1459 5276 sacris
1468 5219 1597 5291 gentium
1604 5220 1758 5293 distingue·

120 5304 326 5365 tribulantem
341 5324 393 5378 per
411 5308 576 5379 patientiam
597 5310 724 5365 firmaret
747 5313 918 5366 adsalutem
960 5313 1024 5367 bat:
1041 5321 1108 5367 tunc
1122 5319 1218 5367 autem
1232 5328 1289 5366 non
1313 5309 1475 5365 mentientis
1489 5315 1563 5376 astu,
1583 5309 1633 5365 sed
1647 5326 1757 5382 compa·

120 5393 251 5462 loturam,
266 5396 418 5451 confovens
431 5398 541 5451 animos
556 5398 679 5464 illorum,
688 5400 755 5470 quia
765 5407 815 5454 aut
824 5417 919 5471 pocca-
960 5401 1421 5470 tientisaliectuludaeistaaquam
1430 5398 1757 5471 iudeusfiebatquando

79 5544 88 5561 ·
119 5482 190 5539 lauit.
206 5491 319 5538 autres
338 5485 449 5539 divinas
464 5485 572 5540 tardius
593 5487 793 5556 sequebantur,
806 5495 837 5542 ut
862 5506 918 5544 non
960 5507 1008 5544 eos
1022 5489 1057 5543 ab
1072 5490 1120 5544 illo
1134 5505 1238 5555 errore,
1266 5488 1340 5560 quod
1360 5487 1389 5542 in
1411 5487 1525 5541 Christo
1547 5487 1662 5541 credere
1680 5488 1757 5542 nole-

118 5590 212 5644 aspere
225 5575 335 5629 ferrent
348 5574 443 5628 lenius
455 5574 686 5643 reprehendebat.
703 5577 737 5631 st
752 5578 842 5644 sactus
856 5595 918 5632 sam
960 5576 1038 5637 bant,
1054 5577 1104 5632 sed
1118 5583 1277 5651 pervetera
1291 5575 1428 5631 sacritlcia
1448 5591 1500 5630 sua
1513 5575 1757 5631 ceremoniarum·
