3772 6120
62 266 114 325 361
282 268 573 326 ENARRATIONUM
591 269 632 324 IN
651 269 727 324 EPP.
749 269 856 324 PAULI
875 269 943 324 LIB.
964 269 1036 325 xvl.
1054 300 1087 310 -
1107 270 1146 324 lN
1165 270 1275 328 EPIST.
1296 273 1345 328 AD
1364 274 1493 329 calar.
1654 275 1707 336 362

58 393 166 466 opinati
180 400 261 459 sum,
276 401 309 450 ut
320 395 396 466 quod
409 393 486 465 leges
505 393 615 465 publice
634 394 725 449 facore
740 395 1013 460 hominesAtimore
1041 396 1124 450 timet
1150 397 1287 458 adultera,
1321 414 1357 452 ne
1389 398 1563 454 custodiatur
1594 418 1612 455 a
1648 404 1706 458 viro

57 482 228 538 necessitate
243 484 426 556 compellunt,
442 484 495 537 hoc
508 484 557 538 illa
572 485 865 555 persuadeatfrerivo-
908 484 1054 555 quotimct
1067 490 1144 539 casta
1158 502 1193 540 ne
1209 487 1377 554 desecatum
1405 486 1445 540 illi
1460 487 1549 542 tristis
1571 495 1614 544 est
1634 507 1706 562 prae-

57 571 177 627 luntatc.
190 574 287 641 (Aac.)
304 574 434 643 Regnent
452 589 520 643 ergo
533 573 674 644 spiritales
693 572 739 627 isti
758 574 866 628 fructus
907 573 998 627 sentia
1020 573 1082 637 riri,
1101 574 1166 629 huic
1184 575 1320 629 absentia.
1343 577 1378 631 Et
1398 576 1460 630 ideo
1480 577 1566 630 timor
1586 578 1634 633 ille
1649 597 1709 634 cor-

57 659 87 715 in
102 660 230 724 homine,
251 661 283 715 in
302 678 357 732 quo
376 666 491 733 peccata
512 678 568 715 non
587 668 707 732 regnant
723 681 729 715 :
746 669 866 733 regnant
907 669 1006 733 ruptus
1034 669 1085 729 est,
1107 669 1135 716 ct
1163 664 1284 718 transire
1312 681 1367 719 non
1391 666 1451 718 rult
1472 664 1524 719 hoc
1550 668 1704 723 saeculum:

58 759 154 805 autem
179 750 237 804 ista
258 749 342 816 bona,
365 750 390 804 si
411 756 524 804 tantum
544 751 685 806 delectant
699 757 731 806 ut
744 751 806 823 ipsa
825 758 867 806 te-
906 750 959 805 istc
986 757 1080 805 autem
1107 757 1200 807 castus
1220 760 1368 824 permanet
1388 753 1417 807 in
1441 754 1705 812 saeculumssroculi.

59 844 145 893 noant
159 839 292 893 animum
301 839 331 893 in
338 838 551 905 tentationibus,
559 840 631 893 ncin
640 840 745 910 peccati
752 856 866 894 consen·
906 840 946 894 De
961 857 1016 911 quo
1031 840 1133 895 timore
1148 842 1274 912 crucifigi
1289 847 1368 914 optat
1383 843 1521 914 propheta
1535 861 1599 898 cum
1615 844 1684 900 dicit
1699 864 1706 901 :

59 927 169 983 donem
180 933 257 982 ruat.
266 927 428 991 Quodenim
440 928 560 998 amplius
571 944 623 982 nos
632 929 866 994 delectatsecun·
907 929 1013 996 Corrfiqc
1028 933 1112 983 claris
1125 947 1143 984 a
1155 934 1253 985 timore
1264 937 1310 985 tuo
1320 948 1417 985 carnes
1429 949 1502 985 ntem
1511 934 1593 1000 (Psal.
1606 938 1706 1003 cxviii).

61 1017 127 1071 dum
133 1017 163 1071 id
175 1032 448 1087 operemurnccesse
457 1022 509 1081 cst,
517 1022 558 1081 ut,
572 1016 650 1070 verbi
659 1018 761 1087 gratia,
774 1034 867 1072 occur·
909 1017 967 1072 Ista
980 1034 1047 1072 crux
1061 1023 1114 1084 est,
1131 1019 1166 1072 de
1181 1036 1236 1089 qua
1250 1020 1387 1074 Dominus
1398 1020 1466 1075 dicit
1487 1039 1493 1074 ε
1516 1023 1587 1076 Tolle·
1600 1039 1708 1078 orizam

62 1104 867 1176 ritformaspeciosaefeminae,etmovetaddelectationem
910 1112 989 1160 tuom
1007 1112 1031 1160 et
1054 1124 1163 1176 sequere
1185 1125 1227 1162 uro
1249 1107 1347 1177 (More.
1375 1110 1442 1181 rm).
1464 1110 1603 1181 [Hieron]
1620 1112 1709 1182 Igitur

62 1194 258 1249 fornicationis
275 1213 281 1247 :
299 1194 348 1249 sed
367 1195 392 1247 si
411 1195 474 1266 plus
487 1194 608 1249 delectat
628 1194 805 1265 pulchritudo
819 1195 868 1249 illa
909 1194 933 1248 si
957 1211 1074 1265 corpora
1095 1202 1191 1250 nostra
1220 1196 1347 1250 membra
1374 1198 1478 1253 Christi
1501 1204 1576 1266 sunt,
1610 1217 1708 1257 conse·

63 1283 163 1338 intima
173 1288 203 1337 et
214 1283 327 1337 sincera
335 1283 442 1354 species
456 1283 593 1338 castitatis
607 1284 790 1355 pergratiam
806 1301 867 1355 quae
909 1289 1028 1354 quanter
1057 1289 1086 1338 ct
1108 1300 1172 1338 caro
1202 1291 1299 1339 nostra
1322 1302 1386 1340 caro
1415 1286 1519 1341 Christi
1542 1294 1593 1355 est,
1623 1304 1708 1360 quam

64 1379 104 1427 est
117 1372 148 1426 in
163 1372 222 1426 fide
238 1372 354 1437 Christi,
371 1372 524 1427 secundum
548 1372 621 1426 hanc
639 1373 767 1439 vivimus,
784 1378 813 1426 et
826 1390 868 1428 se·
909 1372 1108 1443 crucifigimus,
1125 1373 1326 1428 mortificantes
1346 1391 1396 1445 per
1418 1391 1480 1429 eam
1497 1392 1582 1446 super
1603 1383 1708 1432 terram

64 1460 188 1517 mudum
204 1461 458 1531 hancoperamur3
481 1466 522 1527 ut,
546 1466 754 1530 conregnante
769 1461 798 1515 in
814 1478 866 1515 no·
908 1460 1131 1527 fornicationem,
1158 1461 1377 1529 immunditiam,
1403 1465 1572 1534 passionem,
1600 1465 1709 1520 deside·

64 1546 104 1603 bis
127 1553 247 1620 peccato
270 1549 305 1602 ad
329 1548 518 1604 obediendum
543 1549 690 1604 desideriis
717 1551 787 1620 ejus,
817 1549 866 1604 sed
907 1549 982 1603 rium
1005 1551 1112 1604 malum
1132 1556 1162 1604 et
1183 1550 1331 1606 avaritiam
1348 1570 1354 1620 ;
1372 1558 1400 1606 et
1418 1553 1453 1606 de
1473 1553 1553 1608 nobis
1574 1553 1604 1608 in
1625 1555 1709 1610 laude

66 1643 200 1708 regnanto
219 1637 334 1708 justitia
356 1654 408 1710 per
429 1638 596 1693 charitatem
620 1655 684 1692 cum
704 1655 807 1709 magna
821 1639 867 1692 de·
907 1654 982 1693 nunc
1004 1639 1127 1710 ponitur,
1150 1639 1199 1710 qui
1219 1640 1323 1694 Christi
1346 1642 1412 1695 lesu
1436 1658 1549 1697 carnem
1567 1644 1709 1698 crucifixe-

64 1727 211 1781 leetatione
232 1725 367 1781 faciamus
393 1727 530 1798 quidquid
554 1727 584 1780 in
611 1743 645 1781 ea
668 1728 726 1781 Deo
760 1727 976 1799 placereBrunt
991 1745 1056 1782 cum
1070 1728 1145 1782 vitiis
1159 1734 1188 1782 et
1201 1729 1442 1800 concupiscentiis,
1460 1736 1489 1784 et
1506 1747 1619 1802 semper
1636 1749 1710 1787 mor·

66 1816 269 1886 cognoscimus.
287 1815 368 1879 Quod
384 1821 479 1871 autem
499 1816 534 1870 dc
553 1816 683 1870 castitate
708 1822 737 1870 et
757 1816 792 1870 dc
809 1816 866 1870 for·
907 1817 1090 1871 tificationem
1104 1819 1171 1872 lesu
1190 1817 1412 1873 circumferimus
1428 1819 1457 1872 in
1471 1835 1587 1891 corporo
1601 1827 1707 1888 nostro,

67 1904 204 1960 nicatione
224 1904 292 1967 dixi,
315 1904 368 1960 hoc
389 1905 425 1959 de
446 1904 554 1960 cacteris
574 1904 694 1975 intelligi
715 1905 800 1959 solui.
814 1905 867 1960 Re·
907 1911 940 1959 ut
968 1907 1077 1960 atrita
1104 1908 1165 1976 ejus
1192 1907 1388 1961 manifestetur
1424 1908 1453 1962 in
1486 1925 1569 1963 carne
1600 1918 1707 1965 nostra.

67 2000 104 2048 cte
121 1994 213 2063 igitur
236 1993 416 2048 fornicationi
438 1993 589 2065 opponitur
612 1993 744 2059 charitas,
766 1994 868 2065 inqua
908 1995 970 2048 Non
996 1994 1096 2048 modici
1124 2000 1220 2049 autem
1247 1996 1350 2050 laboris
1378 2001 1430 2063 est,
1461 1997 1552 2052 sicin
1576 2000 1708 2069 prasenti

69 2083 122 2137 sola
141 2089 188 2137 est
221 2082 351 2137 custodia
376 2082 524 2137 castitatis.
553 2083 743 2137 Immunditiae
771 2088 867 2137 autem
907 2084 1009 2138 saeculo
1028 2084 1129 2150 vivere,
1148 2090 1181 2139 ut
1200 2085 1260 2154 jam
1282 2102 1357 2140 riano
1378 2085 1436 2139 vita
1456 2086 1521 2140 lesu
1550 2088 1710 2143 manifeste-

70 2178 129 2226 suat
151 2188 255 2226 omnes
281 2170 517 2243 perturbationes,
547 2172 582 2225 dc
609 2172 658 2226 illa
684 2171 867 2226 fornicatione
907 2172 1004 2225 turin
1027 2189 1112 2227 carne
1145 2178 1251 2227 nostra.
1275 2174 1319 2227 lta
1345 2174 1419 2228 enim
1439 2175 1653 2230 rivifrcabuntur
1681 2183 1710 2232 et

69 2265 212 2332 conceptae,
238 2260 341 2331 quibus
361 2260 498 2331 gaudium
521 2261 734 2331 tranquillitatis
752 2261 868 2332 opponi·
908 2260 1040 2314 mortalia
1054 2278 1172 2332 corpora
1186 2267 1281 2315 nostra
1302 2278 1352 2332 per
1369 2262 1574 2317 inhabitantem
1588 2263 1616 2317 in
1630 2265 1710 2319 nobis

69 2355 116 2404 tur.
126 2350 275 2405 idolorum
287 2355 383 2403 autom
398 2349 527 2415 servitus,
542 2349 642 2404 ultima
656 2350 803 2404 fornicatio
824 2355 868 2405 est
908 2348 1049 2419 spiritum.
1065 2351 1140 2403 Pane
1156 2350 1259 2404 oblitus
1284 2367 1346 2405 sum
1358 2351 1598 2421 interpretationis
1611 2369 1709 2408 secun-

70 2439 172 2506 cnimae,
186 2442 403 2510 propterquam
418 2438 504 2493 ctiam
520 2436 624 2493 bellum
639 2439 867 2493 adversusEvan-
908 2436 960 2491 dae.
976 2438 1165 2492 Praedixeram
1186 2439 1262 2492 enim
1287 2439 1391 2503 omnia,
1409 2456 1470 2510 quaa
1490 2447 1657 2511 sequuntur,
1674 2443 1710 2497 ad

70 2528 168 2598 galium
184 2544 251 2582 cum
266 2527 454 2582 reconciliatis
469 2527 519 2581 Dei
530 2526 747 2581 furiosissimum
754 2534 866 2598 gestum
908 2526 1000 2596 legem
1014 2533 1044 2582 ct
1056 2528 1090 2581 ad
1111 2528 1352 2583 circumcisionem
1379 2545 1440 2583 essa
1463 2530 1619 2585 referenda.
1642 2533 1709 2587 Sen-
1733 2512 1741 2517 “

71 2624 113 2682 est,
130 2618 215 2688 cujus
231 2616 366 2688 reliquiae,
383 2617 509 2687 quamvis
523 2605 649 2671 contritae
671 2616 728 2669 sint
741 2615 799 2681 diu,
815 2616 867 2670 ad-
908 2632 956 2669 sus
981 2616 1076 2687 itaque
1098 2616 1152 2671 iste
1175 2623 1240 2671 est:
1267 2618 1299 2672 ln
1323 2615 1423 2688 quibus
1445 2623 1488 2673 cst
1508 2618 1615 2674 fructus
1629 2620 1723 2691 spiri--

71 2705 116 2761 buc
129 2713 232 2761 tamen
246 2705 380 2760 recalent.
398 2705 470 2760 Huic
484 2705 579 2777 itaque
594 2721 647 2776 pax
663 2705 865 2772 contrariaest,
908 2710 964 2770 tus,
992 2705 1123 2773 charitas,
1147 2706 1284 2776 gaudium
1307 2712 1337 2760 et
1356 2707 1475 2778 reliqna,
1498 2708 1528 2761 hi
1545 2725 1708 2779 corpoream

71 2812 117 2866 qua
129 2795 350 2850 reconciliamur
364 2794 431 2860 Deo,
456 2794 610 2866 cademque
625 2794 789 2865 pacectiam
803 2811 867 2848 cum
909 2793 1059 2864 Scriptura
1079 2793 1305 2864 intelligentiam,
1331 2810 1392 2864 qum
1414 2811 1489 2849 nunc
1510 2812 1575 2850 caro
1605 2796 1708 2851 Christi

71 2883 226 2940 bominibus
240 2884 391 2950 custodita,
408 2884 615 2949 veneficiorum,
641 2883 864 2949 inimicitiarum,
908 2881 1075 2952 appellatur,
1093 2882 1291 2937 crucifixerunt
1312 2900 1376 2937 cum
1400 2883 1577 2954 passionibus
1597 2886 1658 2956 ejus
1680 2892 1708 2940 ct

71 2974 288 3039 contentionum,
315 2973 536 3036 aemulationum,
566 2972 779 3027 animositatum
808 2973 866 3027 dis·
907 2969 1064 3035 desideriis,
1082 2988 1143 3042 quae
1155 2978 1294 3042 generant
1307 2973 1430 3042 parvulis
1446 2974 1708 3043 atquelactantihus

70 3063 284 3134 ansianumquc
302 3062 372 3116 vicia
393 3068 530 3117 sanantur
548 3062 577 3115 in
592 3061 671 3116 nobis
696 3068 751 3115 :ut
771 3049 1032 3115 autemeomenta
1046 3060 1187 3114 vitiorum.
1205 3061 1349 3115 Crucifixit
1362 3062 1447 3115 talem
1463 3061 1568 3117 Christi
1582 3079 1706 3125 carnem,

71 3150 190 3218 inaliis,
220 3151 296 3205 inter
324 3168 394 3222 quos
417 3150 544 3216 vivimus,
568 3150 648 3221 justa
674 3149 867 3204 moderatione
908 3148 1367 3219 quinonjuxtacarncmhistoriae
1376 3149 1489 3217 militat,
1510 3152 1556 3206 sed
1577 3151 1707 3222 spiritum

71 3246 232 3305 tutentur,
249 3246 278 3294 et
293 3239 329 3293 ad
343 3239 539 3294 sustinendum
560 3238 770 3309 longanimitas,
789 3244 818 3292 et
831 3240 867 3294 ad
908 3236 1048 3307 allegoriae
1070 3238 1198 3308 sequitur
1224 3238 1414 3310 praeviantem.
1442 3241 1535 3308 (loq.)
1572 3240 1709 3310 Congruit

72 3329 221 3384 arandum
235 3328 404 3398 benignitas,
426 3333 454 3382 et
476 3329 511 3382 ad
531 3328 732 3398 ignoscendum
756 3327 867 3382 bonitas
911 3331 1013 3380 nostrae
1025 3326 1176 3392 devotioni,
1191 3331 1224 3381 ut
1237 3327 1284 3398 qui
1291 3327 1404 3382 Domini
1413 3328 1536 3382 crucifixi
1547 3330 1706 3400 passionem

72 3417 177 3472 militat.
204 3418 271 3472 lam
295 3433 361 3470 vero
386 3414 538 3471 haeresibus
562 3415 640 3482 fides,
656 3415 768 3470 invidiae
791 3432 869 3469 man·
908 3414 967 3483 jam
984 3415 1218 3486 propinquantem
1226 3414 1506 3483 celebraturisumus,
1519 3402 1709 3488 reprimenda-

71 3507 194 3569 snetudo,
229 3505 413 3560 ebrietatibus
441 3511 470 3559 et
500 3504 749 3559 comessationibus
779 3504 869 3559 conti·
910 3504 1136 3559 rumcarnalium
1146 3504 1321 3575 voluptatum
1336 3521 1447 3559 crucem
1462 3505 1542 3559 nobis
1557 3506 1610 3576 ipsi
1620 3507 1707 3560 facia-

71 3597 158 3651 nentia
185 3596 352 3651 reluctatur.
383 3595 426 3649 Ne
454 3594 517 3665 quis
544 3610 612 3648 sanc
639 3592 793 3648 arbitretur
815 3594 868 3648 hoc
909 3607 982 3657 mus,
999 3592 1071 3647 sicut
1085 3591 1154 3645 dicit
1168 3593 1333 3664 Apostolus:
1346 3595 1399 3660 (lati
1408 3599 1504 3647 atatem
1517 3595 1621 3649 Christi
1629 3601 1703 3659 sceret,

71 3701 124 3740 esse
144 3684 295 3747 invidiam,
325 3683 399 3755 quod
425 3688 468 3737 est
491 3683 648 3745 aemulatim
676 3682 768 3737 vicina
791 3683 865 3738 enim
908 3696 1020 3734 carnem
1035 3684 1235 3748 crucifixerant
1260 3698 1322 3734 carn
1340 3684 1515 3749 passionibus
1535 3688 1559 3735 ot
1578 3687 1706 3752 coacrrpi·

71 3780 140 3835 mat,
170 3781 201 3829 et
227 3777 343 3845 propter
378 3773 469 3843 ipsam
498 3771 669 3826 vicinitatem
701 3771 867 3843 plerumque
907 3771 1026 3823 scaritis.
1044 3769 1076 3824 In
1092 3768 1269 3840 hacquidcm
1291 3785 1372 3823 cruce
1387 3786 1437 3840 pcr
1458 3775 1548 3823 totam
1571 3769 1654 3824 istam
1671 3772 1708 3825 ri·

71 3862 234 3918 ubumlibet
260 3863 363 3917 horum
392 3877 441 3933 pro
462 3861 561 3926 altero,
581 3861 625 3915 vel
648 3860 789 3915 aemulatio
818 3878 868 3931 pro
908 3863 977 3924 tam,
996 3875 1057 3928 qum
1071 3858 1102 3912 in
1122 3856 1221 3911 modiis
1235 3857 1439 3912 tentationibus
1461 3857 1582 3922 ducitur,
1607 3876 1706 3930 perpe·

70 3951 179 4018 insidia,
208 3952 252 4006 rel
274 3950 380 4005 invidia
403 3966 453 4021 pro
474 3949 652 4005 emulatione
673 3948 796 4020 ponitur.
813 3949 868 4004 Sed
908 3952 957 4002 tuo
981 3947 1064 4003 debet
1086 3946 1208 4019 pendero
1230 3946 1417 4001 Christianus.
1439 3947 1502 4001 Non
1527 3947 1602 4001 enim
1621 3949 1707 4003 estin

70 4041 133 4111 quia
155 4046 313 4111 armumque
336 4039 380 4093 his
399 4039 467 4094 locis
490 4038 548 4093 sais
572 4038 679 4093 dictum
700 4043 752 4103 est,
770 4038 868 4110 utiquc
909 4035 961 4090 hac
982 4041 1059 4091 terra
1081 4040 1194 4107 tompus
1218 4034 1353 4091 excellendi
1373 4035 1475 4100 claros,
1500 4035 1535 4088 de
1557 4036 1659 4106 quibus
1678 4037 1708 4091 in

69 4128 281 4185 distinctionem
303 4129 338 4183 de
361 4127 441 4183 nobis
464 4127 603 4199 flagitant.
630 4128 703 4182 Nam
726 4126 868 4182 aemulatio
909 4125 1156 4196 psalmodicitur:
1174 4126 1375 4194 Coofiqcclcuis
1394 4127 1525 4179 elimare
1543 4130 1588 4178 tuo
1612 4142 1708 4181 carnos

70 4224 110 4273 est
122 4218 204 4274 dolor
217 4217 316 4285 animi,
332 4233 396 4271 cum
410 4217 483 4271 alius
498 4216 627 4287 pervenit
643 4216 679 4270 ad
700 4232 760 4270 rem
783 4233 869 4287 quam
909 4231 984 4269 meas
1008 4217 1091 4284 (Psal.
1117 4217 1349 4285 cxr111):cames
1372 4219 1440 4269 sunt
1461 4215 1587 4268 carnales
1611 4232 1709 4270 concu-

69 4306 130 4375 duo,
158 4307 289 4379 pluresve
308 4305 487 4377 appetebant,
513 4310 542 4359 et
563 4304 617 4358 nisi
640 4304 675 4357 ab
695 4321 753 4359 uno
771 4303 867 4358 haberi
910 4304 1061 4374 piscantia,
1090 4305 1159 4358 clavi
1183 4311 1251 4359 sunt
1271 4309 1411 4374 praeopta
1421 4303 1557 4372 J'ustitiae;
1579 4304 1623 4356 his
1647 4304 1709 4358 illas

70 4411 121 4451 non
143 4401 260 4467 potest:
277 4395 362 4449 istam
384 4400 466 4449 sanat
488 4411 550 4465 pax.
576 4394 682 4464 quaid
708 4366 997 4464 appetimusDtimor
1020 4393 1071 4447 Dei
1089 4381 1213 4462 configit,
1239 4392 1287 4463 qui
1303 4408 1354 4445 nos
1376 4391 1417 4445 illi
1442 4390 1641 4460 acceptabilem
1657 4392 1708 4444 ho·

70 4485 140 4555 quod
160 4501 260 4539 omnes
284 4484 333 4555 qui
354 4489 499 4555 appetunt,
519 4483 544 4537 si
565 4489 761 4554 assequantur,
778 4499 867 4537 unum
909 4481 993 4536 stiam
1007 4482 1155 4551 crucifigit.
1181 4480 1261 4535 Unde
1281 4480 1347 4534 item
1371 4480 1439 4532 dicit
1466 4479 1636 4549 Apostolus:
1657 4480 1708 4534 Ob·

72 4573 151 4628 ineo
178 4575 262 4628 liunt.
287 4571 396 4627 Invidia
417 4589 484 4627 vero
509 4572 588 4626 dolor
616 4571 703 4626 animi
726 4577 778 4633 est,
803 4588 867 4625 cum
908 4587 981 4624 secra
995 4573 1088 4639 itaque
1102 4585 1204 4639 corpor
1216 4569 1436 4622 irrisericordiam
1450 4568 1507 4631 Dei,
1519 4572 1551 4620 ut
1560 4567 1707 4621 calcifrcolis

71 4661 199 4737 indignas
223 4662 335 4716 ridetur
352 4661 459 4732 aliquid
481 4661 603 4733 assequi,
628 4660 714 4715 ctiam
738 4661 812 4732 quod
835 4666 866 4714 tu
908 4675 1021 4728 corporo
1040 4664 1129 4713 vestro
1144 4658 1261 4712 host-iam
1279 4659 1380 4719 ciram,
1402 4660 1538 4720 sanctam,
1567 4658 1619 4711 fleo
1644 4660 1708 4726 pla-

72 4766 123 4805 aon
143 4751 298 4824 appetebas
328 4771 334 4806 ι
362 4751 436 4805 hanc
463 4756 544 4805 sanat
575 4750 772 4815 mansuetudo,
803 4766 868 4803 cum
910 4754 1012 4803 centem
1032 4750 1118 4815 (noaz.
1143 4755 1199 4814 xri).
1228 4776 1261 4785 -
1294 4745 1403 4815 [theg]
1428 4745 1481 4810 Qui
1505 4751 1598 4800 autern.
1630 4752 1706 4811 sant,

72 4839 184 4912 quisque
202 4841 239 4896 ad
262 4840 401 4911 judicium
425 4839 478 4894 Dei
492 4856 522 4894 se
537 4856 678 4905 revocans,
694 4855 750 4893 non
763 4838 869 4892 resistit
910 4837 1011 4908 inquit,
1019 4837 1131 4900 Christi,
1139 4851 1252 4889 carnem
1263 4850 1342 4887 sicam
1350 4836 1549 4900 crucifixerant
1558 4851 1619 4888 carn
1631 4838 1708 4889 ciliis

73 4929 202 4984 cannati
216 4931 280 5000 eJ'ns
295 4934 324 4983 et
336 4929 427 5000 magis
441 4928 466 4983 ei
479 4928 569 4983 credit
582 4934 657 4983 recte
674 4929 780 4982 factum
794 4944 864 4994 csse,
909 4932 933 4980 cl
953 4927 1188 4995 concupiscenti-is.
1206 4924 1278 4978 Cum
1302 4922 1377 4976 uitiis
1403 4922 1505 4994 quippe
1519 4929 1548 4977 et
1562 4925 1708 4994 concupis-

73 5032 152 5087 quam
170 5017 235 5085 sibi,
251 5018 326 5089 quod
350 5017 467 5089 putabat
489 5017 646 5088 indignum.
662 5017 869 5072 Crucifixerunt
909 5015 1007 5069 contiis
1021 5030 1134 5068 carnem
1154 5012 1352 5082 crucifigimus,
1378 5012 1402 5066 si
1421 5012 1461 5066 sic
1474 5012 1571 5082 gulam
1590 5013 1707 5067 restrin-

73 5112 162 5161 acam
184 5122 301 5163 mmem
322 5123 403 5161 suam
427 5123 491 5161 cum
516 5105 691 5177 passionibus
714 5112 742 5161 et
765 5122 867 5160 concu—
907 5105 1010 5175 minus,
1030 5109 1063 5158 ut
1078 5105 1138 5174 jam
1157 5103 1192 5155 dc
1211 5101 1309 5156 mundi
1327 5100 1418 5172 gloria
1443 5101 1512 5155 nibil
1538 5118 1706 5171 queminus.

73 5194 219 5265 piscentiis,
243 5196 318 5251 sicut
336 5196 366 5250 in
382 5195 617 5266 consequentibus
632 5195 708 5260 dicit,
730 5194 778 5266 qui
801 5200 868 5249 sunt
909 5195 981 5248 Nam
997 5192 1044 5264 qui
1059 5208 1159 5263 corpus
1178 5196 1311 5252 macerat,
1332 5192 1381 5244 scd
1408 5187 1560 5244 honoribus
1583 5191 1705 5259 anhelat,

74 5281 101 5338 in
123 5284 237 5341 Christo
256 5285 335 5340 lesu.
359 5284 440 5339 Unde
463 5291 558 5339 autem
582 5285 790 5350 crucifixerunt,
814 5283 868 5337 nisi
909 5281 1110 5337 crucemcarni
1128 5280 1232 5343 intulit,
1250 5280 1299 5334 scd
1315 5278 1420 5333 arundo
1439 5294 1489 5349 per
1514 5279 1709 5351 concupiscan-

74 5371 169 5428 iimore
187 5374 238 5429 illo
263 5379 340 5428 casto
365 5378 548 5445 permanente
563 5373 592 5427 in
607 5374 739 5428 saeculum
765 5372 867 5437 saeculi,
909 5370 980 5425 tiam
1004 5370 1084 5440 pejus
1112 5368 1188 5431 vivit,
1219 5368 1286 5438 quia
1304 5384 1377 5438 scope
1398 5383 1447 5437 per
1461 5366 1618 5423 sanctitatis
1640 5370 1710 5425 ima·

75 5478 126 5533 qao
147 5479 280 5518 aremus
302 5462 444 5517 offendere
472 5461 562 5530 illum,
588 5479 672 5534 quem
692 5467 751 5517 toto
775 5462 866 5529 corde,
909 5460 1005 5530 ginem
1024 5458 1116 5513 locum
1131 5456 1278 5528 regiminis
1289 5456 1422 5525 indignus
1439 5456 1608 5528 assequitur,
1625 5474 1709 5529 quem

73 5551 245 5619 tctasaims,
259 5556 324 5606 tota
335 5557 431 5607 mente
445 5549 613 5623 diligimus?
635 5552 701 5607 Non
723 5551 800 5606 enim
818 5551 871 5605 hoc
910 5549 965 5605 nisi
977 5547 1085 5620 aliquid
1095 5547 1126 5603 in
1139 5565 1169 5602 se
1183 5545 1295 5602 virtutis
1304 5545 1468 5614 ostenderit,
1478 5546 1555 5601 nullo
1566 5549 1708 5619 percipere

188 5651 325 5714 Ριτιοι.
338 5648 434 5714 cxli.
1114 5730 1115 5735 ἵ
1223 5662 1226 5672 ’
1551 5646 1589 5705 la
