3772 6120
8 274 20 291 θ
118 301 167 361 3li
413 301 444 358 B.
466 301 601 359 RABANI
620 303 736 359 MAURI
758 304 925 360 nituntur.
948 304 1109 360 MOGUNT.
1131 304 1280 361 OPERUM
1299 305 1392 361 PARS
1412 307 1461 363 lll.
1708 304 1759 362 312

118 445 180 484 ram
199 430 314 484 domina
324 429 371 483 sit.
384 429 419 482 Et
433 428 587 482 secundum
600 434 749 500 utramque
764 428 1096 500 intelligen-Agentinm‚
1113 430 1165 483 hoc
1175 430 1313 484 duntaxat
1322 430 1392 497 loco,
1409 431 1456 501 qui
1472 437 1614 485 eteorum
1633 445 1761 501 persone

116 519 196 586 tiam,
213 522 384 590 qnatutores
391 523 419 570 ct
432 522 550 580 aotnres,
559 517 601 570 vel
612 517 772 588 prophetas,
784 518 827 571 vel
835 534 919 589 ange·
959 517 1091 573 decenter
1106 534 1135 572 se
1160 524 1252 589 potest
1268 525 1428 586 annectere,
1445 518 1546 591 quibus
1560 520 1596 572 ad
1620 519 1761 588 evartgeli-

118 605 435 678 losdiximus‚parvulus
448 605 605 660 istetandiu
614 605 813 661 subactoribus
823 612 924 667 estat,
960 607 1080 661 eandum
1095 607 1199 661 missus
1209 612 1260 661 est.
1277 607 1384 662 Deinde
1397 610 1457 679 jam
1468 607 1544 674 dicit,
1560 606 1691 662 veniente
1702 607 1761 678 ple-

120 711 174 767 que
186 694 338 761 tutoribus,
354 695 443 750 donec
453 694 611 765 legitimum
620 694 735 767 perlecti
745 695 798 749 viri
807 701 920 768 tempus
960 695 1088 750 nitudine
1098 697 1243 767 temporis,
1251 697 1341 751 Deum
1355 696 1465 751 misisse
1479 697 1583 752 Filium
1593 696 1720 751 suumad
1730 696 1762 749 li-

118 783 285 856 impleverit.
294 783 465 855 Legitimum
479 788 574 838 autem
588 788 710 856 tempus,
726 784 801 838 sicut
815 784 919 839 Roma·
960 784 1115 839 herandum
1130 786 1278 856 parvulum
1293 786 1432 841 heredem
1446 786 1614 840 serdentem
1629 801 1662 839 ex
1678 791 1760 857 parte

118 873 164 929 nis
176 871 286 944 legibus
301 872 398 944 viginti
417 872 542 943 quinque
553 887 692 927 annorum
712 873 804 945 spatio
819 873 919 927 termi·
960 874 1016 944 legi
1029 879 1165 946 tanquam
1179 874 1340 946 paedagogo,
1365 892 1398 929 ex
1415 880 1495 947 parte
1512 874 1660 929 elementis
1675 874 1762 944 hujus

118 967 213 1029 natur,
229 961 269 1016 ita
283 962 318 1017 ad
333 962 450 1017 humani
464 961 579 1032 generis
592 960 802 1033 perfectionem,
815 962 918 1017 Christi
960 963 1067 1030 muudi,
1083 969 1219 1034 tanquam
1228 964 1455 1035 procuratoribus
1465 968 1494 1018 et
1508 962 1660 1018 actoribus.

119 1055 269 1124 reputator
279 1050 424 1116 adventus,
436 1050 533 1104 statim
549 1056 582 1105 ut
592 1049 639 1104 ille
654 1050 772 1117 venerit,
785 1056 814 1105 et
823 1067 919 1106 omnes
996 1052 1031 1109 At
1044 1053 1094 1106 arbi
1100 1056 1175 1106 venit
1179 1054 1323 1121 plenitudo
1335 1057 1473 1121 temporis,
1486 1056 1566 1107 misit
1574 1054 1644 1107 Deus
1655 1054 1758 1108 Filium

119 1140 150 1195 in
163 1139 256 1196 virum
268 1139 422 1212 perlectum
436 1138 617 1206 creverimus,
630 1139 799 1210 pedagogus
809 1157 827 1194 a
841 1139 920 1194 nobis
961 1157 1043 1195 suurn
1051 1143 1157 1208 sactum
1168 1158 1200 1194 rr
1211 1144 1337 1206 mediore,
1354 1144 1460 1210 [aetina
1476 1144 1644 1211 aethiopem
1658 1158 1701 1196 ees
1711 1146 1762 1211 qai

121 1232 255 1300 tutorque
283 1228 440 1283 discedunt.
462 1228 540 1282 Tunc
565 1228 732 1282 auctoritate
754 1228 865 1282 Domini
893 1235 922 1283 et
961 1231 1325 1298 subtepeerantredimeret,
1338 1232 1549 1299 utadoptionem
1559 1229 1761 1300 filioramreci·

121 1317 295 1373 hereditatis
309 1316 485 1388 possessione
509 1315 695 1387 perfruemur.
713 1317 745 1371 ln
766 1333 821 1388 qua
842 1316 920 1388 prius
958 1334 1095 1388 peremne.
1103 1318 1222 1389 (Ambr.)
1233 1319 1382 1374 Plenitudo
1391 1319 1578 1391 temporisest
1587 1319 1757 1390 completum

122 1405 406 1477 nati‚quodammodo
420 1404 591 1477 putabamur
599 1405 695 1459 alieni.
708 1407 750 1460 lta
762 1411 787 1459 et
802 1422 858 1469 nes,
876 1407 920 1461 in·
961 1415 1073 1479 tempos
1086 1407 1161 1478 quod
1171 1408 1340 1479 prefinitum
1350 1407 1444 1463 iuerat
1453 1409 1534 1462 aDeo
1544 1405 1637 1475 Patre',
1646 1407 1759 1479 quando

123 1494 194 1565 quit,
203 1511 267 1549 cnm
274 1510 391 1548 essemus
398 1497 523 1562 paruuli,
538 1495 588 1547 sab
603 1497 742 1549 clericatis
754 1496 921 1549 mnndiern·
962 1495 1089 1550 mitteret
1102 1496 1204 1551 Filium
1217 1513 1310 1563 sunm,
1331 1501 1363 1551 ut
1378 1513 1410 1551 ex
1436 1497 1544 1567 virgine
1567 1496 1658 1550 lactus
1679 1496 1760 1567 quasi

121 1598 185 1637 mas
193 1585 346 1637 servientes.
362 1582 510 1637 Elementa
519 1583 627 1648 mundi,
639 1583 752 1637 eosdem
762 1599 923 1656 quossupra
963 1584 1047 1639 homo
1059 1591 1232 1652 nasceretur,
1238 1585 1389 1656 subjiciens
1399 1602 1429 1640 se
1438 1585 1493 1655 legi
1504 1601 1593 1656 usque
1605 1585 1640 1639 ad
1650 1590 1762 1656 tempus

121 1676 231 1726 tutores
245 1675 275 1727 et
287 1671 518 1736 actoresdixerat,
533 1672 682 1744 appellavit
694 1690 700 1725 :
712 1672 845 1743 quodsub
856 1671 923 1744 ipsis
964 1672 1107 1745 baptismi,
1132 1681 1164 1728 ut
1185 1674 1304 1729 formem
1329 1675 1410 1729 daret
1437 1675 1576 1745 quomodo
1602 1679 1763 1745 peccatores

122 1761 247 1832 primum
269 1758 434 1833 presidibus
455 1760 610 1826 constituti,
637 1760 703 1833 quia
730 1760 850 1816 necdum
870 1761 920 1815 Dei
932 1748 1064 1828 Bablnti,
1080 1770 1109 1817 et
1126 1780 1144 1817 a
1164 1765 1233 1835 jugo
1250 1763 1321 1841 legis
1335 1763 1433 1835 erepti,
1456 1762 1619 1833 dignatione
1635 1763 1697 1828 Dei,
1713 1763 1763 1816 lilii

124 1847 188 1903 riui
201 1864 302 1919 capere
315 1848 351 1902 ad
367 1863 417 1902 nos
426 1853 589 1920 poteramus
600 1848 761 1911 adventum,
778 1848 923 1903 erudieba·
963 1853 1025 1923 ejus
1040 1853 1251 1924 adoptarentur,
1267 1853 1339 1907 sicut
1357 1852 1535 1924 promiserat,
1547 1851 1688 1923 redempti
1701 1867 1763 1906 san·

124 1937 229 1992 murin
244 1936 346 1992 medio.
362 1937 496 1992 Nonnulli
512 1954 560 1992 eos
574 1954 635 1992 esse
651 1938 766 2008 angelos
782 1937 923 1993 arbitran-
962 1941 1048 2012 gnrine
1063 1941 1126 1996 Filii
1137 1941 1390 2012 ejus.Salvatorem
1404 1946 1622 1995 nutemnecesse
1632 1940 1764 1995 eratfieri

122 2032 179 2093 tur,
191 2026 240 2098 qui
250 2030 372 2098 quatuor
382 2027 481 2081 mundi
492 2027 639 2081 elementis
649 2027 829 2098 praesideant,
839 2033 922 2082 terne
963 2029 1015 2085 sub
1036 2030 1108 2100 lege,
1134 2028 1214 2102 quasi
1233 2030 1322 2084 filium
1347 2029 1466 2084 Abrahae
1488 2031 1570 2100 juxta
1586 2045 1712 2095 carnem,
1733 2035 1764 2083 ut

124 2114 262 2182 videlicet,
288 2131 378 2186 aquae,
394 2115 452 2186 igni
472 2119 502 2170 et
515 2116 584 2182 aeri,
610 2120 639 2169 et
660 2132 773 2170 necesse
797 2132 867 2182 esse,
892 2122 925 2170 ut
963 2118 1403 2191 circumcisusappareretisessc,
1415 2118 1462 2190 qni
1471 2116 1762 2190 promissusAbrahae‚

125 2204 290 2276 priusquam
303 2203 367 2276 quis
382 2204 479 2258 credat
492 2204 521 2258 in
541 2204 663 2270 Christo,
679 2203 734 2259 illis
749 2203 861 2259 arbitris
874 2221 925 2276 gu·
963 2214 1079 2262 venerat
1089 2212 1189 2278 gentes
1198 2208 1422 2279 justificaraper
1431 2208 1525 2271 fidem,
1535 2208 1648 2277 signum
1658 2205 1766 2261 habens

87 2334 94 2343 .
128 2292 273 2349 bernetur.
286 2293 433 2349 Elementa
449 2293 557 2361 mundi,
574 2294 676 2348 coelum
699 2299 728 2348 et
749 2299 855 2348 terram
872 2312 877 2346 :
896 2301 926 2349 et
965 2298 1027 2368 ejus
1051 2297 1096 2351 cui
1119 2296 1275 2368 promissus
1296 2296 1389 2351 suerat
1410 2296 1498 2349 :ideo
1520 2295 1596 2350 ultra
1620 2295 1765 2349 nemiuem

127 2398 165 2438 ea.
177 2399 239 2454 qne
252 2382 328 2438 intra
347 2382 407 2438 haec
425 2388 500 2449 sunt,
516 2382 644 2454 plerique
658 2382 800 2454 appellata
812 2387 922 2454 putant,
965 2385 1089 2458 oportuit
1106 2384 1276 2449 circumcidi,
1293 2385 1358 2456 quia
1381 2385 1480 2440 tandiu
1496 2385 1620 2439 cucurrit
1640 2384 1764 2455 signum,

128 2471 204 2543 quod
227 2471 357 2526 videlicet
372 2472 469 2538 solem,
494 2471 602 2538 lunam,
624 2471 723 2537 maria,
744 2470 877 2526 silvarum
897 2478 927 2526 et
965 2474 1148 2546 quoadusque
1162 2474 1269 2529 veniret
1282 2474 1330 2545 qui
1340 2474 1494 2546 promissus
1503 2474 1596 2529 iuerat
1604 2478 1765 2528 restaurare

127 2560 267 2615 montium
277 2560 344 2614 deos
362 2565 390 2614 et
404 2560 545 2630 sapientes
559 2560 681 2627 Greciae,
692 2565 721 2614 et
734 2559 859 2614 barbara
874 2577 926 2615 na·
966 2563 1061 2631 iidem,
1071 2563 1102 2619 in
1113 2580 1169 2635 qua
1177 2563 1349 2635 justificatus
1360 2569 1404 2618 est
1421 2563 1563 2618 Abraham
1577 2562 1606 2617 in
1616 2562 1765 2634 praeputio,

128 2648 229 2714 tiones,
236 2647 422 2719 Romanique,
430 2648 556 2703 omnium
562 2648 794 2720 superstitionum
804 2649 925 2715 sentina,
966 2658 999 2708 ut
1012 2652 1191 2707 credentibus
1206 2668 1262 2706 non
1276 2668 1347 2722 opus
1360 2651 1397 2706 sit
1413 2651 1587 2706 circumcisio
1600 2670 1606 2718 ;
1622 2650 1766 2705 Abraham

129 2741 306 2803 tenerentur,
322 2754 340 2791 a
354 2736 531 2807 quibuscum
553 2737 681 2792 Christus
701 2737 810 2791 venerit
827 2737 927 2791 libera·
967 2747 1062 2796 autem
1072 2741 1135 2796 ideo
1145 2742 1325 2796 circumcisus
1340 2746 1392 2808 est,
1409 2741 1577 2812 quintilium
1596 2756 1626 2794 sc
1645 2740 1767 2794 credidit

128 2840 215 2879 mur:
232 2824 421 2896 intelligentes
436 2841 471 2880 ea
484 2830 628 2880 creaturas
645 2842 716 2892 esse,
733 2842 789 2880 non
799 2825 924 2881 numina.
966 2829 1139 2896 habiturum,
1155 2829 1184 2885 in
1205 2847 1260 2902 quo
1275 2847 1372 2885 omnes
1397 2835 1496 2900 gentes
1519 2829 1763 2884 benedicerentur,

129 2913 185 2968 Alii
200 2913 340 2969 elementa
354 2912 462 2979 mundi,
479 2914 570 2986 legem
587 2914 812 2986 interpretentur
825 2914 924 2987 Moysi,
968 2919 1105 2991 (Hieron.)
1124 2918 1281 2990 Diligenter
1296 2919 1443 2985 attendite,
1470 2919 1544 2989 quod
1571 2934 1628 2974 non
1652 2918 1764 2976 dixerit.

47 3034 50 3040 ,
129 3007 158 3057 et
172 3002 285 3072 eloquia
299 3002 514 3074 Prophetarum,
531 3004 607 3074 qnod
616 3019 667 3075 per
675 3004 734 3057 haec
744 3004 824 3076 qnasi
834 3003 924 3070 initia,
967 3007 1071 3062 tactum
1087 3024 1137 3079 per
1151 3008 1308 3071 mulierem,
1321 3008 1396 3078 quod
1413 3007 1538 3062 Marcion
1548 3012 1578 3061 et
1592 3011 1698 3062 caeterae
1712 3006 1767 3061 hae-

127 3096 157 3146 et
169 3091 285 3146 exordia
298 3090 468 3157 litterarum,
490 3091 542 3146 Dei
556 3092 698 3158 timorem,
719 3092 768 3163 qui
782 3078 957 3165 sapientiaeC
968 3113 1045 3150 reses
1056 3097 1163 3162 volunt,
1180 3113 1241 3167 quae
1256 3096 1411 3168 putativam
1428 3094 1532 3150 Christi
1548 3111 1662 3149 carnem
1681 3095 1767 3149 simu·

128 3179 298 3253 principium
308 3185 361 3247 est,
377 3180 576 3252 suscipiamus.
593 3181 720 3252 Denique
738 3181 775 3236 ad
799 3199 857 3248 ene,
878 3184 926 3253 qui
967 3184 1041 3251 lant;
1052 3185 1100 3239 sed
1114 3201 1147 3239 ea
1159 3187 1286 3252 muliere,
1302 3189 1335 3238 ut
1352 3200 1409 3238 non
1426 3183 1577 3255 perillam,
1597 3183 1645 3237 sed
1666 3200 1699 3237 ex
1718 3183 1766 3237 illa

125 3272 187 3341 jam
200 3268 338 3325 deberent
352 3285 413 3324 esse
427 3269 553 3341 perlecti,
569 3270 726 3326 atteritete
737 3271 866 3342 neglecta
876 3271 926 3325 ad·
968 3278 1052 3327 natus
1062 3289 1122 3328 esse
1134 3273 1276 3328 credatur.
1293 3273 1373 3338 Quod
1390 3280 1488 3327 autem
1508 3278 1636 3326 sanctam
1653 3279 1683 3326 et
1700 3271 1765 3327 hea-

127 3358 183 3413 huc
197 3358 410 3431 disciplinarum
421 3358 565 3430 principiis
584 3358 768 3426 inherebant,
785 3358 883 3414 scribit
896 3359 927 3415 in
968 3367 1027 3416 tam
1038 3369 1158 3416 matrem
1164 3362 1287 3430 Domini,
1298 3362 1456 3427 mulierem,
1465 3379 1521 3416 non
1532 3361 1671 3432 virginem
1678 3361 1767 3416 nomi-

128 3445 253 3518 Epistola
268 3447 303 3501 ad
318 3446 450 3502 Hehraeos
463 3449 615 3519 Apostolus
632 3448 762 3502 :Etenim
776 3465 839 3503 cnm
853 3450 928 3503 debe-
968 3442 1054 3508 navit,
1070 3442 1123 3495 hoc
1146 3441 1221 3496 idern
1245 3441 1317 3510 etin
1342 3441 1490 3512 Evangelio
1513 3437 1583 3492 κατὰ
1602 3440 1766 3495 Matthaeum

127 3539 195 3589 retis
207 3552 260 3590 esse
274 3539 406 3604 rnaqistri
423 3542 535 3605 propter
556 3542 671 3606 tempas,
690 3553 807 3591 rursum
826 3554 928 3592 necesse
968 3532 1104 3603 scriptum
1119 3538 1171 3597 est,
1184 3531 1295 3602 quando
1304 3547 1375 3584 uxor
1384 3530 1544 3601 appellatur
1557 3530 1671 3602 loseph,
1689 3536 1718 3584 et
1732 3529 1767 3584 ab

128 3624 233 3679 habetis
247 3630 278 3678 ut
301 3626 456 3680 doceamini
472 3642 532 3694 qne
557 3628 616 3680 sint
635 3629 766 3680 steinenla
791 3629 929 3695 principii
968 3622 1029 3692 ipso
1039 3620 1159 3675 Domino
1170 3620 1251 3692 quasi
1260 3619 1362 3674 mulier
1378 3620 1623 3691 increpatur:n0n
1631 3619 1707 3674 enim
1720 3634 1767 3673 ne

127 3728 289 3767 stratonem
313 3714 361 3767 Dei
389 3713 480 3781 (Hebe.
510 3716 547 3784 v).
580 3713 676 3785 [Aug]
712 3713 806 3778 Quaeri
832 3719 927 3769 numm
968 3726 1046 3765 cesse
1060 3715 1122 3763 erat
1135 3725 1248 3781 semper
1267 3708 1346 3780 qnasi
1362 3715 1443 3763 caute
1467 3713 1496 3762 et
1516 3708 1615 3763 timide
1630 3707 1767 3779 virginem

128 3806 222 3872 potest
235 3801 375 3873 quomodo
384 3802 539 3857 secundum
550 3803 622 3857 hanc
632 3802 855 3868 similitudinem,
877 3803 929 3858 sub
969 3798 1072 3864 dicere,
1086 3814 1151 3853 cum
1165 3798 1268 3854 mulier
1281 3814 1379 3852 sexum
1398 3797 1488 3868 magis
1512 3797 1661 3868 significet,
1682 3813 1767 3868 quam

128 3890 275 3946 elementis
284 3890 370 3962 hujus
383 3890 481 3946 mundi
492 3890 606 3947 fuerunt
620 3891 719 3959 ludaei,
735 3892 864 3946 cumillis
879 3909 931 3963 per
969 3888 1098 3959 copulam
1107 3888 1169 3942 riri.
1179 3887 1324 3952 Quomodo
1333 3886 1384 3941 snb
1395 3886 1553 3957 legesactus
1564 3892 1616 3952 est,
1627 3887 1767 3957 utensqui

127 3978 219 4049 legem
235 3994 320 4049 qnam
329 3984 508 4050 acceperunt,
521 3996 594 4034 unus
609 3981 684 4035 Deus
695 3980 744 4050 qui
753 3979 929 4035 lecitcoelum
969 3975 1092 4048 sublege
1103 3982 1185 4031 erant
1198 3976 1350 4031 redimeret
1362 3994 1367 4028 :
1384 3975 1424 4030 sic
1434 3982 1550 4047 propter
1564 3976 1626 4029 illos
1641 3977 1690 4047 qui
1706 3977 1764 4029 nati

129 4072 159 4120 et
182 4071 289 4120 terram
317 4066 451 4121 colendus
482 4067 727 4122 commendaretur
744 4087 750 4122 :
767 4069 816 4122 sed
837 4074 930 4140 potest
968 4064 1081 4120 fucrant
1095 4082 1128 4119 ex
1142 4065 1270 4129 muliere,
1286 4081 1319 4119 ex
1334 4064 1452 4119 muliere
1462 4065 1539 4118 nasci
1550 4064 1730 4118 voluit.Nam
1739 4073 1766 4118 et

129 4170 190 4208 esse
204 4154 277 4208 alins
293 4155 384 4209 exitus
399 4155 514 4227 capituli
538 4156 633 4226 hujus,
656 4162 689 4210 ut
710 4173 774 4210 cum
798 4157 929 4228 superius
969 4153 1139 4226 baptismum
1157 4155 1187 4209 in
1204 4156 1219 4209 J
1222 4154 1334 4208 ordanis
1349 4154 1454 4208 lluento
1462 4154 1565 4209 idcirco
1581 4153 1662 4225 quasi
1676 4154 1764 4225 poeni·

129 4243 221 4314 legem
231 4243 414 4315 paedagogum
424 4244 532 4311 fecerit,
548 4243 601 4298 sub
616 4261 671 4316 quo
681 4250 742 4300 erat
756 4246 803 4299 ille
809 4247 929 4318 populus
969 4248 1041 4311 tens,
1057 4260 1121 4298 cum
1129 4250 1203 4298 esset
1217 4260 1235 4297 a
1248 4243 1370 4315 peccatis
1378 4242 1457 4307 liber,
1468 4243 1585 4313 accepit,
1601 4250 1633 4296 ut
1645 4247 1764 4296 caeteros

130 4331 302 4398 ludaeorum,
323 4349 398 4387 nunc
409 4337 606 4404 procuratores
620 4338 767 4388 abactores
782 4334 857 4390 dicat
870 4335 929 4390 ele·
970 4332 1100 4387 edoceret
1106 4332 1283 4387 mundandos
1292 4349 1353 4386 esse
1363 4331 1641 4403 perbaptismum,et
1649 4331 1679 4385 in
1690 4331 1764 4386 lilios

86 4413 92 4424 ’
130 4427 227 4476 menta
250 4421 357 4489 mundi,
383 4421 435 4477 sub
458 4422 560 4493 quibus
583 4423 743 4478 serviebant
763 4430 872 4494 gentes,
897 4432 929 4479 ut
969 4438 1042 4476 nova
1050 4422 1166 4494 spiritus
1179 4420 1328 4491 adoptione
1338 4420 1477 4491 generari.
1495 4420 1575 4485 Quod
1586 4436 1768 4491 nequaquam

130 4511 205 4566 illius
219 4511 419 4584 illeparvulus,
435 4511 463 4566 id
482 4518 533 4578 cst,
554 4513 687 4584 populus,
707 4518 820 4585 propter
841 4531 927 4568 unam
969 4510 1130 4581 intelligens
1153 4511 1276 4564 loannes
1299 4509 1436 4580 Baptista,
1466 4525 1533 4563 eum
1560 4509 1596 4562 ad
1621 4508 1766 4563 lavacrum

130 4600 214 4654 lldem
229 4600 264 4654 ad
284 4617 374 4656 unum
388 4618 485 4656 semen
507 4601 627 4656 Abrahae
648 4602 803 4673 pertinens,
820 4602 887 4674 qnia
901 4608 930 4658 et
969 4598 1136 4671 prohibebat
1154 4599 1296 4666 accedere,
1312 4598 1424 4653 dicens:
1444 4599 1499 4666 Epo
1514 4614 1532 4652 a
1548 4603 1572 4652 te
1585 4598 1664 4652 (hbeo
1677 4599 1768 4666 bapti·
1788 4670 1791 4675 Ι

130 4688 277 4743 deludaeis
287 4689 684 4762 etdegentibnscongregatus
699 4692 928 4763 estpartimlue-
969 4692 1033 4743 sori
1045 4690 1153 4756 (Mettis.
1175 4692 1225 4756 rn),
1241 4693 1271 4742 et
1284 4687 1381 4742 stetim
1399 4693 1608 4741 sacramentum
1626 4686 1744 4740 docetur
1760 4705 1766 4740 :

129 4776 169 4829 rit
182 4775 234 4831 suh
249 4778 400 4848 paedagogo
410 4777 480 4850 legis
490 4785 618 4852 tempore
627 4780 755 4852 pueritiae
766 4781 927 4848 suae,idest,
969 4779 1035 4836 Sine
1048 4779 1135 4843 inodo,
1160 4781 1200 4832 sic
1224 4780 1298 4831 enirn
1322 4792 1371 4830 nes
1397 4778 1468 4831 decet
1492 4778 1644 4844 adimplere
1659 4791 1767 4829 ornnem

130 4871 296 4937 exeaparte
311 4882 367 4938 qua
380 4867 415 4922 de
425 4869 529 4924 Judaeis
540 4875 727 4941 congregatus
742 4876 786 4924 est
801 4888 808 4923 :
824 4870 927 4942 partim
964 4870 1108 4937 ,iustitiam
1123 4866 1221 4938 (Marc.
1234 4883 1257 4934 13
1272 4868 1343 4920 loon
1358 4868 1388 4935 r),
1404 4881 1440 4919 ne
1455 4865 1503 4936 qui
1518 4863 1554 4919 oh
1568 4864 1770 4919 hominumsa-

130 4952 343 5030 substernentis
359 4956 443 5027 hujus
459 4958 566 5026 mundi,
579 4958 681 5030 quihus
688 4963 824 5030 tanquam
831 4975 928 5030 procu·
967 4956 1056 5011 lutem
1071 4960 1195 5023 venerat,
1212 4954 1323 5026 aliquid
1336 4955 1372 5009 de
1390 4953 1602 5009 conversatione
1622 4952 1771 5008 hominum

128 5043 270 5099 raterihus
284 5049 313 5100 et
330 5044 471 5100 actoribus
496 5046 643 5113 serviebat,
666 5064 699 5101 ex
721 5064 755 5101 ea
772 5053 852 5118 parte
872 5063 928 5117 qua
968 5045 1125 5117 preteriret
1139 5046 1232 5114 (lup.)
1248 5044 1303 5099 Sed
1328 5043 1454 5109 ollendit,
1470 5046 1576 5111 facturn
1591 5059 1623 5097 ee
1637 5045 1765 5107 muliere,

128 5131 164 5187 de
177 5131 308 5205 gentibus
322 5139 508 5205 congregatus
523 5142 575 5199 est,
593 5142 625 5190 ut
643 5136 717 5207 qnod
737 5136 838 5190 miscet
850 5137 926 5208 Apo·
967 5135 1034 5205 quia
1048 5140 1147 5189 natum
1160 5134 1329 5188 confitemur
1337 5149 1371 5186 ex
1382 5132 1499 5203 virgine,
1511 5131 1616 5186 factum
1627 5147 1684 5185 non
1698 5147 1766 5186 con·

129 5221 219 5275 stolus
229 5239 379 5294 personam
390 5239 545 5287 suam,n0n
558 5223 667 5279 dicens:
680 5226 751 5280 Cum
762 5225 928 5296 essetispar-
967 5224 1082 5278 litemur
1095 5223 1150 5278 nisi
1161 5222 1304 5278 hominem
1321 5241 1327 5274 :
1345 5222 1420 5276 Deus
1432 5226 1528 5275 autem
1538 5237 1652 5292 semper
1661 5220 1768 5276 taciens

129 5309 185 5363 vuli
202 5309 254 5364 sub
269 5312 416 5367 elementis
429 5312 513 5383 hujus
529 5312 626 5367 mundi
640 5314 736 5379 eratis,
753 5314 801 5368 sed
812 5314 924 5369 dicens:
968 5317 1020 5379 est,
1037 5312 1098 5366 fieri
1116 5312 1206 5366 nescit
1219 5318 1252 5366 nt
1270 5311 1316 5376 sit,
1333 5311 1395 5365 fieri
1410 5310 1501 5365 nescit
1513 5311 1598 5376 Deus,
1615 5309 1665 5364 sed
1684 5310 1719 5362 stt
1734 5318 1768 5363 ut
1804 5370 1808 5375 ,

130 5400 199 5452 Cum
214 5415 330 5454 essemus
341 5405 467 5470 merati,
483 5403 533 5455 snb
546 5405 685 5456 elementis
698 5405 803 5457 miseriti
815 5419 926 5457 marnas
967 5401 1072 5472 aliquid
1087 5401 1170 5456 alicnr
1191 5401 1237 5466 sit,
1254 5400 1394 5471 quomodo
1409 5399 1513 5454 dicitur
1528 5419 1534 5454 ;
1554 5400 1679 5463 llonn'ne,
1690 5400 1767 5465 resa-

128 5489 283 5552 serrieates,
299 5490 552 5561 nonpertineatad
567 5490 801 5560 significationem
815 5492 926 5546 ludeo·
966 5495 1044 5560 pium
1059 5493 1149 5559 foetas
1174 5496 1213 5544 est
1234 5492 1311 5545 nobis
1329 5492 1410 5558 (Psoi.
1431 5491 1539 5557 tinxit),
1556 5493 1606 5542 et:
1628 5489 1765 5542 Dorninns

127 5588 200 5635 rum,
216 5591 249 5629 en
264 5575 783 5647 quibusPaulusoriginemducit.sed
792 5579 926 5649 magisad
966 5582 1056 5650 sectus
1080 5586 1118 5633 est
1145 5582 1300 5633 auxiliator
1328 5595 1404 5631 mem
1429 5579 1510 5650 (Psoi.
1533 5581 1618 5639 χιιι).
1646 5576 1765 5640 Quando
