3772 6120
140 284 191 344 523
431 283 464 337 Β.
484 276 622 341 neusin
646 285 762 342 unum
779 282 949 341 Ancurae.
969 278 1133 339 MOGUNT.
1153 279 1303 337 OPERUM
1320 278 1413 334 PARS
1431 272 1485 338 m.
1725 282 1781 340 524

139 404 968 482 corporr'rooraisiacr'rcumeieionemChristi.(Aup.)NouA
980 411 1040 483 ipso
1064 425 1242 465 communem
1263 406 1497 463 resurrectionem
1516 407 1648 473 efficiens,
1665 426 1698 464 ex
1720 426 1782 483 qua

139 499 312 570 dnaautique
321 514 367 552 res
380 496 500 568 intelligi
513 498 610 567 voluit,
627 502 707 572 quasi
725 503 801 556 aliud
812 519 877 557 caro
886 503 933 570 sit,
977 500 1179 573 omnisspecies
1185 497 1290 570 peccati
1298 496 1382 551 vestri
1388 495 1693 554 exterminabitur.Hoc
1699 500 1780 554 enim

139 590 325 660 aliudcorpus
337 586 445 641 caruis:
460 587 509 642 sed
525 588 592 658 quia
614 606 714 662 corpus
729 591 883 646 multarum
893 608 937 647 re-
976 590 1053 653 dicit,
1068 591 1175 643 donans
1190 585 1372 641 omniavobis
1381 586 1490 655 delicta,
1503 604 1536 641 eo
1545 588 1618 657 quod
1630 589 1781 644 constituit

137 695 201 734 nrm
219 693 323 732 nomen
332 681 383 743 est,
398 692 518 748 quarum
527 677 603 733 nulla
613 694 678 733 caro
692 685 754 748 est,
771 697 837 735 nam
846 681 936 737 multa
976 695 1027 733 nos
1039 686 1119 733 extra
1132 677 1295 732 facilitatem
1308 675 1439 746 peccandi
1453 694 1458 728 :
1475 692 1526 747 per
1540 678 1780 734 resurrectionem

137 771 328 838 mutescepta
341 781 425 821 came
439 774 558 838 corpora
571 767 695 822 coelestia
704 775 733 823 et
745 786 862 841 corpora
875 777 934 825 ter-
975 768 1103 834 etenim,
1134 772 1283 838 postquam
1310 765 1485 819 immortales
1518 771 1622 821 natura
1660 767 1778 822 exstite-

136 855 363 927 renniacorpns
372 854 655 927 carnisdixiteorpus
667 874 729 929 quae
743 874 809 913 caro
818 865 877 913 est:
894 860 934 914 sie
975 856 1072 923 rimus,
1084 872 1198 928 peecare
1212 855 1287 909 ultra
1298 870 1477 925 nequaquam
1491 855 1657 925 poterimus.
1667 856 1779 912 Deinde

135 947 232 1019 itaque
255 945 387 1018 mittum
412 944 524 1011 mentis,
549 945 681 1017 spiritum
696 964 758 1019 quae
780 954 931 1003 mensest:
974 945 1120 1016 conjungit
1128 951 1157 1000 et
1165 944 1242 998 aliud
1257 942 1371 1008 bonum,
1391 943 1465 1013 quod
1477 943 1542 997 hinc
1556 943 1637 998 nobis
1652 944 1778 1016 acquisi-

135 1037 317 1092 renovamini
326 1038 419 1089 autem
429 1037 531 1102 spiritu
547 1038 646 1089 mentis
660 1041 754 1093 vestra
765 1038 868 1106 (linter.
885 1044 930 1108 ον).
974 1039 1035 1089 tum
1049 1041 1101 1101 est,
1109 1035 1184 1105 quod
1193 1032 1266 1088 etad
1276 1048 1399 1103 praesens
1407 1033 1495 1086 etiarn
1507 1040 1710 1103 argumentum
1722 1034 1777 1090 sibi

135 1123 256 1196 [Amba]
270 1125 303 1179 In
316 1123 388 1195 ipso,
399 1122 503 1193 inquit,
514 1129 544 1177 et
557 1139 666 1194 eaquae
681 1124 754 1178 ineo
774 1126 881 1181 aalide
896 1128 932 1182 ad
973 1123 1119 1177 convenire
1141 1121 1318 1177 existimabat
1333 1122 1449 1175 :licteus
1468 1124 1541 1191 quod
1562 1124 1712 1177 adeersum
1728 1140 1777 1179 nos

133 1214 294 1286 impositam
307 1211 385 1267 vobis
394 1211 596 1266 mortalitatem
606 1213 673 1267 estis
686 1214 865 1279 eruditi,cnm
876 1232 932 1287 qua
972 1219 1032 1266 erat
1046 1212 1261 1281 cbiroqrcphnm
1285 1212 1395 1277 decrat,
1418 1213 1489 1280 quod
1512 1216 1573 1264 erat
1596 1215 1777 1267 contrariam

133 1301 307 1358 mortalitate
315 1300 401 1355 etiarn
417 1306 634 1372 peccaterestra
643 1303 766 1357 sustulit.
779 1303 847 1358 Vult
855 1305 931 1359 enim
973 1302 1092 1368 uolitant
1102 1302 1224 1369 idipsum
1237 1302 1302 1354 tulit
1318 1301 1349 1353 de
1359 1300 1457 1365 medio,
1470 1300 1586 1368 nffipens
1596 1301 1671 1354 illud
1684 1304 1774 1356 οηιοὶ.

131 1391 237 1446 dicere:
246 1388 753 1462 quoniamimmortalitatemassecuti
762 1392 932 1464 estis,inqua
971 1388 1093 1460 (Ambr.)
1104 1389 1270 1444 Contionem
1285 1388 1376 1457 legem
1387 1387 1552 1458 dictamina
1565 1405 1664 1443 omnes
1679 1394 1775 1444 actum

131 1479 276 1534 constituti
286 1477 362 1532 ultra
369 1493 427 1531 uon
441 1477 600 1548 peccabitis,
618 1480 693 1550 quod
705 1497 738 1534 ex
758 1481 931 1537 mortalitate
971 1477 1089 1550 implere
1107 1477 1252 1542 debemus,
1267 1483 1365 1548 utpote
1387 1476 1484 1548 posita
1498 1494 1516 1530 a
1530 1476 1599 1542 Deo,
1616 1477 1692 1548 quod
1712 1484 1775 1534 erat

130 1567 304 1622 sustinebitis
322 1566 528 1621 necessitatem.
546 1567 645 1639 Itaque
665 1569 794 1623 convenit
820 1576 850 1624 et
863 1587 929 1642 pro·
969 1566 1082 1633 durum,
1097 1567 1155 1620 imo
1170 1565 1342 1638 impossibile
1356 1570 1389 1620 ut
1403 1565 1558 1620 secundum
1572 1566 1644 1636 legis
1658 1582 1775 1639 scrupu-

130 1662 196 1728 pter
203 1656 257 1711 hoc
270 1671 327 1710 non
336 1655 461 1726 ingratos
470 1671 519 1709 vos
529 1655 617 1710 videri
631 1673 698 1728 erga
713 1657 793 1712 illum
802 1659 849 1730 qui
863 1663 928 1713 tan-
968 1654 1109 1709 lositatem
1119 1655 1350 1726 justificaremur,
1359 1653 1426 1724 quia
1435 1654 1479 1708 lex
1494 1654 1775 1726 qualitercumqueet

129 1749 224 1800 torum
237 1743 314 1800 vobis
327 1743 465 1817 benonim
475 1743 581 1798 exstitit
595 1745 731 1815 provisor.
749 1746 824 1801 Bene
835 1742 961 1802 autemB
970 1744 1203 1815 quandocumque
1212 1749 1375 1815 peccantem
1384 1742 1484 1814 punire
1493 1744 1635 1815 pracepir3
1647 1759 1773 1815 nonpec·

129 1833 369 1888 circumcisionem
381 1831 535 1887 nominavit
556 1832 736 1888 mortaiitatis
747 1832 927 1905 ablationem,
968 1833 1146 1887 carevemad
1157 1833 1272 1903 plenum
1281 1831 1424 1885 hominem
1433 1831 1599 1886 existentem
1614 1832 1696 1886 valde
1713 1838 1774 1888 erat

128 1922 170 1977 ita
180 1929 215 1981 ut
227 1938 260 1977 er
275 1921 485 1994 comparatione
498 1921 628 1976 ostendat
641 1923 703 1992 ejus
717 1922 904 1978 differentiam
921 1944 927 1978 :
968 1919 1149 1992 impossibile,
1161 1938 1194 1975 er
1205 1919 1400 1993 quibuslisbet
1414 1926 1446 1974 nt
1458 1920 1498 1973 illi
1515 1921 1563 1992 qui
1573 1920 1627 1975 sub
1638 1921 1702 1992 lege
1712 1938 1771 1975 ver·

128 2012 268 2083 siquidem
280 2010 321 2065 ibi
335 2010 460 2080 corporis
470 2009 574 2065 ablatio
586 2011 687 2081 exigna
703 2017 746 2066 est
755 2012 862 2068 nullam
877 2014 928 2068 lra-
968 2008 1231 2076 sabnntur‚securos
1242 2026 1259 2063 a
1271 2026 1354 2081 poena
1363 2009 1560 2063 efficiminime
1569 2009 1689 2081 possint.
1697 2010 1772 2065 Cau·

76 2160 80 2169 ‚
127 2099 196 2155 bens
206 2098 598 2172 prodificationem;hicvero
612 2105 692 2154 tanta
709 2102 927 2157 mortalitasau-
965 2097 1071 2152 tionem
1086 2115 1152 2170 ergo
1167 2098 1301 2152 adversus
1310 2086 1362 2153 nos
1376 2098 1467 2168 legem
1480 2103 1569 2164 vocat,
1577 2114 1610 2152 eo
1623 2099 1770 2171 quoderat

126 2189 217 2244 fertur
227 2189 258 2243 in
276 2187 377 2242 mehus
391 2187 501 2259 corpori
516 2194 611 2243 nostro
624 2189 834 2245 mansfmmato.
848 2191 927 2246 Unde
967 2188 1109 2242 contraria
1122 2186 1211 2253 nobis,
1227 2188 1278 2241 hoc
1293 2193 1345 2255 ast,
1363 2204 1418 2241 non
1442 2186 1609 2258 permittens
1625 2187 1768 2257 justifica-

126 2284 225 2333 etuou
252 2276 442 2332 manufactam
464 2277 706 2332 circumcisionem
730 2279 837 2335 vocavit
852 2296 925 2345 eam,
967 2275 1074 2331 donem
1093 2277 1205 2347 assequi
1225 2283 1340 2347 propter
1360 2292 1441 2330 suam
1460 2276 1719 2346 scrupulositatem,
1744 2271 1777 2332 et‘

56 2384 60 2394 ·
125 2368 166 2422 ita
174 2373 208 2422 ut
221 2383 256 2421 ex
269 2384 302 2422 eo
314 2366 399 2420 modo
408 2365 612 2437 inoperationis
626 2367 688 2438 eius
707 2368 837 2423 ostendat
847 2368 926 2424 dine-
967 2364 1041 2418 hanc
1053 2366 1214 2419 cautionem
1229 2365 1331 2419 delevit
1347 2364 1477 2430 decretis,
1494 2372 1527 2419 ut
1540 2365 1616 2418 dicet
1627 2381 1772 2420 resurrec-

125 2456 263 2511 rentiam:
286 2455 427 2528 siquidem
448 2455 506 2508 illic
529 2454 654 2509 humana
677 2472 777 2511 manus
798 2463 849 2524 est,
865 2474 926 2529 quae
966 2453 1072 2508 tionem
1085 2461 1113 2509 et
1126 2454 1389 2509 immortalitatem:
1407 2453 1540 2524 dogmata
1551 2454 1627 2507 enim
1643 2471 1706 2508 esse
1716 2455 1772 2510 ista

124 2544 242 2617 perfecit
255 2543 516 2610 circumcisionem
540 2544 585 2597 hic
599 2560 664 2597 vero
684 2544 777 2599 divina
796 2552 839 2600 est
863 2563 927 2617 gra·
967 2548 995 2596 et
1012 2543 1139 2614 Ephesiis
1158 2542 1283 2598 scribens
1304 2542 1381 2609 dixit,
1406 2543 1495 2613 legem
1521 2544 1729 2615 praceptorum
1741 2544 1770 2599 in

11 2618 22 2636 ’
123 2633 174 2699 tia,
186 2648 243 2704 qua
259 2631 424 2704 inoperatur
433 2632 612 2685 mortalitatis
632 2631 745 2687 ablatio.
761 2635 927 2690 Necessaria
966 2631 1084 2686 decretis
1099 2631 1264 2697 destituens,
1280 2630 1387 2702 quare?
1399 2631 1532 2701 quoniam
1547 2630 1591 2684 lex
1610 2632 1771 2687 necessaria

123 2737 189 2776 vero
199 2720 420 2791 estetadjeotio,
431 2735 516 2791 quam
529 2720 738 2790 adjecitdicens
757 2727 789 2776 tn
804 2727 926 2778 circnm-
966 2726 1027 2773 erat
1036 2720 1146 2792 illisqui
1158 2719 1340 2790 subjacebant
1349 2725 1472 2790 peccato,
1482 2719 1606 2773 retinens
1621 2736 1655 2774 ac
1669 2721 1769 2792 prohi-

123 2813 225 2865 otsr'one
238 2809 351 2875 Obristi,
372 2814 405 2863 ut
419 2808 503 2874 dicat,
530 2809 597 2880 quia
609 2809 663 2863 hac
683 2810 839 2865 circumcisi
859 2813 925 2867 estis
967 2807 1034 2863 bens
1048 2825 1095 2863 eos
1111 2808 1315 2880 apeccato,qui
1324 2814 1419 2862 antem
1427 2814 1606 2879 resurgentes
1616 2813 1687 2864 sunt
1698 2810 1767 2865 etie-

123 2897 345 2963 circumcisione‚
357 2897 612 2968 cujusprnmissum
623 2897 699 2953 vobis
708 2900 924 2970 praestititChri-
963 2897 1000 2951 cti
1013 2897 1196 2963 immortales,
1211 2914 1326 2969 peccare
1347 2898 1421 2952 ultra
1432 2913 1489 2951 non
1504 2904 1648 2969 poterunt.
1666 2900 1767 2970 ltaque

122 2992 192 3053 stus,
205 2992 234 3042 et
255 2985 390 3058 qnoniam
405 3002 509 3057 magna
533 2978 616 3040 eraut
643 3003 704 3058 qnae
723 2987 798 3042 dicta
811 2988 923 3044 fuerant
964 2991 992 3040 et
1005 2986 1050 3039 lex
1061 2986 1204 3058 superflua
1219 2994 1262 3041 est
1275 2985 1338 3053 illis,
1353 2986 1403 3057 qui
1424 2985 1587 3056 hujusmodi
1600 2993 1677 3053 sunt,
1694 2993 1725 3042 et
1739 2988 1769 3044 in

121 3076 242 3131 necdum
253 3091 320 3130 vero
346 3075 378 3129 in
401 3090 485 3146 opere
513 3081 596 3130 eraut
616 3076 723 3131 effecta.
755 3077 920 3148 commatri,
932 3074 1024 3146 chuc,
1032 3075 1134 3147 inquit,
1143 3091 1194 3130 nos
1205 3092 1318 3130 securos
1330 3075 1404 3140 tacit,
1414 3080 1446 3129 ut
1455 3091 1491 3128 ne
1504 3075 1625 3129 ulterius
1636 3075 1689 3130 sub
1701 3077 1765 3148 lege

122 3164 252 3236 inquitet
263 3167 298 3219 ia
309 3166 490 3234 baptismata
499 3170 585 3234 quest
594 3168 923 3237 resurrexistisperfidcm
963 3174 1169 3232 conversemur,
1183 3166 1258 3220 unde
1272 3165 1315 3218 vel
1331 3164 1452 3218 maxime
1467 3163 1518 3218 sub
1530 3180 1614 3235 poena
1627 3165 1712 3220 facile
1725 3166 1768 3221 in-

122 3255 922 3324 operatiom'clleipniamcitaoitillamamortatasiautem
963 3252 1153 3309 currebamus.
1168 3255 1242 3309 Rene
1256 3260 1351 3308 nutem
1366 3252 1446 3319 dixit,
1457 3257 1594 3322 correpens
1609 3257 1693 3309 ittam
1705 3271 1769 3309 crn-

120 3341 242 3397 necdnm
252 3341 365 3412 negano
373 3341 403 3395 id
416 3341 499 3413 potiti
510 3341 588 3409 estis,
605 3347 704 3397 tamen
714 3344 775 3413 jam
787 3344 817 3398 in
832 3346 923 3401 forma
963 3344 998 3407 ci,
1013 3359 1046 3396 eo
1065 3343 1139 3414 quod
1160 3343 1314 3398 secundum
1333 3347 1500 3414 praesentem
1523 3341 1609 3396 utam
1624 3343 1670 3397 lex
1689 3343 1771 3399 utilis

119 3431 234 3487 illorum
248 3429 339 3485 effecti
365 3429 442 3497 estis,
470 3431 638 3485 commortui
653 3431 683 3485 in
705 3431 874 3504 baptismate
894 3441 923 3490 et
964 3437 1006 3485 est
1017 3431 1107 3498 nobis,
1124 3432 1235 3502 quando
1258 3437 1287 3486 et
1305 3448 1421 3504 peccare
1437 3447 1598 3501 possumus3
1616 3431 1683 3487 linis
1702 3450 1768 3489 nero

121 3518 369 3592 coniugentes,
388 3519 502 3574 cudens
515 3525 559 3574 est
574 3520 707 3591 quoniam
726 3520 865 3594 baptisma
880 3539 922 3578 as·
963 3520 1047 3591 hujus
1064 3521 1128 3576 vitae
1146 3538 1221 3575 mors
1237 3528 1288 3575 est.
1307 3519 1437 3585 Confixit,
1453 3519 1554 3590 inquit,
1571 3519 1652 3575 illam
1666 3522 1745 3578 cruci
1758 3542 1764 3576 :

121 3609 210 3665 secuti
228 3607 297 3665 esn's
309 3594 465 3663 credentes.
482 3608 617 3663 Primitus
631 3610 810 3682 qnodpotens
824 3611 923 3668 sitista
955 3615 1090 3663 ¹mortuus
1099 3610 1174 3664 enim
1182 3611 1268 3664 linem
1275 3608 1330 3680 legi
1342 3608 1429 3663 dedit.
1442 3608 1499 3662 Nec
1512 3608 1588 3662 enim
1601 3607 1633 3662 in
1646 3609 1705 3664 illis
1719 3610 1765 3682 qui

118 3699 210 3754 tacere
219 3696 511 3768 Denaetfeceritjam,
528 3697 674 3769 exquibus
689 3705 718 3754 et
732 3700 876 3755 suscitavit
888 3717 922 3757 ex
961 3698 1272 3753 resurrexeruntlocum
1278 3696 1762 3769 aliquemultrahaberepoteritlex.

119 3786 239 3843 momnis
257 3786 411 3853 Christum,
427 3786 457 3841 in
470 3786 519 3840 illo
542 3787 697 3842 communis
706 3790 921 3846 resurrectionis
961 3787 1069 3841 Namet
1078 3803 1130 3841 nos
1141 3787 1295 3842 secundum
1307 3787 1359 3841 hoc
1371 3791 1450 3840 extra
1456 3786 1547 3856 legem
1561 3786 1713 3854 efficimur,
1720 3804 1762 3842 se·

120 3876 259 3948 primitias
272 3880 416 3946 operatus,
431 3875 529 3930 multis
539 3892 606 3931 uero
620 3876 651 3930 in
665 3875 733 3931 locis
754 3877 785 3932 iu
807 3885 920 3951 aposto-
961 3876 1084 3931 cundum
1098 3877 1173 3948 quod
1186 3876 1278 3930 inillis
1290 3892 1351 3947 quae
1364 3875 1705 3931 futurasunttransimus
1715 3892 1762 3948 per

119 3963 175 4018 lica
187 3963 316 4018 doctriua
328 3963 421 4017 inesse
430 3962 585 4028 docuimus,
601 3965 735 4036 quoniam
741 3964 920 4038 probationes
960 3964 1080 4020 formam
1097 3963 1283 4036 baptismatis,
1302 3964 1455 4020 secundum
1474 3963 1616 4034 baptisma
1633 3972 1761 4021 nostrum

121 4051 234 4118 illorum
253 4067 315 4122 qute
341 4050 496 4106 secuudum
516 4052 659 4108 Christum
681 4059 750 4108 sunt
769 4054 919 4112 defuturis
960 4053 1199 4109 conversationem
1227 4054 1389 4108 ordinantes
1413 4054 1457 4108 at
1476 4052 1553 4124 quod
1576 4055 1671 4122 majus
1693 4062 1757 4110 est:

121 4154 234 4211 semper
256 4138 350 4193 facere
373 4139 527 4201 consuevit.
544 4141 789 4197 commemoratur
813 4160 877 4199 vero
891 4151 920 4199 et
959 4144 1068 4197 Eunoni
1076 4159 1103 4197 se
1109 4146 1286 4212 principatus
1296 4148 1319 4197 et
1324 4147 1467 4212 potestates
1477 4144 1604 4196 troducit
1614 4159 1680 4197 cam
1688 4145 1761 4212 fidn-

115 4227 212 4305 iprma
224 4227 282 4294 illa,
298 4242 361 4298 quse
370 4226 539 4298 adpraesens
553 4227 695 4299 impletur,
711 4229 753 4284 ita
767 4237 799 4284 ut
807 4230 919 4287 videan-
959 4234 1002 4286 oio
1008 4237 1105 4301 polam
1115 4233 1292 4302 triumphans
1302 4235 1364 4287 illos
1374 4235 1406 4285 in
1418 4233 1569 4299 semetipso.
1580 4230 1762 4304 Principatus

119 4312 290 4372 turillorum
304 4320 568 4387 quseexspectantur
577 4317 696 4388 pignora
704 4318 799 4391 aliqua
805 4319 836 4373 in
846 4337 918 4392 prae-
959 4327 987 4376 et
1000 4326 1153 4393 potestates
1167 4321 1220 4375 hoc
1233 4321 1263 4375 in
1276 4321 1337 4375 loco
1351 4320 1506 4374 costumias
1520 4319 1589 4374 dicit
1601 4336 1664 4374 esse
1674 4322 1762 4378 virtu·

121 4405 194 4463 senti
206 4405 312 4462 habere
325 4424 332 4472 ;
345 4404 411 4460 hinc
426 4404 531 4460 etenim
542 4406 632 4460 sancti
644 4406 765 4478 Spiritus
779 4409 919 4480 primitias
928 4403 1010 4475 uses,
1028 4426 1090 4481 qua
1102 4409 1234 4464 adversus
1249 4409 1413 4463 nosnullam
1429 4409 1579 4480 aliquando
1594 4407 1763 4467 habuissent

119 4495 149 4550 in
176 4494 346 4567 baptismate
372 4494 558 4567 pemipimus3
586 4495 720 4566 quoniam
740 4503 834 4552 antem
850 4496 920 4554 dixit
960 4498 1102 4565 virtutem,
1110 4498 1133 4552 si
1146 4514 1199 4553 nos
1213 4515 1328 4570 peccare
1339 4498 1456 4552 minime
1470 4497 1671 4568 potuissemus.
1687 4500 1762 4557 Nam

121 4583 250 4650 immam,
266 4584 387 4639 resumit
399 4584 480 4640 illurn
494 4584 568 4656 qnod
583 4584 690 4640 dictum
706 4585 800 4641 fuerat
813 4604 831 4641 a
843 4605 873 4643 se
887 4594 919 4644 ut
959 4586 1100 4660 deponere
1113 4587 1206 4659 inquit
1220 4586 1431 4654 mortalitatem,
1447 4603 1533 4658 quam
1547 4603 1599 4658 pro
1615 4590 1762 4645 communi

120 4672 288 4727 labusillam
299 4689 383 4743 quam
394 4674 460 4729 iude
474 4680 518 4729 est
525 4674 647 4745 gratiam
660 4675 788 4747 explicet.
959 4676 1086 4731 omniurn
1096 4675 1212 4731 abstulit
1217 4677 1354 4744 utilitate;
1368 4676 1444 4731 exuit
1450 4681 1479 4729 et
1486 4675 1548 4730 illos
1558 4676 1761 4735 auctoritatem

155 4761 243 4814 Eleos
258 4776 321 4815 eam
336 4765 541 4818 mortutersetis
558 4767 588 4818 ia
610 4766 716 4819 delictis
738 4770 763 4819 et
783 4770 918 4836 preputio
958 4764 1036 4820 illam
1050 4783 1106 4838 qua
1118 4764 1306 4820 abutebantur
1317 4765 1451 4820 adversus
1464 4780 1667 4835 nos,magnam
1677 4772 1708 4821 et
1718 4767 1762 4822 in-

120 4850 215 4904 corais
229 4851 651 4918 natramaoioifieaoitcnmitto
662 4855 770 4908 donnm
779 4856 917 4910 oobisom-
958 4854 1073 4910 dubiam
1084 4855 1217 4911 adversus
1228 4872 1275 4910 eos
1290 4854 1434 4927 profereus
1441 4854 1596 4919 victoriam,
1603 4853 1645 4908 ita
1651 4861 1686 4910 ut
1693 4871 1761 4912 con-

120 4939 170 4992 m‘c
175 4938 283 4992 delicta.
300 4937 496 5008 (ring.‚Amb.)
507 4939 916 5014 Praeputinmvocavitquodsi·
956 4944 1112 4999 fundantur
1125 4950 1154 4999 et
1167 4943 1221 4999 illae
1234 4959 1312 4999 vanae
1330 4943 1463 4998 adversus
1477 4959 1529 4997 nos
1541 4947 1655 4998 tautum
1670 4945 1761 5000 susti-

117 5026 269 5098 gnificatur
278 5023 424 5098 preputio,
433 5026 544 5095 hocest,
555 5029 658 5085 delicta
671 5031 803 5099 carnalia,
815 5031 916 5103 quibus
957 5034 1051 5089 unisse
1060 5032 1185 5088 laborem
1195 5033 1403 5104 exquounllnm
1418 5031 1573 5104 profectum
1586 5030 1693 5088 habere
1707 5051 1761 5106 po·

101 5115 291 5188 ,exspoliandi
303 5131 411 5171 murus.
420 5115 593 5187 Praeputium
602 5119 655 5174 hoc
668 5119 698 5174 in
713 5119 773 5174 loce
782 5136 839 5175 non
853 5137 915 5176 cor·
955 5128 1081 5188 tuerent,
1089 5121 1118 5177 in
1125 5123 1270 5177 meliorem
1281 5128 1386 5177 statum
1399 5120 1611 5176 transeuntibus
1619 5121 1712 5188 nobis,
1720 5123 1765 5181 ita

116 5203 193 5274 poris
199 5204 277 5272 dicit,
286 5203 419 5260 sed-sicut
432 5204 672 5262 circumcisionem
686 5207 857 5264 ablationem
870 5226 916 5265 vo·
957 5217 989 5266 ut
1001 5211 1076 5266 ultra
1084 5227 1135 5266 nee
1145 5228 1259 5284 peccare
1270 5211 1418 5283 possimus.
1435 5211 1538 5266 Omnia
1547 5210 1623 5265 enirn
1635 5213 1762 5282 coujun-

116 5291 189 5346 eavit
201 5293 391 5355 mortalitatis.
401 5293 617 5365 sicpraeputium
631 5295 700 5352 illud
709 5297 826 5364 vocavit,
839 5299 913 5369 quod
956 5300 997 5354 xit
1010 5301 1217 5356 resurrectioni.
1233 5302 1386 5372 Postquam
1405 5299 1491 5354 ablati
1510 5316 1527 5354 a
1542 5299 1720 5356 mortalitate
1731 5303 1763 5359 in

117 5379 209 5435 miluc
218 5380 659 5440 eirmmfertmortalitatemdloc
668 5401 735 5458 ergo
745 5386 830 5442 dicit:
848 5404 915 5460 quo·
941 5442 944 5447 ,
956 5389 1165 5461 incorruptione
1178 5407 1275 5446 sumus
1289 5389 1390 5455 effecti,
1399 5388 1537 5443 efficimur
1548 5387 1664 5460 quidem
1680 5388 1766 5448 eitra

116 5467 382 5526 nummorumque
387 5487 436 5528 vos
442 5470 564 5544 peccatis
570 5474 915 5548 proptercircnmpcsitam
955 5484 1110 5551 peecatum,
1121 5479 1276 5536 liberamur
1284 5496 1349 5535 vero
1359 5485 1389 5534 et
1399 5495 1417 5533 a
1426 5478 1561 5533 servitute
1567 5477 1653 5549 legis:
1665 5481 1764 5538 securi

114 5556 193 5615 vobis
213 5558 435 5629 summitatem
451 5561 632 5621 muciam
648 5579 717 5623 cura
735 5564 859 5634 ebriata
883 5566 914 5624 tu
954 5566 1042 5626 etiam
1054 5567 1376 5629 affldmnretabomni
1389 5569 1550 5627 danem
1568 5566 1765 5642 mpmnom
