3772 6120
65 358 137 416 tent
210 383 214 387 ·
594 352 769 409 camna.
791 382 823 394 -
844 352 971 410 suerio
991 356 1027 413 ll.
1050 357 1177 415 llYliNl.

191 483 293 537 Grates
307 479 369 552 pias
379 479 433 532 rite
446 484 478 532 ut
491 477 542 532 tibi

189 571 352 627 Reddamus
365 566 443 624 omni
457 572 594 640 tempore.

161 709 213 770 lx.
230 721 384 767 -·1rru
400 720 432 767 nr
447 718 637 766 ascausronr
652 718 772 767 norrun.

65 843 181 899 Festum
196 855 271 895 nunc
285 836 393 894 celebre
408 853 566 910 magnaque
581 837 686 908 gaudia

65 929 245 1003 Compellunt
257 927 368 983 animos
386 926 512 981 carmina
526 942 665 998 promere,

64 1021 136 1076 Cum
151 1019 280 1074 Christus
294 1018 396 1072 solium
408 1016 517 1072 scandit
531 1015 566 1070 ad
580 1015 712 1071 arduum.

100 1110 242 1164 coelomm
258 1107 321 1179 pius
335 1106 451 1163 arbiter.

64 1197 233 1255 Conscendit
244 1197 370 1269 jubilans
384 1196 463 1251 laetus
474 1195 510 1250 ad
524 1195 639 1261 aethera,

63 1289 231 1344 Sanctorum
243 1286 363 1359 populus
377 1284 511 1357 praedicat
524 1285 670 1358 inclytum,

63 1376 196 1433 Concinit
208 1376 314 1448 pariter
326 1374 469 1447 angelicus
484 1374 585 1430 chorus

101 1466 222 1521 Victoris
241 1464 307 1520 boni
323 1463 453 1537 gloriam.

64 1556 119 1622 Qui
135 1555 272 1610 scandens
287 1570 403 1626 superos
417 1553 528 1608 vincula
542 1553 670 1607 vinxerat

63 1646 178 1702 Donans
191 1644 342 1716 terrigenis
354 1659 471 1698 munera
486 1641 617 1714 plurima,

62 1734 214 1791 Districtus
228 1733 340 1788 rediens
355 1731 461 1787 arbiter
475 1730 601 1787 omnium

100 1823 155 1889 Qui
169 1823 246 1878 mitis
260 1822 344 1877 modo
356 1821 479 1876 transiit.

64 1913 196 1980 Oramus,
207 1910 335 1979 Domine,
342 1910 473 1966 ‘eonditor
484 1910 596 1983 inclyte,

64 2003 185 2058 Devotos
199 2001 318 2056 famulos
331 2001 448 2071 respice,
463 2005 589 2071 protege,

64 2092 108 2147 Ne
123 2108 174 2146 nos
187 2090 257 2145 livor
270 2088 340 2144 edax
351 2089 487 2144 demonis
501 2088 603 2144 obruat
690 2083 699 2097 ⁶

100 2180 253 2250 Demergat
266 2179 309 2233 rel
323 2179 352 2233 in
367 2177 481 2232 inferos.

64 2269 183 2329 Utrum
197 2268 389 2324 flammivoma
403 2266 477 2322 nube
490 2265 649 2333 reverteris,

65 2359 182 2415 Ooculta
195 2357 340 2414 hominum
358 2356 481 2429 pandere
492 2356 632 2426 judicans,

65 2449 92 2506 N
92 2465 108 2502 e
121 2448 172 2503 des
186 2447 323 2519 supplicia
336 2445 451 2501 horrida
464 2445 553 2500 noxiis

102 2537 156 2593 Sed
169 2537 254 2609 justis
266 2535 341 2591 bina
349 2535 475 2608 praemia.

66 2627 173 2683 Praesta
187 2627 247 2692 hoe,
265 2625 378 2697 genitor
389 2624 505 2696 optime,
520 2624 653 2689 maxime,

67 2717 126 2773 lloo
140 2721 181 2782 tu,
197 2716 270 2771 Nate
284 2715 336 2770 Dei
355 2719 383 2769 et
397 2713 469 2768 bone
484 2712 614 2784 Spiritus,

66 2804 199 2876 Regnare
213 2810 348 2877 perpetuo
359 2803 467 2874 fulgida
479 2801 602 2858 Trinitas

102 2893 157 2948 Per
165 2900 266 2949 cuncta
275 2893 321 2965 pie
329 2893 440 2948 saecula

207 3022 245 3082 X.
262 3054 302 3065 -
317 3034 441 3081 nunus
455 3033 487 3080 nt
502 3031 721 3089 retraeosren.

177 3153 256 3218 Veni,
272 3159 382 3207 creator
396 3151 527 3225 Spiritus,

210 3242 318 3297 Montes
330 3247 445 3296 tuorum
458 3240 549 3295 visita.

211 3331 299 3404 lmple
318 3347 441 3402 superna
460 3329 553 3400 gratia

210 3420 278 3485 Quae
286 3425 318 3474 tu
331 3419 433 3475 creasti
446 3426 568 3492 pectora.

175 3509 229 3575 Qui
240 3509 403 3563 Paracletus
412 3508 521 3573 diceris,

210 3598 320 3654 Donum
334 3597 384 3653 Dei
398 3596 537 3652 altissimi.

211 3687 285 3743 Fons
294 3687 383 3750 rivus,
394 3685 478 3757 ignis,
490 3685 621 3747 charites.

214 3777 248 3832 Et
262 3775 398 3848 spiritalis
412 3775 516 3831 unctio.

175 3866 217 3922 Tu
228 3865 398 3937 septiformis
411 3881 538 3932 munere,

211 3955 322 4010 Dextrae
337 3955 389 4009 Dei
401 3961 432 4010 tu
446 3953 562 4026 digitus.

211 4045 253 4099 Tu
263 4045 317 4099 rite
329 4045 499 4117 promissum
509 4043 611 4109 Patris,

213 4133 348 4190 Sermone
358 4134 451 4189 ditans
461 4140 588 4204 guttura.

179 4224 306 4279 Accende
319 4225 416 4280 lumen
435 4223 573 4288 sensibus,

215 4312 333 4369 lnlunde
348 4329 475 4368 amorem
493 4311 633 4367 cordibus.

215 4397 331 4452 Infirma
344 4398 433 4452 nostri
455 4396 588 4469 eorporis,

215 4485 324 4542 Virtute
334 4489 450 4543 lirrnans
464 4486 613 4559 perpetim.

177 4574 293 4635 liostem
308 4576 428 4648 repellas
440 4574 561 4646 longius,

211 4663 369 4736 Pacemque
382 4663 470 4720 dones
485 4663 622 4735 protinus.

212 4754 333 4808 Ductore
343 4754 383 4808 sic
391 4759 420 4807 te
430 4752 542 4824 prasio,

210 4842 339 4899 vitemus
352 4860 436 4898 omne
446 4841 562 4897 noxium

176 4933 230 4989 Per
243 4941 271 4989 te
286 4934 408 4989 sciamus
428 4933 465 4988 da
479 4932 602 4996 Patrem,

209 5024 365 5080 Noscamus
379 5029 464 5095 atque
476 5021 588 5085 Filium,

207 5113 247 5169 'l'e
261 5114 408 5185 utriusque
421 5111 569 5184 Spiritum,

210 5203 364 5258 Credamus
373 5201 449 5257 omni
464 5205 590 5272 tempore

174 5293 281 5350 Praesta
294 5293 357 5360 hoc,
373 5294 458 5348 Pater
472 5288 606 5360 piissime,

1033 481 1165 555 Patrique
1179 498 1294 555 compar
1308 482 1398 546 unice,

1033 573 1104 627 Cum
1118 572 1225 644 Spiritu
1239 572 1394 638 paracleto,

1031 660 1162 732 Regnans
1176 678 1227 736 per
1241 676 1324 717 omne
1334 663 1478 717 seculum

966 797 1023 860 xl.
1043 828 1077 840 -
1101 811 1224 858 uranus
1245 813 1285 858 ns
1304 812 1424 859 narsae
1446 810 1582 858 rnnrsrr.

1010 931 1176 986 Gratuletur
1188 931 1281 986 omnis
1294 947 1371 998 earo,

1045 1020 1119 1075 Nato
1132 1020 1243 1075 Christo
1257 1020 1386 1076 Domino.

1046 1110 1117 1174 Quia
1132 1110 1215 1182 culpa
1229 1110 1404 1182 protoplasti,

1048 1200 1166 1254 Carnem
1180 1205 1304 1254 nostram
1320 1198 1422 1255 induit.

1049 1288 1086 1342 Ut
1097 1286 1218 1342 salvaret
1231 1304 1301 1358 quos
1316 1288 1464 1360 plasmavit

1045 1377 1121 1432 Deus
1134 1375 1289 1449 sapientire.

1010 1466 1141 1537 Magnam
1152 1465 1232 1521 valde
1242 1467 1449 1522 commendarit

1046 1556 1100 1610 Per
1113 1555 1250 1610 loannem
1268 1556 1400 1626 matiam.

1046 1644 1208 1716 Baptizatur
1221 1645 1250 1700 in
1261 1644 1394 1709 iordane,

1045 1731 1126 1788 Lavit
1138 1734 1237 1789 mundi
1252 1733 1380 1799 crimina,

1046 1819 1084 1877 Ut
1096 1821 1270 1877 credentium
1288 1829 1424 1894 purgaret

1045 1909 1178 1965 (lentium
1192 1910 1312 1981 piacula.

1010 1995 1133 2053 Verbum
1142 1996 1235 2052 Patris
1248 2012 1313 2051 caro
1324 1993 1440 2059 sactum,

1046 2086 1179 2140 Nascitur
1192 2101 1225 2140 ex
1244 2084 1368 2156 Virgine.

1046 2175 1109 2228 Non
1122 2174 1217 2230 amisit
1230 2174 1376 2241 deitatem,

1046 2262 1177 2317 Formam
1194 2263 1266 2318 servi
1286 2262 1402 2335 accepit,

1047 2351 1085 2406 Ut
1102 2359 1249 2424 peccatum
1263 2352 1297 2408 de
1309 2356 1434 2425 peccato,

1046 2440 1200 2497 Damnaret
1211 2441 1404 2513 Omnipotens.

1011 2528 1101 2593 Quem
1112 2545 1164 2584 vox
1173 2535 1293 2603 paterna
1302 2528 1423 2584 vocavit:

1048 2618 1117 2674 Ecce
1138 2634 1219 2674 meus
1237 2618 1335 2686 Filius,

1048 2708 1080 2764 ln
1095 2723 1151 2778 qno
1167 2707 1220 2763 sibi
1232 2708 1411 2780 complacuit,

1049 2798 1128 2864 Coeli,
1141 2805 1224 2854 tene
1236 2799 1382 2865 Dominus,

1048 2888 1115 2960 Ipsi,
1130 2894 1239 2960 gentes,
1251 2889 1373 2955 obedite,

1048 2978 1206 3052 liegesque,
1218 2978 1383 3035 subdimini.

912 3083 980 3147 ltll.
998 3121 1031 3130 —
1045 3103 1169 3148 nrunus
1178 3103 1209 3151 ur
1222 3101 1455 3149 runrnrarrone
1468 3102 1590 3149 sonora
1597 3101 1710 3147 narn.

1001 3200 1081 3267 Quod
1098 3203 1200 3257 risurus
1215 3209 1309 3257 ratum
1323 3201 1499 3256 venerandus
1514 3201 1591 3259 olirn.

1000 3289 1106 3361 Spiritu
1121 3298 1218 3346 sancto
1232 3294 1334 3348 cecinit
1354 3293 1479 3364 repletus

1000 3377 1032 3432 In
1047 3378 1098 3433 Dei
1111 3378 1215 3434 lactum
1230 3381 1368 3451 genitrice
1379 3386 1490 3435 constat

1147 3467 1213 3522 Esse
1229 3468 1358 3522 Mariam.

1000 3550 1066 3605 Haec
1079 3551 1168 3605 Deum
1183 3551 1244 3605 coeli
1265 3552 1474 3623 Dominamque
1487 3558 1570 3605 terrie

1000 3638 1087 3710 Virgo
1101 3640 1229 3712 concepit
1242 3640 1406 3713 peperitque
1418 3641 1507 3711 virgo,

998 3729 1091 3800 Atque
1101 3734 1286 3801 postpartnm
1301 3729 1405 3784 meruit
1418 3744 1534 3784 manere

1144 3814 1290 3871 inviolata.

1002 3903 1093 3969 Quem
1104 3920 1189 3959 senex
1200 3906 1295 3977 justus
1308 3904 1422 3960 Simeon
1436 3903 1465 3959 in
1482 3901 1556 3960 ulnis

1004 3994 1036 4050 In
1051 3995 1134 4048 domo
1148 3994 1270 4066 sumpsit
1283 3994 1397 4049 Domini
1409 3992 1533 4065 gavisus.

1004 4081 1046 4138 Ob
1056 4083 1130 4153 quod
1143 4089 1271 4155 optatum
1285 4083 1399 4155 proprio
1411 4082 1518 4138 videret.

1147 4173 1266 4229 Lumine
1275 4174 1428 4230 Christum.
1511 4210 1514 4215 -

1003 4263 1045 4320 Tu
1058 4262 1149 4318 libens
1167 4263 1249 4329 votis,
1263 4263 1395 4335 petimus,
1411 4268 1585 4335 precantum·

1003 4351 1088 4423 Regis
1107 4352 1204 4406 mterni
1217 4351 1349 4421 genitrix,
1358 4351 1463 4417 taveto;

1004 4440 1086 4494 Clara
1100 4456 1162 4512 quae
1176 4439 1242 4494 celsi
1256 4439 1381 4494 retinens
1394 4439 1505 4511 Olympi

1145 4527 1243 4597 Regna
1258 4527 1363 4599 petisti.

1004 4617 1047 4673 Sit
1058 4617 1116 4672 Deo
1130 4621 1226 4671 nostro
1240 4616 1325 4672 decus
1338 4621 1368 4671 et
1381 4619 1515 4687 potestas,

1003 4707 1046 4763 Sit
1064 4705 1140 4761 salus
1154 4722 1265 4780 perpes,
1283 4705 1320 4760 sit
1334 4705 1424 4759 honor
1437 4703 1578 4777 perennis.

1003 4797 1057 4863 Qui
1075 4797 1131 4870 poli
1146 4812 1257 4850 summa
1276 4793 1380 4849 residet
1393 4792 1422 4848 in
1438 4807 1501 4848 aree

1144 4884 1247 4941 'l'rinus
1267 4888 1296 4937 et
1311 4898 1392 4938 unus.

914 4994 1714 5056 xlll-rrerrnranusrnsoasrrnrraresancrmrranrs

1003 5108 1049 5164 Fit
1061 5114 1143 5180 porta
1155 5107 1261 5163 Christi
1274 5105 1379 5178 pervia,

1055 5197 1169 5254 Referta
1182 5196 1266 5269 plena
1278 5195 1372 5267 gratia
1386 5213 1394 5263 ;

1054 5286 1224 5359 Transitque
1240 5286 1307 5349 Rex,
1323 5290 1353 5339 et
1366 5289 1513 5356 permanet

559 5391 714 5447 sononia
734 5391 1004 5449 cflnlsrornonl
1024 5391 1205 5448 BROWERI.

98 5487 157 5544 ⁸Si
186 5488 304 5544 aeritur
315 5498 412 5545 utrum
426 5488 557 5544 wantis
572 5488 704 5542 carminis
719 5494 821 5544 auctor
835 5489 873 5546 sit
913 5497 1009 5547 tamen
1021 5489 1119 5552 Italiae,
1134 5486 1251 5559 Angliae,
1266 5493 1319 5541 ete.
1334 5487 1363 5541 in
1380 5484 1525 5540 hodiernis
1540 5484 1669 5539 Ecclesiae
1682 5484 1714 5538 li·

60 5575 162 5625 necne,
197 5576 230 5615 oc
243 5576 311 5615 sane
327 5566 486 5617 memoratu
501 5561 620 5632 dignum
637 5572 690 5625 est,
715 5565 827 5616 exstare
841 5561 872 5618 in
916 5562 973 5617 bris
985 5562 1082 5616 deesse
1096 5559 1189 5615 sciunt
1206 5575 1313 5614 omnes.
1330 5558 1447 5614 Daroma.

60 5629 195 5686 omnibus
213 5630 272 5685 lere
287 5632 433 5688 breviariis
455 5632 572 5688 vetustis
592 5630 872 5704 Germaniamque
