3772 6120
134 311 179 367 661
363 313 652 371 ENARRATIONUM
670 315 710 371 ΙΝ
730 314 806 369 EPP.
828 313 935 370 pauni
956 314 1025 369 LlB.
1047 315 1130 369 xxv.
1157 344 1190 355 -
1217 315 1256 369 IN
1276 312 1387 369 Epls‘r.
1408 313 1457 369 sn
1475 314 1544 368 ΤῙΤ.
1725 314 1777 371 aar

132 451 214 491 cens:
230 455 245 487 s
263 437 447 508 Presbyteros
459 454 526 507 erqo
535 439 563 492 in
575 437 651 491 robis
665 437 779 491 obsecro
794 454 938 509 eompres-
947 441 968 498 ‚t
978 437 1007 491 la
1020 438 1125 508 peccati
1149 438 1318 492 conscientia
1343 437 1514 491 mordeatur.
1532 438 1678 502 Quomodo
1701 440 1777 495 enim

131 524 213 594 bjter
223 532 255 579 et
263 526 347 580 testis
358 526 461 580 Christi
472 526 699 597 passionunr,qui
711 532 739 580 et
754 529 815 594 epis
829 527 935 595 gloria,
977 532 1071 596 potest
1092 543 1194 596 pnnses
1219 527 1346 580 Fsclesiae
1370 526 1481 579 anierrs
1501 529 1608 581 rnalurn
1632 528 1778 583 demedio

129 632 193 686 qum
208 615 240 668 in
258 615 389 669 futurum
408 616 556 669 revelanda
571 624 614 669 est
630 615 722 669 socius
742 632 815 679 suin,
832 616 936 686 pascite
977 616 1279 685 ejus,quiindelictum
1290 615 1382 669 simile
1394 617 1550 670 corruerit?
1565 617 1778 688 Autqualiber-

126 720 195 759 eum
211 704 304 774 quiin
318 704 395 758 robis
408 711 452 757 est
463 721 579 774 gregem
591 704 711 769 Domini,
722 704 936 774 nonquasicum
977 710 1035 759 tate
1056 704 1197 774 corripere
1219 710 1375 774 peccatum,
1394 720 1459 759 cum
1474 705 1578 760 tacitus
1593 705 1646 760 sibi
1660 707 1720 777 ipse
1735 723 1778 761 re-

124 794 313 859 neoessitats,
329 793 378 847 sed
393 794 549 847 voluntarie
565 796 590 859 (Ι
601 796 673 849 Pctr.
697 797 732 861 s).
751 814 764 844 »
785 794 850 848 Hrec
875 810 937 864 pro-
977 793 1123 863 spondeat,
1130 793 1269 847 eedemse
1279 793 1520 864 commisissequae
1534 795 1777 866 corripitllteque

121 888 240 955 pterea,
248 888 282 937 ut
290 883 502 937 ostenderemus
512 882 585 953 apud
597 888 706 937 veteres
718 883 830 936 eosdem
851 883 937 937 luisse
979 900 991 927 «ι
1009 880 1057 950 qui
1072 881 1265 951 episcopatum
1272 881 1423 947 desiderat,
1431 881 1535 937 bonum
1550 899 1621 954 opus
1637 883 1779 939 desideret

121 968 314 1042 presbyteros
324 978 432 1041 quoset
445 971 588 1041 episcopos
609 989 615 1022 :
632 970 937 1041 paulatirnveroutdis·
976 970 1003 1037 (l
1018 970 1087 1023 hm.
1104 973 1153 1039 m).
1172 989 1185 1021 a
1199 970 1276 1041 Opus
1291 970 1392 1040 inquit,
1413 986 1470 1025 non
1483 972 1628 1037 honorem,
1645 988 1701 1029 non
1714 973 1777 1042 glo·

121 1060 298 1113 sessionum
313 1061 453 1130 plantaria
468 1059 646 1124 vellerentur,
661 1060 697 1113 sd
712 1076 800 1115 unum
824 1076 935 1113 ornnem
977 1058 1059 1111 ricini.
1068 1082 1080 1107 «ι
1091 1059 1211 1130 Oportet
1223 1065 1319 1115 autern
1330 1059 1411 1114 illum
1426 1065 1456 1115 et
1468 1061 1661 1119 testimonium
1671 1061 1776 1115 bebere

120 1148 353 1203 sollicitudinem
369 1149 576 1203 essedelatem.
592 1148 671 1204 Sicut
684 1165 751 1219 ergo
779 1147 936 1219 presbyteri
976 1145 1080 1203 bonurn
1092 1146 1127 1201 ab
1140 1148 1184 1203 his
1197 1148 1245 1218 qni
1261 1147 1328 1203 loris
1343 1154 1418 1210 eunt,
1431 1155 1464 1203 ut
1477 1166 1534 1205 non
1551 1150 1580 1205 in
1594 1149 1776 1221 opprobrium

119 1237 224 1291 sciunt
240 1256 273 1291 se
288 1255 321 1290 ex
336 1238 464 1293 Ecclesia
476 1238 678 1293 consuetudine
693 1237 719 1291 ei
733 1238 780 1308 qui
795 1237 849 1292 sibi
863 1253 935 1308 prm·
977 1235 1091 1301 incidat,
1107 1242 1136 1291 et
1150 1236 1180 1290 in
1198 1237 1331 1307 laqueum
1351 1237 1465 1291 diaboli.
1483 1256 1496 1289 r
1512 1238 1591 1303 Quod
1615 1244 1710 1297 sutem
1724 1239 1775 1305 eit,

119 1325 240 1396 positus
256 1326 343 1381 hrcrit
356 1344 417 1381 esse
437 1326 577 1396 subjectos
594 1345 599 1378 ι
617 1326 657 1380 ita
670 1325 791 1398 episcopi
808 1327 937 1381 noverint
977 1344 989 1373 ι
1006 1325 1091 1381 unius
1106 1325 1200 1379 uxoris
1214 1325 1289 1391 vin»
1306 1324 1346 1379 sie
1358 1325 1517 1397 intelligere
1527 1326 1672 1395 debemus,
1678 1333 1712 1384 ut
1720 1344 1777 1385 non

120 1430 156 1471 se
166 1416 578 1486 megisconsuetudine,quam
586 1416 776 1486 dispositionis
784 1416 936 1471 llorninieoe
976 1430 1088 1469 omnem
1101 1431 1302 1484 monogamum
1325 1415 1437 1485 digamo
1461 1422 1593 1487 putemus
1607 1433 1669 1473 esse
1680 1417 1778 1473 melio·

119 1504 263 1569 veritate,
278 1504 450 1576 presbyteris
465 1520 527 1559 esse
550 1506 682 1574 majores.
698 1510 727 1559 et
742 1505 771 1559 in
786 1521 935 1559 commune
975 1518 1035 1557 rem
1052 1521 1058 1555 :
1076 1503 1125 1559 sed
1137 1504 1210 1573 quod
1221 1503 1245 1556 is
1258 1503 1350 1574 possit
1363 1504 1399 1557 sd
1414 1504 1632 1574 monogamiam,
1648 1511 1679 1559 et
1690 1506 1778 1561 confi·

118 1592 790 1664 debereEeelesismregereimitantesltoson,
808 1593 934 1664 quicum
975 1591 1101 1647 nentium
1115 1592 1266 1657 cohortari,
1283 1592 1330 1662 qui
1352 1593 1396 1647 sui
1420 1593 1579 1664 exemplum
1600 1594 1731 1664 preferat
1747 1595 1777 1651 ia
1821 1652 1829 1663 ,

119 1682 293 1737 haberetis
317 1688 457 1753 potestate
481 1683 557 1737 solus
581 1699 700 1753 praeesse
716 1683 818 1753 populo
835 1670 932 1747 lsrael,
975 1679 1110 1735 docendo.
1128 1682 1194 1737 Esto
1209 1682 1313 1752 qnippe
1326 1681 1449 1752 aliquem
1467 1682 1777 1741 adolescentulumooa·

116 1772 314 1842 septuaginta
328 1772 414 1841 elegit
434 1788 498 1826 cum
515 1771 616 1841 quibus
638 1772 772 1843 populum
794 1756 1071 1840 Judicarstlljpgem
1082 1769 1245 1839 perdidisse,
1262 1776 1292 1823 et
1312 1771 1405 1826 carnis
1423 1771 1591 1826 necessitate
1613 1778 1777 1843 superatura

119 1861 228 1927 (Il'uar.
242 1861 457 1929 addideramus
483 1860 570 1929 igitur
593 1860 684 1930 qualis
712 1860 859 1931 presbyter
876 1861 934 1915 sive
976 1859 1116 1929 occepisse
1126 1874 1243 1913 uxorem
1254 1859 1417 1925 secundam,
1431 1876 1517 1929 quam
1531 1867 1560 1915 et
1573 1860 1666 1931 ipsein
1680 1861 1776 1915 statim

117 1952 281 2020 episcopus
295 1950 468 2005 ordinandus
483 1948 528 2003 sit.
975 1947 1080 2011 amisit,
1097 1953 1126 2002 et
1141 1947 1272 2018 deinceps
1287 1948 1387 2001 vixerit
1399 1949 1590 2017 continenter,
1608 1950 1696 2005 elium
1711 1966 1777 2005 vero

164 2062 177 2091 ι
196 2039 305 2109 Siquis
320 2043 364 2092 est
378 2038 438 2093 sine
452 2037 568 2091 erimine
583 2037 667 2091 unius
683 2038 777 2093 uxoris
792 2038 843 2103 tir,
859 2038 932 2093 tilios
974 2052 1064 2106 usque
1073 2037 1108 2091 ad
1120 2041 1263 2091 senectam
1273 2036 1405 2091 habuisse
1418 2037 1630 2093 matrimonium
1645 2038 1777 2093 etnxoris

120 2128 446 2189 «hebenssrdelesmon
461 2127 490 2181 in
507 2127 932 2191 accusationoluxurire,autnon
973 2142 1055 2181 usum
1070 2131 1103 2179 ut
1121 2125 1246 2195 plerique
1260 2125 1402 2179 estimant
1415 2124 1587 2193 felicitatem,
1601 2143 1778 2197 nunquama
1844 2155 1851 2175 ·

121 2238 141 2271 ι
156 2216 299 2273 subditos.
313 2216 502 2283 atdrrqilloc
510 2215 829 2285 interpeceetumdistat
835 2221 864 2269 et
877 2215 933 2269 cri·
973 2213 1065 2268 carnis
1081 2230 1165 2284 opere
1181 2230 1304 2268 cessasse
1320 2232 1325 2266 :
1343 2208 1407 2284 quis
1420 2214 1498 2267 vobis
1511 2214 1622 2269 videtur
1637 2232 1652 2269 e
1666 2214 1776 2269 duobus

120 2323 208 2367 men,
223 2306 300 2376 quod
316 2321 399 2360 omne
413 2305 520 2359 crimen
534 2310 679 2374 peecatum
695 2309 747 2368 est,
768 2321 824 2358 non
838 2310 934 2359 tamen
974 2319 1035 2357 esse
1049 2303 1158 2369 melior,
1188 2302 1347 2374 pudicitior,
1373 2302 1585 2359 continentior?
1609 2302 1713 2373 Utique
1727 2304 1775 2361 ille

122 2412 216 2451 omne
231 2400 378 2466 peecatum
393 2393 517 2447 crimen:
533 2400 563 2449 et
583 2393 611 2446 in
632 2393 685 2447 hec
705 2393 763 2447 vita
779 2393 860 2447 multi
873 2393 934 2447 sine
975 2391 1021 2462 qui
1036 2392 1131 2445 intelix
1146 2392 1231 2447 etiam
1247 2391 1276 2445 in
1289 2391 1412 2445 secundo
1426 2391 1606 2447 matrimonio
1620 2390 1717 2457 suihet
1727 2409 1778 2463 po·

124 2485 261 2543 crimine,
277 2483 373 2539 nullus
388 2498 452 2536 vero
467 2498 527 2535 esse
542 2481 602 2535 sine
616 2481 737 2551 peccatis
753 2482 835 2535 valet.
853 2481 933 2537 Unde
974 2486 1035 2534 ates
1050 2480 1151 2551 pudice
1165 2486 1194 2533 st
1208 2485 1303 2535 sancte
1317 2486 1498 2537 conversatus
1510 2485 1562 2546 est,
1574 2487 1604 2535 et
1615 2497 1671 2537 non
1685 2481 1709 2535 is
1724 2482 1773 2552 qui

124 2573 341 2644 etprndlcstor
365 2576 478 2625 sanctus
501 2586 564 2623 cum
585 2569 676 2625 virum
699 2569 817 2639 dignum
836 2571 934 2641 gratiae
974 2567 1009 2623 ab
1024 2569 1118 2623 uxoris
1134 2568 1274 2639 amplexu,
1290 2585 1342 2622 nec
1353 2569 1434 2623 senili
1450 2574 1493 2624 est
1511 2575 1657 2640 separatus
1670 2571 1775 2629 stater

129 2661 315 2719 madualis
326 2659 507 2725 describeret,
527 2675 707 2729 nequaquam
726 2658 805 2724 dixit,
823 2659 851 2713 Si
871 2660 934 2729 quis
974 2658 1037 2711 Non
1048 2658 1100 2711 sibi
1116 2674 1183 2729 ergo
1197 2658 1351 2729 applaudat
1365 2659 1523 2729 quicunqne
1539 2659 1620 2729 qussi
1643 2675 1776 2729 monoge·

131 2750 196 2809 sine
213 2756 336 2821 peccato,
353 2749 425 2802 sed«
442 2748 465 2800 si
480 2747 544 2818 quis
559 2747 620 2801 sine
633 2748 759 2802 crimine.
770 2767 782 2800 a
791 2748 858 2813 Quis
869 2764 933 2802 sero
974 2762 1036 2803 mus
1051 2746 1173 2817 eligitur,
1189 2747 1264 2818 quod
1278 2747 1355 2803 omni
1364 2747 1477 2817 digamo
1492 2747 1530 2801 sit
1542 2747 1650 2815 melior,
1667 2765 1732 2805 oum
1745 2750 1776 2805 in

135 2855 197 2893 esee
208 2839 268 2893 sine
283 2843 396 2909 peccato
411 2836 525 2892 valeat?
539 2852 604 2891 curn
620 2838 743 2891 loannes
759 2836 854 2893 dicet:
875 2860 886 2889 ι
904 2837 933 2889 Si
975 2852 1007 2889 eo
1024 2836 1113 2905 magis
1128 2837 1166 2891 sit
1179 2837 1268 2891 electa
1281 2835 1399 2891 felicitas
1410 2853 1495 2907 quam
1504 2837 1643 2891 voluntas.
1653 2837 1774 2902 Quidam

139 2927 294 2985 dixerimus,
312 2927 378 2997 quis
396 2932 541 2996 peccatum
565 2942 620 2979 non
635 2925 781 2992 hebernus,
806 2926 934 2996 nosipsos
974 2924 1075 2978 dehoc
1091 2926 1206 2980 locoita
1225 2925 1352 2981 sentiunt
1368 2943 1374 2976 :
1391 2925 1523 2988 Judeiear,
1538 2926 1682 2996 inquiunt,
1707 2943 1775 2983 eon-

142 3015 300 3082 seducimus‚
318 3022 346 3071 et
362 3015 464 3069 veritas
476 3015 506 3069 in
520 3014 601 3069 nohis
616 3031 671 3069 non
685 3021 728 3069 est
742 3018 765 3077 (l
779 3018 860 3069 Joorr.
869 3018 898 3083 ι).
918 3036 931 3067 s
974 3015 1131 3073 suetudinis
1143 3016 1205 3078 tuit,
1219 3015 1262 3069 vol
1276 3014 1356 3069 binas
1365 3031 1466 3070 uxores
1476 3014 1589 3081 hebere,
1601 3016 1645 3069 rel
1658 3017 1771 3088 plnres:

148 3104 582 3174 lnqusvidolieetpeocotorumet
595 3103 933 3160 criminumdistinctione
942 3077 964 3138 C
973 3107 1047 3179 quod
1058 3106 1142 3159 etiam
1154 3105 1184 3159 in
1198 3104 1284 3159 reteri
1299 3103 1361 3173 lege
1374 3104 1410 3159 de
1423 3103 1567 3161 Abraham
1581 3109 1610 3159 et
1623 3104 1709 3161 Jacob
1732 3106 1773 3159 le-

151 3195 308 3261 pensandum
323 3193 447 3263 estquis
461 3193 856 3262 nonnullupeecamanimam
871 3193 931 3263 pol·
971 3196 1065 3266 gimus
1082 3214 1087 3249 :
1105 3199 1134 3249 et
1147 3194 1199 3247 hoc
1213 3209 1288 3247 nunc
1301 3193 1400 3249 volunt
1418 3210 1479 3247 esse
1502 3200 1682 3265 praeceptum,
1698 3211 1735 3249 ne
1748 3195 1774 3249 is

154 3279 226 3341 leant.
239 3299 305 3337 nam
319 3282 439 3337 crimina
452 3282 644 3352 exstinguunt.
666 3282 745 3337 Unde
767 3281 867 3337 beatus
879 3281 931 3335 Job
973 3285 1019 3355 qni
1033 3284 1179 3355 episcopus
1194 3282 1340 3351 eligendus
1355 3286 1407 3347 est,
1421 3297 1477 3337 uno
1487 3286 1615 3355 tempore
1624 3283 1774 3355 dnesparl-

79 3422 81 3429 .
159 3369 240 3427 samen
253 3371 370 3426 luxurie
384 3370 521 3425 definiens
540 3371 594 3425 sit:
614 3389 627 3423 a
644 3370 721 3441 Ignis
737 3377 779 3425 ost
793 3370 931 3440 usquead
969 3371 1241 3429 terhabestuxores.
1253 3370 1335 3427 Multi
1348 3371 1569 3441 superstitiosius
1584 3372 1675 3442 magis
1688 3388 1774 3444 quam

79 3440 81 3501 ἶ
160 3457 319 3524 prrdltionem
333 3460 470 3513 devorans
484 3462 552 3521 (lob.
568 3462 644 3527 anxi)
662 3479 669 3526 ;
688 3482 699 3509 υ
717 3458 784 3531 qnis
798 3458 931 3513 nimirum
971 3462 1075 3526 verine,
1087 3460 1172 3514 etism
1185 3475 1233 3513 eos
1247 3458 1296 3529 qui
1311 3474 1374 3514 cnm
1388 3459 1510 3528 gentiles
1517 3459 1632 3526 tuerint,
1644 3467 1674 3515 et
1685 3476 1772 3517 unam

161 3551 230 3602 mm
242 3549 373 3603 iocinoris
384 3563 441 3603 non
454 3564 543 3618 nsque
558 3549 592 3602 sd
601 3548 824 3618 inquinationem
836 3564 932 3602 maon·
973 3567 1088 3605 uxorem
1100 3547 1259 3611 habuerint,
1267 3547 1688 3619 quaamissa,postbeptiemum
1693 3550 1773 3605 Chri·

79 3646 81 3651 ·
162 3632 592 3709 lttsedusqueadperditionem
602 3642 690 3691 vorat.
708 3637 743 3691 Et
753 3638 820 3707 quis
833 3637 931 3707 qumli-
972 3640 1008 3693 sti
1022 3639 1140 3693 alteram
1154 3635 1295 3701 duxerint,
1306 3640 1408 3706 putant
1421 3636 1451 3690 in
1464 3636 1651 3691 sacerdotium
1666 3652 1722 3695 non
1730 3638 1773 3693 le·

163 3719 367 3783 moeruerint
382 3726 454 3781 bone
467 3742 563 3797 opera,
580 3726 603 3779 si
627 3726 743 3785 luxurie
766 3727 857 3779 scelus
875 3742 931 3779 non
971 3727 1077 3799 gendos
1090 3746 1095 3780 :
1109 3724 1277 3795 cumntiqne
1287 3724 1310 3777 si
1321 3723 1588 3780 hocobservandnm
1597 3725 1645 3791 sit,
1655 3726 1696 3781 illi
1711 3742 1772 3785 rna-

163 3808 266 3875 tbluitur,
283 3815 474 3871 immensitate
484 3817 569 3886 hujus
582 3813 707 3870 criminis
715 3814 882 3880 obruuntur,
890 3831 933 3868 se·
972 3818 1015 3888 gis
1030 3816 1064 3871 eb
1079 3816 1241 3884 episcopatu
1263 3813 1352 3871 arceri
1380 3812 1510 3879 debeant,
1527 3814 1576 3883 qni
1600 3830 1700 3884 vegam
1723 3832 1774 3886 per

162 3910 219 3958 ntus
230 3906 366 3974 adjunxit,
384 3923 395 3952 a
410 3912 440 3959 et
466 3905 562 3959 omnia
588 3904 734 3959 eradicans
757 3904 895 3972 germina.
920 3926 930 3955 ι
973 3904 1129 3960 meretricis
1143 3908 1209 3957 ente
1219 3908 1379 3956 exercentes
1389 3901 1544 3968 libidinem,
1552 3918 1639 3959 unam
1653 3919 1772 3973 regene-

163 3986 267 4049 Gmnina
280 3994 385 4065 quippe
395 3999 462 4049 sunt
475 3995 575 4048 enimes
590 3993 768 4063 operationes
783 3992 870 4051 honre,
887 3992 932 4047 cui
973 3995 1027 4049 rati
1042 4008 1157 4050 uxorem
1172 3991 1330 4063 acceperint
1345 4010 1350 4043 :
1363 3997 1392 4045 et
1414 3991 1503 4045 multo
1522 3991 1715 4051 detestabilius
1736 3993 1774 4053 eit

162 4082 231 4137 tenen
243 4083 265 4137 si
279 4098 411 4154 perverso
426 4083 524 4137 ordine
539 4099 605 4137 caro
621 4082 793 4143 dominatur,
808 4081 873 4152 igne
887 4082 932 4135 lu·
972 4084 1141 4139 fornicatum
1152 4098 1213 4135 esse
1222 4096 1287 4135 cum
1299 4079 1434 4151 pluribus,
1441 4097 1527 4151 quam
1536 4081 1680 4152 digamum
1690 4094 1773 4154 repe·

163 4169 334 4227 1llu'aomnis
364 4170 433 4224 bene
455 4171 567 4241 prolata
593 4176 807 4227 concremantur
827 4188 832 4221 ι
855 4170 933 4224 nulla
972 4172 1040 4233 riri;
1058 4171 1166 4242 qnisin
1180 4170 1237 4225 elio
1252 4169 1401 4227 infelicitas
1415 4170 1589 4225 matrimonii
1604 4176 1656 4234 est,
1672 4171 1702 4225 in
1719 4172 1774 4231 alio

163 4256 238 4330 qnippe
250 4266 315 4316 ante
330 4259 532 4330 omnipotentis
546 4259 596 4313 Dei
611 4260 706 4315 oculos
718 4258 835 4329 justitiae
845 4258 932 4328 pieta
972 4261 1007 4317 ad
1022 4260 1194 4331 peccandum
1205 4274 1294 4329 prona
1307 4258 1430 4315 lascivia.
1440 4261 1537 4331 (drap.)
1546 4259 1625 4324 Quod
1639 4266 1683 4315 est
1696 4259 1774 4317 cibus

162 4342 228 4415 liuns
239 4358 304 4407 sunt
317 4366 413 4421 opera,
428 4365 490 4419 quse
508 4348 694 4419 corruptionis
708 4347 837 4417 contagio
851 4362 932 4401 mon·
973 4350 1007 4404 ad
1022 4350 1142 4404 salutern
1157 4348 1354 4419 corporis,hoc
1363 4353 1407 4401 est
1420 4347 1584 4403 concubitus
1598 4348 1634 4405 ed
1652 4349 1772 4405 salutem

163 4436 425 4495 suturimmunds.
442 4439 513 4502 uuis
530 4438 606 4492 enim
625 4438 739 4508 prodest
753 4437 776 4490 si
793 4436 837 4506 pie
852 4436 930 4505 quis·
971 4439 1096 4507 generis:
1108 4443 1137 4493 et
1149 4442 1301 4507 utrumque
1312 4452 1369 4491 non
1380 4435 1493 4489 estsine
1509 4435 1695 4491 delectatione
1708 4454 1772 4496 cer-

164 4518 559 4598 lennmssiuticompantur
573 4527 702 4597 proximi,
718 4525 830 4595 quando
845 4523 931 4593 impie
971 4528 1038 4593 nali,
1054 4527 1101 4581 sed
1117 4526 1228 4581 diversa
1241 4541 1328 4597 opera
1349 4524 1467 4579 Petrum
1492 4539 1548 4578 non
1575 4523 1772 4591 faciebat,nisi

163 4614 315 4685 stustipsunr
326 4616 453 4671 destruet
462 4616 664 4671 habitationem
670 4615 742 4671 Deil
757 4614 786 4668 Si
800 4629 866 4681 ergo
880 4629 931 4682 per
971 4616 1119 4676 diversitas
1133 4622 1303 4685 temporum.
1313 4614 1459 4669 Sicsutem
1470 4618 1650 4669 nereseeerat
1663 4619 1696 4669 ut
1709 4626 1772 4669 cer*-

164 4698 443 4759 etulisimmnnditiam
458 4703 583 4758 lihidinis
601 4705 716 4757 tlamms
730 4701 929 4770 exstinguitur,
971 4705 1072 4761 naliter
1081 4704 1190 4759 coirent
1206 4703 1293 4757 etiam
1308 4718 1364 4756 non
1387 4701 1513 4755 carnales
1531 4703 1683 4773 prophetie,
1701 4703 1774 4759 sicut

165 4781 274 4847 iteratum
288 4792 420 4865 quelibet
433 4793 550 4847 virtutes
564 4792 702 4847 oriuntur.
970 4810 1084 4849 necesse
1099 4797 1161 4847 eret
1188 4798 1221 4846 ut
1243 4790 1395 4846 carnaliter
1422 4797 1601 4850 vescerentur
1614 4793 1701 4848 etiem
1715 4810 1772 4851 non

189 4879 399 4951 ‹Oporutentm
414 4881 575 4952 episcopum
585 4880 771 4937 alnecrimine
786 4888 930 4945 essc,tan-
971 4882 1097 4937 carnales
1106 4879 1224 4951 apostoli
1236 4879 1610 4950 leesiae.Uispensemmm
1619 4898 1676 4935 non
1687 4882 1771 4937 lisere

165 4978 249 5034 ‘tutto
257 4971 308 5027 Dei
323 4970 557 5041 dispensatorem,
570 4984 625 5025 aon
637 4969 931 5040 protervumnonire·
971 4971 1095 5025 ordinari
1110 4969 1163 5023 nisi
1177 4969 1262 5024 unius
1277 4968 1372 5023 uxoris
1384 4969 1486 5035 sirum,
1498 4969 1609 5031 acutius
1628 4969 1771 5025 intellexe-

79 5118 81 5127 ,
165 5059 296 5126 tandum,
310 5076 368 5114 non
378 5059 560 5119 vinolentum,
578 5075 632 5113 non
655 5075 858 5128 percussorem,
873 5074 930 5113 non
971 5065 1046 5125 runt,
1064 5060 1112 5130 qui
1125 5074 1176 5113 nec
1189 5075 1254 5111 eum
1268 5057 1326 5128 qui,
1336 5058 1618 5123 catechumenus,sel
1632 5074 1770 5128 paganus.

164 5149 254 5218 *turpis
266 5150 336 5205 lucri
353 5149 571 5221 appetitorem.»
584 5147 681 5215 (Hier.)
694 5148 820 5203 Primum
833 5148 929 5219 itaque
970 5148 1099 5202 hahuerit
1112 5148 1240 5211 alteram,
1255 5145 1443 5201 ordinandum
1456 5162 1518 5201 esse
1530 5151 1702 5201 censuerunt
1715 5165 1721 5200 :
1734 5146 1771 5201 sle

160 5228 374 5293 uemmtnesit:
389 5237 690 5309 qnodputoalioverbo
704 5237 929 5291 adTimotheum
970 5242 1145 5291 sacramento
1158 5235 1234 5290 enim
1260 5235 1363 5303 agitur,
1381 5235 1491 5291 nonde
1514 5238 1636 5304 peceato,
1658 5252 1724 5291 narn
1739 5235 1769 5293 in

160 5319 453 5395 «irreprebensibilem»
464 5327 641 5383 nominatum
651 5342 723 5380 :non
735 5326 809 5395 quod
819 5343 852 5379 eo
864 5331 929 5379 tan-
969 5324 1109 5396 baptismo
1124 5328 1239 5394 peccate
1250 5324 1346 5379 omnia
1354 5325 1546 5379 dimlttuntur.
1563 5323 1619 5379 Sed
1630 5324 1678 5394 qui
1686 5323 1767 5384 dixit.

155 5414 386 5486 hmmmporeqno
396 5415 540 5470 ordinatus
551 5415 672 5481 estsine
681 5415 739 5470 ullo
749 5415 787 5469 sit
801 5414 928 5477 crimine,
975 5432 988 5465 ι
1003 5414 1027 5468 si
1049 5413 1189 5484 acceperis
1207 5428 1322 5466 uxorem
1340 5427 1397 5468 non
1411 5412 1542 5484 peccasti,
1558 5417 1587 5469 et
1603 5413 1628 5469 ei
1641 5416 1770 5486 nupserit

152 5505 457 5571 stprsteriteemeculos
472 5518 543 5559 nova
557 5505 766 5559 eorrversatione
779 5503 927 5559 deleverit:
971 5503 1048 5573 virgo
1063 5518 1119 5559 non
1133 5506 1238 5573 peccat,
1251 5508 1280 5555 et
1293 5502 1367 5572 quod
1383 5501 1547 5569 mitescat,
1563 5520 1620 5559 non
1633 5504 1768 5574 peccetsi

146 5590 221 5651 udos
230 5597 406 5665 eetempore,
415 5610 471 5665 qno
481 5593 510 5650 in
518 5593 784 5649 cansmnrrsnstus
797 5598 850 5656 est,
866 5592 930 5647 nul·
971 5589 1060 5651 subu
1072 5592 1099 5657 (t
1110 5594 1171 5649 dor.
1184 5593 1243 5661 vni,
1260 5610 1273 5643 s
1287 5589 1357 5645 satis
1365 5590 1518 5651 declararit
1530 5592 1645 5663 nuptias
1657 5592 1767 5648 nullum
