3772 6120
1504 93 1513 123 i

53 243 106 303 349
245 270 252 287 ·
275 248 566 313 ENARRA'I'IONUM
584 251 625 313 IN
643 253 720 313 EPP.
741 257 849 323 PAULI
867 256 936 319 LlB.
958 256 1029 321 xrl.
1048 255 1133 317 -IN
1153 253 1263 317 EPIST·
1285 252 1333 315 AD
1353 251 1482 309 GAIAT.
1654 249 1706 311 350

52 387 169 427 carnem
177 371 332 428 rideantur
343 374 495 449 pertinere,
503 391 554 428 nec
564 376 599 428 ad
607 378 748 449 spiritum.
758 381 894 447 Curua-A
906 398 963 434 meo
979 381 1134 452 (Aprem).
1159 379 1211 433 nisi
1236 379 1311 431 hunc
1323 376 1529 453 tepidissimum
1547 377 1643 439 statim
1664 377 1705 430 al-

55 460 98 511 ies
111 457 244 517 dicimur.
262 463 376 535 quando
390 467 465 516 totos
479 480 529 519 uos
542 465 729 538 voluptatibus
742 470 858 523 damus:
904 470 1041 523 trinsecus
1056 469 1114 521 hrec
1129 466 1304 537 insurgentia
1313 466 1386 523 bella
1398 466 1617 539 disrumperent.
1632 466 1705 519 Nam

53 548 197 623 spiritales
207 551 323 619 quando
333 558 461 605 sanctum
473 552 611 623 Spiritum
621 571 753 629 praevium
767 560 861 633 sequi·
903 565 963 610 tum
979 557 1147 612 famulantes
1164 556 1228 608 huic
1243 554 1380 607 voluntati
1403 559 1505 610 uostrae
1520 553 1555 606 ad
1570 553 1642 613 hanc
1657 570 1704 606 ro·

54 654 126 702 mur,
141 637 169 689 id
184 645 238 703 est,
256 655 321 692 cum
337 639 398 714 ipso
412 640 537 714 sapimus
552 640 719 709 instruente,
736 644 796 719 ipso
811 647 861 700 do·
903 646 1038 701 instituas
1055 644 1241 713 nosmetipsos
1251 643 1397 715 paululum
1407 642 1543 705 relaxare,
1557 641 1704 695 confestim

54 742 152 778 remur
166 735 293 783 auctore.
305 728 449 782 animales
465 746 528 782 reor
542 746 602 785 esse
617 732 806 805 philosophos,
814 736 861 810 qui
903 735 991 789 aculei
1007 733 1098 790 earnis
1110 733 1270 804 insurgunt,
1284 731 1397 807 suisque
1412 747 1462 784 uos
1477 730 1552 789 vitiis
1561 736 1590 783 et
1599 730 1703 803 passio-

55 815 184 885 proprios
194 816 338 889 cogitatus
346 823 515 890 putantesse
527 819 703 891 sapientiam,
716 824 750 875 de
762 823 862 897 quibus
903 822 985 876 nibus
1010 821 1175 883 sauciantes,
1193 837 1371 897 nequaquam
1392 821 1421 872 in
1435 819 1484 875 illa
1508 835 1564 895 qua
1582 818 1703 873 delecta·

55 908 129 955 reete
144 902 253 957 dieitur
264 906 415 959 :irritantis
432 913 523 962 crrrtcm
539 908 618 961 lrorno
633 925 689 966 reon
701 915 815 984 percipi!
832 930 862 969 ro
904 928 968 965 mur
977 910 1107 981 puritatis
1117 910 1253 983 qualitate
1262 916 1336 966 stare
1345 909 1519 982 permittent,
1531 914 1616 978 atque
1626 907 1661 960 ad
1672 909 1704 973 il-

56 1008 114 1059 qna
127 998 196 1044 sum
212 996 345 1060 spiritus:
361 997 483 1047 stultitia
498 999 594 1065 qnippe
619 1001 644 1049 ei
658 1006 694 1051 cst
709 1002 733 1060 ll
745 1001 805 1057 Gor.
824 1012 860 1071 ιι).
904 1000 958 1056 lam
975 1016 1059 1073 quam
1074 999 1222 1052 horremus
1240 997 1370 1069 frigidam
1386 997 1560 1050 voluntatum
1575 995 1702 1066 plenam·

56 1079 146 1142 Quod.
165 1086 199 1132 ut
214 1080 393 1135 manifestius
408 1083 466 1140 siat.
485 1083 597 1158 aliquod
612 1103 756 1143 sumamus
771 1106 862 1142 exem·
904 1106 957 1162 que
973 1087 1098 1144 sentibus
1112 1087 1280 1160 pertrahunt
1292 1087 1374 1141 riam.
1394 1085 1515 1141 Rursum
1525 1083 1702 1157 spiritusser-

57 1169 133 1238 plum
145 1188 151 1220 :
165 1168 252 1229 Caro,
264 1176 351 1231 terra,
362 1171 465 1235 anirua,
479 1189 589 1231 aurum,
601 1175 725 1244 spiritus,
738 1177 810 1250 ignis
819 1196 863 1232 ro·
904 1194 968 1231 rore
983 1177 1106 1233 succensi
1122 1191 1207 1250 opera
1221 1174 1313 1233 carnis
1324 1175 1447 1228 solentes
1455 1168 1625 1244 extinguere,
1643 1172 1702 1227 sine

56 1257 266 1320 centnrQunm
273 1258 321 1311 diu
329 1276 429 1312 aurum
437 1259 555 1314 fueritin
562 1268 647 1329 terra,
651 1264 864 1335 perditrocabu·
904 1266 961 1319 ullo
976 1271 1103 1339 respectu
1114 1263 1273 1337 fragilitatis
1283 1262 1413 1317 humanae
1427 1268 1501 1316 tobis
1516 1262 1702 1332 nosmetipsos

56 1345 114 1397 lum
123 1361 223 1411 suum,
232 1351 284 1399 eta
294 1352 379 1409 terra,
390 1349 619 1404 cuicommistum
629 1359 680 1409 est,
691 1353 860 1428 appellatur:
905 1355 1106 1411 tentaverimus
1120 1353 1154 1407 ad
1165 1352 1351 1410 immoderata
1361 1352 1496 1407 n'rtutum
1504 1351 1597 1404 studia
1611 1349 1702 1404 cordis

57 1449 121 1486 curn
145 1449 215 1487 sero
240 1441 401 1505 separatum
423 1437 457 1490 ab
481 1437 577 1506 humo‚
603 1441 664 1493 auri
691 1447 718 1494 et
742 1443 862 1519 speciem
906 1443 1026 1499 elatione
1040 1441 1244 1499 conler·re.'nisi
1261 1440 1442 1515 interpellans
1461 1455 1524 1492 caro
1540 1438 1575 1492 ab
1595 1439 1644 1493 illa
1658 1455 1703 1492 re-

58 1527 84 1574 et
95 1538 202 1576 nomen
213 1524 364 1595 acceperit.
376 1542 475 1611 aurum
492 1527 606 1598 quidem
621 1528 789 1591 dicitu1·,sc‹l
802 1531 863 1585 ne'c·
904 1529 1084 1602 prehensibili
1096 1530 1242 1584 nimietate
1256 1529 1372 1605 spiritus
1386 1533 1505 1593 revocat,
1519 1544 1551 1581 ac
1566 1528 1701 1593 retardat,

60 1611 127 1663 dum
139 1610 304 1681 probatum.
321 1614 350 1667 Si
366 1620 461 1667 autem
476 1630 527 1687 per
543 1616 638 1691 ignem
649 1625 791 1672 excoctum
801 1620 863 1673 sue·
904 1627 933 1676 et
948 1621 988 1674 ita
1003 1622 1034 1673 ht
1045 1626 1075 1673 ut
1085 1627 1203 1693 utraque
1213 1618 1438 1691 concupiscentia
1448 1616 1499 1670 tali
1508 1616 1704 1671 colluctatione

61 1699 96 1752 rit
103 1707 133 1752 et
143 1705 311 1770 purgatum,
323 1703 456 1755 tuneauri
468 1704 646 1773 splendorem
656 1712 685 1759 et
695 1714 810 1761 ornatus
820 1683 1012 1763 suissalterna
1036 1707 1148 1764 sibimet
1166 1712 1349 1783 repugnante,
1366 1706 1466 1760 animae
1487 1706 1625 1770 voluntas,
1642 1721 1703 1776 quae

62 1788 161 1858 accipit
185 1788 366 1858 dignitatem.
383 1791 426 1844 Ita.
449 1800 476 1845 et
499 1793 594 1846 anima
616 1794 690 1847 inter
704 1794 820 1849 humum
837 1804 866 1851 et
905 1815 954 1851 nee
967 1805 1056 1857 totam
1071 1815 1100 1850 se.
1118 1795 1275 1850 carnalibus
1290 1795 1437 1849 desideriis
1452 1794 1563 1854 debere.
1588 1811 1638 1848 nec
1651 1794 1704 1846 vir-

64 1876 164 1943 igmm,
177 1876 232 1930 hoc
246 1877 489 1933 estintercamem
498 1880 685 1952 spiritumque
697 1885 862 1949 consistens,
903 1892 996 1940 tutum
1013 1887 1070 1939 rult
1084 1883 1226 1938 laboribus
1241 1884 1387 1949 desudare,
1406 1881 1614 1952 quodammodo
1626 1883 1703 1951 justo

65 1965 174 2033 quando
189 1982 251 2019 sese
275 1965 424 2020 tradiderit
438 1969 524 2033 eterni,
542 1986 605 2024 caro
625 1971 735 2037 dicitur,
752 1975 864 2043 quando
905 1975 1096 2029 moderamine.
1119 1980 1301 2047 temperetur,
1325 1972 1392 2026 dum
1415 1973 1472 2025 inec
1496 1971 1570 2024 inter
1583 1975 1703 2042 utraque

65 2053 182 2123 spiritui,
194 2054 313 2124 spiritus
324 2056 491 2127 appellatur.
502 2059 581 2121 Quod
589 2059 612 2112 si
619 2061 732 2131 proprio
742 2062 865 2117 credide·
904 2065 1046 2119 contentio
1061 2064 1137 2116 illam
1153 2060 1379 2133 perniciosiorem
1388 2059 1536 2114 excludens
1547 2059 1702 2113 animaero-

68 2141 96 2193 rit
111 2142 293 2212 cogitatuiet
303 2143 408 2214 absque
418 2146 510 2214 gratia
520 2147 641 2216 Spiritus
655 2150 745 2202 saneti
760 2151 865 2204 inveni·
904 2153 1051 2208 luntatem.
1074 2153 1224 2221 quamdam
1249 2148 1416 2221 aequalitatis
1444 2147 1544 2202 libram
1564 2148 1592 2201 in
1615 2153 1702 2200 state-

68 2246 91 2281 re
104 2247 133 2282 se
150 2230 335 2284 aestimaverit
346 2232 587 2304 veritatemquasi
595 2252 695 2290 aurum
707 2238 861 2299 sordidum,
905 2258 965 2294 ram
981 2242 1068 2294 nostri
1083 2240 1207 2311 eorporis
1219 2239 1344 2299 collocat,
1357 2255 1418 2309 quae
1429 2237 1545 2307 spiritus
1555 2237 1702 2304 carnisque

69 2318 191 2373 emmelis
210 2320 336 2373 hominis
356 2323 542 2392 appellatione
571 2326 736 2394 signabitur.
767 2328 863 2397 retas.)
905 2329 1026 2383 eontlnia
1033 2331 1109 2401 justo
1122 2327 1257 2381 discernit
1270 2327 1407 2387 examine,
1421 2323 1701 2378 necadextrismen·

70 2411 132 2459 t'aro
141 2407 265 2483 luxuriis
276 2426 309 2461 ac
317 2408 432 2463 libidine
444 2411 608 2472 delectatur.
626 2414 740 2484 spiritus
751 2434 785 2469 nc
796 2417 864 2487 ipsis
905 2425 961 2471 tem
978 2417 1094 2488 spiritus
1106 2418 1206 2470 ardore
1222 2432 1393 2479 srueeusam,
1416 2430 1465 2467 uec
1479 2430 1497 2466 a
1507 2413 1576 2466 laera
1590 2427 1701 2465 caruem

72 2495 175 2564 quidem
191 2496 371 2551 naturalibus
385 2499 530 2554 desideriis
546 2502 705 2578 acquiescit.
723 2504 774 2558 llla
789 2506 865 2576 cupit
906 2506 1035 2560 vitiorum
1048 2505 1157 2559 aeuleeis
1167 2505 1380 2581 praeponderare
1392 2502 1567 2574 permittens.
1578 2501 1642 2562 Haec
1653 2516 1703 2569 pu-

74 2584 162 2637 ntiari
185 2601 298 2647 somno,
316 2587 418 2656 repleri
442 2588 521 2641 cibo:
540 2589 584 2643 hie
600 2591 638 2643 ita
659 2592 761 2662 rigillis
775 2600 803 2646 et
820 2594 864 2663 je·
904 2612 960 2663 gna
975 2593 1145 2666 quotidianis
1160 2592 1258 2646 diebus
1273 2592 1380 2659 utiliter
1392 2590 1550 2665 exagitatur
1563 2589 1592 2642 in
1611 2588 1701 2651 nobis,

70 2671 148 2739 juniis
175 2673 335 2743 saginatur,
354 2680 385 2728 ut
400 2693 434 2728 ue
457 2677 491 2730 ad
508 2679 600 2748 ipsum
615 2680 726 2749 quidem
742 2698 865 2736 necessa·
906 2684 941 2737 ad
960 2683 1029 2737 illud
1045 2687 1159 2749 statum,
1181 2682 1254 2752 quod
1279 2683 1420 2740 nolumus,
1443 2677 1592 2733 salubriter
1607 2677 1701 2731 venire

71 2761 134 2814 rium
143 2762 207 2817 sitae
216 2778 301 2816 usum
310 2780 441 2818 somnum
450 2765 599 2838 cibumque
607 2769 690 2822 vellet
696 2770 844 2825 admittere
857 2791 863 2835 3
906 2773 1109 2843 conspellimur,
1127 2779 1158 2825 ut
1171 2771 1322 2842 puritatem
1336 2769 1427 2823 cordis
1441 2785 1496 2822 non
1511 2768 1577 2833 otio,
1597 2784 1648 2820 nee
1662 2782 1703 2819 se-

71 2849 109 2902 illa
122 2850 264 2905 universis
287 2852 440 2907 exuberare
454 2855 540 2929 copiis
555 2858 726 2929 concupiscit
746 2879 751 2911 :
776 2859 821 2913 hic
834 2865 866 2914 ut
906 2861 1035 2924 caritate,
1051 2861 1099 2914 scd
1111 2861 1173 2931 jugi
1188 2860 1289 2913 sudore
1304 2864 1332 2912 et
1346 2858 1513 2912 contritione
1531 2855 1646 2931 spiritus
1656 2872 1703 2908 ac·

71 2937 149 3007 ipsius
159 2940 276 3011 quidem
286 2941 378 3012 exigui
387 2943 468 3015 panis
480 2945 673 3015 quotidianam
680 2947 864 3021 substantiam
907 2950 1061 3020 quintinus.
1089 2949 1302 3017 castitatemque
1322 2947 1414 2999 carnis
1430 2943 1565 2999 districtis
1575 2938 1701 3013 jejuniis,

71 3027 164 3081 habere
173 3029 330 3083 contendit.
343 3032 528 3086 Laraerisilla
538 3034 676 3088 nitescere
686 3044 715 3089 et
724 3036 864 3107 quotidia—
876 3023 989 3094 Gnosso.
1006 3038 1061 3103 siti,
1088 3055 1120 3090 ne
1140 3035 1286 3107 vigilantia
1304 3036 1493 3089 retineamus:
1522 3032 1704 3086 directionem

69 3115 106 3168 nis
120 3115 301 3171 adulantium
317 3121 414 3173 cuneis
428 3123 535 3192 appetit
545 3123 715 3197 constipari3
734 3125 865 3196 hlcsqua·
906 3128 991 3180 etiam
1004 3128 1095 3180 cordis
1111 3125 1238 3190 lectione,
1257 3123 1368 3199 vigiliis,
1387 3122 1513 3176 oratione
1530 3120 1661 3175 continua
1676 3125 1703 3172 et

68 3205 119 3257 lore
133 3205 264 3260 sordium
282 3214 311 3259 et
332 3205 529 3264 inaccessibilis
554 3211 787 3280 ereniiwrastitate
801 3231 864 3268 con·
905 3216 1063 3269 solitudinis
1073 3215 1202 3286 squalore
1213 3210 1540 3289 capiamuspatientiam
1548 3208 1704 3264 tribulatio·

65 3291 189 3363 ganda?
197 3294 355 3349 honoribus
370 3295 418 3350 illa
436 3299 602 3354 etluudibus
612 3300 758 3356 hominum
772 3304 864 3357 conso·
905 3321 972 3358 num
990 3303 1128 3358 exercitiis
1142 3310 1325 3365 retentemus,
1342 3318 1405 3355 eum
1419 3299 1603 3370 blasphemiis
1615 3302 1644 3352 et
1656 3315 1704 3368 op

66 3389 159 3437 retur:
172 3384 219 3438 hic
234 3385 366 3454 irrogatis
383 3386 434 3439 sibi
449 3388 559 3457 injuriis
577 3406 608 3443 ac
624 3392 863 3460 persecutionibus
905 3393 1081 3465 probriorum
1093 3391 1241 3446 saturitate
1256 3398 1351 3445 nostro
1361 3390 1515 3443 serviamus
1528 3387 1704 3453 auctori3ve-

61 3472 209 3541 moriatur.
221 3474 300 3527 Inter
313 3474 364 3529 has
373 3475 459 3544 igitur
468 3484 602 3548 utrasque
613 3481 862 3551 concupiscentias.
905 3483 1018 3536 ritatem
1041 3499 1103 3536 cum
1120 3481 1225 3534 insidia
1246 3479 1343 3533 rnundi
1362 3480 1446 3551 huJus
1460 3484 1488 3531 et
1503 3475 1667 3540 inimicitiis,
1681 3476 1704 3528 si

63 3562 163 3614 animae
177 3561 310 3615 voluntas
335 3563 363 3615 in
383 3564 538 3618 meditullio
561 3568 681 3638 quodam
698 3568 864 3639 vitupernbi·
905 3588 1019 3625 necesse
1033 3571 1126 3635 fuerit,
1148 3586 1342 3639 exsequamur,
1358 3573 1386 3621 et
1398 3567 1446 3620 tali
1466 3565 1661 3619 colluctatione
1676 3563 1705 3616 in

62 3648 130 3702 liare
152 3650 320 3715 consistens,
338 3668 389 3704 nec
407 3651 538 3707 vitiorum
560 3656 674 3729 flagitiis
699 3656 862 3713 oblectatur.
906 3670 1001 3714 nostro
1019 3677 1134 3730 corpore
1157 3658 1306 3722 militante,
1338 3656 1486 3727 protractis
1506 3653 1585 3706 nobis
1607 3653 1641 3705 ab
1653 3652 1705 3706 hae

62 3738 256 3792 necnrttrtum
264 3739 408 3793 doloribus
417 3742 583 3812 acquiescit:
597 3745 770 3815 sicqurerens
780 3765 796 3799 a
805 3764 865 3816 pas·
906 3749 1015 3819 ignaria
1029 3747 1220 3808 etsecuritate,
1238 3752 1322 3816 atque
1330 3739 1365 3797 ad
1376 3743 1460 3796 istum
1475 3759 1558 3811 quem
1574 3740 1705 3795 nolumus

60 3825 188 3880 sionibus
202 3835 363 3899 temperare
373 3830 541 3893 carnalibus,
552 3839 771 3904 utnequaquam
785 3836 867 3889 rellet
908 3837 1029 3891 laborem
1047 3854 1078 3889 ac
1086 3836 1221 3889 virtutum
1230 3832 1324 3887 studia
1337 3828 1625 3903 provocatisaequitas
1635 3829 1706 3900 opti-

60 3915 173 3969 dolones
189 3918 363 3971 necessarios
378 3918 526 3981 sustinere,
542 3921 718 3992 slne·quibus
728 3924 867 3977 desideria
908 3945 952 3981 me
969 3925 1061 3979 media
1074 3929 1240 3986 retentetur,
1258 3928 1286 3976 et
1297 3906 1423 3994 tepidum
1438 3924 1541 3972 nostrae
1553 3916 1706 3970 voluntatis

59 4004 866 4081 spiritusnequeuntpossideri:absquecastigatloueear-
909 4014 1064 4073 arbitrium.
1082 4012 1271 4084 hinespiritus
1286 4011 1385 4073 ferror,
1403 4009 1467 4062 hine
1485 4006 1577 4062 carnis
1591 4006 1706 4081 gelidis-

61 4094 104 4146 nis
118 4094 319 4148 castimoniam
333 4097 457 4167 corporis
466 4098 627 4152 desiderans
637 4099 777 4154 obstinere
790 4122 794 4161 ;
807 4101 867 4155 siue
908 4104 996 4158 simus
1011 4104 1086 4171 rigor
1100 4100 1424 4155 moderatissimocalore
1436 4102 1648 4167 contemperent
1659 4115 1664 4148 ε
1675 4113 1706 4150 ac

62 4183 226 4253 vigiliarum
242 4183 340 4238 labore
354 4185 445 4239 cordis
460 4188 604 4257 acquirere
620 4189 786 4258 puritatem:
803 4207 865 4243 curn
908 4192 1046 4263 nequead
1062 4193 1196 4246 effrenata
1212 4191 1279 4243 ritia
1294 4192 1418 4242 mentem
1437 4187 1562 4258 pertrahi
1579 4185 1707 4258 concupi-

63 4272 161 4342 requie
175 4273 271 4326 carnis
287 4272 461 4343 spiritalibus
473 4276 624 4330 exuberare
634 4277 866 4332 virtutibus2abs-
907 4281 1134 4352 scentiaspirltus
1146 4280 1232 4343 sinat;
1248 4295 1300 4332 nec
1310 4294 1422 4331 rursum
1435 4276 1469 4329 ad
1485 4278 1620 4329 virtutum
1636 4275 1705 4327 irra-

61 4377 116 4431 que
132 4360 219 4415 ullius
233 4363 446 4432 exasperatione
460 4362 573 4418 convitii
588 4366 730 4435 patientia
743 4368 865 4436 gratiam
874 4351 1051 4423 Dtionabiles
1067 4368 1207 4440 appetitus
1221 4367 1358 4437 fragilitas
1373 4364 1465 4418 cornis
1478 4364 1608 4433 spiritum
1619 4364 1707 4434 patia-

63 4450 207 4519 possidere
222 4469 227 4502 :
251 4450 443 4505 humilitatem
457 4453 561 4507 Christi
576 4454 636 4507 sine
652 4455 766 4509 honoris
782 4473 864 4510 mun-
906 4464 952 4512 tur
966 4459 1072 4514 extolli:
1086 4475 1120 4511 ne
1131 4457 1174 4510 rel
1189 4457 1264 4510 illius
1275 4455 1456 4523 omnigenum
1472 4451 1609 4524 pullulent
1623 4450 1705 4502 somi-

62 4540 128 4591 dani
141 4541 410 4608 exercerejactura;
428 4542 570 4609 religionis
584 4544 792 4615 simplicitatem
802 4562 865 4599 cum
906 4556 948 4601 tes
958 4548 1104 4601 vitiorum:
1123 4547 1164 4599 rel
1178 4546 1243 4599 hinc
1252 4544 1336 4598 elatio
1346 4541 1436 4596 morbi
1448 4539 1607 4611 principalis
1618 4554 1706 4591 erner-

63 4627 188 4680 seculari
204 4628 361 4682 ambitione
376 4630 476 4683 sectari
493 4651 499 4685 :
515 4632 626 4685 Christo
641 4650 704 4686 curn
719 4633 865 4688 hominum
906 4654 984 4706 gens,
998 4637 1053 4689 telo
1067 4653 1118 4689 nos
1131 4634 1268 4709 superbire
1280 4631 1408 4714 graviore
1424 4627 1581 4682 confodiat:
1600 4627 1647 4680 sed
1658 4627 1707 4680 ho-

64 4716 144 4768 lande
159 4733 192 4769 ac
207 4733 311 4787 pavore
326 4718 444 4786 servire3
457 4719 659 4775 districtionem
671 4722 796 4776 veritatis
806 4723 865 4777 sine
908 4743 969 4780 rum
984 4742 1078 4796 pugna
1092 4722 1313 4794 aequilibratione
1332 4722 1411 4795 justa
1424 4717 1584 4773 succedens.
1608 4733 1705 4770 sanam

65 4806 220 4876 cujuspiam
242 4807 283 4859 rel
302 4807 379 4860 tenui
401 4808 552 4862 ostensione
569 4810 702 4881 proferre.
720 4811 865 4866 Postremo
907 4814 1113 4869 etrnoderatam
1131 4813 1205 4864 inter
1220 4815 1339 4879 utraque
1354 4808 1490 4862 virtutum
1507 4812 1614 4860 reseret
1621 4807 1704 4863 riam.

66 4894 100 4944 <ic
110 4894 216 4948 metult
231 4894 330 4949 futura
344 4897 476 4967 consequi
496 4897 578 4962 bona,
596 4905 627 4952 ut
646 4901 792 4970 prasentia
808 4918 863 4954 non
909 4903 1009 4957 itinere
1031 4903 1107 4972 regio
1126 4901 1228 4953 docens
1243 4898 1360 4951 militem
1376 4896 1480 4950 Christi
1503 4913 1613 4966 semper
1630 4895 1706 4949 inee-

69 4981 193 5037 amitat:
212 5001 275 5053 quae
294 4985 423 5037 voluntas
438 5003 581 5067 nunquam
598 5004 648 5041 nos
664 4989 698 5042 ad
717 4989 864 5058 perfectio·
905 4993 984 5045 dere.
1402 5000 1405 5007 ·

70 5085 126 5123 nera
140 5088 234 5125 reram
250 5071 357 5126 faceret
373 5076 527 5144 pervenire,
543 5077 590 5129 sed
606 5076 776 5147 intempore
794 5095 863 5148 quo·
942 5082 1017 5147 Quod
1026 5083 1158 5147 sr'spr'rr'tn
1168 5079 1316 5136 drtcr'mr‘m',
1326 5092 1380 5129 noer
1390 5076 1579 5140 estr'sruhlcqe.
1589 5073 1705 5138 (Artior.)

68 5158 125 5211 dam
140 5163 289 5215 teterrimo
311 5162 470 5229 collocaret,
489 5166 615 5235 talesque
633 5167 746 5232 faceret,
765 5167 860 5238 quales
912 5171 973 5222 Non
988 5176 1031 5221 est
1045 5166 1203 5231 obscurum,
1218 5166 1284 5237 quia
1304 5162 1350 5235 qui
1366 5165 1464 5218 ducem
1481 5160 1566 5215 habet
1579 5165 1706 5241 sanetum

69 5246 102 5298 illi
120 5254 194 5316 sunt,
214 5251 262 5323 qui
286 5251 315 5303 in
342 5252 508 5323 apocalipsi
531 5255 719 5325 increpatione
749 5242 860 5309 Domini
912 5246 1706 5327 Spiriturn,rronerratLexeuimerrantibusdominaturs

69 5337 248 5407 affigantur?
263 5340 326 5394 Stil)
342 5357 424 5408 ⁰1³er
438 5348 496 5408 tna,
513 5347 580 5410 (ιιιιά
594 5361 678 5413 neuile
692 5347 813 5411 fr'r'elrlus
826 5363 860 5411 er,
904 5346 975 5400 sicut
989 5344 1043 5398 alio
1055 5347 1114 5398 loco
1129 5344 1197 5398 dicit
1214 5345 1239 5410 (I
1257 5339 1326 5396 Τιίιι.
1343 5345 1378 5407 ι);
1393 5345 1470 5393 herto
1485 5341 1527 5392 lea
1540 5353 1596 5391 nort
1608 5343 1645 5392 est
1659 5355 1708 5406 po-

72 5441 148 5492 nsque
160 5431 271 5482 calidus
289 5450 295 5487 :
313 5435 425 5483 retinam
441 5433 563 5498 frior'dnr
583 5450 656 5496 esser,
674 5439 722 5487 rrnt
738 5436 861 5487 rubelus!
904 5440 967 5489 sito.
986 5435 1125 5501 (Hieron.)
1135 5433 1296 5487 Notandum
1306 5427 1465 5507 erg0.quod
1473 5427 1517 5480 hic
1530 5427 1707 5506 spiritusuou

71 5521 241 5572 samuelem
260 5520 368 5588 lepidus
383 5524 598 5591 centumplum
612 5528 864 5578 tceromercerore
905 5541 968 5580 cum
984 5524 1104 5581 articulo
1132 5530 1237 5576 etcum
1257 5521 1450 5577 additamento
1464 5516 1568 5595 aliquo.
1586 5518 1658 5601 sicut
1679 5517 1709 5593 lu
