3786 6128
61 336 132 394 isra
540 337 587 392 aa
605 337 714 393 vrrns
734 338 778 394 aa
797 338 1023 395 victericus.
1037 377 1068 386 -
1086 338 1154 393 ara.
1175 339 1225 394 m.
1616 293 1697 396 'iau

55 463 137 529 tiam,
149 479 234 535 qaam
244 463 435 534 integritatem
445 463 545 530 cordis,
558 463 672 518 undeet
680 463 929 535 AugustinasAet
946 465 1149 536 praemeditatio
1168 465 1276 530 mortis,
1296 464 1410 536 diesque
1426 465 1589 520 tremendus
1611 464 1699 521 saturi

56 552 203 625 episcopus
217 571 222 604 :
239 552 385 623 virginitas
400 553 503 615 carnis,
520 569 622 626 corpus
636 552 784 618 intactum,
802 553 858 606 vir·
896 554 1005 625 judieii,
1022 555 1069 607 sed
1081 560 1109 607 et
1118 572 1169 624 pra
1180 554 1354 608 absolutione
1368 556 1571 624 praeteritorum
1583 554 1698 609 delicta-

54 641 162 713 giuitas
175 642 276 697 animas
294 643 361 697 tides
382 642 554 715 incorrupta.
899 660 972 711 rani,
985 649 1013 697 et
1027 643 1264 715 proaulipiscenda
1278 651 1413 715 perpetua
1424 644 1525 698 trientis
1536 649 1564 697 et
1575 644 1698 714 corporis

57 747 255 805 Oxallhlllll.
269 777 300 788 -·
321 750 448 804 desiccatio
478 751 715 805 corrtramorbtan
738 752 859 804 tricoria
899 732 1568 804 puritati!'Uilliumadlul'atsslssssm‘lsl'nffllfflPla
1577 732 1696 802 largitio,

93 834 127 873 uc
147 821 352 886 sarra'catiauis,
380 823 563 891 aricinamque
582 823 794 875 instruendorum
814 836 858 874 rte·
899 826 928 876 et
941 820 1015 892 quod
1032 820 1122 891 maJus
1138 826 1189 885 est,
1206 821 1279 875 hunc
1298 820 1556 876 immundissimum
1577 820 1698 875 fornica-

93 890 299 961 sffll‘wl'ilmduf
314 893 478 945 cesennam.
898 910 983 964 tionis
995 908 1136 981 spirltum,
1154 908 1230 964 omni
1243 910 1344 964 mentis
1360 910 1514 964 intentione
1528 926 1585 964 non
1596 909 1698 963 nostris

89 995 187 1066 (dass.)
198 996 303 1068 Duplex
320 1014 441 1069 narique
452 998 623 1069 oppugnatio
637 1003 681 1053 est
697 998 857 1053 fornicatio·
898 996 1002 1053 viribus
1019 996 1190 1053 confidentes
1205 999 1351 1053 credamus
1367 1016 1416 1052 nos
1431 1014 1591 1069 expugnare
1606 1014 1696 1070 passe,

58 1083 103 1141 nis
117 1089 202 1156 atque
215 1084 342 1149 luxuries,
355 1092 464 1143 arenata
475 1088 541 1141 sitio
556 1104 726 1157 consurgens
741 1088 775 1141 ad
791 1104 859 1158 pre-
900 1089 951 1142 hoe
964 1088 1038 1141 enim
1052 1089 1185 1159 perlicere
1195 1087 1334 1141 halestris
1348 1088 1473 1141 hamana
1489 1104 1544 1141 non
1555 1086 1695 1158 premeret,

56 1172 139 1239 lium,
150 1173 290 1228 etidcirco
300 1175 464 1229 similiterci
474 1176 589 1245 garniaa
603 1182 645 1230 est
655 1177 714 1231 acie
725 1177 858 1231 resistea-
900 1178 946 1231 sed
964 1175 1110 1248 opita-latio
1126 1183 1154 1230 et
1167 1176 1357 1231 misericordia
1371 1178 1491 1239 Domini,
1504 1193 1554 1231 nec
1565 1176 1660 1230 labore
1671 1182 1700 1228 et

57 1261 138 1327 dum,
150 1263 173 1315 si
188 1262 300 1333 quidem
315 1269 347 1316 ut
361 1264 457 1317 inorbo
473 1265 564 1318 carnis
580 1264 735 1337 animmque
745 1282 859 1320 concrc-
900 1266 991 1320 studio
1008 1264 1120 1337 proprio
1135 1266 1277 1319 uictoriam
1293 1262 1418 1320 obtinere
1439 1282 1489 1319 nos
1504 1282 1585 1337 posse
1600 1266 1698 1319 creda-

57 1356 120 1406 tum
130 1351 206 1405 virus
215 1352 343 1423 acquirit,
356 1353 395 1406 ita
406 1353 458 1406 nisi
472 1354 598 1424 atrisque
611 1354 717 1425 pariter
726 1354 860 1407 dimican·
900 1372 972 1417 inus,
995 1352 1047 1410 nisi
1070 1354 1206 1408 fuerimus
1231 1354 1324 1408 dirino
1345 1354 1447 1409 analio
1471 1371 1512 1408 aa
1525 1355 1698 1426 protectione

58 1439 135 1495 tibus
149 1450 271 1512 nequeat
280 1441 399 1513 [nequit]
408 1441 551 1496 debellari.
563 1442 619 1497 Nec
634 1444 709 1496 enim
721 1443 823 1497 sufficit
833 1443 859 1496 ei
900 1444 1016 1511 suffulti,
1033 1442 1205 1516 impossibile
1220 1448 1263 1496 est
1279 1442 1354 1496 enim
1371 1444 1512 1497 hominem
1528 1444 1595 1509 suls.¹
1612 1444 1699 1498 atita

58 1529 109 1603 qui
135 1529 170 1585 ab
190 1530 242 1584 hoc
262 1530 485 1587 immundissimo
513 1532 579 1585 vitio
605 1532 746 1605 desiderat
765 1532 860 1587 sanari
900 1530 1027 1597 dixerim,
1045 1532 1144 1603 pennis
1159 1531 1194 1585 ad
1204 1543 1262 1585 tam
1274 1532 1436 1603 praecelsam
1451 1530 1618 1603 coelesteque
1631 1550 1699 1605 prae-

58 1619 152 1675 solum
170 1621 313 1693 corporale
332 1621 483 1691 jejunium,
504 1622 558 1675 aisi
573 1622 712 1693 praecedat
729 1621 860 1676 contritio
902 1622 990 1675 mium
1005 1619 1159 1687 subvolare,
1176 1620 1228 1675 nisi
1244 1636 1307 1675 aaran
1322 1620 1414 1692 gratia
1429 1621 1477 1676 Dei
1492 1622 1525 1674 de
1542 1627 1624 1675 terrae
1639 1620 1699 1675 luto

57 1708 176 1781 spiritus
187 1715 216 1763 et
228 1709 327 1769 oratio
341 1715 369 1763 et
383 1711 516 1765 continua
529 1718 690 1765 serratarum
706 1710 861 1781 Scriptura·
902 1715 930 1765 et
943 1727 1021 1765 coeno
1032 1726 1147 1765 munere
1161 1709 1298 1764 castitatis
1313 1711 1448 1764 eduxerit.
1466 1710 1651 1781 Quapropter,
1668 1714 1700 1764 ut

58 1814 124 1853 rum
138 1799 346 1868 meditati03sed
356 1800 524 1870 etspiritalis
537 1800 722 1871 intelligentia
733 1804 761 1853 et
772 1787 890 1853 scien-B
901 1806 1001 1854 cancta
1009 1798 1094 1869 hujus
1105 1796 1194 1853 morbl
1203 1798 1327 1852 remedia
1336 1796 1458 1852 breviter
1467 1799 1598 1870 replicem
1606 1816 1612 1850 ε
1620 1814 1700 1869 opor·

58 1887 101 1943 tia
115 1886 151 1942 ad
165 1889 396 1960 expurgationem
411 1888 494 1959 hujus
509 1889 705 1960 impurissimae
722 1886 859 1961 passionis
900 1893 941 1944 tet
950 1906 1025 1956 curri,
1041 1889 1089 1960 qai
1101 1888 1135 1942 ah
1150 1890 1202 1942 hac
1214 1889 1345 1959 pestifera
1355 1888 1513 1943 ualetudine
1525 1888 1584 1942 vult
1596 1887 1698 1955 carad,

58 1977 215 2053 plurimum
225 1978 347 2048 prodest,
354 1978 433 2032 labor
445 1979 531 2033 etiam
540 1994 666 2050 opusque
677 1993 813 2033 raanuum
824 1977 859 2031 ad
900 1976 1235 2053 imprimisindesinenter
1247 1977 1389 2032 nocturnis
1397 1974 1705 2048 etdiaturaisprecibus

58 2064 146 2136 hujus
163 2065 222 2120 vitii
236 2066 453 2121 refrenationem
478 2067 582 2138 optime
605 2068 730 2138 adjurat,
747 2071 776 2122 et
794 2074 860 2121 anto
901 2067 1046 2122 aDomlao
1057 2084 1086 2120 se
1096 2067 1218 2137 postulet
1226 2064 1525 2138 purgari,rigillisque,
1534 2064 1699 2120 lectionibus

59 2154 158 2209 omnia
172 2156 315 2211 humilitas
323 2173 397 2221 vcra,
411 2157 471 2210 sine
484 2174 540 2227 qaa
555 2156 658 2211 nullius
673 2155 733 2209 vitii
748 2155 859 2227 penitus
900 2154 986 2212 sacris
1001 2157 1213 2227 scripturarum,
1230 2155 1469 2222 meditationibus,
1486 2152 1699 2226 compunctione

57 2244 166 2315 poterit
178 2261 303 2316 unquam
318 2245 478 2315 triumphas
497 2245 613 2316 acquiri,
630 2261 740 2299 summo
755 2245 860 2301 etenim
900 2230 1014 2311 scilicet,
1038 2243 1205 2299 contritione
1226 2245 1317 2299 cardis
1337 2251 1366 2299 et
1385 2244 1509 2317 eorporis
1533 2240 1697 2309 remotione,

58 2333 156 2387 studio
165 2333 200 2387 ad
214 2335 402 2389 excoctionem
414 2335 494 2389 istius
508 2334 597 2388 morbi
608 2333 781 2405 parcimonia
787 2334 860 2403 jeju·
901 2351 1036 2389 manuum
1050 2333 1221 2405 operatione,
1239 2340 1323 2404 atquc
1338 2332 1476 2387 indefesso
1488 2332 1598 2404 jeJ'unio
1608 2331 1699 2404 perri·

59 2421 175 2475 nicrum
189 2423 322 2478 sectanda
335 2430 378 2477 est
398 2441 403 2475 :
421 2440 456 2477 ne
474 2439 601 2477 escarum
621 2422 793 2476 abundantia
815 2439 860 2475 rc·
900 2425 977 2496 gilet.
991 2424 1052 2478 Hac
1066 2440 1154 2495 usqae
1170 2438 1202 2476 aaa
1212 2439 1266 2493 qao
1276 2424 1363 2476 sancti
1380 2423 1560 2477 ecclesiarum
1572 2423 1622 2477 Dei
1636 2422 1700 2477 doc-

58 2508 860 2583 t‘ectaearorectoremsuamspirituradejiciatllicenim
901 2523 977 2568 tores
1002 2519 1063 2568 octo
1087 2510 1251 2584 principalia
1281 2512 1347 2566 sitia
1373 2512 1590 2584 descripserunt,
1616 2518 1700 2587 prout
1785 2536 1788 2541 ·

59 2598 177 2654 morbus
191 2617 254 2654 cum
269 2602 393 2672 corporis
407 2599 558 2656 afflictione
573 2607 601 2655 et
614 2600 781 2656 contritione
797 2616 859 2654 cor·
901 2600 1036 2675 exigultas
1048 2618 1146 2656 sensas
1159 2600 1248 2656 nostrl
1263 2600 1363 2672 potult,
1379 2600 1514 2672 largiente
1524 2599 1653 2669 Doniino,
1666 2618 1698 2655 ex

59 2686 106 2741 dis
118 2687 268 2743 solitudine
277 2706 387 2761 quoque
400 2707 432 2744 ac
443 2690 596 2743 rernotioae
606 2689 721 2758 indiget,
731 2695 764 2742 ut
773 2686 861 2760 possit
900 2693 1074 2746 diversorum
1094 2697 1205 2762 patrum
1227 2689 1324 2745 edictis
1344 2691 1379 2744 dc
1401 2691 1519 2761 origine,
1540 2688 1695 2755 vexatione,

60 2776 245 2849 adintegrum
252 2779 380 2834 sanitatis
388 2777 657 2850 statumperniciosa
663 2783 782 2832 aestuum
789 2776 860 2832 febri
901 2781 1022 2847 indiciis,
1033 2779 1271 2851 increpationibus
1280 2779 1468 2851 remediisque
1479 2779 1642 2834 eorumdem
1658 2777 1699 2832 ri·

61 2866 192 2937 deposita
204 2868 358 2938 pervenire.
369 2868 455 2922 Valde
469 2869 544 2922 enim
558 2867 672 2921 noxiam
687 2873 737 2931 est,
750 2867 779 2922 ia
793 2883 861 2922 ocu·
901 2870 1005 2923 tiorum
1015 2886 1104 2941 pauca
1118 2869 1305 2940 excerpsimus
1316 2868 1486 2931 testimonia,
1500 2884 1573 2921 nanc
1589 2883 1699 2938 quoque

62 2954 156 3009 lorum
182 2955 381 3011 fornicatorum
410 2956 562 3024 obtutibus,
591 2957 729 3029 speciosas
758 2953 861 3011 habere
902 2964 990 3014 restat
1005 2966 1037 3014 ut
1051 2960 1205 3014 secundum
1220 2958 1399 3013 traditionem
1414 2957 1700 3012 sanctorumPatrum

61 3042 178 3110 formas,
194 3052 223 3098 et
235 3062 292 3100 non
308 3046 399 3101 solum
412 3046 561 3117 speciosas,
577 3044 775 3101 verumetiam
795 3062 861 3116 qua·
882 3049 1097 3123 xAEgyptiorum
1107 3047 1700 3119 Orientaliumqaeeademvitia,eorumque

62 3132 216 3204 lescuaque
234 3134 282 3189 ubi
298 3134 444 3189 fornicatio
459 3140 509 3190 aat
529 3134 721 3189 fornicationis
739 3134 860 3205 suspicio
872 3110 892 3164 “¹
903 3138 1040 3205 ordinem,
1064 3145 1095 3192 ut
1111 3137 1249 3192 bonorum
1264 3137 1390 3191 omnium
1405 3142 1503 3189 auctor
1517 3134 1584 3188 darc
1599 3134 1699 3204 digna-

62 3239 125 3279 esse
144 3231 246 3297 potest.
268 3224 369 3295 (Hier.)
383 3225 469 3279 David
486 3225 561 3280 enim
584 3229 707 3289 sanctas,
723 3230 752 3277 et
766 3239 863 3277 secun·
904 3227 988 3293 bitur,
1005 3227 1124 3282 breviter
1136 3227 1274 3297 carpendo
1289 3240 1501 3297 prosequamur.

62 3312 132 3367 dum
146 3329 195 3367 cor
208 3313 319 3368 Domini
334 3315 448 3380 electae,
469 3313 614 3369 Bersabee
630 3319 727 3384 ceptus
747 3317 789 3367 est
813 3329 863 3366 au-

62 3401 163 3467 ditate,
187 3409 358 3476 quapropter
385 3403 523 3459 adulterio
554 3402 648 3474 junxit
671 3401 861 3455 homicidium.

63 3490 198 3547 Salomon
213 3491 287 3547 enim
306 3492 380 3564 qaod
395 3492 485 3548 noluit
504 3492 634 3546 recedere
654 3508 671 3544 a
688 3489 861 3555 mulieribus,

63 3580 182 3658 recessit
195 3597 211 3634 a
225 3581 354 3647 Domino,
372 3587 401 3635 et
420 3598 454 3635 nc
469 3580 570 3652 aliquis
589 3580 623 3633 de
639 3579 783 3648 sanguinis
798 3595 863 3649 pro·
944 3585 1000 3649 (th.
1010 3586 1037 3648 t.)
1053 3580 1255 3651 Gastrimargia
1269 3596 1368 3650 grace,
1381 3579 1466 3634 latine
1477 3578 1702 3650 concupiscentia

63 3668 223 3741 pinquitate
245 3671 376 3729 confidat.
405 3671 433 3724 ia
460 3671 589 3724 illicitum
618 3670 740 3723 Thamar·
761 3668 865 3722 sororis
904 3668 1703 3741 galasiusingluviesventrisdicitar.Estcnimprimum

62 3758 187 3813 Ammon
197 3758 283 3814 frater
295 3760 398 3813 exarsit
412 3759 580 3813 incendium.
591 3760 685 3827 (fuss.)
694 3756 781 3810 Valde
789 3755 865 3810 enirn
905 3760 1049 3832 corporale
1059 3766 1212 3830 peceatum,
1230 3775 1279 3828 per
1293 3758 1365 3830 qued
1384 3758 1467 3829 primi
1482 3757 1610 3812 homines
1620 3757 1701 3826 ejecti

63 3846 219 3921 prodestad
228 3845 864 3918 exstinguendumfornicationisardoremloa·
905 3856 971 3905 sant
985 3849 1019 3903 dc
1034 3849 1167 3903 Paradiso
1179 3854 1207 3901 et
1220 3863 1268 3918 per
1281 3848 1354 3918 qaod
1370 3846 1442 3902 Esau
1455 3846 1642 3919 primogenita
1652 3862 1705 3901 sua

62 3952 99 4005 ge
105 3936 276 3991 recedereab
282 3937 325 3992 his
336 3954 455 4009 quorum
464 3943 593 4008 aspectus
603 3952 653 3991 nos
663 3935 826 4007 pertrahere
836 3941 864 3988 et
906 3937 1257 4008 vendiditconcapiscendo
1272 3935 1442 4001 lenticulam,
1455 3936 1505 3991 hoc
1520 3935 1595 3990 enim
1607 3934 1703 3990 vitiam
1729 3958 1732 3965 ·

905 3370 969 3424 Car.
981 3368 1076 3424 xttx.
1090 3371 1169 3423 -lla
1183 3369 1384 3437 gastrimargia
1399 3373 1611 3435 ceterorumque
1621 3369 1702 3436 prin-

1051 3460 1185 3526 cipah'rnn
1199 3457 1332 3511 vitiorum
1347 3458 1549 3524 recapitulatio.

63 4113 198 4189 primitus
214 4114 382 4187 expiandum
397 4121 448 4180 est,
468 4116 542 4170 trade
556 4115 619 4171 sons
633 4114 695 4168 ritae
710 4113 864 4184 mortisque
906 4114 1366 4183 homoaoanecessitate,sedgahc
1376 4114 1704 4184 concupiscentiaantici·

65 4217 183 4257 manare
205 4203 391 4273 cognoscitur,
410 4204 519 4258 dicente
547 4204 721 4259 Salomone:
746 4216 758 4249 t<
782 4203 865 4260 Omni
906 4201 1701 4276 parecupitstatutamrefectionishoram3secuad0dum

64 4290 194 4345 cristodia
210 4308 290 4346 serve
309 4308 357 4347 cor
376 4299 456 4347 tuum
471 4295 561 4360 (Prae.
586 4310 621 4358 n,
647 4293 707 4364 23),
730 4314 743 4349 a
765 4298 865 4353 exinde
906 4293 1103 4347 tantammodo
1124 4291 1229 4345 ventris
1247 4289 1369 4361 ingluvie
1388 4296 1417 4343 et
1436 4289 1584 4343 saturitate
1602 4289 1703 4360 quibus

63 4379 143 4435 euim
156 4381 310 4452 procedunt
321 4381 503 4452 cogitationes
518 4381 675 4442 luxuriosa.
688 4385 797 4441 dicente
812 4387 865 4442 Do·
906 4381 1091 4453 qualibusque
1101 4381 1170 4435 escis
1183 4396 1300 4434 onerare
1312 4378 1454 4432 desiderat
1462 4384 1603 4443 sentreru3
1619 4377 1703 4431 tertio

61 4469 141 4522 mino
157 4489 165 4524 ,·
183 4489 194 4520 ι
218 4470 258 4526 De
280 4470 363 4525 corde
386 4470 462 4525 enim
481 4476 584 4524 exeunt
597 4472 751 4543 cogitiones
769 4476 858 4542 malae,
872 4461 1714 4541 Ddumpretiosioribusaccuratioribusqueoblectaturepu,

60 4556 224 4624 homicidia,
243 4559 390 4626 adulteria,
400 4558 608 4624 fornicationes,
625 4567 676 4615 etc.
689 4564 798 4633 (illatth.
815 4580 861 4633 xv,
903 4560 946 4614 lis.
963 4561 1067 4613 Contra
1081 4558 1152 4612 hanc
1167 4557 1322 4611 triformem
1337 4556 1455 4621 rabiem,
1471 4554 1606 4608 triformis
1622 4555 1702 4611 adhi-

62 4643 117 4721 19),
132 4667 143 4696 ι
160 4647 209 4701 sed
224 4653 253 4702 et
271 4648 318 4718 qui
338 4647 458 4719 pleniter
474 4648 532 4702 vult
546 4650 754 4719 suggestionem
777 4652 861 4724 hujus
903 4647 1048 4703 bendaest
1057 4647 1173 4710 curatio,
1184 4646 1212 4699 id
1223 4651 1274 4709 est,
1285 4651 1316 4700 ut
1324 4645 1445 4716 primam
1457 4648 1583 4715 expectet
1591 4649 1703 4715 tempus

58 4735 206 4791 diabolicas
220 4735 380 4791 calliditatis
393 4737 578 4807 exstinguere,
596 4738 720 4809 primum
735 4742 863 4811 recorda·
903 4737 1061 4792 relectionis
1078 4735 1244 4805 legitimum.
1256 4735 1378 4805 Terapus
1393 4733 1468 4786 cnim
1484 4732 1636 4787 Christiani
1652 4733 1703 4787 ho·

57 4825 168 4880 fiunem
182 4825 308 4880 omnium
321 4825 490 4883 feminarum
509 4826 543 4880 de
557 4827 640 4881 corde
655 4845 705 4884 suo
721 4832 861 4901 expellere
903 4826 986 4882 minis
997 4825 1154 4896 legitimum
1169 4823 1339 4889 refectionis,
1355 4823 1409 4877 nisi
1424 4839 1474 4895 pro
1488 4822 1613 4894 corporis
1623 4822 1703 4877 insir-

57 4914 184 4977 festinet,
199 4931 352 4986 earumque
367 4915 539 4969 consortium
562 4915 774 4990 quibuscunque
793 4937 860 4975 con·
902 4916 1010 4982 ruitatc,
1020 4921 1085 4970 ante
1096 4915 1194 4969 honam
1205 4913 1260 4968 diei
1272 4913 1384 4967 tertiam
1394 4910 1704 4966 auctoritatecaaonice

56 5002 137 5073 gruis
151 5002 244 5059 medis
259 5009 352 5073 potest
374 5003 499 5073 ellagiat.
521 5005 600 5059 Unde
625 5012 652 5060 et
678 5006 860 5064 beatissimus
901 5021 958 5059 non
973 5010 1015 5058 est
1028 5009 1165 5057 statutam
1177 5003 1226 5056 sed
1241 5001 1423 5074 prohibitam,
1436 5001 1559 5055 secundo
1575 5006 1606 5053 ut
1618 4999 1704 5053 etiam

57 5091 178 5145 antistes
189 5090 354 5145 Ambrosius
368 5091 553 5147 intersistere
565 5093 613 5158 ait,
630 5094 653 5148 si
668 5095 816 5151 intraveris
830 5098 860 5151 in
901 5095 968 5166 ipsis
983 5095 1027 5164 [dc
1046 5093 1125 5166 ipsis]
1142 5092 1284 5146 vilioribus
1307 5091 1386 5155 cibis,
1406 5108 1460 5144 non
1481 5107 1531 5161 pro
1552 5088 1701 5153 desiderio,

56 5179 205 5233 castellum
216 5196 251 5234 ae
265 5180 471 5251 appropinques
483 5182 648 5237 mulieribus
660 5189 689 5237 et
699 5200 754 5239 non
762 5186 859 5240 demo·
901 5184 949 5239 sed
965 5201 1015 5254 pro
1027 5183 1192 5237 necessitate
1202 5187 1231 5234 et
1241 5181 1446 5235 sustentatione
1457 5179 1582 5250 corporis
1596 5183 1700 5232 sumat.

58 5268 130 5322 reris
146 5267 175 5322 in
194 5268 369 5323 sermonibus
390 5271 462 5341 apud
479 5271 567 5333 illam,
584 5273 723 5341 quomodo
739 5273 812 5327 enim
836 5275 859 5328 si
901 5273 1045 5344 lpsacnim
1053 5271 1241 5343 aquacibique
1249 5270 1375 5324 vilissimi
1386 5269 1408 5323 si
1418 5267 1702 5338 predesideriogalae,

57 5357 122 5433 quis
146 5356 284 5426 deglutiat
301 5359 427 5423 hamum,
450 5359 489 5412 sic
508 5359 663 5413 attrahitur
683 5361 778 5415 aninia
799 5369 857 5416 tua.
901 5367 929 5416 ct
944 5378 1001 5416 non
1012 5379 1062 5433 pro
1075 5361 1241 5415 necessitate
1259 5358 1382 5429 corporis
1399 5364 1590 5421 assumantur,
1606 5373 1703 5427 pecca-

56 5445 131 5501 Nam
142 5451 171 5498 et
179 5445 283 5516 optime
290 5447 413 5517 iuratad
428 5449 659 5518 exstinguendam
669 5448 860 5506 fornicationis
899 5449 1172 5521 tumgasnimargia
1180 5447 1528 5517 cx‹livinisscriptarararn
1536 5445 1705 5500 testimoniis

57 5534 203 5588 flammam
215 5536 371 5589 recordatio
382 5542 524 5607 perpetuae
532 5538 719 5593 damnationis
730 5538 859 5610 ignisque
900 5556 961 5595 esse
983 5540 1169 5609 cognoscitur.
1192 5538 1286 5592 Tertio
1313 5543 1343 5591 at
1371 5535 1613 5607 qualibuscunque
1634 5534 1705 5590 escis

56 5622 200 5683 eterniet
215 5624 422 5694 praetentorum
440 5627 640 5682 rememoratio
657 5628 794 5683 scelerum
808 5644 858 5683 sea
898 5627 1096 5698 vilioribusque
1110 5632 1259 5682 contentus
1277 5627 1323 5691 sit,
1339 5627 1388 5680 sed
1408 5630 1436 5679 et
1457 5641 1508 5695 per
1528 5623 1700 5679 orationem÷
