3772 6120
118 282 172 343 (ili
419 284 451 339 B.
471 282 609 339 annam
626 281 742 338 meni
760 281 928 337 ARssHIEP.
947 280 1110 337 HOGUNU.
1129 281 1279 339 ennensi
1296 281 1390 339 ntes
1408 282 1459 340 ln.
1650 238 1653 243 Ι
1708 283 1762 342 688

123 411 231 467 oeoasie
253 411 314 466 ilari
335 413 520 478 coritomptus.
535 408 584 461 sel
608 408 697 477 inagis
712 424 759 461 eos
773 408 802 461 in
821 407 1044 476 ellectuAmala.
1067 406 1180 477 Optime
1202 406 1308 477 adjicit,
1328 408 1445 477 Discede
1465 408 1501 463 ab
1518 410 1666 480 ejusmodi.
1683 412 1764 477 Post-

123 501 252 573 amplieri
273 499 357 553 debet
379 499 510 562 retinere,
527 498 672 551 etiterum
691 497 789 566 adjicit
805 515 809 548 :
825 520 837 547 o
856 498 921 551 Hoee
962 513 1045 566 quern
1062 501 1156 550 eutem
1176 497 1300 551 ostendit
1313 498 1481 568 pravitatem
1497 499 1654 567 hominnm,
1672 500 1765 555 atille

123 591 192 645 doce
205 596 235 655 et
248 588 371 650 obsecra,
390 610 402 639 ι
419 604 470 658 per
493 587 588 640 emnia
609 586 781 643 exsuscitans
799 602 873 651 euni,
890 592 922 639 ut
962 601 1023 654 qum
1040 584 1187 639 inhoneste
1212 584 1247 639 ab
1270 585 1326 639 illis
1353 587 1522 653 alliciuntur,
1548 589 1708 643 subiciebat
1730 595 1765 644 ut

123 696 187 734 cum
202 678 292 733 multa
309 675 497 732 sollicitudine
511 676 545 729 de
560 674 689 730 omnibus
707 674 751 728 his
765 674 921 729 doctrinam
961 678 1072 727 tantum
1096 674 1244 730 consilium
1264 675 1354 742 daret,
1370 678 1495 747 separari
1520 676 1556 745 ab
1579 678 1638 744 eis;
1659 678 1763 745 deinde

122 782 279 840 proponere
292 766 472 837 deproperet;
488 771 517 819 et
531 764 664 835 queniam
673 763 770 818 omnia
783 763 923 834 percurrit
962 761 1123 832 relinquens
1134 768 1236 817 caetera
1250 763 1286 818 ad
1301 764 1378 833 illam
1393 771 1503 835 partem
1520 766 1603 830 redit,
1620 770 1707 837 atque
1721 767 1764 821 in-

123 873 184 928 qua
199 856 235 910 ad
250 855 450 921 correctionem
466 854 593 909 Ecclesiae
610 852 639 908 in
656 869 805 907 commune
820 869 920 907 conse-
961 850 1045 915 sistit,
1064 868 1121 922 qua
1142 852 1274 922 pecunias
1295 853 1427 924 colligere
1450 855 1653 920 accelerabant,
1677 855 1764 927 inque

123 946 184 1003 nire
198 943 385 1010 existimabat,
401 944 474 999 sicut
490 943 681 1014 scrupulosius
703 942 921 1012 significavimus
960 939 1014 994 hac
1029 945 1108 1010 parte
1123 941 1166 994 vel
1174 941 1295 995 maxime
1310 958 1393 997 suum
1406 958 1566 998 sermonem
1580 944 1667 1007 latius
1681 961 1764 1015 exag-

122 1036 152 1089 in
167 1034 223 1088 illis
238 1050 300 1106 qnae
316 1037 400 1087 antra
421 1032 599 1103 interpretati
621 1048 728 1093 sumus,
747 1037 921 1086 memoratur
959 1035 1049 1098 gerat,
1063 1046 1096 1083 eo
1112 1030 1184 1101 quod
1202 1046 1254 1084 nec
1267 1031 1348 1085 facile
1362 1048 1443 1101 posse
1457 1032 1636 1087 existimabat
1649 1050 1698 1087 ees
1712 1033 1761 1087 de-

29 1176 34 1183 ,
122 1124 227 1178 iterum
241 1127 271 1177 et
283 1122 318 1177 de
333 1123 388 1176 illis
404 1121 452 1192 qui
466 1121 607 1175 contraria
628 1120 741 1191 pictatis
755 1118 854 1176 docere
872 1136 920 1173 ce-.
960 1118 1067 1187 spicere
1079 1119 1220 1188 pecunias.
1238 1120 1332 1174 Sciens
1344 1135 1407 1175 nero
1418 1127 1448 1174 et
1457 1121 1526 1176 illud
1541 1122 1608 1192 quia
1620 1122 1762 1193 cupiditas

122 1218 228 1267 nentur
245 1231 250 1265 :
267 1212 336 1266 dicit
350 1211 424 1265 enim
445 1211 479 1265 de
504 1210 560 1264 illis
582 1210 629 1280 qni
654 1225 687 1263 er
710 1208 919 1263 circumcisione
961 1207 1122 1276 pecuniaria
1136 1206 1204 1261 nihil
1220 1224 1253 1261 ex
1268 1208 1323 1262 illis
1338 1226 1400 1278 quoe
1411 1210 1472 1264 fieri
1486 1211 1656 1265 conueniunt
1669 1210 1761 1266 iacere

122 1302 312 1369 crediderunt,
322 1303 370 1372 qui
384 1300 479 1355 omnia
492 1316 575 1370 agere
586 1297 919 1365 adnitebanturselentes
960 1295 1107 1365 permittit,
1127 1296 1274 1367 despectus
1297 1299 1402 1363 etenim
1416 1300 1593 1369 pecuniarios
1616 1299 1698 1354 facile
1713 1300 1761 1354 illa

123 1392 193 1462 legis
208 1390 364 1445 meledium
375 1388 504 1455 fidelibus
520 1388 674 1458 imponere,
686 1386 721 1441 de
732 1386 833 1457 quibus
847 1392 876 1441 et
890 1387 918 1441 in
960 1384 1089 1455 expedire
1103 1385 1169 1440 iacit
1184 1402 1245 1456 que
1261 1386 1378 1441 meliora
1388 1395 1463 1453 sunt,
1474 1388 1532 1443 ait:
1547 1407 1559 1441 ι
1576 1389 1709 1452 Questus
1718 1396 1761 1444 est

122 1479 259 1551 principio
273 1478 404 1550 Epistola
417 1477 540 1548 plurima
557 1477 676 1545 dixerat,
697 1476 793 1546 sicque
807 1476 842 1530 ad
858 1492 918 1529 ser-
959 1490 1087 1543 magnus,
1100 1474 1190 1545 pietas
1203 1491 1267 1529 cnm
1277 1475 1454 1531 sufficientia.
1468 1478 1622 1547 »Magnum
1638 1478 1759 1539 lucrum,

122 1584 220 1623 mones
243 1567 505 1637 communiaque
528 1566 557 1619 in
572 1581 720 1627 commune
739 1565 916 1628 conveniunt,
959 1579 1068 1631 magna
1092 1562 1204 1625 divitie,
1221 1564 1358 1618 lucrativa
1381 1566 1535 1635 negotiatio
1551 1566 1643 1637 pietas
1661 1573 1714 1633 est,
1730 1575 1762 1623 ut

122 1673 261 1727 egressus,
286 1657 388 1715 iterum
412 1655 447 1708 de
467 1655 522 1708 illis
546 1654 615 1725 ipsis
638 1671 699 1724 que
726 1654 755 1709 in
782 1653 918 1725 principio
960 1667 1027 1720 erga
1040 1668 1074 1707 ee
1095 1652 1205 1706 solliciti
1226 1653 1325 1718 simus,
1335 1654 1548 1709 necessitatibus
1562 1657 1669 1725 nostris
1684 1657 1761 1711 suffi-

121 1745 360 1808 dixerat,dictu1n
375 1760 519 1798 resumens
533 1744 563 1797 in
577 1744 633 1797 illis
646 1742 714 1814 ipsis
727 1743 814 1797 etiam
832 1744 917 1797 linem
928 1730 1073 1796 Bcientes.
1092 1742 1166 1795 iletre
1181 1757 1245 1795 rere
1269 1742 1375 1812 adjicit,
1395 1768 1406 1786 ·
1429 1744 1519 1813 pietas
1537 1761 1601 1798 enm
1617 1744 1761 1811 sufficien-

121 1834 270 1899 cencludit,
286 1840 388 1897 catera
410 1833 439 1886 in
454 1833 548 1887 media
565 1839 645 1903 perte
661 1832 791 1902 Epistola
814 1831 920 1902 interji·
960 1829 1009 1896 tia,
1024 1848 1036 1882 ι
1052 1830 1093 1884 ita
1112 1836 1143 1884 et
1165 1836 1194 1885 ot
1215 1831 1409 1886 necessitatem
1433 1849 1487 1886 non
1507 1833 1650 1889 rideretur
1671 1835 1760 1890 inter-

121 1924 207 1978 cisos.
225 1942 239 1985 ‚a
255 1922 284 1977 Si
299 1922 371 1993 quis,
385 1921 487 1992 inquit,
504 1921 586 1976 aliter
600 1922 682 1976 docet
696 1925 725 1974 et
739 1937 795 1974 non
810 1920 920 1991 acquie-
960 1918 1061 1989 cipere,
1085 1924 1114 1973 et
1135 1918 1291 1987 nimietatis
1314 1921 1441 1975 studium
1461 1922 1616 1990 excludere,
1634 1929 1663 1978 et
1683 1925 1761 1978 omni

123 2032 136 2063 ιι
151 2012 204 2066 scit
223 2010 399 2067 sermonibus
421 2010 533 2065 Domini
555 2010 644 2064 nostri
670 2011 736 2065 iesu
759 2009 873 2072 Christi,
891 2014 920 2064 et
960 2023 993 2060 ex
1001 2012 1082 2078 parte
1090 2008 1308 2064 sollicitudinem
1319 2010 1502 2079 pecuniarum
1513 2011 1671 2066 adimere«
1684 2012 1762 2067 Nihil

123 2122 135 2149 (ι
152 2102 178 2155 ei
194 2118 256 2172 quoe
269 2099 567 2170 sescundumpietatem
576 2099 771 2166 estdqctn'nse,
782 2098 919 2170 superbus
961 2097 1035 2150 enim
1053 2096 1200 2152 intulimus
1222 2097 1251 2152 in
1274 2098 1349 2152 bunc
1368 2099 1515 2167 mnndum,
1533 2100 1608 2155 haud
1631 2101 1759 2167 dubium,

123 2210 135 2240 o
151 2194 195 2244 est
208 2193 237 2243 at
247 2189 316 2245 nibil
331 2188 430 2242 scians.
444 2207 456 2238 ι
476 2188 551 2242 liene
565 2188 679 2243 elatiem
694 2187 839 2257 conjunxit
848 2187 918 2241 nihil
960 2185 1027 2255 qnia
1040 2202 1091 2240 nec
1101 2187 1211 2240 ant'erre
1227 2187 1293 2257 qnid
1308 2204 1465 2257 pessumus.
1480 2190 1607 2256 »linitus
1618 2207 1652 2244 ac
1662 2196 1762 2261 potens
1794 2208 1798 2216 ·

120 2278 192 2333 seire
208 2295 214 2330 z
232 2277 316 2332 elatio
339 2294 405 2331 vera
426 2278 536 2332 rationo
558 2276 663 2343 dicitur
684 2276 733 2330 ills
756 2292 827 2341 esse,
857 2292 919 2346 qua
960 2290 1059 2329 sensus
1071 2274 1100 2329 in
1116 2276 1282 2345 compendio
1292 2276 1441 2332 verborum
1455 2278 1557 2333 herum
1571 2279 1713 2334 contineri
1722 2280 1762 2334 vi·

120 2367 249 2425 homines
271 2382 375 2437 magona
389 2383 488 2438 sapere
510 2365 577 2420 iacit
589 2366 624 2419 de
638 2366 694 2420 illis
708 2382 769 2437 quse
787 2365 839 2419 sibi
863 2381 918 2419 nen
959 2364 1057 2419 detur:
1069 2363 1110 2419 illi
1126 2364 1203 2418 enim
1219 2364 1267 2435 qui
1283 2381 1350 2435 erga
1363 2366 1496 2435 pecunias
1511 2367 1636 2422 snrdium
1645 2367 1761 2439 habent,

120 2456 232 2521 adsunt,
244 2455 396 2526 etquidem
406 2456 560 2510 maximum
570 2459 613 2509 est
621 2454 677 2509 illis
687 2453 877 2527 opprobrium,
887 2460 919 2509 ut
959 2468 1010 2523 ppo
1019 2452 1075 2507 illis
1090 2453 1204 2523 quidem
1215 2470 1276 2523 quse
1286 2454 1391 2508 adsunt
1400 2454 1453 2511 sibi
1464 2454 1601 2519 laborant,
1610 2464 1642 2512 nt
1652 2474 1762 2527 perma-

120 2545 192 2600 alies
205 2545 305 2607 derare
320 2544 488 2615 promittant
502 2560 566 2603 cum
579 2543 632 2614 ipsi
646 2542 716 2597 nihil
730 2543 829 2597 sciant.
844 2543 918 2596 Nam
959 2557 1026 2597 nere
1036 2541 1144 2612 possint
1154 2543 1340 2601 eteustodiri;
1353 2559 1404 2613 pro
1418 2543 1474 2598 illis
1483 2559 1548 2598 vero
1564 2562 1626 2614 qua
1641 2547 1762 2602 necdum

121 2640 150 2687 et
163 2633 198 2687 de
211 2633 264 2687 hoc
277 2633 337 2703 ipse
350 2632 472 2687 derideri
485 2632 563 2703 digni
577 2639 653 2695 sunt,
662 2632 729 2686 dum
739 2631 809 2685 alios
818 2631 918 2686 decere
959 2629 1072 2693 habant,
1081 2631 1470 2702 quemadmodumacquirere
1476 2633 1592 2703 possint.
1603 2635 1763 2707 Utrumque

120 2721 317 2794 premittentes
329 2721 383 2792 ipsi
401 2721 472 2775 nihil
491 2721 591 2789 sciant.
607 2721 698 2790 Hujus
712 2736 777 2774 uero
792 2720 833 2777 rai
852 2737 918 2791 pre-
959 2719 1083 2785 cxclusit,
1101 2719 1141 2775 ita
1163 2724 1195 2774 ut
1217 2736 1267 2790 pre
1285 2720 1341 2775 illis
1362 2737 1424 2791 qum
1443 2721 1495 2776 sibi
1519 2722 1623 2779 adsunt
1642 2724 1762 2781 minime

120 2809 196 2865 balio
210 2827 244 2864 ex
263 2809 485 2880 precedentibus
504 2810 629 2880 apertius
650 2815 694 2864 est
716 2809 874 2876 manifesta,
893 2809 916 2863 si
959 2807 1084 2864 laborem
1098 2808 1265 2879 expendant.
1283 2810 1356 2864 Nem
1372 2810 1447 2880 qnod
1457 2810 1536 2874 dixit,
1557 2812 1655 2867 «nihil
1667 2812 1763 2869 intuli·

121 2900 197 2954 enim
213 2916 270 2967 npn
293 2898 445 2953 intendunt
466 2899 507 2953 illi
531 2898 664 2964 doctrinae
685 2915 747 2969 quse
765 2898 918 2954 secundum
960 2914 1032 2962 mus,
1052 2917 1062 2947 ι
1080 2897 1214 2953 sedendi
1237 2897 1267 2952 in
1289 2898 1364 2953 bunc
1379 2898 1526 2961 mnndum,
1543 2901 1572 2955 in
1587 2900 1661 2957 hanc
1675 2901 1762 2959 vitam

121 2989 255 3059 pietatem
275 2992 326 3050 est,
340 2986 453 3040 evidens
467 2991 519 3048 est,
540 2987 672 3057 quoniam
689 2986 759 3040 nihil
778 2987 871 3040 sciunt
883 2987 919 3041 de
960 2985 1097 3050 venimus,
1111 2987 1146 3040 de
1156 2986 1212 3042 illis
1228 3002 1290 3057 qnae
1305 2986 1384 3043 nobis
1401 2987 1505 3044 adsunt
1517 2987 1643 3045 laborem
1657 3007 1763 3061 expen-

12 3114 16 3122 =
120 3077 176 3131 illis
192 3091 252 3147 qnae
268 3076 339 3129 sciro
353 3075 522 3133 ‹eonveniunt
538 3093 543 3128 :
561 3092 627 3145 orgo
646 3075 729 3129 innnc
744 3075 844 3128 decere
858 3049 1227 3147 pro-fiderebetathuasi
1234 3075 1269 3129 de
1275 3075 1763 3148 prop1iisp0strisqnaequidemnos

121 3166 247 3233 minuet,
264 3165 313 3233 ills
327 3164 561 3235 ignorantesque
575 3164 647 3233 scire
659 3164 836 3229 conveniunt.
848 3164 920 3223 Dein
962 3163 1073 3233 quando
1092 3164 1121 3219 in
1140 3164 1212 3221 hanc
1222 3164 1307 3220 sitan]
1319 3165 1495 3235 ingredimur
1505 3166 1673 3224 invenimus.
1690 3169 1764 3225 Nam

121 3271 191 3326 opus
205 3270 304 3308 eorum
316 3253 448 3308 incusans
463 3253 561 3322 adjicit
576 3271 581 3305 :
602 3274 612 3304 ι
630 3253 679 3308 sed
693 3253 830 3323 languens
846 3254 920 3307 circa
961 3257 990 3308 et
999 3252 1124 3309 laborem
1134 3253 1246 3323 proillis
1256 3254 1412 3324 expendere
1422 3271 1525 3311 nanum
1537 3256 1691 3313 admodum
1701 3274 1763 3325 esse

121 3342 289 3415 quaestiones
303 3348 332 3397 et
346 3341 494 3396 verborum
512 3342 586 3395 rixas
611 3342 739 3412 [pugnos]
757 3360 762 3394 :
781 3360 793 3391 ι
811 3342 877 3412 quin
891 3348 920 3396 ot
961 3341 1091 3407 ostendit,
1104 3342 1213 3397 dicens:
1228 3343 1762 3415 ‹quianeceuierreqnidpossumus»

120 3432 273 3505 plurimum
288 3432 435 3487 eveniebat
444 3448 492 3485 eos
501 3431 670 3502 quaestiones
680 3447 863 3500 commovere,
871 3431 919 3486 ille
960 3447 1021 3500 quae
1036 3431 1112 3485 enim
1127 3436 1170 3486 est
1184 3431 1292 3487 utilitas
1312 3431 1437 3487 laborem
1461 3435 1626 3503 expendere,
1644 3434 1694 3490 ubi
1710 3436 1763 3494 elsi

120 3521 313 3592 rationeque
336 3536 388 3575 sua
407 3525 532 3575 statuere
555 3519 713 3591 cupiebant.
733 3520 808 3574 Bene
823 3525 917 3575 antem
959 3518 1054 3574 omnia
1077 3519 1222 3590 acquirere
1237 3536 1396 3591 possumus,
1414 3522 1461 3577 hic
1485 3522 1532 3577 illa
1555 3523 1762 3595 relinquemus,

120 3611 214 3683 posuit
226 3611 406 3681 languescere
427 3626 484 3675 ees,
506 3610 672 3679 languorem
690 3608 758 3663 dicit
771 3609 919 3679 cegitatio·
960 3624 1021 3677 qua
1043 3609 1295 3679 congregavimus?
1313 3610 1381 3680 quid
1404 3628 1472 3680 ergo
1494 3612 1555 3667 lieri
1574 3612 1669 3675 debet,
1690 3631 1764 3684 quo-

120 3715 186 3754 nem
206 3716 316 3769 sonim,
330 3715 363 3753 ee
379 3698 453 3769 qued
473 3698 664 3768 relinquentes
684 3697 828 3768 pietatem,
846 3715 920 3769 quae·
959 3696 1035 3752 niam
1050 3697 1157 3767 etillnd
1171 3699 1362 3753 necessarium
1379 3706 1430 3762 cst,
1447 3707 1476 3756 et
1495 3701 1547 3754 hoc
1561 3702 1763 3772 superlluumi

120 3789 227 3855 stiones
249 3788 477 3843 inconvenientes
494 3786 705 3854 evolvebantur,
722 3792 751 3841 et
769 3787 919 3843 ostendens
961 3803 974 3836 ι
991 3786 1132 3842 Habentes
1145 3793 1239 3841 autem
1254 3787 1397 3851 alimenta,
1415 3793 1444 3843 et
1456 3788 1557 3859 quibus
1567 3792 1764 3863 legartionem

121 3878 254 3950 quonism
265 3882 295 3932 et
307 3876 363 3931 elia
373 3876 724 3933 multainhonestastudio
734 3875 919 3948 quaestionum
960 3876 1083 3929 contenti
1098 3892 1204 3929 sumus.
1225 3896 1235 3926 ι
1252 3876 1361 3930 Sufficit
1375 3877 1424 3930 illa
1439 3877 1617 3947 habereque
1633 3880 1764 3940 adesum

121 3966 354 4030 sdesscebantnr,
370 3965 488 4035 adjicit:
507 3965 572 4020 «Ex
588 3964 689 4035 quibus
704 3965 834 4019 oriuntur
847 3965 919 4019 invi-⁴
960 3962 1040 4017 nobis
1051 3965 1294 4029 suntnecessaria,
1312 3964 1355 4029 bis
1369 3965 1445 4023 enim
1464 3966 1591 4025 fruemur
1608 3968 1697 4025 solis:
1714 3986 1765 4025 ca·

122 4075 133 4106 ι
149 4056 213 4120 die,
223 4054 427 4119 contentiones,
439 4053 628 4124 blasphemia,
641 4053 813 4123 suspiciones
827 4054 916 4113 neela,
958 4057 1021 4108 tara
1035 4068 1100 4107 uero
1115 4051 1200 4110 etiam
1215 4052 1239 4106 si
1261 4052 1405 4108 cumulata
1423 4053 1528 4109 fuerint
1542 4054 1604 4113 aliis
1624 4056 1764 4127 relinqui-

122 4142 372 4198 «manicationes
393 4142 540 4196 bominum
561 4148 657 4196 mente
671 4148 876 4212 corruptorum,
891 4148 920 4197 et
960 4156 1023 4197 inus
1037 4141 1066 4195 in
1080 4141 1196 4197 munde.
1215 4161 1225 4191 ι
1242 4142 1384 4197 Habentes
1397 4148 1491 4197 autem
1506 4143 1643 4199 alimenta
1652 4151 1682 4201 et
1696 4162 1764 4218 epe-

122 4232 329 4304 «qnisesilate
342 4231 442 4302 privati
456 4236 532 4296 sunt,
545 4230 766 4285 existimantium
779 4236 919 4301 quaestum
960 4227 1082 4285 rinienta
1107 4229 1152 4293 his
1178 4229 1302 4285 contenti
1327 4246 1434 4289 sumus.
1459 4249 1470 4283 ι
1496 4230 1691 4300 Operimcnta,
1719 4235 1763 4293 in·

122 4338 212 4377 casse
235 4321 379 4394 pietatem.
399 4340 410 4373 ι
427 4319 592 4375 Efficiuntur
618 4319 683 4374 hino
710 4319 829 4385 invidiae,
847 4336 918 4374 uno·
960 4317 1069 4388 quiens,
1090 4334 1147 4374 nen
1168 4317 1344 4384 vestimenta,
1367 4319 1449 4375 utin
1473 4318 1642 4389 quibusdam
1666 4323 1763 4381 latinis

120 4427 232 4484 qnoque
259 4410 402 4465 insidente
424 4409 465 4464 illi
492 4408 540 4480 qni
567 4414 661 4480 petest
683 4408 807 4479 quelibet
831 4366 1165 4476 ratio-Dexemplaribus
1192 4422 1248 4461 nen
1267 4408 1379 4477 proprie
1402 4408 1570 4473 continetur,
1582 4409 1610 4465 id
1627 4416 1681 4473 est,
1700 4428 1763 4483 qna

120 4517 156 4556 ne
177 4501 207 4561 in
232 4501 361 4556 doctrina
384 4499 483 4566 sideri,
503 4497 569 4554 rixa
590 4498 677 4552 etiam
698 4498 827 4568 plurimae
853 4498 920 4569 quia
959 4511 1059 4565 cerpus
1079 4495 1208 4565 operiant
1225 4502 1346 4557 assitme,
1368 4512 1424 4555 nen
1447 4513 1508 4568 qnae
1528 4497 1649 4558 amictus
1669 4501 1763 4573 gloria

119 4592 274 4662 lequuntur
287 4607 321 4644 ex
336 4590 381 4645 his
395 4606 457 4660 qua
474 4588 551 4659 loqui
566 4604 622 4642 nen
635 4587 813 4654 conveniunt,
834 4589 920 4642 maxi-
959 4583 1149 4641 blandiantur.
1170 4585 1351 4656 Superllnurn
1366 4586 1444 4642 enim
1459 4593 1510 4653 est,
1527 4587 1630 4658 inquit,
1647 4591 1763 4662 eosqui

28 4702 31 4707 ·
119 4696 166 4735 me
191 4694 257 4733 eum
286 4686 315 4739 et
336 4679 377 4733 illi
406 4679 454 4748 qni
484 4677 565 4734 nobis
588 4694 645 4732 non
667 4682 734 4732 sunt
757 4693 920 4746 communes
960 4673 1031 4731 nihil
1045 4673 1191 4731 intulimus
1204 4674 1295 4731 multa
1307 4675 1377 4732 velle
1397 4676 1571 4746 conquirere,
1588 4682 1621 4735 nt
1635 4677 1704 4749 bipc
1721 4679 1762 4737 ei·

118 4768 148 4821 in
163 4767 218 4821 sida
234 4765 431 4835 blasphemant
445 4783 506 4830 nes,
522 4773 551 4821 at
563 4766 853 4837 inquiruntedversus
869 4782 920 4820 nes
961 4762 1093 4821 ieramus.
1110 4763 1216 4821 Deinde
1241 4763 1391 4821 ostendens
1411 4765 1649 4835 quemadmodum
1663 4769 1765 4827 nemra

119 4871 219 4910 causas
241 4854 331 4908 otiose
354 4855 514 4919 existentes,
535 4857 621 4926 litque
641 4862 669 4911 et
691 4856 743 4910 hoc
762 4855 920 4915 necessarie
961 4852 999 4905 sit
1019 4852 1180 4923 hujusmodi
1203 4852 1361 4912 sollicitudo
1395 4853 1421 4907 ei
1449 4854 1496 4923 qni
1522 4854 1622 4925 pietati
1645 4857 1764 4916 sineere

119 4949 153 5000 ut
168 4944 273 5010 mamm
294 4940 417 4997 habeant
429 4943 464 4997 de
484 4943 564 4999 nobis
582 4943 781 5015 suspicionem,
799 4943 919 4998 maxime
960 4941 1046 5012 cupit,
1066 4940 1172 5010 adjicit,
1191 4961 1202 4993 ι
1219 4942 1292 4998 Nam
1315 4941 1363 5012 qui
1388 4942 1484 4999 velunt
1505 4942 1606 5002 divites
1631 4944 1707 5013 fieri,
1723 4947 1767 5007 in·

119 5034 149 5095 hi
171 5033 220 5104 qui
242 5031 298 5087 ilde
320 5029 400 5085 nobis
413 5031 507 5087 <exteri
520 5040 596 5098 sunt,
611 5033 674 5087 illos
697 5049 763 5090 uero
786 5032 916 5102 diligunt,
962 5029 1088 5088 «omum
1112 5029 1140 5088 in
1165 5030 1349 5098 tentationem
1375 5038 1402 5085 et
1430 5033 1563 5101 laqueum
1590 5032 1708 5099 diaboli,
1735 5042 1766 5098 et

119 5122 250 5177 oblectati
266 5120 359 5176 uerbis
382 5134 572 5190 eorumquos
588 5126 617 5175 et
634 5121 740 5179 imitari
755 5127 917 5192 properant,
963 5118 1129 5175 «desideria
1147 5114 1246 5183 multe,
1275 5119 1397 5183 inutilia,
1413 5127 1441 5174 ct
1464 5121 1570 5186 nociva,
1595 5138 1658 5195 qnae
1685 5140 1766 5181 mar·

118 5211 168 5264 ills
194 5216 319 5280 mentm,
348 5225 410 5281 que
438 5206 473 5261 ab
499 5207 555 5263 illis
580 5209 641 5264 lieri
670 5210 808 5275 videntur,
831 5209 921 5265 honri·
963 5213 1062 5277 «gum
1075 5208 1202 5275 homines
1216 5209 1246 5262 in
1257 5209 1403 5265 interitum
1419 5215 1447 5263 ot
1458 5210 1656 5280 perditionem.
1677 5213 1765 5269 »Ne-

118 5313 169 5353 nes
192 5298 317 5368 corrupti
341 5301 450 5363 mente,
477 5295 534 5350 ulle
557 5296 683 5353 veritatis
707 5297 842 5355 babentes
870 5314 919 5353 cn-
961 5312 1037 5355 cesse
1052 5303 1095 5355 est
1112 5313 1177 5351 cum
1197 5297 1244 5368 qui
1266 5298 1343 5368 cupit
1360 5297 1470 5355 divitias
1487 5299 1644 5369 acquirere,
1663 5303 1767 5363 inultis

118 5386 275 5459 pinnam,
294 5386 343 5456 qui
355 5392 384 5440 et
394 5385 489 5441 emnia
500 5384 570 5440 lucri
585 5400 670 5441 causa
680 5387 772 5443 facere
786 5386 917 5455 adnitun-
956 5385 1095 5456 implicari
1109 5386 1344 5449 tribulationibus,
1366 5388 1455 5449 inulta
1473 5404 1537 5443 euni
1551 5389 1696 5445 sustinere
1717 5409 1768 5463 pe-

118 5483 176 5532 tur.
192 5474 336 5538 ίὶιιειιιιιιι
356 5474 409 5529 sibi
433 5475 566 5546 pietatem
585 5490 646 5529 esse
664 5477 856 5534 existimantes
874 5476 917 5543 ‚in-
957 5475 1093 5535 riculaet
1105 5475 1139 5529 ad
1151 5475 1291 5535 desideria
1301 5492 1483 5548 prerumpere
1495 5477 1602 5557 nociva,
1620 5481 1763 5549 etstnlts,

116 5565 276 5630 mmmm,
291 5576 326 5617 ex
344 5578 400 5635 qno
419 5568 451 5619 et
466 5564 525 5631 elis
546 5562 670 5635 plurima
691 5565 917 5637 admsoebantnr
957 5563 1113 5635 exquibus
1135 5563 1257 5623 mnne
1290 5581 1393 5634 augere
1421 5566 1524 5639 solent,
1553 5571 1582 5625 ot
1610 5566 1766 5645 abendam
