3772 6120
54 334 132 393 lm
783 331 977 394 Dimisi.
1630 338 1703 402 1le

53 459 181 532 gratim
195 460 342 532 pervenire
366 474 423 515 non
441 460 593 532 patuerint,
609 462 726 516 tertium
746 477 813 518 saro
826 464 892 527 fl-,a
903 463 995 535 qualis
1008 468 1136 537 tempore
1150 465 1334 538 penitudinis
1346 465 1496 520 exstiterit.
1512 464 1548 520 lit
1560 462 1603 519 ita
1619 466 1703 521 miss·

57 550 128 605 lium
142 550 184 604 ita
199 550 357 604 debilitavit
370 556 403 604 ut
420 555 484 621 post
498 556 612 621 partum
626 567 691 604 uim
706 550 864 623 baptizatus
904 554 1054 608 ricordiam
1071 562 1289 625 consequantur.
1301 554 1380 619 Quod
1399 554 1422 607 si
1435 554 1704 624 inexplebiliterhss·

55 639 146 694 simui
160 639 450 710 finieritUbiliquido
462 646 540 710 patet
549 639 623 711 quod
639 646 755 711 propter
764 641 864 696 immo·
903 658 966 696 sere
979 642 1153 707 criminibus,
1162 644 1197 698 ad
1213 644 1351 714 agendam
1362 643 1556 713 poenitentiam
1567 644 1703 715 prolixius

55 728 188 784 deretani
202 729 409 800 correptionem
428 728 458 784 in
471 729 576 784 crimen
597 729 699 783 cecidit
709 729 860 800 parricidii.
903 736 1016 803 tempus
1028 732 1184 787 insumant.
1201 733 1346 803 Quotquot
1366 736 1462 812 putem
1483 732 1589 804 peracti
1604 733 1704 804 viginti

55 818 131 882 Quid
151 824 248 874 autem
262 819 298 872 de
322 817 474 872 homicidio
494 818 565 872 sacri
589 834 712 873 canones
735 820 864 877 sancient
903 836 1042 876 ennomm
1064 827 1156 883 etate,
1180 828 1209 877 et
1230 838 1330 876 uxores
1355 820 1500 888 habentes,
1521 822 1574 876 boc
1588 828 1703 893 peccate

56 907 109 961 tibi
124 923 183 961 nun
195 907 326 978 ignotum
338 911 390 972 est,
407 921 472 959 cum
487 906 517 960 iu
531 908 681 978 ancyrano
695 908 812 962 concilio
822 908 863 963 ita
903 910 1025 981 prolapsi
1039 918 1113 976 sunt,
1131 911 1230 982 viginti
1246 913 1370 983 quinque
1392 910 1474 964 annis
1499 911 1702 982 paenitudinem

56 996 198 1067 scriptum
212 1001 274 1050 est:
293 994 347 1059 Qui
362 995 518 1049 voluntaris
539 995 720 1051 homicidium
735 996 860 1062 iecerint,
901 1005 1042 1068 gerentes,
1055 1000 1084 1054 in
1093 1001 1319 1055 communionem
1329 1000 1701 1071 suscipianturorationum3

57 1084 234 1156 paenitentiae
246 1083 361 1155 quidem
370 1084 478 1154 jugiter
491 1101 521 1138 se
535 1083 863 1157 submittam,perfectio
904 1087 932 1141 in
942 1088 1198 1160 quaquinquennio
1208 1090 1403 1161 perdurantes,
1413 1095 1481 1144 tunc
1499 1089 1613 1144 demum
1626 1088 1703 1144 obla·

57 1190 125 1229 nem
141 1190 206 1228 seru
220 1189 295 1228 circa
308 1173 371 1228 vim
395 1173 500 1228 exitum
522 1181 739 1245 consequantur.
756 1176 796 1229 De
809 1176 861 1230 bo·
903 1176 988 1231 donis
1002 1184 1180 1232 sacramenia
1191 1179 1356 1250 percipiant.
1369 1179 1449 1243 Quod
1464 1177 1546 1249 siqui
1560 1184 1589 1233 et
1603 1193 1703 1234 uxores

57 1263 182 1318 micidiis
192 1279 249 1318 nou
263 1268 362 1333 sponte
376 1263 540 1328 commissis,
562 1263 639 1334 prior
653 1264 767 1335 quidem
790 1264 859 1319 detl-
902 1264 1037 1320 babentes
1047 1267 1312 1322 sttranscsndentes
1322 1267 1586 1339 quinquagesimum
1596 1283 1703 1322 anuum

57 1352 132 1407 nitio
159 1358 223 1423 post
244 1358 410 1423 septennem
436 1351 632 1423 poenitentiam
662 1353 861 1424 perfectionem
901 1354 1001 1419 aetatis,
1017 1355 1058 1409 ita
1067 1355 1247 1426 deliquerint,
1259 1357 1294 1410 sd
1305 1356 1411 1411 exitum
1422 1357 1485 1411 vitae
1496 1355 1704 1411 communionis

57 1441 194 1512 consequi
208 1441 350 1512 praecepit,
365 1442 489 1496 mcunds
510 1458 576 1496 vero
590 1442 775 1514 quinquennii
790 1448 861 1497 tem-
900 1443 1021 1513 gratiam
1036 1449 1253 1514 consequantur.

57 1546 113 1602 pus
126 1531 248 1601 explere.
262 1528 313 1584 Ubi
328 1530 413 1584 etiam
434 1531 636 1585 coiisideranda
656 1537 700 1586 cst
710 1532 860 1586 inlinuitss
935 1531 962 1585 l.
974 1532 1015 1586 De
1024 1531 1118 1586 vitulis
1132 1549 1244 1603 quoque
1255 1532 1303 1603 qui
1318 1549 1335 1585 a
1349 1532 1439 1586 vaccis
1451 1532 1508 1586 illis
1522 1532 1635 1603 pollutis
1644 1532 1704 1587 nati

56 1635 187 1690 persone
198 1618 361 1689 poenitentis
375 1624 404 1672 et
423 1619 523 1673 modus
537 1621 719 1690 peanitentiae.
737 1621 790 1686 Qui
804 1622 860 1675 ser·
900 1625 968 1674 sunt
979 1621 1072 1675 nescio
1086 1622 1153 1692 quid
1167 1621 1241 1675 obsit
1254 1638 1290 1675 ne
1300 1621 1640 1675 eornmususbominibus
1652 1622 1703 1675 de-

56 1708 122 1762 ride
137 1708 332 1778 poenitentiam
347 1708 382 1761 dc
397 1709 519 1779 peccatis
541 1709 600 1763 suis
622 1711 704 1780 gerit,
720 1710 803 1765 citius
814 1710 861 1764 in·
901 1709 1013 1763 serviat.
1032 1709 1087 1764 Sed
1111 1710 1135 1763 si
1163 1711 1327 1781 scrupulum
1341 1714 1385 1764 est
1399 1709 1482 1764 alicui
1496 1715 1590 1763 utrum
1606 1725 1704 1764 eorum

57 1796 233 1867 dulgentiam
249 1813 299 1867 per
309 1797 421 1851 Domini
436 1798 657 1853 misericordiam
671 1798 817 1854 obtinebit.
870 1788 947 1852 Blsc
960 1802 1010 1853 sut
1022 1814 1121 1853 carnes
1131 1798 1240 1854 conradi
1263 1799 1379 1869 possint,
1400 1803 1429 1852 et
1443 1803 1560 1869 propter
1571 1797 1704 1870 pollutio·

94 1885 121 1943 2.
139 1885 268 1941 Secunda
282 1886 399 1957 quaestio
414 1893 457 1940 est
470 1887 505 1942 de
524 1904 557 1942 eo
573 1904 657 1959 quem
671 1889 748 1943 canis
766 1888 862 1943 furens
902 1904 969 1942 uem
983 1888 1082 1957 matris
1093 1903 1190 1942 eorum
1200 1887 1364 1941 scandalum
1374 1886 1487 1957 aliquod
1497 1887 1705 1953 oriatur‚simul

59 1975 277 2046 momuiupede
288 1975 429 2041 laceravit,
441 1975 476 2030 ob
494 1977 575 2048 cujus
583 1977 739 2032 remedium
747 1977 864 2050 quidam
903 1993 968 2031 cum
992 1982 1083 2032 matre
1109 1977 1279 2042 occidantur,
1297 1975 1339 2030 rel
1353 1976 1471 2047 paganis
1486 1975 1653 2042 vendantur,
1669 1991 1705 2031 ne

59 2064 87 2119 ei
103 2064 241 2118 nescienti
255 2064 395 2120 dederunt
406 2066 488 2136 jecur
500 2066 627 2137 ejusdem
642 2065 719 2122 canis
733 2067 769 2121 ad
784 2082 863 2121 man·
902 2064 1087 2136 turpitudinis
1101 2064 1198 2136 priscas
1212 2065 1349 2119 memoria
1366 2063 1531 2118 scandalum
1554 2065 1614 2121 flat.
1628 2064 1704 2119 Dicit

59 2152 231 2219 ducendum,
248 2155 328 2226 quasi
348 2171 434 2209 sanus
460 2155 525 2209 inde
549 2156 610 2210 sseri
624 2161 727 2228 posset,
751 2155 798 2211 ubi
812 2156 863 2210 hu·
905 2155 979 2209 enim
989 2155 1154 2226 Apostolus:
1168 2154 1198 2208 Si
1205 2170 1268 2208 esca
1278 2153 1448 2208 scandalizat
1464 2152 1580 2207 fratrem
1595 2169 1702 2220 meum,

17 2291 25 2305 ,
59 2257 163 2297 manus
179 2258 259 2297 error
282 2243 376 2298 delicti
400 2260 502 2298 noxam
526 2244 636 2316 peperit
657 2245 686 2298 in
700 2244 744 2299 his
757 2244 804 2315 qui
817 2261 863 2299 vc-
903 2261 959 2299 ncn
974 2243 1149 2299 mauducsbo
1162 2243 1192 2297 in
1203 2249 1350 2298 [eternum.
1363 2242 1393 2297 Si
1401 2241 1477 2296 enim
1486 2247 1602 2313 propter
1611 2241 1705 2297 cibum

60 2331 152 2386 lentm
180 2347 281 2386 sanum
309 2332 425 2399 mederi,
440 2333 498 2386 vim
520 2333 664 2387 medicina.
691 2332 862 2389 nescierunt.
903 2331 1335 2400 imminuamus-ismenem
1350 2329 1705 2385 nonsecundumchsrita·

61 2420 136 2475 Sunt
147 2436 215 2492 ergo
228 2421 392 2492 hujusmodi
406 2420 441 2475 ab
456 2422 618 2476 hocerrore
642 2421 810 2492 corrigendi,
827 2437 864 2477 ne
904 2426 960 2476 tem
976 2421 1113 2475 ambulas.
1128 2419 1192 2476 Noli
1211 2419 1272 2474 cibo
1287 2426 1336 2474 tuo
1360 2419 1441 2474 illum
1457 2419 1574 2491 perdere
1588 2434 1639 2491 pro
1649 2434 1708 2490 qus

60 2509 138 2564 ultra
148 2509 206 2564 tale
220 2509 329 2565 facinus
338 2515 510 2582 perpetrent,
520 2516 550 2565 et
559 2527 609 2581 pro
622 2509 696 2565 sacto
705 2510 780 2581 quod
789 2526 864 2565 com·
904 2510 1033 2565 Christus
1054 2514 1181 2565 mortuus
1190 2514 1241 2564 est.
1254 2509 1318 2562 Noli
1328 2513 1444 2581 propter
1452 2524 1545 2563 escam
1559 2507 1706 2562 destruere

61 2597 202 2655 miseruut
215 2598 311 2669 aliqua
329 2599 477 2670 disciplina
489 2599 533 2654 vel
553 2599 662 2670 jejunio
683 2598 862 2670 corripiendi,
904 2614 975 2669 opus
989 2598 1050 2653 Dei.
1061 2598 1165 2653 Omnia
1177 2598 1284 2652 munda
1306 2602 1382 2652 sunt.
1405 2597 1460 2652 Sed
1478 2597 1585 2652 malum
1600 2601 1644 2652 cst
1656 2595 1706 2651 bo·

61 2687 198 2742 utcoeteri
206 2687 692 2759 memmhabentestalesceluspost
708 2689 768 2743 hec
786 2704 864 2742 com-
904 2686 973 2741 mini
984 2687 1032 2758 qui
1043 2687 1284 2758 peroffeusionem
1294 2686 1454 2741 manducat.

61 2775 177 2830 mittere
185 2791 242 2831 non
259 2782 439 2848 presumant.
940 2774 967 2832 5.
978 2775 1058 2839 Quod
1073 2781 1168 2830 autem
1184 2775 1333 2830 novissime
1348 2774 1529 2846 interrogasti
1544 2774 1579 2829 de
1593 2774 1641 2829 illo
1656 2772 1705 2847 qui

101 2862 128 2922 3.
142 2863 238 2920 Tertia
253 2865 371 2936 quaestio
386 2865 421 2920 de
436 2864 531 2922 soluit
540 2865 588 2938 qui
597 2866 660 2922 cani
670 2864 782 2922 semine
795 2866 864 2921 irra-
904 2865 1072 2920 avunculum
1082 2881 1165 2920 suum
1176 2864 1274 2920 nolens
1289 2864 1348 2918 sive
1368 2863 1463 2918 rolens
1482 2862 1625 2931 interficit,
1637 2858 1708 2934 quid

63 2952 239 3009 mnsbditer
253 2971 284 3008 se
306 2954 419 3009 miscuit
431 2973 438 3021 ;
454 2961 483 3009 et
496 2960 598 3025 quarta
615 2955 651 3009 de
675 2955 723 3010 illo
737 2956 864 3027 quicum
905 2953 966 3025 pati
977 2952 1087 3020 debeat,
1098 2955 1159 3024 jam
1168 2953 1298 3024 superius
1309 2953 1343 3007 de
1358 2951 1509 3007 homicidio
1520 2951 1705 3007 satisdictum

64 3043 155 3097 sucis
182 3044 285 3115 saepius
311 3043 465 3098 fornicatus
490 3050 542 3098 est.
557 3044 631 3108 Quid
650 3044 685 3098 de
703 3045 866 3115 hujusmodi
906 3044 1039 3114 estjuma
1047 3043 1075 3098 id
1086 3043 1160 3114 quod
1179 3043 1252 3096 sacri
1268 3057 1390 3097 canones
1403 3040 1630 3119 continentISed
1645 3055 1704 3095 ma·

62 3130 225 3187 bominibus
236 3131 420 3204 judicandum
428 3132 474 3201 sit,
485 3137 514 3187 ct
523 3132 557 3188 de
567 3133 729 3205 hujusmodi
734 3134 865 3189 animan·
905 3131 1037 3188 nitestum
1049 3137 1091 3186 est
1103 3132 1177 3203 quod
1185 3131 1329 3202 parricidii
1353 3131 1460 3185 crimen
1473 3129 1574 3201 majori
1589 3127 1705 3200 subjici·

60 3219 139 3275 tibus
152 3226 182 3277 et
195 3226 278 3292 partu
293 3238 390 3277 earum
404 3221 571 3277 laciendum.
587 3222 641 3278 Ubi
656 3222 800 3278 dementia
814 3223 866 3278 hu·
904 3227 953 3277 tur
962 3220 1283 3277 vindictanndesancti
1293 3221 1392 3275 Patres
1401 3217 1705 3289 senseruntquodper-

61 3325 154 3365 mann
168 3310 272 3364 mentis
292 3317 321 3365 et
333 3311 448 3365 miseris
467 3317 545 3382 patet
560 3311 700 3379 maxime;
716 3328 805 3383 eoque
819 3313 865 3367 de-
905 3310 998 3366 ricidas
1011 3312 1184 3382 deponentes
1203 3309 1309 3365 militie
1324 3309 1478 3379 cingulum,
1490 3306 1706 3376 omnitempore

61 3397 222 3453 testabilius
234 3403 278 3454 est
291 3399 360 3454 illud
374 3400 477 3455 iactum
492 3401 647 3472 quoscelus
659 3401 689 3455 in
704 3418 737 3456 eo
748 3406 865 3473 apparet
904 3399 968 3454 vitre
981 3415 1039 3453 sun
1052 3399 1081 3452 in
1096 3397 1262 3469 paenitentia
1270 3396 1434 3468 persistent,
1450 3395 1509 3450 sive
1521 3394 1552 3449 iu
1565 3397 1707 3447 monaste·

63 3487 228 3553 mansuum,
245 3504 309 3542 oum
325 3488 430 3543 animal
454 3489 591 3544 rationale
614 3494 712 3544 contra
733 3496 864 3544 naturam
905 3487 948 3542 rio
962 3488 1020 3541 Deo
1034 3487 1167 3541 serviant.

63 3575 250 3632 irmtionabili
265 3594 316 3648 per
329 3577 474 3633 libidinem
488 3595 518 3633 se
531 3579 695 3634 cornmiscet
714 3577 862 3633 animanti.
940 3575 1005 3630 Haec
1019 3591 1087 3645 ergo
1103 3573 1198 3629 omnia
1208 3572 1362 3627 secundum
1377 3571 1406 3627 id
1419 3570 1493 3643 quod
1507 3570 1537 3625 iu
1552 3568 1705 3641 Scriptum

62 3664 97 3721 In
112 3665 188 3736 Lege
206 3681 273 3736 crgo
287 3666 426 3721 Dominus
441 3668 497 3721 tale
519 3668 625 3722 crimen
643 3666 750 3738 judicio
764 3667 864 3723 mortis
904 3664 992 3720 sacris
1006 3664 1049 3718 vel
1065 3662 1095 3717 in
1116 3660 1271 3717 canonibus
1285 3662 1403 3715 Petrum
1418 3675 1580 3731 expressum
1600 3658 1707 3714 inveni·

62 3753 240 3824 puniendum
255 3771 317 3809 esse
330 3754 462 3811 decrevit.
483 3756 525 3810 ita
541 3756 655 3811 dicens:
673 3755 807 3820 Quicum
819 3757 865 3825 ju-
905 3770 978 3818 mus,
989 3751 1201 3823 concripsimus.
1216 3751 1258 3806 'lu
1273 3756 1379 3814 autem,
1401 3749 1586 3815 sanctissime,
1603 3764 1706 3804 secun·

62 3848 161 3898 mento
190 3847 220 3897 ct
242 3859 342 3914 pecore
369 3844 477 3911 coierit,
494 3850 585 3899 morte
612 3845 758 3900 moriatur.
775 3845 865 3900 Pecus
905 3843 973 3897 dum
990 3841 1020 3897 id
1034 3839 1377 3914 qnodvideasunicuique
1393 3837 1532 3911 expedire,
1546 3837 1707 3910 datemps·

63 3947 177 4003 quoque
192 3931 318 3987 occidite.
339 3932 442 3988 Mulier
468 3950 529 4006 quer
557 3933 739 3990 subcubuerit
751 3934 865 3989 cuilibet
905 3948 950 3986 res
974 3930 1124 4002 iudicium,
1144 3927 1342 3984 discretionem
1368 3928 1398 3983 in
1423 3927 1552 3983 omuibus
1579 3941 1703 3995 servans,

58 4021 202 4090 jumento,
218 4021 303 4077 simul
312 4021 569 4078 interficiaturcum
583 4039 625 4079 eo.
637 4023 758 4094 Sanguis
765 4039 865 4079 eorum
905 4021 971 4092 quia
985 4020 1117 4076 discretio
1132 4024 1224 4075 meter
1252 4023 1296 4072 est
1316 4017 1442 4072 omnium
1458 4015 1605 4071 virtutum.
1622 4013 1707 4071 Dedit

61 4109 101 4164 sit
116 4125 202 4180 super
216 4125 273 4164 eos.
290 4111 345 4165 Sed
359 4111 383 4164 si
398 4110 499 4182 aliquis
513 4112 696 4182 quaerendum
705 4117 787 4184 putat
797 4128 865 4184 quon
905 4109 981 4164 enim
991 4109 1043 4163 tibi
1054 4108 1191 4164 Dominus
1201 4107 1230 4162 in
1242 4106 1373 4161 omnibus
1387 4105 1571 4171 intellectum,
1580 4103 1708 4176 quibens

62 4198 148 4253 modo
162 4199 199 4253 sit
213 4214 292 4253 reum
302 4216 397 4271 pecus,
414 4216 478 4255 curn
498 4199 536 4255 sit
553 4201 717 4256 irrationale
740 4216 792 4257 nec
806 4202 864 4257 ullo
873 4176 1026 4254 Bemmari
1039 4204 1068 4253 et
1089 4212 1204 4270 gregem
1228 4210 1311 4251 suum
1325 4196 1475 4267 diligenter
1488 4193 1659 4251 custodienti
1671 4200 1708 4246 st»

62 4287 147 4342 modo
157 4287 228 4359 legis
235 4305 332 4360 capax,
340 4288 482 4360 intelligat
494 4288 560 4344 iude
574 4307 676 4362 pecora
685 4293 766 4363 jussa
774 4292 864 4347 inter-
904 4294 1017 4343 ternum
1031 4304 1097 4342 cum
1110 4285 1214 4342 sanctis
1224 4285 1383 4359 pastoribus
1396 4285 1426 4339 in
1441 4283 1546 4339 coelesti
1557 4297 1645 4354 reguo
1659 4281 1707 4337 ds·

63 4376 120 4442 dci,
136 4376 267 4447 quistali
281 4377 388 4448 ilagitio
402 4378 595 4435 contaminata
613 4380 759 4450 indignam
781 4380 865 4452 repli-
904 4382 985 4432 turus
997 4382 1041 4431 est
1053 4376 1210 4447 premium.
1734 4383 1736 4387 ’

63 4470 130 4519 cant
143 4464 210 4519 iacti
223 4466 399 4533 memoriam,
411 4483 502 4537 neque
515 4468 641 4525 humano
655 4469 719 4524 usui
740 4474 807 4524 sunt
819 4469 864 4524 di·
1192 4497 1367 4556 EPISTOLA
1385 4498 1421 4555 Π,

60 4570 120 4625 gna
133 4553 181 4608 ubi
203 4553 375 4610 abominatio
400 4557 490 4611 claret
512 4557 644 4613 maxima.
673 4558 751 4612 Sacri
770 4563 866 4614 autem

61 4658 185 4698 canones
197 4642 232 4698 dc
248 4643 289 4699 cis
315 4644 363 4716 qui
391 4645 567 4702 tornicantur
579 4646 820 4714 irrationabiliter,
836 4637 867 4702 id

63 4738 117 4799 est,
147 4732 364 4789 commiscentur
381 4734 543 4807 pecoribus,
572 4741 623 4793 aut
649 4752 713 4791 cum
732 4735 866 4791 masculis

61 4819 238 4890 pcDuuutur,
252 4820 294 4875 ita
307 4822 483 4894 praccipiimt,
499 4829 532 4878 ut
554 4829 694 4896 quotquot
717 4830 783 4880 ants
796 4824 868 4879 vicc-
1182 4811 1357 4868 EPISTOLA
1372 4811 1421 4867 ῙῙῙ·

62 4923 168 4964 amum
181 4924 288 4964 aunum
301 4910 358 4965 talc
373 4911 480 4967 crimen
493 4913 694 4981 commiserint,
706 4913 867 4985 quindecim
1065 4918 1102 4957 ΑΒ
1116 4916 1216 4957 mm
1229 4915 1399 4956 Pllfflffilieffl
1413 4914 1548 4957 tlflffll·

61 4997 146 5052 annis
156 4998 260 5054 exactis
269 4998 299 5055 in
314 5000 480 5072 poenioenfia
495 5003 721 5058 communionem
735 5019 865 5059 memn-
943 4993 978 5046 lle
991 5006 1101 5062 corpore
1114 4995 1140 5045 ct
1151 4992 1288 5059 sanquine
1296 4991 1410 5044 Donnini
1418 4990 1550 5044 adversm
1560 4989 1670 5057 ltctper-

977 4607 1013 4645 sn
1027 4605 1202 4645 rmmuauuuu
1217 4604 1363 4645 nriscoruu
1376 4598 1638 4643 smissmnousnssu

907 4697 984 4761 (Vide
1007 4698 1149 4766 epistolam
1163 4697 1352 4751 Pcattentictt
1376 4696 1485 4751 dabant
1507 4697 1704 4764 premissam.)

63 5087 299 5156 turorationum3
316 5089 418 5146 deinde
432 5091 625 5163 quinquennio
638 5092 866 5148 inhaccommu·
1263 5065 1355 5115 lum*

63 5176 150 5231 nicae
160 5177 355 5248 perdurantes,
371 5184 439 5236 tunc
462 5181 576 5235 demum
604 5180 753 5236 oblationis
776 5197 867 5236 sacra-
1025 5166 1137 5230 (Mille
1148 5167 1207 5217 Ael-
1224 5165 1268 5217 SS·
1284 5167 1335 5215 ⁰¹¹¹·
1352 5165 1377 5215 S·
1391 5164 1487 5222 mad,
1499 5168 1517 5213 l·
1531 5162 1592 5226 Vl}

63 5271 163 5321 menta
175 5268 351 5339 contingant.
361 5268 535 5324 Discutiatur
547 5275 643 5325 autem
653 5276 682 5325 et
692 5269 747 5325 vita
757 5286 864 5338 eorum,
944 5267 968 5322 l.
985 5264 1065 5332 Quod
1081 5282 1181 5337 corpus
1195 5269 1224 5319 et
1236 5256 1351 5334 sanguis
1364 5260 1476 5317 Domini
1498 5275 1565 5316 vera
1581 5261 1618 5316 sit
1631 5276 1706 5330 caro,

101 5408 868 5485 ¹Quebicediturscriptiodeliucharistiaerutaestex
908 5407 1564 5479 PaschasiusRadbertusdcccmorcetscnqulne
1575 5406 1707 5461 Domini:

65 5496 120 5535 ms.
133 5480 228 5537 codice
254 5483 457 5551 Gemblacensi,
471 5485 500 5540 in
516 5503 571 5557 quo
585 5502 650 5541 cum
664 5486 727 5541 aliis
742 5487 868 5541 e'usdem
908 5486 974 5540 dein
984 5485 1094 5538 libellus
1104 5499 1153 5537 seu
1163 5482 1282 5554 epistola
1291 5482 1434 5550 cujusdam
1447 5478 1575 5551 ejusdem
1592 5477 1667 5532 tituli
1680 5483 1709 5532 et

65 5553 180 5678 {pneris
194 5553 363 5611 continetur.
376 5557 504 5612 Occurrit
518 5559 608 5629 primo
621 5556 693 5613 libro
704 5504 870 5613 Ambrosius
910 5554 1224 5630 argumenti,incipieus
1234 5553 1269 5608 ab
1279 5552 1322 5606 his
1335 5550 1436 5617 verbis,
1449 5552 1588 5632 latitantes
1602 5554 1708 5603 scanten-

115 5628 255 5694 amsteriis
270 5633 294 5682 ct
308 5630 339 5682 dc
354 5635 626 5686 sacramentonum
641 5630 807 5705 poetaliqus
816 5629 872 5685 alia
913 5632 984 5685 tiam
994 5629 1125 5700 Apostoli,
1141 5630 1207 5693 etc,
1222 5624 1314 5683 editus
1332 5623 1366 5681 in·
1380 5621 1522 5697 Spicilegir
1544 5627 1626 5677 tomo·
1639 5618 1707 5688 xil,
