3772 6120
99 318 154 375 soa
319 315 608 373 trausiricam
627 314 666 370 nv
686 314 762 368 arr.
783 313 890 369 raum
914 314 982 372 irs.
1003 314 1079 369 xviv.
1095 344 1127 354 -
1142 315 1181 369 m
1201 280 1310 371 erisr.
1332 319 1525 376 rinocore
1692 322 1746 382 aio

95 443 274 496 abundantia
283 447 376 496 uestras
394 444 492 510 inopis
505 443 541 494 sit
551 443 780 508 sripiplementam,
790 447 821 493 ut
830 440 1000 501 vide-Ater.
1014 440 1156 511 Quidquid
1166 457 1233 511 ergo
1243 459 1361 514 corpora
1371 452 1470 499 nostra
1479 446 1629 501 defendere
1640 454 1742 519 potest,

95 530 386 602 licet,sicutsuperius
394 531 560 594 dictumest,
569 527 686 582 sollicite
697 529 903 599 perpendamus
946 534 975 581 et
983 529 1113 583 hunmnee
1123 547 1287 585 succurrere
1300 531 1496 599 imbecillitati,
1508 551 1578 606 quos
1588 537 1678 592 nudos
1692 553 1744 593 us·

95 620 164 689 quia
176 626 207 674 et
218 636 276 685 eos,
294 636 364 691 quos
378 635 452 673 nunc
460 619 557 689 inopes
567 617 717 681 cernimus,
727 617 902 672 abundantes
945 624 1009 671 tura
1024 618 1157 688 proludit,
1175 619 1226 672 hoc
1250 636 1307 674 una
1331 623 1498 694 appellanda
1520 628 1563 678 est
1586 625 1699 694 binius,
1716 632 1746 683 st

95 708 269 778 quandoque
279 707 446 769 videbimus,
459 713 488 761 et
498 706 546 778 qui
557 705 732 760 abundantes
739 705 900 776 aspicimur,
945 705 1081 776 quidquid
1096 706 1125 760 in
1136 708 1319 778 presentibus
1329 709 1471 765 alimentis
1486 713 1676 769 necessarium
1689 720 1741 780 est,

93 797 194 866 largiri
204 797 386 867 negligimus,
398 794 901 867 quaudoqueinopeserimus.Beatus
944 795 996 848 lmc
1015 795 1099 848 unius
1111 795 1166 848 diei
1181 797 1271 850 vietus
1285 798 1453 869 appellatur.
1473 800 1553 855 Unde
1572 807 1743 875 preceptum

94 885 184 953 igitur
197 884 260 949 Job,
269 890 302 940 ut
315 885 466 954 diligenter
478 884 648 947 ostenderet,
657 882 802 936 humilitas
816 889 901 954 atque
941 890 983 938 est
997 902 1002 935 :
1024 885 1063 938 Ne
1078 888 1198 952 capitatis
1221 887 1510 959 recrastinandum.
1529 893 1568 959 v),
1585 890 1638 945 hoc
1651 896 1694 947 est
1708 893 1744 947 dc

94 974 300 1037 misericordia,
317 978 424 1045 quanta
437 973 466 1027 in
481 989 546 1028 eum
560 972 666 1026 fuerint
677 971 900 1026 consideratione
941 972 1036 1026 tuturo
1050 979 1184 1043 tempore,
1203 978 1231 1027 et
1247 975 1416 1045 Apostolus:
1432 978 1575 1045 Habentes,
1587 979 1688 1050 inquit,
1699 984 1743 1036 oi·

92 1063 211 1127 sociata,
228 1063 285 1117 ait:
302 1063 335 1118 Si
352 1064 461 1130 uesperi
472 1067 692 1130 pretereuntem,
709 1078 738 1114 eo
755 1063 828 1129 quod
842 1076 897 1115 non
941 1067 1016 1115 etum
1031 1066 1055 1115 et
1070 1065 1336 1127 vestitum,eontenti
1349 1081 1446 1119 sunites
1459 1067 1484 1133 (Ι
1500 1068 1569 1120 Tim.
1581 1072 1626 1138 vr),
1639 1069 1664 1123 si
1679 1070 1742 1141 plus

93 1153 224 1205 imbuerit
239 1153 447 1217 indesinentem,
463 1156 487 1204 et
500 1151 600 1218 absque
614 1153 782 1219 operimento
795 1165 899 1218 paupe·
940 1149 1035 1214 habes,
1047 1167 1132 1221 quam
1142 1149 1193 1204 tibi
1204 1152 1240 1204 ad
1249 1152 1354 1206 victum
1365 1158 1395 1207 et
1404 1155 1537 1209 vestitum
1551 1158 1741 1214 necessarium

95 1257 165 1304 reni,
177 1243 204 1293 si
213 1256 270 1294 non
282 1241 481 1294 benedicerent
493 1240 662 1292 niitn'late-ra
669 1241 737 1306 ejus,
746 1240 900 1292 rideretis·
941 1244 992 1304 est,
1010 1239 1079 1292 illud
1101 1256 1195 1310 eroga,
1213 1240 1242 1294 in
1256 1240 1304 1294 illo
1320 1241 1476 1297 debitorem
1496 1261 1557 1299 esse
1573 1251 1601 1300 te
1619 1247 1739 1302 noveris.

96 1330 177 1382 ribus
189 1333 284 1382 otium
297 1329 581 1413 mearuineatrtaetus
595 1329 709 1395 esttlet.
725 1332 817 1396 xxvr);
834 1327 899 1381 acsi
940 1327 1064 1381 Ananias
1083 1334 1112 1382 et
1131 1328 1251 1399 Saphirs
1270 1331 1389 1400 apostoli
1407 1348 1535 1387 meruere
1561 1335 1740 1404 sententiam,

93 1418 214 1471 diceret:
228 1419 260 1472 In
275 1434 372 1471 amore
382 1416 502 1487 proximi
519 1433 574 1470 uno
589 1417 744 1487 eodemque
759 1416 857 1470 ordine
871 1424 900 1472 et
927 1417 1008 1497 ‘quia
1022 1433 1075 1470 sua
1088 1417 1186 1472 timide
1205 1426 1387 1473 servaverunt
1412 1419 1482 1487 (Act.
1504 1425 1544 1490 v).
1570 1423 1680 1494 Ergone
1699 1426 1742 1480 in·

90 1505 234 1576 superbie
243 1506 379 1560 sitiumet
388 1505 680 1582 impietatispremens
682 1511 898 1576 praetereuntem
940 1505 1028 1577 quies,
1037 1506 1197 1576 puniendus
1211 1513 1263 1573 est,
1275 1508 1323 1578 qui
1335 1524 1387 1563 sua
1396 1525 1452 1563 non
1461 1510 1571 1565 dederit
1581 1511 1594 1565 l
1604 1513 1720 1569 minime
1731 1533 1739 1582 ;

91 1595 258 1664 quempiam
274 1601 304 1647 et
323 1593 470 1647 humiliter
491 1593 630 1664 aspiciens
652 1609 708 1649 non
729 1593 852 1663 despexi,
869 1599 899 1647 et
939 1595 1031 1665 puniti
1046 1595 1194 1666 suntquis
1209 1596 1323 1650 mentiri
1340 1599 1489 1653 voluerunt
1504 1599 1622 1670 Spiritui
1631 1608 1738 1671 sancto,

92 1683 315 1737 misericorditer
334 1681 456 1736 calefeci.
480 1682 613 1753 Quisquis
627 1683 713 1745 enim,
730 1698 896 1753 supereum
939 1689 968 1737 ct
983 1690 1158 1738 reservantes
1174 1685 1332 1739 necessaria
1343 1684 1427 1740 victui
1443 1703 1504 1755 suo,
1521 1690 1603 1758 quasi
1616 1690 1739 1760 perfecte
1823 1743 1826 1747 .

91 1771 137 1825 eui
146 1771 257 1842 aliquid
270 1771 379 1833 tribuit,
396 1771 469 1825 tastu
484 1788 514 1825 se
529 1771 693 1827 elevationis
707 1772 823 1835 extollit,
839 1758 1040 1827 ma-Bseeulo
1060 1773 1264 1839 renuntiantes,
1285 1790 1385 1828 vanam
1403 1776 1524 1846 gloriam
1545 1778 1738 1848 sectabantur3
1773 1808 1777 1815 =

86 1862 183 1930 jerem
193 1860 482 1931 culpemintrinsecus
489 1859 675 1932 superbiendo
682 1861 799 1931 peragit,
812 1876 897 1931 quam
938 1861 1064 1933 alioquin
1078 1862 1144 1917 licet
1158 1862 1245 1917 libere
1260 1864 1302 1917 vel
1326 1863 1403 1931 dare,
1419 1865 1461 1918 vel
1480 1881 1537 1920 non
1551 1867 1634 1921 dare:
1653 1866 1741 1940 quan·¹
1835 1893 1839 1899 ·

91 1950 268 2004 extrinsecus
283 1949 427 2019 largiendo
449 1949 617 2014 mercedem,
638 1950 726 2019 litque
742 1948 802 2020 ipse
817 1948 897 2003 bonis
938 1966 1023 2019 quam
1040 1955 1069 2004 et
1083 1951 1127 2005 eui
1142 1952 1237 2022 cupiat
1246 1967 1307 2005 esse
1317 1952 1467 2023 perfectus,
1483 1971 1606 2024 presens
1617 1972 1738 2028 pauper-

89 2038 275 2093 interioribus
298 2038 400 2103 nudus,
420 2054 484 2092 cum
505 2038 613 2092 nudum
632 2037 751 2108 despicit
764 2038 894 2104 vestiens,
938 2038 1091 2094 tasfuturis
1100 2039 1203 2094 divitiis
1213 2042 1475 2112 compensandasit.
1488 2043 1633 2108 Quomodo
1643 2051 1739 2100 autem

90 2144 183 2198 eoque
197 2129 259 2197 agit
273 2132 304 2181 ut
317 2127 410 2197 scipso
424 2127 547 2181 deterior
561 2128 619 2193 liat,
636 2143 691 2198 quo
708 2143 739 2181 se
759 2127 897 2197 indigenti
938 2127 1022 2182 vidua
1034 2128 1126 2183 vivere
1141 2127 1251 2196 debeat,
1264 2129 1340 2184 brevi
1354 2146 1483 2185 sermone
1497 2133 1647 2203 Apostolus
1660 2151 1738 2188 com·

90 2218 220 2287 proximo
238 2216 384 2270 meliorem
400 2221 489 2286 putat,
509 2216 603 2271 minus
623 2215 725 2287 quippe
745 2215 826 2287 inops
842 2222 894 2282 est,
938 2217 1097 2286 prehendit,
1112 2218 1225 2272 dicens:
1242 2219 1305 2285 Qua
1318 2222 1350 2273 in
1366 2220 1472 2274 deliciis
1486 2226 1525 2274 est
1536 2223 1640 2288 savem,
1661 2238 1737 2276 mor·

90 2306 139 2376 qui
153 2312 263 2360 vestem
273 2322 330 2359 non
344 2304 438 2371 habet,
450 2321 535 2376 quam
547 2305 595 2375 qui
605 2305 804 2359 humilitatem.
817 2304 896 2359 Unde
940 2310 988 2358 tua
1002 2311 1040 2359 est
1056 2307 1079 2371 (l
1097 2307 1168 2360 Tira.
1179 2309 1218 2375 v).

91 2411 207 2448 neeesse
221 2400 275 2459 est,
295 2402 328 2448 ut
341 2410 407 2447 cum
422 2399 530 2449 natura
544 2399 647 2448 nostrae
665 2399 808 2459 consortes
823 2400 896 2448 exte
973 2394 1082 2449 Gratias
1089 2399 1181 2448 autem
1188 2397 1241 2448 lieo
1248 2398 1298 2464 qui
1304 2396 1379 2451 dedit
1388 2397 1511 2450 scindent
1519 2399 1737 2455 solticitudinem

89 2484 165 2538 riora
179 2500 239 2537 non
254 2479 360 2537 habere
383 2481 581 2554 conspicimus,
602 2499 686 2553 quam
705 2483 795 2537 multa
815 2481 895 2536 nobis
935 2483 1122 2550 prouertisin
1135 2484 1213 2536 eorde
1229 2484 1291 2546 Titi,
1308 2485 1666 2552 queritanterhortationem
1675 2491 1737 2556 qui-

88 2571 895 2643 desintbonainteriorapensemus,quatenussesesuper
936 2572 997 2624 dein
1014 2574 1138 2640 suscepit.
1161 2571 1280 2639 (Ambe)
1302 2572 1377 2626 Deus
1399 2573 1447 2643 qui
1467 2573 1561 2643 J'ustus
1584 2579 1628 2629 est
1646 2574 1737 2632 sciens

89 2662 188 2732 inopes
201 2660 336 2731 cogitatio
352 2664 449 2715 nostra
464 2661 628 2728 nonelevet,
646 2677 711 2714 eum
724 2661 843 2714 solerter
856 2660 894 2714 vi·
938 2658 1096 2713 Corinthios
1119 2659 1189 2714 velle
1216 2661 1362 2731 proficere,
1382 2660 1439 2715 Titi
1458 2661 1589 2716 allectum
1612 2662 1738 2720 incendit

89 2751 136 2804 det
144 2751 271 2820 quianos
279 2748 895 2820 tamoveriusquantnetinteriusetindigen-
939 2749 1488 2821 circaeos,utadimpleretcxhortatione
1501 2753 1736 2809 suavoluntatsm

90 2848 131 2893 tes
150 2855 261 2893 sumus.
278 2840 414 2906 (llieron).
427 2839 450 2893 Ο
461 2843 567 2910 quanta
576 2837 721 2892 beatitudo
735 2853 786 2908 pro
802 2838 894 2909 parvis
934 2837 1049 2891 illorum
1061 2838 1090 2891 in
1101 2854 1187 2910 opere
1197 2837 1280 2905 bono,
1293 2839 1340 2910 qui
1350 2840 1448 2893 videns
1457 2841 1613 2912 profectum
1623 2841 1736 2898 illorum
1757 2870 1761 2877 ⁴

92 2944 194 2998 niagna
203 2929 339 2999 recipere,
354 2933 461 2982 aeterna
473 2944 523 2998 pro
537 2927 677 2993 brevibus,
688 2944 739 2998 pro
750 2926 894 2981 morituris
934 2926 1093 2980 consolatus
1106 2933 1157 2992 est,
1174 2927 1340 2999 laetatusque
1356 2929 1386 2982 in
1400 2929 1510 2984 eisSnt
1518 2946 1582 2984 aim
1590 2934 1736 2987 sollicitior

91 3033 204 3087 semper
217 3016 350 3077 viventia,
365 3022 395 3070 et
408 3015 511 3070 habere
525 3016 677 3070 Dominum
690 3014 893 3069 debitorem.Si
934 3020 1007 3080 esset,
1024 3031 1075 3068 sua
1087 3019 1227 3070 voluntate
1238 3018 1377 3085 profectus
1392 3022 1431 3071 est
1446 3019 1483 3071 ad
1496 3034 1549 3072 uos.
1562 3018 1681 3087 Hocest,
1693 3019 1735 3074 vi-

92 3123 146 3176 qua
161 3113 260 3160 autem
275 3105 360 3159 vidua
375 3104 458 3159 habet
473 3105 584 3169 liberos,
597 3112 625 3159 et
641 3104 763 3158 maxime
775 3105 798 3157 si
813 3103 893 3159 nobis
904 3076 1002 3157 Cdens
1017 3105 1152 3175 proficere
1170 3104 1232 3158 illos
1246 3105 1321 3175 circa
1336 3112 1415 3160 actus
1429 3105 1525 3174 bonos,
1538 3106 1682 3162 sollicitior
1691 3108 1734 3164 fs·

90 3195 198 3248 familia
207 3199 261 3262 est,
271 3200 388 3264 egentes
397 3194 468 3249 filios
484 3211 540 3248 non
551 3193 690 3247 dimittat:
706 3194 755 3247 scd
764 3209 893 3264 exaequa·
933 3197 995 3246 ctus
1014 3199 1057 3247 est
1074 3193 1149 3247 circa
1167 3194 1299 3247 allectum
1318 3194 1441 3260 illorum,
1459 3195 1499 3249 ita
1514 3201 1546 3250 ut
1560 3196 1735 3253 voluntarius

92 3286 180 3347 litate,
202 3292 235 3337 ut
247 3283 410 3338 meminerit
423 3283 547 3354 primum
561 3283 661 3336 anime
676 3299 742 3348 suae,
760 3286 789 3335 et
801 3282 892 3352 ipsam
933 3281 1156 3351 proficisceretur
1169 3283 1203 3336 ad
1221 3299 1278 3350 eos,
1295 3283 1343 3353 qui
1358 3284 1440 3354 prius
1455 3285 1541 3339 etiam
1555 3290 1670 3356 rogatus
1690 3303 1736 3341 ex·

92 3382 169 3443 putet
183 3389 247 3426 esse
261 3373 296 3426 de
311 3372 386 3437 filiis,
411 3377 440 3426 et
461 3372 586 3443 patiatur
600 3372 694 3442 liutius
704 3388 768 3425 cum
785 3370 889 3433 liberis,
932 3378 1045 3425 cnseret
1058 3370 1092 3424 ab
1107 3371 1147 3439 eis
1157 3378 1272 3442 propter
1285 3372 1353 3426 vitia
1363 3373 1488 3427 illorum.
1505 3375 1633 3428 Misimus
1648 3377 1733 3429 stiam

92 3479 174 3532 quam
190 3461 289 3516 omnia
299 3461 365 3515 filiis
375 3461 569 3532 derelinquat:
590 3461 646 3514 imo
661 3460 804 3515 Christum
817 3459 892 3513 labo-
932 3476 993 3513 cnm
1015 3463 1063 3514 itio
1077 3463 1195 3527 fratrem
1215 3465 1352 3527 nostrum,
1368 3465 1447 3529 eujres
1467 3466 1529 3516 luris
1543 3465 1575 3516 in
1584 3464 1734 3532 securene

92 3568 152 3604 rum
162 3567 282 3604 suorum
300 3550 384 3604 saciat
399 3550 582 3604 coheredem.
599 3549 800 3621 Respondebis,
821 3548 892 3603 ditfi-
930 3564 982 3616 per
994 3565 1086 3602 orienes
1107 3550 1255 3603 Ecclesias:
1271 3565 1326 3602 nen
1339 3553 1429 3603 solum
1445 3555 1548 3616 autern,
1564 3553 1609 3605 sed
1622 3557 1647 3605 et
1660 3553 1735 3607 ordi·

93 3641 142 3694 cile
155 3646 210 3701 est,
229 3639 333 3693 durum
349 3646 401 3703 est,
419 3646 517 3693 contra
531 3643 672 3702 naturam,
683 3638 731 3692 sed
742 3637 892 3692 Dominum
934 3642 1016 3692 nattis
1030 3638 1064 3689 ab
1078 3638 1203 3691 Ecclesiis
1222 3653 1308 3690 coines
1325 3641 1558 3705 perepriaationis
1574 3645 1681 3706 nostres,
1696 3643 1729 3695 in

92 3728 140 3782 tihi
155 3728 257 3783 audies
271 3728 489 3799 respondentem
509 3728 615 3794 (Mettis.
637 3730 709 3793 mxl:
733 3729 787 3794 Qui
808 3732 893 3795 potest
933 3727 984 3779 Aac
996 3730 1091 3791 pretia
1106 3741 1165 3793 qus
1179 3727 1392 3778 ministratura
1409 3727 1485 3779 nobis
1499 3727 1537 3779 ad
1547 3727 1661 3780 Domini
1673 3730 1732 3794 plo·

93 3834 184 3887 cepere
193 3820 301 3886 capiat,
312 3823 342 3870 et
354 3816 395 3870 :Si
399 3819 440 3871 uis
452 3832 505 3870 esse
513 3817 660 3885 perfectus,
671 3831 727 3869 non
735 3815 784 3869 tibi
791 3817 892 3886 jugum
935 3816 1043 3868 maritet
1055 3814 1220 3867 destinatam
1229 3815 1398 3866 uoluntatem
1412 3819 1546 3867 nostram.
1556 3814 1645 3879 istum
1655 3829 1732 3868 eom·

94 3906 270 3960 necessitatis
280 3904 409 3976 imponit,
422 3904 471 3958 sed
481 3904 613 3974 potestati
625 3911 681 3958 tuae
692 3903 811 3957 liberum
826 3920 892 3957 eon-
936 3901 1070 3956 mendant
1076 3899 1370 3972 quiaignorabaturab
1376 3900 1428 3966 his,
1436 3908 1469 3954 ut
1475 3900 1580 3956 seirent
1588 3901 1618 3956 in
1627 3908 1734 3973 quanta

95 3996 166 4049 cedit
176 3993 396 4049 arbitriumllis
405 4009 465 4046 esse
477 3993 625 4064 perfectus,
638 3998 667 4046 ct
676 3993 705 4046 in
717 3994 807 4063 primo
819 3999 894 4046 stare
933 3993 993 4060 jam
1003 3997 1097 4045 essent
1110 3988 1175 4044 boni
1191 3989 1330 4061 opinione,
1343 3989 1377 4042 ad
1399 4006 1469 4060 quos
1485 3990 1556 4044 tales
1570 3991 1621 4045 viri
1637 3991 1732 4046 mitte·

95 4084 207 4153 fastigio
221 4083 379 4153 dignitatis,
396 4082 438 4136 iae
450 4083 524 4153 quod
534 4082 661 4136 fecerunt
671 4080 799 4152 apostoli,
813 4082 895 4135 rende
937 4079 1048 4143 bantur,
1065 4086 1097 4133 ut
1114 4079 1323 4149 congauderent
1341 4079 1470 4145 cumeis,
1490 4085 1626 4150 augentes
1640 4097 1688 4135 eos
1703 4080 1733 4136 in

97 4176 261 4242 onerataque·
270 4173 437 4236 habes,etda
446 4173 624 4240 pauperibus,
633 4177 661 4225 et
672 4186 789 4240 sequere
796 4170 894 4224 Salva·
936 4168 991 4222 tide
1005 4168 1174 4239 operationis
1188 4167 1247 4232 Dei,
1263 4168 1299 4221 ad
1314 4168 1394 4238 cujus
1408 4168 1528 4238 gloriam
1542 4169 1659 4223 sollicite
1680 4169 1733 4224 hoc

96 4272 196 4317 torem.
209 4261 353 4316 etnudam
368 4261 513 4330 solamque
531 4261 662 4315 virtutem
679 4259 756 4313 nuda
767 4259 896 4329 sequaris
936 4257 1058 4328 agebant
1078 4257 1174 4310 vicarii
1196 4256 1309 4319 Christi,
1336 4263 1369 4310 ut
1390 4257 1519 4311 conditor
1536 4258 1612 4312 Deus
1630 4257 1692 4311 coeli
1704 4265 1733 4313 et

97 4352 211 4404 etsole:
233 4367 291 4403 non
307 4350 348 4403 ris
361 4366 423 4404 esse
441 4349 573 4419 perfecta,
593 4348 642 4402 sed
657 4348 810 4401 secundum
832 4364 896 4417 gra-
936 4325 1025 4400 terre
1036 4351 1236 4417 agnosceretur
1257 4345 1286 4399 in
1300 4345 1353 4399 bis.
1376 4347 1530 4400 devitantes
1542 4347 1599 4412 liae,
1621 4349 1731 4413 nequis

96 4440 161 4493 ilum
177 4445 277 4494 tenere
292 4439 413 4505 virtutis
430 4438 541 4492 dimitte
555 4437 651 4492 omnia
665 4443 715 4490 tua
725 4452 787 4507 quse
798 4436 892 4499 habes,
937 4452 984 4489 ries
998 4438 1131 4504 vituperet
1145 4437 1177 4489 in
1190 4436 1242 4488 hae
1252 4434 1437 4504 plenitudine,
1450 4449 1509 4501 quse
1520 4436 1731 4488 ministratura

96 4534 123 4582 et
136 4529 174 4581 da
192 4528 270 4592 filiis,
289 4527 325 4581 da
338 4527 513 4598 propinquis,
529 4542 612 4580 nemo
626 4531 654 4580 tc
670 4525 849 4595 reprehendit
870 4526 894 4580 si
937 4525 1012 4577 nobis
1027 4527 1059 4577 in
1071 4527 1191 4592 pluriam
1206 4525 1264 4577 Dei.
1273 4521 1411 4585 Quoniam
1421 4520 1456 4573 de
1466 4519 1731 4591 ministerioageba·

95 4618 229 4672 hderiora
248 4616 373 4679 secteris,
390 4616 542 4669 dummodo
566 4615 638 4669 scias
661 4614 712 4667 tibi
733 4615 809 4667 illam
830 4614 894 4683 jure
935 4618 991 4674 tur,
1003 4612 1066 4666 ideo
1075 4612 1127 4666 hoe
1137 4611 1258 4681 subjicit,
1266 4626 1301 4663 nc
1312 4609 1456 4678 negligens
1467 4608 1542 4663 circa
1552 4626 1649 4664 curam
1659 4625 1730 4681 pau·

95 4707 250 4776 praelatam,
266 4722 328 4776 quse
344 4705 461 4775 elegerit
483 4704 583 4775 prima.
600 4704 676 4757 Dicis
689 4703 741 4757 hoe
756 4703 894 4773 apostolo·
935 4717 1034 4772 perum
1056 4701 1099 4753 vel
1118 4704 1279 4754 sanctorum
1295 4697 1481 4767 judicaretur,
1506 4698 1530 4752 si
1547 4699 1601 4753 hoc
1618 4698 1732 4769 segnius

94 4812 154 4849 mm
163 4800 208 4848 est
222 4800 252 4848 et
270 4794 404 4857 virorum,
418 4793 569 4847 mulierem
583 4799 679 4847 autem
698 4791 821 4846 nobilem
837 4807 894 4845 non
935 4796 1044 4860 ageret:
1062 4789 1096 4842 de
1112 4789 1163 4842 hac
1182 4787 1255 4841 enim
1270 4804 1301 4841 re
1316 4786 1521 4842 constituerant
1535 4787 1609 4842 inter
1623 4805 1653 4842 se
1667 4803 1732 4859 apo·
1834 4856 1837 4861 Ι

94 4901 174 4954 posse
188 4882 289 4938 omnia
305 4883 434 4948 vendere,
450 4898 511 4953 quae
532 4881 629 4936 multis
644 4880 815 4951 avlJ'umentis
831 4880 893 4934 ritae
934 4878 1007 4943 stoli,
1017 4883 1049 4932 ut
1064 4892 1202 4930 memores
1218 4881 1311 4930 essent
1325 4893 1491 4947 pauperum,
1508 4877 1583 4948 quod
1596 4877 1631 4931 ad
1646 4876 1731 4930 Gala·

94 4973 177 5044 hujus
186 4971 320 5042 indiguit.
326 4972 400 5025 Audi
407 4971 573 5043 Apostolum
583 4977 820 5024 commonentem:
833 4970 894 5024 A‘on
934 4976 978 5023 tas
987 4967 1135 5038 significat.
1148 4967 1218 5020 Cum
1229 4981 1296 5035 ergo
1312 4964 1534 5036 invituperabilis
1543 4970 1616 5019 esset
1625 4965 1655 5018 in
1669 4980 1730 5023 om·

94 5069 122 5116 nt
135 5066 203 5116 otiis
219 5063 412 5128 refrigerium,
428 5061 502 5114 trabis
518 5066 611 5114 aretem
629 5061 787 5121 tribulatio,
802 5060 847 5112 sed
862 5074 895 5111 ea
935 5056 1016 5110 nibus
1026 5055 1177 5127 apostolus,
1189 5071 1224 5108 ne
1236 5053 1265 5107 in
1275 5054 1328 5107 hac
1338 5071 1423 5108 eausa
1433 5053 1582 5123 indiligens
1589 5052 1731 5123 judieare-

93 5154 249 5220 equalitatc
262 5155 354 5204 uestra
366 5150 544 5203 abundantia
559 5151 675 5202 illerum
690 5153 819 5203 stertentet
835 5150 894 5200 ino·
935 5152 991 5210 tur,
1011 5144 1113 5198 idcirco
1139 5144 1191 5197 hoc
1209 5160 1239 5197 se
1267 5159 1439 5214 premerere
1458 5141 1606 5211 significat,
1627 5146 1659 5194 ut
1678 5140 1731 5195 hoc

92 5243 178 5307 aava,
193 5246 219 5293 et
235 5242 353 5293 iliorum
366 5239 544 5292 abundantia
559 5243 652 5292 ceurae
667 5240 765 5305 inopia:
779 5240 815 5289 sit
827 5250 893 5303 sup·
936 5251 1019 5305 opere
1033 5233 1147 5304 impleto
1163 5232 1191 5286 in
1209 5232 1338 5286 omnibus
1352 5229 1507 5285 sollicitudo
1523 5230 1584 5299 ejus
1597 5235 1625 5283 et
1638 5229 1731 5300 provi·

94 5331 271 5396 sumentem.
288 5327 370 5381 Unde
385 5333 414 5381 et
427 5326 585 5381 Dominus:
613 5328 666 5392 Oui
682 5326 769 5390 liutet,
792 5323 892 5394 inquit,
935 5323 1031 5377 dentia
1045 5323 1389 5394 appareretl'rouidcmus
1403 5320 1731 5373 eriiiatonanonsolum
1776 5356 1784 5363 -

94 5418 160 5471 duas
175 5419 297 5481 tunicas,
311 5416 356 5470 det
364 5418 483 5469 alteram
495 5431 551 5469 non
560 5416 671 5469 habenti
677 5413 750 5483 (lue.
759 5423 807 5481 111).
820 5412 893 5476 Quid
935 5429 1027 5466 caram
1049 5413 1110 5475 lire,
1127 5412 1171 5464 scd
1191 5412 1274 5464 etiam
1297 5424 1389 5462 eoram
1411 5408 1580 5462 tioininitus.
1598 5406 1729 5461 Providet

95 5506 115 5557 si
125 5504 365 5578 Scythiaesrigora
375 5503 442 5569 sint,
457 5509 486 5558 et
494 5503 603 5574 Alpinae
611 5503 705 5556 nives?
716 5519 771 5555 non
786 5501 894 5556 duabus
936 5501 1111 5554 bonacosam
1126 5499 1193 5561 Deo,
1211 5499 1278 5552 dum
1293 5497 1366 5566 quod
1378 5495 1460 5566 jubet
1475 5496 1549 5550 Deus
1563 5496 1637 5549 cirea
1647 5495 1731 5550 mini-

95 5593 361 5685 epttribustunicis,
373 5593 473 5648 sedvix
483 5592 621 5663 pecudum
632 5590 894 5662 pellihnsrepellun-
936 5587 1052 5642 sterium
1063 5593 1233 5650 sanctorum,
1242 5586 1443 5663 velpauperum
1459 5585 1520 5638 tien
1530 5586 1625 5650 docet3
1637 5599 1732 5643 coram
