3772 6120
99 338 172 408 529
332 324 623 395 uuaumi'ibrrbti
635 330 677 397 lit
690 336 768 397 uer.
784 326 893 395 rimi
908 336 977 394 ΗΒ.
994 333 1093 395 xxix.
1115 370 1149 383 -
1169 332 1209 396 lii
1229 333 1340 395 dPiffl'.
1360 336 1410 394 tu
1430 336 1535 393 iiEBit.
1703 336 1755 395 080

99 478 260 533 sermones
270 460 419 525 intendite,
431 465 568 533 quantum
577 464 650 518 enim
662 466 697 518 ad
706 480 798 539 mores
805 466 914 525 attinet,
926 464 1010 529 Aest,
1027 464 1066 517 sic
1080 480 1171 531 orare,
1188 478 1243 519 non
1257 464 1430 535 simpliciter,
1445 462 1494 517 sed
1508 478 1573 516 curn
1585 464 1646 516 tota
1660 467 1754 517 rusen-

99 552 210 623 „ulius
218 551 322 623 poterit
334 550 407 605 laedi.
419 551 482 615 Qua
494 552 603 607 ratione
615 554 840 626 hociQuiaqute
850 554 915 607 iacit
956 551 1031 604 tione
1055 558 1083 606 ct
1099 553 1175 607 omni
1197 566 1312 623 promus
1333 550 1435 606 studio.
1461 551 1498 605 Ut
1516 551 1582 616 cito,
1600 550 1702 621 inquit,
1719 551 1753 605 ad

99 640 482 712 manifestasuntomnihus,
492 648 521 695 et
531 658 622 713 neque
637 643 696 714 ipse
712 645 777 698 acsi
791 644 826 698 ad
836 658 915 697 cacu-
956 656 1004 695 vos
1018 640 1137 694 reniam.
1154 643 1213 696 iioc
1227 641 1313 697 animi
1328 644 1373 694 cst
1391 639 1461 694 nihil
1485 639 1537 693 sibi
1551 640 1663 703 conscii,
1680 638 1755 693 festi·

99 746 185 798 men
197 728 351 800 iniquitatis
362 729 515 799 perueniat,
524 731 627 801 poterit
636 731 705 785 alios
716 732 791 786 mala
801 731 911 785 docere.
956 744 1034 791 nare,
1058 734 1090 783 ut
1105 728 1139 785 ati
1154 746 1202 784 eos
1224 730 1357 784 velociter
1381 729 1534 789 adveniret,
1557 735 1587 782 ct
1613 729 1755 783 exhortari

99 826 192 883 cun
204 822 296 871 autem
306 816 373 871 frdei
387 833 473 871 causa
485 816 613 879 uertitur,
630 836 722 891 neque
735 819 913 873 manifestum
955 817 1025 881 ilios,
1036 835 1117 873 orare
1127 819 1243 891 proiilo,
1258 823 1290 873 ut
1299 819 1352 872 hoc
1367 818 1391 871 oi
1402 818 1611 872 concederetur.
1628 818 1754 872 Primum

99 912 170 971 est
182 905 303 961 omnibus
318 906 393 976 quod
408 904 519 965 dicitur,
534 924 625 978 neque
645 909 785 979 malignus
804 908 913 962 dubitat
954 905 990 960 ab
1004 907 1071 978 ipsis
1081 909 1205 978 postulat
1216 907 1350 961 orationis
1361 907 1507 969 auxilium,
1525 907 1683 961 tuncetiam
1695 907 1755 978 ipse

99 1000 217 1060 docem
229 995 379 1049 contraria.
403 996 475 1049 Nam
491 1002 520 1050 et
533 996 607 1068 quod
624 997 730 1052 dictum
745 1002 788 1052 est
805 1016 810 1049 :
829 1014 841 1047 o
859 998 913 1051 No-
954 1011 1005 1066 pro
1018 996 1059 1049 eis
1071 997 1165 1051 omnia
1179 997 1252 1051 bona
1262 996 1437 1067 deprecatur.
1450 1014 1462 1045 s
1476 996 1552 1049 Deus
1561 1001 1656 1050 autem
1668 996 1752 1066 pacis,

103 1110 128 1145 ι
153 1084 200 1139 lite
210 1082 345 1153 judicare,
362 1098 399 1137 ne
411 1084 575 1154 judicemini
589 1086 696 1151 (linitis.
710 1094 766 1153 ent,
785 1106 798 1133 a
809 1087 844 1139 de
858 1086 914 1140 rita
956 1102 969 1133 s
984 1085 1031 1155 qui
1046 1085 1140 1138 eduxit
1150 1085 1185 1138 dc
1199 1084 1318 1139 mortuis
1327 1092 1468 1156 pastorem
1478 1085 1711 1154 magnumovium
1724 1085 1751 1138 iu

103 1176 285 1236 dictumest,
298 1188 355 1226 non
370 1173 404 1226 de
413 1173 477 1240 fide,
488 1174 642 1244 quodenim
658 1174 785 1229 infert-ur.
794 1176 914 1229 hocma·
956 1174 1121 1243 ssarrguine
1131 1174 1292 1228 testamenti
1298 1173 1394 1227 aeterni
1410 1173 1561 1227 Dominum
1571 1175 1753 1228 nostrumJe·

107 1260 238 1325 uifslat.
255 1280 268 1312 e
283 1258 358 1326 Quid
372 1262 568 1333 vides,inquit,
582 1265 715 1335 stipulam
728 1264 757 1318 in
772 1265 852 1318 oculo
863 1264 917 1318 fra-
959 1280 971 1313 s
987 1278 1050 1316 sunl
1066 1260 1219 1328 Christum,
1231 1267 1309 1334 aptet
1315 1278 1362 1316 ros
1371 1262 1483 1316 inomni
1495 1277 1578 1332 opere
1586 1262 1704 1326 bono,ut
1715 1261 1754 1316 fa-

111 1350 224 1411 tristui
236 1356 264 1405 et
278 1351 388 1405 trabem
410 1352 439 1405 in
461 1352 540 1407 oculo
560 1356 610 1408 tuo
635 1370 691 1408 non
708 1354 804 1408 rides?
821 1354 917 1408 omnia
959 1352 1063 1405 sciatis
1078 1352 1249 1406 voluntatem
1267 1353 1338 1423 ejus,
1357 1350 1460 1405 faciens
1475 1351 1503 1405 iu
1518 1350 1596 1405 robis
1607 1352 1681 1422 quod
1696 1352 1754 1423 pla-

117 1454 254 1509 ergaque
268 1436 347 1492 robis
361 1438 493 1504 dixerint,
508 1440 632 1510 »inquit
647 1460 658 1491 r
673 1446 706 1495 ut
721 1439 838 1503 faciatis,
852 1440 917 1494 faci·
959 1456 972 1489 s
989 1446 1052 1494 ceat
1065 1456 1160 1495 coram
1175 1458 1215 1505 se,
1226 1442 1382 1512 pertesum
1398 1441 1552 1504 Christum,
1569 1440 1614 1495 cui
1627 1441 1753 1511 gioriain

120 1534 162 1584 te
175 1526 284 1580 :sincere
296 1528 393 1581 autern
403 1528 496 1598 operis
506 1530 558 1589 est,
573 1545 629 1583 non
639 1530 714 1595 fidei,
733 1548 744 1581 s
762 1529 916 1583 secundum
959 1546 973 1581 s
989 1531 1090 1583 saecula
1104 1531 1279 1585 seculorum.
1290 1531 1390 1583 Amen.
1408 1548 1421 1581 a
1439 1531 1514 1583 Deus
1530 1535 1636 1593 autem,
1651 1529 1753 1600 inqnit,

126 1622 216 1673 auten
228 1632 312 1687 opera
330 1632 428 1670 eorum
452 1617 540 1672 nolite
559 1618 658 1672 facere.
679 1638 690 1669 ι
709 1618 831 1673 intueris
846 1635 916 1690 quo·
958 1619 1042 1689 pacis.
1058 1619 1150 1673 Nolite
1164 1618 1250 1688 igitur
1265 1618 1526 1683 dissidereancbis‚
1544 1617 1754 1673 sivultislleum

130 1706 263 1760 nisnnou
286 1704 321 1759 de
345 1705 534 1774 dogmatibus,
551 1707 599 1760 scd
614 1707 649 1760 de
663 1708 720 1761 rita
744 1713 773 1761 et
786 1707 916 1779 operibus
957 1707 1034 1779 pacis
1056 1707 1160 1761 habere
1184 1708 1345 1778 propitium.
1365 1726 1375 1758 s
1395 1707 1447 1771 Qui
1476 1707 1581 1769 eduxit,
1599 1706 1698 1778 inquit,
1721 1706 1756 1760 de

133 1810 215 1849 seruo
227 1800 266 1848 cst
280 1795 292 1847 ?
305 1816 316 1845 ι
330 1794 386 1865 Ipsi
402 1795 477 1848 euim
492 1795 610 1865 vigilant
620 1812 670 1867 pro
685 1796 763 1850 robis
777 1797 914 1851 rationem
925 1778 1033 1850 Burro
1058 1802 1199 1867 pastorem
1225 1812 1366 1867 pecorum.
1385 1815 1396 1845 r
1419 1796 1478 1850 lioc
1497 1796 1531 1849 de
1552 1797 1756 1850 resurrectione

138 1882 290 1936 reddituri.»
307 1883 433 1937 audiant
447 1890 476 1937 et
499 1884 648 1955 principes,
665 1901 722 1939 non
738 1886 789 1939 soli
812 1886 851 1939 illi
868 1887 914 1956 qui
956 1885 1062 1939 dictum
1075 1884 1662 1955 estiiincenimusqueadfrnemorationis
1673 1884 1757 1938 ratio·

140 1980 285 2041 regnatura
298 1972 480 2043 principibus,
506 1974 640 2043 quoniam
659 1974 733 2028 sicut
755 1975 916 2029 obedientes
957 1974 1074 2029 nemeis
1091 1975 1126 2027 de
1149 1974 1353 2028 resurrectione
1368 1974 1525 2032 coufirmat,
1542 1976 1570 2026 et
1588 1973 1756 2027 testificatur

141 2066 233 2130 oportet
256 2077 316 2115 esse
347 2062 394 2132 qui
423 2068 569 2131 reguntur,
595 2062 634 2115 sic
655 2063 738 2116 etiam
755 2068 877 2118 rectores
888 2070 916 2119 et
957 2063 997 2117 eis
1012 2064 1120 2132 majora
1135 2064 1239 2134 pertici.
1257 2063 1298 2116 hd
1313 2062 1376 2116 iilos
1393 2062 1468 2116 enim
1484 2062 1615 2131 pertinet,
1630 2062 1679 2132 qui
1695 2064 1755 2133 jam

141 2148 256 2221 principes
267 2150 481 2221 uigilantesesse
491 2151 580 2205 decet.
591 2151 659 2212 Hoc,
672 2152 847 2223 inquit,dico,
862 2156 916 2207 sut
957 2157 1102 2222 sumpsere
1118 2152 1295 2223 principium,
1312 2157 1340 2205 et
1362 2166 1482 2222 quorum
1498 2150 1534 2204 ad
1556 2150 1754 2221 perfectionem

143 2238 288 2308 congaudio
297 2238 401 2293 faciunt
410 2246 503 2293 etnon
513 2241 762 2309 congemiscentes,
774 2258 830 2295 non
840 2224 916 2296 enim
957 2241 1048 2295 omnis
1059 2256 1157 2295 cursus
1171 2241 1301 2295 intendit.
1313 2242 1437 2311 Oratque
1452 2256 1503 2311 pro
1513 2239 1562 2299 eis,
1580 2238 1653 2309 quod
1669 2239 1754 2309 perti-

144 2326 233 2396 expedit
243 2324 355 2380 robis.»
372 2327 494 2381 Intueris
504 2329 636 2399 quoniam
650 2346 714 2383 curn
725 2331 916 2385 contemnitur
959 2330 1056 2383 netad
1080 2335 1232 2383 amantem.
1251 2330 1284 2383 Et
1310 2330 1339 2382 in
1363 2329 1425 2383 aliis
1454 2328 1568 2399 quidem
1586 2327 1711 2398 epistolis
1725 2328 1754 2382 in

146 2413 256 2487 princeps,
265 2432 320 2470 non
326 2421 439 2488 oportet
446 2418 567 2472 ultiones
574 2418 711 2488 ingerere,
720 2419 768 2472 sed
777 2424 837 2473 tota
845 2420 917 2474 uitio
958 2418 1077 2473 exordiis
1092 2424 1163 2481 orat,
1176 2419 1221 2471 hic
1233 2421 1327 2471 autern
1342 2419 1371 2471 in
1387 2418 1451 2471 tine.
1465 2420 1573 2488 «Aptet
1586 2417 1753 2488 vosinquit,

147 2502 494 2574 eatpiorare,ingerniscere;
505 2516 570 2559 natu
581 2511 610 2560 et
620 2507 744 2561 modicus
759 2508 870 2578 quando
882 2508 917 2561 ab
957 2508 1077 2562 inomni
1101 2524 1185 2578 opere
1200 2508 1282 2571 bono,
1298 2513 1330 2561 ut
1352 2507 1461 2561 faciatis
1485 2507 1656 2561 voluntatem
1680 2508 1752 2577 ejus,

148 2592 435 2658 &pracontemnituu
453 2611 509 2647 non
527 2612 556 2648 sc
572 2595 723 2661 ulciscitur,
733 2596 781 2649 sed
787 2598 879 2667 plorat
889 2603 918 2651 et
957 2596 1061 2651 faciens
1081 2597 1108 2650 iu
1122 2596 1199 2651 vobis
1214 2597 1288 2667 quod
1302 2597 1412 2667 placcat
1432 2612 1526 2649 coram
1539 2612 1578 2651 aa.
1597 2616 1610 2647 s
1633 2596 1755 2650 Intueris

147 2674 283 2747 ingemiscit.
299 2681 355 2737 Sed
370 2682 438 2736 dicis
451 2684 517 2754 quia
530 2683 552 2737 si
569 2684 615 2737 ille
631 2684 797 2754 ingemiscit,
807 2686 916 2740 ulcisci·
958 2686 1079 2757 qualiter
1093 2686 1217 2740 ostendit
1230 2686 1389 2756 ingenerari
1404 2700 1483 2756 posse
1506 2685 1649 2745 virtutem,
1665 2700 1757 2755 neque

148 2766 211 2820 turin
220 2774 245 2822 te
256 2768 330 2823 Deus
341 2788 346 2821 :
358 2770 382 2823 si
393 2770 468 2823 eninr
478 2786 527 2840 pro
537 2771 640 2824 nostris
654 2772 775 2842 peccatis
787 2773 918 2841 ingemis-
958 2790 991 2828 ex
1006 2775 1064 2829 Deo
1078 2775 1145 2828 dicit
1154 2780 1256 2837 totum',
1272 2790 1407 2846 nequest
1423 2774 1503 2828 nobis
1517 2790 1580 2828 earn
1595 2774 1690 2845 perfici
1697 2779 1758 2827 tan·

151 2851 225 2922 daus,
238 2858 402 2912 adducimus
425 2860 459 2913 ad
481 2877 531 2913 nos
547 2861 774 2932 propitiationem
788 2862 848 2928 Dei,
865 2880 916 2934 pro
957 2870 1028 2918 tum.
1042 2865 1113 2918 Nem
1125 2864 1198 2934 quod
1208 2864 1284 2929 dicit,
1298 2882 1311 2913 κ
1323 2863 1575 2934 utperllcietvosin
1586 2862 1752 2934 omnioperu

150 2939 241 3000 domm
255 2962 319 3002 vero
335 2949 467 3020 superbia
482 2950 523 3002 vel
538 2955 700 3022 emtemptu
723 2964 786 3005 cum
800 2952 918 3022 ingemi·
957 2952 1061 3019 boum·
1074 2954 1126 3007 boo
1143 2952 1419 3023 signifieattiiobetis
1435 2953 1548 3023 quidem
1563 2952 1703 3013 uirtutem,
1714 2951 1756 3005 in·

149 3028 235 3101 trinus
250 3048 343 3091 nonne
355 3038 474 3109 amplius
488 3039 655 3093 advocamus
667 3036 756 3094 Deurn
767 3040 918 3095 lGemitus
958 3040 1060 3110 digetis
1076 3047 1170 3094 autem
1184 3042 1399 3112 complemento.
1416 3040 1489 3105 Quid
1507 3047 1602 3094 autern
1622 3045 1665 3093 est
1680 3036 1755 3108 quod

149 3118 285 3179 cumomni
299 3126 355 3179 erit
369 3126 474 3180 uitione
489 3128 620 3182 deterior.
637 3128 755 3192 Quando
768 3130 843 3183 enirn
858 3130 918 3201 ipse
927 3098 950 3159 G
960 3127 1028 3181 dicit
1046 3148 1058 3179 a
1074 3128 1191 3181 inomni
1207 3144 1291 3199 opere
1303 3133 1331 3182 et
1347 3144 1476 3182 sermone
1492 3127 1564 3182 bono
1573 3126 1586 3181 l
1596 3145 1608 3180 a
1620 3128 1658 3181 Ut
1671 3126 1756 3180 vitam

148 3210 314 3285 mauelligit
329 3214 524 3285 ingemiscens,
540 3217 650 3270 invocat
662 3214 823 3284 Dominum,
841 3219 917 3272 etsi·
955 3216 1090 3271 'videlicet
1097 3217 1344 3272 rectamhaberent
1352 3224 1382 3271 et
1391 3218 1533 3287 dogmata.
1546 3217 1705 3272 Secundum
1712 3230 1758 3269 ro·

148 3298 241 3355 ctrierim
251 3302 351 3357 doctor
364 3305 579 3360 contemuitura
591 3322 687 3377 puero,
697 3306 918 3377 paedagogusro·
957 3306 1173 3376 luntatemeJus‚
1184 3307 1285 3376 inquit,
1299 3305 1755 3377 sfaciensinvobisheneplacitum

148 3390 215 3451 Uter,
227 3392 273 3461 qui
290 3393 414 3447 severius
429 3395 542 3448 accedat
557 3395 592 3448 ad
616 3407 735 3465 puerunt
753 3414 758 3447 :
776 3395 814 3449 sic
832 3397 917 3451 etiarn
959 3395 989 3448 in
999 3401 1149 3466 conspectu
1161 3396 1323 3466 ejus.›Haec
1333 3396 1436 3467 quippe
1444 3402 1487 3449 est
1494 3395 1709 3449 marimavirtus
1719 3394 1759 3447 ib·

147 3465 387 3536 *inobedientibus
396 3482 541 3553 discipulis
553 3483 741 3554 loquuntur...
751 3484 916 3555 perieulum.
961 3499 1024 3536 cere
1035 3482 1238 3553 beneplacitum
1248 3482 1432 3554 inconspectu
1442 3480 1507 3547 uei,
1521 3482 1676 3537 secundum
1683 3482 1757 3552 quod

175 3565 274 3623 «Orate
290 3582 340 3641 pro
355 3571 450 3637 nobis;
467 3572 632 3626 confidimus
647 3573 722 3626 enim
738 3574 804 3643 quia
817 3574 919 3629 bonam
961 3571 1045 3625 ctiam
1056 3572 1196 3641 Propheta
1207 3571 1438 3641 loquiturdicens,
1453 3591 1465 3624 s
1479 3571 1758 3625 etseeundummum

149 3650 294 3713 ‘babemus
307 3661 505 3714 conscientiam
521 3660 550 3714 in
565 3660 694 3714 omnibus
713 3661 783 3715 bene
797 3663 921 3718 solentes
961 3660 1201 3713 ditiarnmanuunr
1213 3675 1348 3717 mearum,
1357 3661 1456 3731 inquit,
1468 3661 1495 3714 in
1505 3666 1654 3730 conspectu
1665 3658 1758 3712 oculo·

150 3749 324 3802 ‘mneersari
346 3768 358 3797 s
372 3750 493 3804 intueris
501 3750 633 3820 quoniam
644 3752 701 3806 baec
710 3751 920 3821 deprecationes
961 3760 1024 3802 rum
1034 3749 1104 3817 ejus.
1114 3766 1125 3798 r
1136 3749 1296 3816 (Pcpiumt.)
1308 3749 1397 3801 Deum
1407 3762 1518 3818 quoque
1524 3747 1683 3819 aptaresirc
1689 3761 1757 3800 con-

144 3836 287 3899 antrensi
297 3838 333 3892 ad
341 3839 518 3893 contristatos
528 3839 652 3893 scribens
662 3838 841 3910 [scribentis],
849 3840 919 3895 etad
962 3836 1305 3891 firmareanimosnostros
1315 3837 1349 3890 nd
1357 3853 1517 3908 omneopus
1529 3836 1644 3897 bouum,
1655 3841 1685 3889 et
1693 3852 1758 3905 opes

142 3919 764 3999 tuisasasertebantunetquicirceeumveiuti
772 3930 920 4000 circnprm
961 3926 1018 3980 rari
1025 3926 1053 3980 in
1064 3925 1142 3980 nobis
1149 3942 1183 3979 en
1193 3942 1254 3997 qum
1261 3926 1313 3979 sibi
1323 3933 1389 3980 sunt
1397 3927 1508 3997 placita,
1521 3925 1670 3997 Apostolus
1676 3923 1758 3978 docet

139 4012 246 4069 ”iorem
254 4016 920 4089 efficiebanturnouferentesnequenomenejus
960 4013 1055 4068 dicens
1076 4030 1081 4065 ε
1100 4015 1199 4068 «Deus
1210 4022 1305 4068 autern
1317 4015 1404 4085 pacis,
1421 4015 1470 4086 qui
1486 4014 1581 4069 aduxit
1589 4014 1624 4067 de
1634 4011 1757 4068 tenebris

135 4100 230 4158 todire,
255 4105 396 4169 Quoniam
411 4107 497 4175 igitur
519 4106 553 4159 ab
572 4106 730 4160 odientibus
746 4124 775 4160 se
790 4108 859 4160 talia
872 4124 920 4179 pn-
961 4110 1102 4174 pastorem
1122 4118 1255 4172 magnum
1279 4104 1372 4158 orium
1387 4104 1416 4158 in
1435 4104 1572 4175 sanguiue
1595 4102 1757 4157 tastamenti

131 4184 255 4255 masat,
272 4195 367 4264 qualia
387 4196 449 4266 quis
474 4212 491 4248 a
514 4194 694 4249 dilectoribus
709 4200 802 4265 potest
817 4212 920 4266 pnesu·
961 4191 1056 4245 aeterni
1072 4193 1167 4245 Jesuru
1182 4192 1334 4261 Christum,
1352 4200 1430 4264 aptet
1443 4210 1491 4247 vos
1504 4194 1531 4247 in
1548 4193 1622 4247 omni
1633 4192 1705 4246 bono
1715 4191 1757 4246 fa·

126 4274 210 4347 Mem,
227 4290 377 4353 propterea
400 4284 428 4336 in
448 4285 572 4338 hocloco
587 4284 639 4337 hoc
652 4284 798 4337 constituit
812 4284 917 4348 dicens,
960 4281 1036 4335 ciem
1055 4281 1084 4335 in
1098 4281 1183 4346 vobis,
1197 4283 1269 4352 quod
1280 4284 1492 4353 placootcornm
1503 4300 1542 4343 se,
1558 4281 1650 4352 »quud
1670 4281 1755 4334 etiarn

123 4366 327 4434 ‘confidimus
342 4373 408 4443 quia
419 4372 519 4427 ironam
535 4372 734 4426 conscientiam
749 4370 917 4427 habemus.»
960 4370 1255 4425 Thessalonicensibus
1273 4378 1305 4425 ut
1325 4372 1434 4426 eveniat
1444 4373 1483 4426 ita
1501 4369 1754 4442 precaturdicens:

118 4433 217 4512 v‘eluti
230 4460 254 4514 si
274 4461 389 4527 diceret,
411 4462 482 4515 Nolo
502 4461 569 4515 mihi
595 4462 786 4516 accusationes
809 4463 919 4533 aliquas
962 4479 974 4509 (ι
991 4461 1054 4530 lpse
1064 4465 1159 4513 autom
1174 4461 1309 4515 Dominus
1320 4462 1401 4515 lesus
1411 4461 1539 4516 Christus
1549 4464 1578 4511 et
1588 4459 1661 4511 iteua
1671 4456 1757 4509 Pater

107 4536 280 4602 Proferam.
296 4550 481 4614 Conscientia,
499 4550 599 4621 iuquit,
617 4558 714 4604 nostra
732 4568 783 4605 nos
797 4551 825 4604 in
842 4553 919 4607 nulio
959 4554 1064 4615 noster,
1077 4550 1124 4619 qui
1142 4549 1239 4604 dilexit
1248 4566 1299 4604 nos
1314 4557 1343 4603 et
1352 4550 1430 4603 dedit
1443 4548 1663 4603 consolationem
1677 4550 1757 4599 ntor·

101 4623 300 4717 ‘’ffndomnat,
310 4652 401 4708 neque
410 4638 489 4693 nobis
499 4633 605 4709 aliquid
615 4639 717 4693 conscii
728 4656 835 4705 suenus,
852 4655 920 4711 quo-
960 4654 1026 4691 nam
1042 4644 1071 4691 et
1088 4653 1166 4709 spem
1190 4638 1291 4692 bonam
1316 4639 1343 4692 in
1365 4638 1466 4708 gratia,
1490 4638 1654 4691 exhortetur
1671 4635 1757 4689 corda

99 4708 282 4778 manvuba
296 4725 413 4780 insidias
426 4727 584 4780 fecerimus.
599 4746 611 4778 r
625 4726 918 4799 confidimusinquit,
960 4731 1052 4779 restra
1067 4732 1095 4779 et
1109 4726 1256 4781 confirmet
1275 4727 1304 4780 in
1318 4727 1394 4780 omni
1409 4742 1493 4797 opere
1505 4732 1534 4781 et
1544 4742 1673 4780 sermone
1683 4723 1756 4778 bono

99 4799 254 4867 'uoniam
262 4814 364 4869 bonam
373 4817 570 4871 conscientiam
579 4814 714 4871 habemus
724 4817 919 4882 inomnibus,r
962 4816 1001 4881 (ii
1019 4816 1103 4868 Thess.
1122 4824 1160 4881 n).
1180 4834 1192 4867 a
1210 4817 1304 4887 ipsum
1326 4815 1447 4886 denique
1469 4816 1598 4869 timorem
1618 4815 1680 4880 Dei,
1701 4830 1757 4884 quo
1783 4868 1792 4879 ,

99 4888 485 4974 ¹0ningentibustanturn,
496 4907 544 4961 sed
556 4907 641 4959 etiam
651 4908 680 4960 in
691 4906 776 4961 vobis.
790 4907 864 4961 Nihil
873 4924 920 4961 ne·
961 4904 1150 4958 firmitereum
1159 4911 1256 4959 tenere
1270 4905 1418 4976 possimus,
1434 4905 1756 4969 aDominonobisJare-
1852 4932 1857 4943 ι

99 4979 285 5046 'Quationis
297 4995 391 5062 gratia
405 4995 530 5059 fecimus,
543 4995 612 5049 nihil
623 5012 685 5049 cum
703 4997 814 5049 fictione
826 5001 920 5066 protu-
960 4993 1031 5047 miss
1046 4993 1183 5064 propbeta
1196 5010 1228 5047 es
1242 5010 1362 5065 persona
1378 4994 1427 5048 llei
1434 4994 1581 5049 manifeste
1588 4989 1756 5047 testaturin-

99 5070 217 5161 kfrutra,
231 5082 349 5136 fortasse
360 5083 435 5136 enirn
451 5084 478 5137 in
490 5083 599 5138 talibus·
609 5085 792 5138 accusabatur
807 5103 812 5137 :
834 5102 846 5137 s
860 5087 919 5139 hu·
960 5082 1048 5148 fundi,
1061 5082 1202 5136 itadiceus
1216 5103 1220 5135 :
1235 5101 1247 5134 s
1262 5079 1755 5147 litdaboeiscorunum,ctanirna1n

106 5164 236 5225 ¹erunt
248 5172 332 5227 enirn.
354 5173 454 5242 inquit,
469 5173 503 5226 de
518 5180 555 5231 tc,
569 5173 702 5244 quoniam
721 5175 920 5229 discessionem
960 5188 1057 5237 uirum,
1073 5177 1105 5225 ut
1118 5172 1238 5226 timeant
1249 5190 1293 5226 mo
1308 5173 1445 5227 universis
1464 5173 1571 5232 diebus,
1591 5179 1620 5225 et
1634 5169 1703 5223 bene
1718 5167 1756 5223 sit

105 5258 205 5311 Ques
219 5276 236 5313 a
250 5260 312 5331 iege
323 5262 391 5323 (rtet.
411 5266 478 5329 xm).
492 5284 504 5313 a
517 5262 579 5315 Non
590 5262 807 5323 sicutinimicus,
816 5263 916 5334 inquit,
960 5261 1001 5316 eis
1015 5267 1044 5315 et
1056 5260 1121 5314 tiliis
1131 5277 1228 5315 corum
1243 5268 1398 5332 postesset
1407 5261 1549 5316 t'eriameis
1559 5265 1671 5333 pactum
1679 5274 1755 5312 sern-

99 5348 214 5416 Qque
226 5349 300 5402 sicut
322 5350 420 5415 hostis,
441 5351 490 5404 sed
516 5351 588 5406 sicut
609 5351 716 5406 amicus
732 5352 792 5405 brec
804 5353 894 5407 scribo
911 5371 916 5406 :
959 5352 1111 5423 piternum,
1122 5356 1151 5403 et
1160 5366 1216 5403 non
1225 5351 1352 5405 desinam
1363 5352 1402 5406 eis
1413 5350 1583 5411 benefacere,
1592 5349 1756 5402 uttimurem

99 5432 177 5487 *Qu
191 5436 275 5489 etiam
288 5454 321 5490 ex
336 5439 378 5491 his
392 5456 454 5509 quse
466 5447 624 5510 sequuntur
633 5441 792 5495 ostenditur
806 5459 811 5492 :
830 5443 919 5495 ahur·
960 5455 1053 5493 meum
1066 5436 1137 5491 dabo
1147 5437 1175 5491 in
1191 5439 1276 5492 corda
1290 5455 1399 5505 eorum,
1414 5444 1515 5493 utnon
1531 5438 1696 5493 recedente
1710 5455 1755 5491 me

147 5523 221 5592 plius
235 5531 330 5578 autem
343 5526 478 5596 deprecor
493 5544 540 5582 ros
551 5529 603 5582 boc
615 5528 714 5594 iacere,
732 5536 830 5601 utque
845 5530 920 5584 cele·
961 5530 1026 5596 (ier.
1040 5534 1138 5595 xxxii).
1162 5544 1173 5576 s
1187 5526 1312 5582 Ezechiel
1327 5544 1438 5600 quoque
1455 5547 1460 5581 z
1480 5548 1491 5579 r
1510 5529 1544 5583 Et
1561 5528 1634 5583 dabo
1648 5528 1688 5583 ais
1707 5543 1755 5581 cor

99 5602 107 5639 ²
155 5612 210 5667 rius
223 5612 358 5669 restituar
371 5612 457 5669 vobis.
474 5634 486 5669 s
504 5617 562 5672 iioc
575 5618 651 5675 onim
662 5618 782 5675 nimium
797 5619 919 5677 mantis
959 5633 1072 5681 aarum,
1083 5613 1250 5687 etspiriturn
1260 5634 1363 5675 novum
1372 5618 1495 5675 tribuam
1504 5618 1693 5675 inrisoerihus
1705 5630 1754 5670 oo-
