3772 6120
180 314 235 375 ssu
477 270 1521 403 s.usss'1umos1sacu1nr.uoumrr.ormusseussn.
1769 296 1825 361 sss

179 442 264 499 fl'm
275 437 520 511 &emmonem
533 442 712 499 annumerat,
726 439 757 491 et
771 436 905 492 insistens
923 434 1094 498 iilisAruiea
1107 438 1264 493 &arcetur
1273 437 1382 501 (iiiior.
1391 437 1523 503 xv),curs
1532 430 1825 489 immensissimis

179 532 260 605 ipsis.
272 531 389 592 muer,
407 543 453 595 eqo
467 542 511 580 sue
524 540 581 580 uon
604 527 729 579 arbitror
748 528 981 595 comprehendisse
1020 532 1048 582 et
1063 526 1185 598 aquales
1198 526 1306 596 ungells
1328 524 1416 581 ibctl:
1436 520 1604 596 apprehensi
1628 521 1704 577 s'niln
1723 524 1826 576 sumus

181 621 281 676 adbuc
291 614 736 691 tilteg.)lioseitsqueviatarum
746 615 981 686 nequaquasnde⁴
1020 617 1103 671 rnodo
1117 618 1147 671 in
1160 617 1263 671 timore
1277 628 1329 687 per
1346 614 1441 680 tidem,
1457 619 1526 668 tunc
1549 618 1645 667 autern
1663 609 1826 683 apprehen·

182 709 281 764 iremus
308 706 433 777 sumcere
461 710 599 776 quantum
625 705 686 774 iam
707 704 764 758 iter
793 704 914 774 egimus,
930 704 979 759 sei
1019 707 1168 762 demusin
1189 706 1327 761 chuntate
1348 714 1399 775 per
1426 702 1570 774 speciem:
1591 700 1725 769 Queadiu
1748 702 1824 753 enim

182 802 320 870 quntum
334 800 465 868 superest
478 800 512 849 ut
526 807 705 865 persgarnuu
724 798 759 849 ut
775 793 918 864 paulisper
930 792 981 849 ilat
1019 800 1155 850 sumusiu
1169 810 1289 864 empore
1306 793 1522 863 permffoamar
1534 806 1553 845 a
1563 792 1681 846 limatae
1706 789 1750 855 (li
1760 788 1823 844 Gor.

181 884 440 959 praeoentumquod
456 881 689 938 indesinentsret
705 880 806 937 timide
824 883 917 938 adhuc
936 889 980 938 ut·
1021 890 1124 956 u),per
1139 884 1223 940 ildern
1237 884 1314 938 enim
1333 880 1520 944 ambulemus,
1535 888 1594 934 nou
1616 892 1668 950 per
1687 873 1823 948 speciem.

181 976 310 1032 tonditur
328 972 466 1030 futurum
482 972 610 1043 Amplius
630 972 718 1043 igitur
739 970 875 1027 debemus
894 973 980 1044 inspi-
1021 976 1085 1047 ipss
1099 975 1196 1045 itaque
1204 972 1364 1044 Apostolus,
1375 970 1424 1043 qui
1437 969 1515 1033 dicit,
1532 968 1736 1038 apprehendam
1753 969 1825 1049 sieut

180 1080 245 1122 scre
258 1079 321 1136 quse
333 1062 408 1118 bona
421 1060 542 1117 necdum
554 1060 682 1125 isarnus,
700 1074 785 1132 quum
801 1074 836 1115 ea
852 1076 915 1132 quae
929 1076 980 1117 uos
1019 1066 1204 1135 apprehensus
1213 1050 1285 1128 suat,
1296 1066 1393 1133 aperte
1402 1076 1432 1115 se
1441 1074 1497 1114 non
1506 1055 1728 1130 apprehendisse
1736 1052 1826 1108 coun-

179 1157 240 1227 ism
253 1153 353 1209 ieelim
365 1152 532 1221 gandemus.
555 1151 609 1206 Sed
631 1149 718 1204 haba
734 1150 786 1204 isac
800 1150 925 1205 humana
938 1152 980 1206 in·
1019 1160 1105 1215 setun
1122 1155 1233 1221 tratres,
1241 1151 1396 1222 inqultrpo
1410 1166 1452 1203 urs
1466 1162 1523 1203 nou
1534 1149 1661 1201 arbitror
1673 1142 1827 1214 appretien-

182 1244 303 1298 nemisse
316 1245 473 1313 proprium,
484 1245 517 1295 ut
525 1240 588 1311 plus
596 1239 622 1293 ei
635 1238 738 1293 intueri
747 1236 919 1311 libeatquod
928 1238 982 1295 sibi
1022 1244 1092 1297 iisse
1108 1261 1115 1296 :
1131 1241 1180 1295 sed
1202 1246 1299 1295 umen
1318 1240 1384 1310 quia
1406 1239 1469 1310 ipsa
1487 1252 1551 1309 spes
1578 1246 1612 1289 es
1636 1233 1826 1306 promissione

182 1332 251 1389 insa
266 1331 366 1402 placet,
382 1345 468 1400 quum
492 1328 568 1399 quod
587 1327 640 1381 sibi
654 1326 685 1381 in
700 1341 730 1381 se
744 1328 881 1399 displicet.
898 1328 982 1399 AEger
1021 1338 1099 1386 eertu
1113 1330 1193 1385 nobis
1212 1336 1264 1393 cst,
1284 1340 1349 1384 curn
1367 1328 1489 1382 diceret:
1507 1326 1665 1393 Consepulti
1682 1325 1762 1376 euim
1781 1334 1826 1374 su·

181 1421 287 1493 quippe
295 1416 496 1474 oculuscordis
508 1416 577 1472 dum
591 1416 715 1473 laborem
728 1417 982 1473 inconsideratione
1020 1422 1142 1474 missilis·
1152 1436 1201 1488 per
1220 1420 1389 1488 baptismum
1402 1419 1432 1471 iu
1447 1421 1546 1480 maris,
1561 1411 1709 1485 subiunxit
1721 1415 1752 1465 ei
1765 1408 1824 1464 eit:

181 1522 235 1565 sua
248 1509 360 1575 maurit,
374 1507 455 1579 quasi
469 1506 610 1578 quoddam
616 1512 737 1560 nuatum
750 1506 944 1561 delectationis
952 1506 982 1560 in
1023 1511 1055 1565 iit
1067 1509 1299 1578 quemadmodum
1314 1508 1467 1560 resurrexit
1476 1504 1602 1559 Christus
1615 1516 1633 1556 a
1646 1503 1767 1555 mortuis
1778 1512 1827 1568 per

182 1599 289 1664 mimo,
308 1595 358 1651 ubi
372 1595 495 1651 molliter
509 1596 605 1659 lateat,
623 1595 751 1665 requirit.
769 1596 861 1665 Atque
879 1595 982 1651 idcirco
1021 1601 1142 1667 pluriam
1155 1600 1257 1663 Patris,
1273 1598 1314 1650 ita
1329 1600 1354 1649 et
1370 1610 1418 1649 aas
1428 1597 1460 1648 ia
1475 1595 1595 1647 ueritate
1618 1594 1680 1646 oits
1697 1592 1825 1644 irmbutu-

183 1700 245 1759 quae
254 1685 403 1741 commoda
417 1685 452 1740 dc
466 1685 586 1755 peractis
600 1684 681 1738 bonis
695 1684 733 1739 sit
746 1682 891 1739 assecutus
901 1685 983 1739 intel·
1023 1702 1085 1742 mus
1100 1689 1185 1747 (Ram.
1198 1689 1245 1751 ul.
1264 1684 1449 1739 Ambulamus
1464 1698 1531 1753 ergo
1545 1682 1576 1736 in
1594 1694 1626 1735 re
1644 1678 1760 1741 laboris,
1777 1676 1825 1733 sed

182 1776 256 1847 ligii,
272 1774 321 1831 sed
336 1790 398 1846 qus
418 1774 522 1828 damna
541 1775 576 1828 de
599 1774 734 1843 neglectis
754 1775 860 1845 patitur
879 1775 977 1828 uesoit.
988 1761 1011 1822 B
1022 1776 1052 1831 in
1068 1794 1117 1848 spe
1130 1776 1234 1848 quietis
1250 1794 1256 1827 :
1275 1775 1306 1828 iu
1320 1790 1405 1828 carm
1422 1771 1578 1833 saumatis,
1594 1770 1645 1825 sed
1660 1770 1689 1823 lu
1704 1769 1761 1823 sede
1773 1782 1824 1822 no-

182 1860 352 1935 Pleruntque
366 1864 441 1917 enim
462 1864 515 1916 lsoc
533 1863 601 1917 uitio
615 1869 764 1917 tentanusr
786 1863 872 1917 etiarn
889 1864 980 1929 electi,
1022 1866 1126 1921 uitatis.
1143 1867 1244 1927 (Arni.)
1260 1865 1299 1918 Ex
1313 1862 1522 1934 comparatione
1541 1874 1606 1915 vero
1622 1859 1713 1914 uoluit
1734 1862 1824 1912 omen

182 1955 349 2026 plerumque
358 1968 457 2007 eumin
470 1952 549 2006 cordi
562 1952 724 2022 suggeritur
735 1959 768 2006 ut
778 1952 852 2006 bona
865 1968 983 2024 quaque
1023 1958 1089 2010 dere
1099 1960 1236 2026 quantum
1247 1954 1308 2023 lege
1322 1953 1372 2007 illa
1386 1964 1449 2023 qun
1465 1955 1562 2005 nostra
1575 1952 1643 2003 sunt
1666 1946 1824 2019 praecellitis

180 2042 354 2098 iecerunicd
367 2042 495 2095 animum
508 2048 639 2095 revocent
652 2046 682 2095 et
693 2041 850 2096 somniatis
863 2043 924 2112 jam
933 2043 982 2095 lse-
1022 2045 1161 2110 uidentur‚
1187 2050 1217 2097 et
1242 2042 1375 2113 quonium
1395 2040 1465 2094 dixit
1492 2054 1575 2094 suum
1597 2052 1666 2108 erga
1685 2037 1743 2091 istu
1760 2046 1825 2107 pro·

182 2130 759 2197 titiceisultent,scdslrereelcctiount
778 2129 813 2185 sb
831 2131 982 2202 euinque
1023 2134 1155 2207 positum,
1184 2133 1284 2186 docere
1310 2130 1411 2185 nititur
1432 2130 1544 2200 qualem
1572 2131 1703 2199 oportent
1726 2122 1762 2179 de
1784 2123 1827 2179 liis

182 2220 235 2277 ilbi
249 2220 368 2292 placent,
385 2221 489 2274 mentis
503 2221 599 2275 oculos
613 2220 764 2279 divertunt,
782 2234 895 2274 amnem
910 2218 938 2274 in
951 2230 982 2274 es
1023 2223 1127 2277 unbem
1148 2220 1328 2281 sententiam,
1356 2219 1453 2290 adjicit
1475 2216 1581 2272 etenim
1603 2217 1675 2271 hene
1700 2212 1827 2269 emosti-

181 2310 217 2365 tle
231 2310 353 2382 peractio
364 2308 444 2364 bonis
453 2307 581 2363 laetlilam
596 2309 759 2380 deprimunt
773 2315 802 2363 et
815 2308 850 2362 de
867 2308 910 2362 liis
920 2322 982 2379 qus
1022 2312 1128 2366 tionem
1144 2329 1150 2363 τ
1168 2310 1328 2379 Quintoque
1346 2323 1410 2376 erpo
1423 2308 1536 2377 perfecti
1556 2320 1652 2360 surnso
1666 2306 1828 2358 barsemia

181 2410 213 2455 se
225 2399 320 2455 minus
332 2399 424 2469 egisse
436 2398 599 2469 intelligunt
611 2398 757 2453 tristitiem
770 2399 927 2470 requirunt,
943 2398 984 2453 lu·
1024 2416 1097 2454 mus.
1114 2401 1213 2470 ltaque
1223 2399 1271 2468 qui
1286 2398 1354 2452 illud
1368 2396 1424 2450 frui
1442 2396 1517 2466 quad
1535 2394 1691 2467 perfectum
1705 2396 1749 2448 est
1762 2380 1840 2447 eon·'

181 2488 282 2559 signos
303 2486 495 2553 sentiment,
510 2492 540 2541 ct
554 2502 625 2558 pene
641 2488 694 2541 soll
716 2486 789 2541 bonu
810 2502 863 2541 sue
877 2498 933 2541 nou
947 2487 985 2541 vi·
1025 2489 1204 2561 mpiscitnus·
1220 2489 1279 2543 brec
1293 2486 1426 2541 debemus
1436 2496 1545 2557 sapere,
1560 2486 1644 2557 poirc
1664 2480 1830 2555 actissuis

182 2577 330 2649 ilenuqutc
342 2574 373 2630 ln
386 2588 417 2631 se
429 2575 687 2630 ridendaomnibus
695 2576 732 2630 sd
742 2575 901 2646 exemplum
915 2588 984 2647 prae-
1023 2578 1072 2633 illa
1085 2578 1181 2632 omnia
1193 2592 1255 2648 qua
1266 2579 1332 2632 suni
1345 2575 1513 2646 temporalia
1522 2578 1551 2628 et
1559 2570 1655 2629 sutura
1664 2571 1756 2628 stetui
1768 2570 1830 2626 cun

184 2664 343 2721 inutilius
361 2665 494 2735 estquod
508 2662 983 2736 Paulusdumexpletainseboue
1023 2674 1159 2722 sentanea
1182 2666 1286 2721 sentire
1301 2665 1445 2720 debemus.
1474 2666 1608 2733 Quotquot
1634 2678 1699 2731 erpo
1717 2660 1831 2732 perfecti

183 2758 365 2826 postponeret
387 2760 417 2809 et
434 2754 495 2808 sola
518 2754 610 2808 adhuc
625 2753 735 2824 reliqua
754 2766 816 2825 quae
831 2762 926 2809 essent
939 2760 984 2809 ει·
1023 2772 1130 2823 meuses,
1146 2758 1194 2810 icoc
1204 2758 1360 2825 sapiamus;
1377 2752 1508 2825 (Aug.)ld
1522 2754 1573 2819 cst,
1586 2752 1726 2823 quotquot
1738 2748 1830 2823 peris·

183 2841 288 2914 pianda
304 2841 452 2912 eogitsreu
471 2840 561 2895 dicit:
578 2839 633 2909 lico
653 2858 696 2895 me
716 2856 772 2897 non
795 2843 920 2896 arbitror
937 2858 985 2912 ap
1025 2849 1069 2900 ute
1083 2843 1223 2900 currimus
1238 2845 1290 2898 lroc
1305 2842 1458 2915 sepiamus,
1475 2841 1549 2913 quod
1570 2838 1697 2895 nondum
1717 2836 1880 2912 perietib-

183 2930 442 3001 preiicariisse,l1lue
455 2936 499 2986 est
511 2931 587 3003 quod
601 2937 633 2986 ut
647 2936 780 3002 possetse
789 2932 824 2986 de
833 2930 985 3003 bonisque
1026 2946 1134 2993 sumas.
1148 2939 1180 2988 ut
1190 2933 1248 2987 illie
1258 2932 1439 3005 perlicismur
1452 2940 1507 3003 quo
1523 2928 1645 3003 periente
1659 2925 1754 2984 adhuc
1768 2932 1880 2984 cui—

184 3018 286 3091 ugebnt
309 3020 468 3085 humiliare,
490 3019 622 3075 studebat
636 3021 672 3074 sd
699 3020 826 3075 inimum
845 3021 987 3092 preterita
1028 3022 1126 3089 minus,
1137 3028 1168 3077 ui
1179 3021 1362 3077 cumvenerit
1377 3020 1451 3093 quod
1469 3019 1624 3092 perfectum
1638 3024 1692 3087 est,
1710 3016 1786 3091 quod
1800 3014 1880 3076 t!

185 3110 261 3164 niele
273 3110 408 3164 reducere
421 3108 533 3164 dicens:
547 3111 602 3177 Qui
612 3112 694 3178 prius
710 3112 756 3177 ilci
766 3111 946 3180 blasphemus,
961 3081 1107 3184 rtsspmte
1134 3115 1178 3167 est
1194 3114 1357 3166 destruatur
1379 3111 1406 3179 (i
1427 3111 1487 3165 Cor.
1505 3112 1572 3179 xus),
1588 3109 1617 3163 id
1636 3112 1689 3175 est,
1706 3124 1765 3163 non
1773 3108 1880 3179 tam

184 3202 348 3269 permutor,
360 3204 385 3252 et
400 3201 613 3253 contumeiiosus
627 3198 655 3265 tl
669 3200 739 3253 l'im.
755 3204 783 3263 sl,
803 3199 851 3270 qui
866 3199 920 3255 etsi
933 3199 986 3254 ali·
1027 3210 1061 3256 eu
1073 3206 1153 3273 purte
1167 3201 1214 3266 sit,
1225 3200 1274 3255 sed
1289 3216 1322 3255 es
1340 3203 1410 3267 tcto,
1428 3198 1495 3271 quia
1507 3197 1572 3254 ildel
1587 3198 1616 3253 et
1635 3196 1697 3270 spei
1712 3198 1776 3269 jam
1790 3212 1880 3259 ηε

185 3287 298 3361 quenda
316 3286 518 3342 dimidiatum
528 3290 666 3342 certamen
679 3291 790 3354 certavi,
801 3294 987 3343 arrmmcoir·
1027 3292 1089 3363 ipse
1109 3308 1166 3345 nou
1183 3302 1245 3362 quse
1265 3289 1397 3345 meriatur
1421 3296 1451 3343 et
1473 3288 1612 3360 speretur,
1633 3284 1684 3342 sed
1706 3302 1770 3359 quae
1794 3284 1880 3343 vf-

185 3377 587 3444 commimscuntur
601 3376 900 3446 Tr'm.n)‚lutuendum
909 3392 985 3432 sum·
1027 3380 1129 3435 deatm
1140 3385 1326 3451 teneaturque
1344 3378 1484 3434 succedat.
1504 3376 1757 3444 Chamimaum,
1774 3384 1880 3447 qur-

186 3472 301 3537 mopere
314 3470 366 3532 cst,
383 3465 451 3536 quis
463 3476 497 3520 eo
510 3465 579 3520 illud
591 3466 720 3537 ternpore
735 3464 840 3535 intulit,
857 3482 912 3538 qno
924 3469 985 3539 jam
1025 3470 1055 3525 in
1068 3469 1112 3524 l1ls
1130 3468 1222 3525 tribus
1236 3468 1327 3540 major
1340 3472 1392 3527 est,
1413 3478 1469 3523 uon
1486 3466 1639 3532 nuscuntur,
1661 3464 1711 3520 sed
1731 3476 1880 3537 mugeti

187 3566 220 3609 su
230 3570 347 3626 corpore
356 3555 545 3610 discessurum
554 3570 654 3610 secuse
667 3556 816 3627 coguovit:
831 3556 869 3610 ibl
883 3557 986 3629 quippe
1026 3562 1074 3614 tur
1093 3562 1122 3613 et
1149 3558 1309 3630 impleatur,
1325 3556 1515 3627 contemplata
1541 3554 1616 3627 quod
1646 3549 1781 3609 credebat

188 3643 323 3715 promidi
346 3643 450 3711 dicens,
475 3660 521 3713 epo
541 3647 616 3699 euim
630 3649 692 3713 jain
713 3647 826 3713 deletor,
842 3652 867 3700 et
881 3650 987 3715 tempus
1027 3649 1102 3720 quod
1129 3648 1259 3720 sperabat
1282 3646 1384 3718 adeleia
1406 3646 1553 3717 [indepta]‚
1579 3643 1608 3699 iu
1632 3661 1689 3716 qua
1711 3642 1880 3716 plenitrd

188 3742 253 3788 iiten
267 3736 444 3789 resolutionis
465 3737 561 3789 instat.
583 3734 661 3789 uuus
678 3750 745 3806 ergo
764 3735 799 3790 ad
821 3736 987 3790 memoriam
1027 3738 1093 3791 dine
1120 3737 1265 3791 eharitatis
1291 3740 1461 3809 praeceptum
1484 3733 1553 3789 illud
1579 3730 1767 3806 implebitur:
1788 3735 1872 3791 [1

188 3822 387 3895 periosttonem
400 3822 512 3878 induxit
529 3824 631 3895 operis,
648 3840 712 3879 cum
724 3825 784 3896 jam
805 3822 987 3896 praevidltud
1032 3829 1098 3895 iiprs
1114 3826 1264 3880 Dominum
1278 3824 1364 3880 liettm
1381 3831 1461 3879 terreus
1475 3840 1507 3878 ca
1523 3830 1575 3878 toto
1591 3824 1670 3878 cortic
1686 3824 1742 3890 trra,
1764 3820 1789 3877 it
1868 3832 1880 3873 ⁴.

188 3912 328 3982 largitatis
334 3913 457 3984 spatium
463 3911 990 3985 minimesubessetempusoperatiouis
1032 3922 1087 3970 toto
1101 3918 1200 3970 anieno
1210 3918 1268 3981 ica,
1285 3918 1310 3968 ct
1323 3930 1355 3968 ca
1368 3918 1424 3968 tota
1442 3920 1531 3968 iurato
1546 3916 1604 3968 tua
1622 3913 1698 3968 Nain
1712 3924 1778 3968 cum
1791 3928 1836 3967 Β

227 4003 317 4055 Unum
329 4007 421 4055 cutem
435 4016 495 4070 qua
503 4003 614 4070 quidem
625 4006 774 4056 retroeunt
784 4002 990 4067 obliviscerisne!
1031 4002 1234 4075 adhucaliquid
1244 4000 1602 4074 carnaliscoucupiscentlre
1612 4003 1688 4073 quod
1696 4000 1880 4057 velcon

190 4098 358 4157 ciceroque
368 4094 434 4143 sust
445 4092 696 4157 prioraesteudens
707 4107 759 4155 ms,
775 4093 812 4144 ad
821 4093 990 4145 destinatum
1030 4093 1122 4148 nendo
1135 4092 1270 4159 incitetur,
1287 4108 1342 4146 non
1364 4092 1524 4146 omnimodo
1544 4106 1576 4144 cs
1599 4096 1660 4145 toto
1679 4088 1777 4146 anima
1792 4112 1808 4141 e

188 4178 394 4248 persequentia
421 4178 549 4232 meamea
568 4194 693 4246 superae
717 4182 865 4233 curationis
885 4181 934 4233 liei
959 4182 992 4233 iu
1032 4182 1130 4253 ligitur
1142 4182 1241 4237 Deus:
1266 4196 1323 4235 non
1341 4180 1496 4235 enimuero
1514 4180 1687 4235 sincanima
1705 4180 1793 4236 concis
1807 4172 1880 4235 ,ὲ

191 4266 298 4322 utrum
315 4269 389 4322 issu.
410 4266 512 4336 (rimb.)
526 4266 662 4321 liiiectum
681 4283 727 4323 me
745 4268 882 4323 veraciter
902 4270 992 4341 peric·
1031 4271 1095 4339 scit,
1110 4270 1237 4342 quamvls
1251 4286 1316 4325 caro
1332 4272 1528 4341 concupiscere
1542 4268 1673 4324 dicatur:
1693 4268 1762 4343 quis
1774 4282 1810 4324 rs
1821 4284 1880 4322 τη

190 4362 267 4413 emin
281 4357 512 4428 nouptoenuntia
523 4354 643 4411 necdum
658 4357 734 4412 enim
744 4356 914 4413 inis-uitione
927 4375 991 4415 eon·
1030 4360 1133 4416 naliter
1145 4360 1240 4415 anima
1252 4360 1431 4432 concupiscit.
1439 4360 1517 4415 ‘lunc
1532 4358 1586 4413 crit
1594 4360 1690 4429 justus
1702 4354 1766 4415 sine
1776 4356 1880 4425 ,Δ

189 4446 382 4502 sistailloriim
397 4452 459 4518 quse
476 4446 675 4518 inspiciantur
689 4466 696 4515 ς
710 4450 807 4502 minen
821 4448 912 4503 sciens
925 4440 1144 4505 illo-Domnluo
1158 4455 1281 4521 peccato,
1300 4448 1366 4520 quia
1387 4449 1465 4503 nulla
1492 4448 1535 4502 lex
1564 4447 1618 4503 erit
1646 4447 1676 4502 in
1698 4446 1877 4509 memb-nir

189 4540 254 4591 ium
268 4536 493 4608 magnitudinem
505 4538 631 4591 vetemus
646 4535 771 4592 omnium
791 4536 897 4593 nullam
917 4538 989 4594 tucio
1030 4540 1091 4610 ejus
1110 4548 1271 4611 repugnans
1294 4536 1349 4608 legi
1373 4537 1476 4593 mentis
1488 4536 1558 4609 ejus,
1580 4536 1629 4591 sed
1648 4536 1853 4608 prorsusioc

190 4625 338 4693 ustionem,
354 4611 390 4681 titi
408 4626 523 4698 plisnam
541 4624 590 4680 ills
608 4624 740 4681 obliuioni
760 4626 885 4695 tradens,
900 4628 935 4683 ad
948 4628 990 4685 llu-
1030 4628 1122 4697 corde,
1137 4630 1198 4682 tota
1216 4628 1319 4693 aniius,
1340 4634 1400 4682 tota
1421 4630 1514 4682 mente
1529 4624 1623 4697 diligit
1640 4627 1742 4694 Deum,
1758 4624 1842 4701 quod

189 4718 255 4767 tusi
282 4716 348 4767 veto
374 4718 403 4769 et
427 4730 489 4787 quoe
504 4718 702 4787 eispectsntur
723 4732 817 4771 meum
836 4718 989 4790 cogitatum
1030 4723 1074 4772 est
1100 4718 1222 4790 primum
1250 4732 1448 4788 summumque
1480 4718 1660 4786 preceptum.
1677 4716 1735 4770 Cur
1766 4730 1824 4791 erge

189 4800 317 4867 extendo,
333 4808 420 4856 unam
433 4803 540 4859 babens
554 4804 738 4861 intentionem
752 4806 788 4861 ad
805 4806 989 4880 quamrespl-
1030 4822 1087 4862 non
1115 4807 1312 4879 praeciperetur
1336 4805 1458 4860 hominis
1485 4803 1541 4859 ista
1566 4802 1709 4876 perfectio,
1735 4820 1822 4877 quun.
1871 4878 1877 4883 -

189 4889 275 4956 cleris,
294 4889 390 4944 omitia
410 4906 464 4961 ago
490 4892 531 4948 lta
557 4898 590 4947 ut
612 4910 747 4966 assequor
760 4895 905 4966 proposita
918 4896 988 4952 mihi
1028 4896 1142 4952 vlseam
1161 4896 1190 4951 in
1209 4896 1261 4951 hae
1278 4894 1336 4950 uita
1358 4910 1441 4949 uerno
1455 4892 1576 4948 habenti
1590 4894 1652 4948 Non
1667 4892 1744 4948 euim
1759 4896 1824 4960 rectu

189 4978 306 5050 prumia
332 4977 362 5033 in
389 4994 512 5050 superus
530 4983 684 5049 vocatione,
704 4988 737 5039 ut
753 4982 829 5039 dicat
846 4986 987 5041 calestem
1028 4986 1151 5041 curritur
1165 4984 1188 5040 sl
1204 5001 1258 5057 quo
1272 4985 1441 5040 currendum
1455 4988 1498 5039 est
1511 4983 1651 5038 nescietur
1668 5001 1673 5035 :
1692 4982 1824 5054 quomodo

187 5067 438 5124 commuttionem
465 5066 608 5140 adquam
633 5079 666 5128 ut
688 5086 874 5145 assequamur
891 5091 989 5133 omnes
1029 5082 1124 5131 autem
1148 5076 1268 5130 sciretur
1288 5075 1312 5130 si
1336 5072 1420 5130 nullis
1446 5070 1592 5145 praeceptis
1615 5068 1827 5137 ostenderetur?

187 5160 287 5212 sumus
302 5156 403 5226 teau,
427 5157 548 5212 undeet
569 5172 689 5232 regnum
706 5162 811 5217 dicitur
829 5162 985 5220 coelorum:
1029 5166 1062 5218 lit
1076 5166 1184 5232 siquid
1202 5166 1284 5219 atiud
1295 5166 1392 5233 sapitis
1406 5168 1430 5216 rt
1447 5165 1496 5216 irae
1510 5160 1582 5216 satu
1600 5160 1670 5215 cau
1688 5160 1825 5226 revelarit,

187 5246 368 5316 mumoniae
388 5245 464 5302 enim
483 5244 638 5320 incorrupti
658 5257 686 5305 et
701 5252 873 5307 irnmortalcs
889 5252 919 5307 in
934 5268 989 5310 cus·
1030 5253 1133 5321 lumb„
1151 5254 1235 5324 ling.)
1253 5252 1364 5307 Etenim
1378 5252 1402 5305 si
1421 5251 1561 5306 nescimus
1583 5257 1722 5321 quantum
1736 5249 1831 5317 futuis

186 5330 251 5388 lesit
259 5342 433 5392 minutorum
445 5334 600 5392 secundum
613 5336 710 5394 datum
724 5339 804 5395 uobis
818 5342 988 5412 promissum
1030 5348 1058 5397 et
1071 5342 1167 5413 qualia
1186 5341 1252 5403 sini,
1268 5342 1316 5395 sed
1339 5340 1408 5412 ipsis
1435 5339 1518 5395 rebus
1542 5337 1622 5394 uobis
1646 5338 1695 5393 illa
1707 5340 1833 5406 ostendit

186 5426 342 5494 sperimus.
376 5426 469 5495 tice.)
500 5426 579 5481 Nova
604 5442 670 5498 ergo
694 5426 752 5484 ulta
782 5428 812 5485 ln
836 5428 891 5485 fide
914 5444 989 5487 nunc
1029 5430 1113 5486 Deus.
1130 5430 1160 5486 Sl
1171 5430 1201 5486 in
1212 5446 1267 5503 quo
1280 5430 1457 5503 pervenimus
1471 5428 1500 5483 in
1523 5444 1556 5483 eo
1571 5426 1760 5495 ambulemus,
1775 5436 1834 5497 non

185 5510 334 5567 mahom
359 5519 390 5569 et
418 5515 481 5587 ipsa
506 5514 625 5588 genens.
655 5517 729 5572 Nam
745 5525 814 5575 tunc
844 5518 900 5575 erit
924 5536 988 5576 cum
1029 5521 1120 5575 solum
1134 5518 1209 5591 quod
1223 5519 1362 5574 sacimas
1378 5522 1407 5574 et
1420 5520 1491 5574 scire
1511 5516 1656 5586 debemus,
1671 5512 1722 5571 sed
1745 5512 1834 5585 'e'tlsni

184 5599 989 5675 annumerantuucioraenniuaucsoumctsr·
1027 5606 1136 5682 siquid
1155 5609 1240 5666 alita
1256 5608 1408 5682 sanamus,
1428 5606 1504 5666 idem
1524 5618 1637 5683 quoque
1654 5606 1739 5665 uobis
1756 5606 1836 5677 nem
