3772 6120
72 314 125 371 Μ
299 309 587 368 summnouutr
604 310 644 367 ut
663 310 740 368 BPP.
760 309 869 367 ruunt
888 311 956 367 utu.
977 310 1103 367 31η-
1118 311 1158 368 ΙΝ
1178 312 1288 368 seur.
1309 314 1336 370 il
1354 314 1402 370 nil
1422 315 1502 371 COR.
1663 313 1716 376 m

73 438 154 511 pisis·
173 438 387 493 munierum
403 438 487 491 uenis
501 439 643 493 enoribm
661 439 825 505 iiunnsbat,
845 439 1009 501 uticensis
1021 439 1270 511 obiemssumpurs
1281 441 1421 503 smnus,
1439 457 1474 496 ne
1494 447 1524 495 et
1546 444 1718 515 pseudoapo-

71 529 163 598 aliqui
171 528 301 580 inmisit
311 527 561 597 pseudoapostolis,
574 528 689 598 quidem
698 529 738 581 eis
748 546 766 581 a
775 528 876 598 quibus
916 529 1104 581 smlissimilis
1113 530 1294 596 inueniretur,
1302 531 1412 600 quinon
1421 531 1584 601 adglorians
1595 532 1656 600 Dei,
1666 535 1715 587 seri

70 615 349 687 comparuissetis
368 615 470 668 mers
492 615 647 670 sufficiant
665 633 728 687 qun
747 617 782 670 nli
800 619 875 686 lipo-
915 618 1042 671 sdsuam
1055 618 1207 671 utilitatem
1218 618 1415 688 predicabant,
1429 627 1526 674 utnon
1543 622 1717 676 occasionem

68 706 145 759 stole
167 704 330 767 adierant,
359 703 409 757 ulii
444 711 541 758 sutem
571 706 706 776 spesteiis
733 703 873 769 furebant,
915 706 1283 776 meiperentdepnsdsndi3
1299 708 1354 763 alic
1369 709 1446 762 enim
1470 723 1526 762 non
1552 710 1715 780 aenipiurte,

69 795 141 865 quia
152 810 221 847 ωι
240 793 361 847 Domini
379 791 500 856 suunt
522 795 680 864 apostolum
698 804 782 848 num
801 794 875 847 Pan-
915 810 972 848 non
1001 800 1093 864 potest
1121 795 1194 848 alter
1216 798 1338 851 multum
1361 798 1501 868 expetere,
1527 804 1558 852 ot
1580 814 1616 852 ns
1638 799 1717 869 rigor

71 885 131 937 lum
146 881 349 947 debunt&
364 881 434 951 quis
446 882 476 935 iu
487 896 646 937 eumenen
665 882 765 937 viderit
779 882 874 936 lierni·
914 883 1082 953 emrrgeiiee
1097 885 1243 955 potestatis
1259 891 1447 957 torpesceret,
1464 887 1511 956 qui
1528 887 1604 940 enim
1618 904 1636 940 e
1651 902 1716 957 pec»

73 988 152 1025 num.
914 972 1044 1026 artubus
1058 973 1168 1042 accipit,
1180 975 1317 1042 urguendi
1332 975 1530 1029 auctoritatem
1544 976 1660 1029 nntittit.
1670 977 1716 1030 Sic

109 1062 248 1114 murno
262 1062 336 1112 esim
353 1075 395 1112 me
411 1060 483 1112 aruit
501 1063 596 1112 utr'nns
618 1061 708 1126 seeism
729 1076 747 1112 o
767 1065 875 1127 inspius
915 1076 983 1128 ergo
997 1063 1166 1119 estimetur,
1183 1077 1246 1115 curn
1261 1063 1323 1116 iden
1337 1063 1372 1116 aii
1386 1065 1428 1117 eis
1447 1079 1503 1117 non
1524 1065 1668 1135 accipitur,
1684 1071 1716 1119 ut

70 1149 214 1217 «fastais.
233 1149 298 1201 Non
317 1147 376 1200 ruit
389 1148 512 1217 gratiam
523 1147 574 1201 Dei
583 1147 745 1201 inferiorum
755 1149 876 1202 inseri·
914 1150 1036 1219 correpti
1057 1151 1252 1208 emendentur,
1276 1168 1294 1204 u
1318 1158 1408 1204 morte
1432 1153 1530 1206 eleruti
1557 1155 1592 1206 ad
1618 1155 1712 1207 vitam.

72 1238 145 1300 deri,
160 1238 232 1307 quis
246 1236 482 1290 similiterdocuit
494 1244 525 1288 et
540 1236 638 1290 andern
661 1236 735 1302 ierit,
752 1252 814 1306 quas
836 1238 875 1291 is·
915 1239 993 1291 Atius
1007 1242 1132 1292 crete-sios
1147 1243 1296 1306 eremitati
1306 1244 1442 1308 emriu'eur
1452 1244 1588 1309 stipiendio
1608 1245 1646 1296 od
1660 1247 1714 1295 mi-
1774 1275 1778 1292 .

70 1326 187 1380 debut
200 1325 321 1395 spostoli
342 1324 393 1394 qui
407 1324 603 1394 propensione
616 1324 792 1390 ridebantur,
807 1326 875 1396 quis
916 1329 1063 1380 nisterium
1077 1333 1313 1393 sesrrsmermm
1323 1344 1404 1382 essem
1417 1332 1491 1397 misti
1504 1345 1549 1383 eos
1562 1336 1586 1383 et
1598 1345 1711 1398 spemin,

71 1416 183 1486 primus
201 1418 346 1485 τωρωι
363 1414 464 1467 docem
478 1421 510 1467 et
532 1413 645 1467 fuerant
658 1429 725 1468 eum
744 1414 872 1469 Domino.
916 1418 992 1469 sulii
999 1430 1128 1469 errorores
1141 1419 1194 1483 (ui.
1206 1417 1416 1470 Ostenditenim
1427 1432 1482 1471 nun
1492 1419 1583 1472 sitium
1592 1420 1715 1473 noluisse

73 1504 155 1558 Unde
165 1503 283 1572 majoris
293 1501 469 1556 suemrimus
484 1518 545 1554 esse
560 1501 740 1572 putabuntur,
751 1504 875 1556 eumhu-
914 1518 945 1556 se
959 1503 994 1556 ab
1008 1504 1050 1557 eis
1065 1504 1200 1574 accipere,
1217 1506 1264 1558 sed
1281 1513 1310 1558 et
1331 1506 1366 1559 ab
1380 1506 1442 1561 aliis
1458 1508 1606 1577 accepisse,
1621 1515 1651 1562 et
1674 1509 1715 1562 eis

71 1595 119 1663 ins
133 1592 264 1662 Apostoli
278 1591 378 1644 eiectio
387 1606 453 1644 mm
466 1590 628 1644 testimonio
649 1591 696 1656 sit,
711 1591 875 1661 etamplius
916 1592 1099 1655 ministrasse,
1117 1599 1145 1646 et
1159 1599 1192 1647 ut
1208 1594 1328 1648 multum
1343 1595 1394 1648 iios
1408 1596 1540 1649 ostendat
1552 1595 1646 1663 luisse,
1658 1611 1714 1651 non

72 1682 184 1735 oeturis
199 1679 378 1744 laboraverit,
395 1688 424 1732 et
442 1679 594 1733 Dominum
616 1679 647 1732 iu
663 1681 769 1750 tumme
790 1696 875 1734 orans
915 1696 1025 1751 perum,
1040 1682 1082 1735 ait
1098 1701 1103 1733 :
1120 1683 1198 1736 Atini
1217 1687 1365 1751 currulium?
1388 1688 1511 1738 marrier
1533 1687 1570 1738 od
1589 1689 1715 1739 miiaiin»

74 1771 187 1833 uiderit,
202 1774 233 1823 et
246 1770 358 1822 iocrrtm
373 1768 411 1822 sit
424 1768 460 1821 ei.
476 1769 509 1821 iit
528 1771 552 1820 ιι·
571 1772 717 1837 impuritas
739 1784 871 1832 seruiens,
886 1767 996 1829 Briuru
1011 1776 1142 1824 uertitur.
1158 1772 1221 1824 Non
1237 1788 1323 1842 parvo
1335 1787 1403 1842 erpo
1417 1773 1557 1842 significat
1577 1789 1607 1826 se
1624 1774 1653 1828 in
1667 1789 1715 1828 eos

72 1861 185 1912 raison
199 1861 326 1911 mmm.
339 1857 397 1911 iioc
407 1872 463 1910 non
473 1857 507 1909 ud
517 1857 659 1926 spostolus
668 1858 799 1927 pertinet,
810 1858 878 1927 quia
917 1858 1087 1926 impendisse
1102 1877 1107 1910 :
1124 1875 1188 1913 cum
1202 1861 1278 1914 sirim
1293 1861 1370 1925 dicit,
1388 1865 1546 1930 exspoliari,
1563 1864 1653 1917 multu
1670 1879 1714 1917 uo

71 1963 128 2000 non
145 1953 230 2000 erant
241 1946 417 2015 eloquentes,
430 1950 462 1999 ut
472 1952 541 2015 puts
550 1945 612 1999 sine
621 1946 733 2008 litteris,
747 1947 821 2016 pieni
836 1953 877 2000 ta-
916 1952 998 2015 cepta
1009 1952 1040 1999 et
1052 1947 1120 2001 date
1129 1948 1278 2018 significat,
1291 1965 1347 2003 non
1359 1956 1488 2004 extens:
1503 1952 1577 2005 unde
1591 1951 1713 2021 subiicit,

73 2053 139 2089 men
153 2041 254 2089 musto
268 2035 387 2105 Spiritu,
399 2034 449 2088 sed
467 2035 518 2087 hos
541 2034 641 2104 tangit,
657 2052 727 2105 quos
747 2035 876 2105 praeiere-
915 2041 1030 2104 accepto
1050 2037 1199 2106 stipendio,
1216 2038 1387 2108 stipendium
1402 2039 1477 2092 enim
1492 2041 1622 2110 estquod
1639 2042 1714 2094 mili·

72 2124 296 2178 buntCerintirii
309 2124 530 2177 eauseaeoerati
544 2124 691 2183 sermonis,
709 2139 772 2177 cum
787 2124 816 2177 in
831 2140 876 2178 re-
916 2130 980 2176 tans
995 2125 1094 2194 accipit
1118 2127 1302 2196 adsumptus
1324 2128 1381 2180 rios
1403 2128 1547 2182 mercedis.
1575 2129 1713 2182 Rubmum

73 2215 179 2283 [igione
195 2214 239 2266 ris
252 2213 393 2266 sermonis
407 2213 565 2266 necessaris
577 2212 624 2277 sit,
640 2227 698 2266 nou
710 2228 797 2267 soum
810 2213 875 2267 dui·
916 2226 983 2282 erqo
1011 2213 1129 2267 incussit
1147 2215 1197 2279 eis,
1219 2217 1285 2284 quia
1306 2232 1362 2269 non
1381 2217 1478 2286 utiquc
1497 2217 1560 2270 doio
1572 2218 1713 2283 retulerit,

73 2303 121 2356 cis.
139 2302 289 2366 Quomodo
303 2305 401 2354 tamen
421 2318 451 2355 se
472 2300 604 2354 humiliat
621 2306 654 2355 ut
668 2301 832 2371 imperitum
845 2319 876 2356 se
916 2302 1028 2371 quondo
1044 2303 1104 2371 ipse
1118 2304 1159 2355 eis
1175 2303 1354 2368 ministrarit,
1370 2309 1398 2356 et
1414 2311 1445 2357 ut
1458 2320 1509 2374 per
1524 2305 1575 2358 hoc
1591 2306 1716 2359 ministe-

74 2409 134 2444 esse
149 2392 229 2444 dicat
238 2391 268 2443 in
278 2405 419 2455 sermone,
435 2395 464 2443 et
479 2389 526 2444 ubi
541 2396 584 2443 est
596 2390 675 2455 iliud,
692 2390 766 2461 qnod
777 2391 876 2445 Festus
917 2390 1001 2452 rium,
1014 2391 1088 2460 quod
1104 2392 1291 2460 promiserant
1305 2392 1412 2445 iaciiins
1426 2393 1584 2462 implerent,
1598 2394 1716 2447 mentes

73 2482 112 2534 sit
129 2499 135 2532 :
152 2483 251 2546 huie,
266 2479 369 2549 inquit,
384 2481 476 2541 Paule,
495 2483 589 2532 inuitur
601 2482 700 2533 littere
724 2485 748 2531 te
766 2481 876 2546 sumunt
916 2495 946 2531 se
962 2495 1022 2533 esse
1038 2479 1188 2545 debitores,
1205 2486 1237 2533 ut
1260 2496 1316 2533 nou
1335 2481 1414 2534 vaide
1430 2484 1489 2551 jam
1507 2482 1661 2550 gloriomm
1679 2484 1717 2536 sit

72 2576 209 2622 κάονται
229 2568 415 2637 [emordemit
430 2570 498 2634 (Art.
514 2570 602 2636 xxrr.)
619 2568 677 2620 Hoc
695 2583 762 2636 erno
780 2567 876 2621 dicens
917 2567 1107 2621 ministerium
1121 2584 1230 2634 eorum,
1247 2569 1296 2622 sed
1309 2568 1445 2634 debitum,
1458 2585 1492 2623 ne
1502 2570 1545 2623 rei
1558 2571 1622 2624 inde
1633 2583 1662 2624 se
1674 2573 1716 2640 jn·

74 2657 260 2728 eonseloqni
272 2657 379 2710 nescire
395 2657 484 2710 roiuit
494 2656 629 2725 inteiligi3
646 2656 694 2709 sed
704 2661 876 2727 proptersos
916 2662 1035 2709 clarent.
1056 2658 1087 2710 iit
1109 2674 1171 2710 curu
1190 2673 1281 2722 essem,
1306 2658 1404 2728 inquit,
1433 2661 1507 2727 opud
1531 2676 1583 2713 ror.
1606 2665 1629 2712 et
1652 2672 1713 2713 coru

73 2747 119 2816 qui
131 2763 190 2800 non
206 2762 260 2816 per
274 2746 369 2811 iidmn,
381 2745 430 2798 sed
451 2760 501 2815 per
524 2745 711 2814 eloquentium
735 2761 876 2798 oommen-
916 2760 1021 2811 eperrru
1031 2748 1107 2798 uuiti
1116 2760 1245 2799 unverorus
1255 2748 1309 2813 fui,
1321 2747 1350 2800 in
1357 2748 1517 2801 tantumeis
1527 2750 1662 2817 prolicere
1671 2764 1716 2802 ro

73 2835 133 2888 dari
148 2834 293 2899 uolebant,
310 2840 339 2889 et
354 2835 382 2887 in
398 2850 432 2887 eo
446 2839 542 2887 tamen
556 2833 626 2886 dixit
646 2849 677 2885 ss
701 2832 874 2903 imperitum,
917 2833 979 2898 luit,
987 2839 1020 2886 ut
1029 2839 1183 2902 egestatem
1195 2849 1273 2888 suam
1289 2837 1481 2890 consolaretur
1494 2843 1608 2907 propter
1618 2853 1715 2891 eorum

75 2925 147 2994 quod
162 2940 223 2978 non
237 2923 324 2977 habet
338 2923 455 2976 emman.
473 2923 505 2975 lu
520 2938 553 2975 eo
569 2927 664 2975 nutem
677 2922 753 2992 quod
764 2937 820 2975 non
834 2937 877 2975 eu-
918 2922 1037 2975 suiutem
1047 2941 1052 2974 :
1062 2923 1715 2992 passusenimegestutemcontentusfuit,ncilli

76 3017 116 3066 ru
129 3013 262 3072 erimine,
279 3019 309 3065 et
322 3011 444 3082 acquirit
457 3010 587 3070 sulutem,
598 3026 654 3064 non
670 3027 700 3064 se
714 3011 876 3081 imperitum
917 3011 1030 3079 aliquod
1041 3011 1203 3065 scandalum
1219 3016 1399 3082 paterentur:
1416 3013 1463 3083 qui
1478 3015 1554 3067 enim
1574 3015 1623 3068 dat
1637 3019 1717 3084 putet

76 3101 281 3172 pronuntiarit,
304 3101 369 3172 quis
391 3100 439 3170 qui
459 3099 607 3170 imperitus
626 3105 670 3153 est
689 3100 718 3153 in
735 3102 946 3166 sermone‚(1se
959 3100 1085 3160 exultari,
1103 3103 1200 3170 etjam
1215 3117 1270 3155 non
1284 3119 1314 3154 se
1329 3103 1436 3171 patitur
1449 3103 1538 3172 argui.
1559 3104 1631 3157 Num
1645 3106 1717 3171 queri

77 3207 138 3245 reus
149 3207 210 3244 non
223 3196 270 3244 est
284 3190 358 3259 apud
369 3189 468 3250 Deum,
486 3188 534 3259 qui
554 3195 649 3242 autem
664 3188 812 3242 scientiam
827 3189 876 3241 Dei
920 3189 989 3241 ririiu'
1003 3190 1094 3242 deerat
1109 3194 1302 3257 suppleverunt
1317 3194 1428 3257 fratres,
1440 3196 1490 3259 qui
1497 3199 1652 3246 ueneruntrr
1661 3191 1717 3246 iio·

77 3297 129 3334 non
141 3280 238 3340 habet,
251 3278 552 3347 reuseitignorantin,
563 3277 697 3348 quianon
715 3277 781 3331 licet
796 3277 877 3346 igno-
918 3278 1039 3330 econio.
1056 3279 1080 3330 Α
1094 3277 1291 3332 Macedonibus
1304 3295 1416 3348 semper
1425 3280 1541 3350 accepit,
1556 3282 1623 3350 quie
1637 3282 1716 3351 prius

77 3385 145 3430 rure,
164 3369 289 3422 maxime
303 3367 377 3436 quod
392 3367 513 3437 pertinet
531 3367 566 3420 ad
587 3366 717 3420 salutem.
735 3365 877 3430 Quamob-
918 3365 984 3418 vitia
1007 3382 1059 3419 sna
1076 3372 1270 3427 correxerunt:
1286 3375 1315 3420 et
1337 3368 1409 3421 sieut
1428 3386 1445 3421 n
1465 3357 1627 3423 Corinthiis
1643 3370 1714 3424 seci-

77 3475 133 3511 rem
142 3456 308 3528 Apostolus,
320 3461 415 3526 spreta
425 3455 593 3525 eloquentia,
606 3455 633 3509 id
644 3454 754 3524 egebat,
766 3459 799 3508 ul
810 3455 878 3509 iides
918 3454 1052 3524 piendum
1067 3471 1124 3508 non
1139 3462 1209 3518 erut,
1218 3472 1253 3509 ne
1263 3456 1319 3509 illis
1329 3457 1357 3509 in
1372 3458 1534 3511 srnudaium
1550 3461 1697 3529 proliceret
1709 3479 1714 3522 ,ς

77 3552 145 3600 teste
160 3547 269 3599 virtute
288 3544 466 3614 acceptabilis
484 3550 567 3605 esset,
589 3551 621 3598 ut
643 3560 699 3596 non
721 3543 805 3596 iidem
823 3544 878 3597 olo-
918 3543 1069 3597 siciturum
1080 3542 1305 3598 aliaeedonibus
1317 3546 1508 3614 accipiendum
1520 3547 1716 3611 emanatione

77 3636 192 3706 quentia
214 3633 434 3695 commendaret,
459 3634 508 3686 sed
532 3634 629 3698 virtus,
654 3632 699 3685 eui
723 3632 796 3685 cedit
819 3633 877 3686 alo·
918 3632 1091 3686 seminantes
1103 3633 1225 3686 ferretum
1235 3634 1406 3687 aruitterunt.
1423 3636 1456 3687 lr't
1471 3639 1502 3687 iu
1516 3637 1644 3687 orririibur
1658 3639 1717 3688 tine

76 3724 203 3794 quentis.
220 3724 255 3776 Ia
270 3723 399 3775 cornibus
413 3727 506 3775 eutem
524 3724 689 3788 rrioar'sestus
712 3736 774 3774 sitin
793 3723 874 3775 eolis.
918 3737 998 3774 oriere
1014 3737 1055 3773 rue
1067 3723 1140 3773 uoltis
1154 3724 1260 3774 serrari
1275 3728 1298 3773 ei
1313 3724 1432 3775 serneio.
1447 3723 1478 3775 iu
1493 3739 1526 3775 eo
1541 3739 1570 3775 se
1584 3736 1715 3792 permun-

77 3813 257 3868 iiuniiesturn
266 3828 296 3865 se
306 3810 374 3864 dicit
384 3826 444 3864 esse
453 3809 606 3865 Corinthiis
615 3810 645 3863 in
659 3809 798 3876 omnibus,
811 3810 878 3880 quin
918 3824 1016 3863 surum
1030 3809 1106 3863 dicit.
1124 3813 1156 3863 ut
1170 3810 1194 3862 si
1208 3824 1237 3862 se
1252 3810 1404 3878 corrigant,
1417 3816 1532 3880 propter
1541 3811 1715 3881 pseudoape

76 3918 128 3956 non
145 3899 317 3972 ignorabant
337 3899 424 3953 etism
443 3899 575 3968 loquendi
595 3898 698 3952 hebere
711 3899 789 3953 iliam
807 3899 877 3968 peri·
919 3898 1014 3958 stolos,
1032 3897 1078 3968 qui
1094 3898 1267 3952 occasionem
1282 3897 1445 3967 querebant
1460 3899 1638 3968 deprendendi
1658 3913 1714 3953 eos.

15 4029 17 4032 ψ
74 3992 152 4047 tiam.
181 3998 212 4044 et
234 3991 288 4043 lroc
312 3989 432 4043 seientes
458 3988 505 4041 alii
533 3986 664 4041 favebant
690 3988 719 4040 in
750 4004 791 4052 eo,
823 4000 877 4057 quo
920 3987 1716 4059 (drenlpsnscmusergesipossumus,Paniusapostolus,

75 4079 160 4134 istum
172 4078 336 4132 inferiorem
351 4075 521 4139 nesciebant,
532 4076 650 4146 ideoque
668 4081 824 4129 commotus
840 4077 878 4128 io·
919 4077 965 4145 qui
992 4081 1099 4128 tantum
1122 4075 1231 4145 patiens
1260 4076 1333 4129 inter
1360 4084 1560 4147 persecutores,
1581 4084 1717 4148 quantum

76 4170 181 4239 quitur,
194 4165 327 4237 quiahoc
339 4166 498 4236 pejuserut,
510 4172 542 4219 ut
557 4179 621 4218 cum
636 4164 739 4217 scirent
752 4164 832 4217 illum
848 4165 877 4218 in
919 4171 1083 4219 rriansuetus
1097 4164 1169 4217 inter
1183 4165 1333 4234 discipulos
1352 4166 1446 4232 inerit,
1458 4174 1533 4221 certe
1551 4167 1718 4221 Corinthum

77 4257 150 4311 sulio
166 4257 277 4319 deesse,
291 4254 473 4308 humiliarent
489 4253 568 4307 ilium
588 4253 704 4315 solerie,
717 4267 780 4307 otuu
795 4253 878 4306 vidis·
919 4253 1032 4306 veniens
1053 4253 1088 4306 ab
1109 4253 1248 4307 idolorum
1272 4255 1383 4308 servitio
1408 4257 1567 4309 Corinthios
1591 4257 1715 4321 retruxit,

77 4353 136 4401 sent
154 4361 207 4415 per
227 4360 294 4397 eum
316 4358 371 4396 non
391 4342 482 4396 solum
504 4341 617 4411 impleri
640 4340 876 4410 predicationem,
920 4342 982 4412 quis
1005 4349 1080 4395 esset
1102 4358 1184 4395 verus
1207 4344 1281 4396 Deus
1304 4344 1434 4404 innotuit,
1457 4352 1567 4397 eterne
1593 4345 1633 4396 eis
1656 4345 1717 4397 vitm

76 4435 121 4488 sed
136 4435 222 4504 signa
236 4449 268 4485 uc
284 4431 411 4500 prodigia
426 4430 486 4484 sieri
501 4430 662 4500 apostolica.
680 4431 734 4482 Atti
749 4409 1022 4499 riuuqtrldDgaudia
1048 4431 1217 4500 predicavit,
1233 4438 1339 4484 etcum
1357 4447 1486 4499 inagnum
1510 4431 1717 4484 multitudinem

76 4529 218 4592 mutum
230 4522 284 4588 seri
292 4523 426 4588 meipsum
436 4521 600 4582 iiuruilions,
613 4521 877 4572 trtuoseooltemiai.
920 4520 1015 4590 popuii
1029 4520 1057 4572 in
1075 4520 1129 4573 lide
1145 4520 1311 4588 collegisset,
1328 4526 1436 4572 tanturn
1452 4519 1507 4571 illic
1519 4518 1642 4588 inopium
1657 4535 1718 4589 per-

77 4614 216 4678 Ouoniam
230 4604 319 4677 'protis
335 4609 516 4675 Etuopeliuru
530 4610 580 4661 Der?
590 4610 777 4674 eooupeliroui
791 4608 877 4660 uobis?
919 4607 992 4671 tulit,
1010 4614 1042 4660 ut
1063 4608 1151 4661 victus
1171 4608 1215 4660 sui
1234 4607 1311 4676 gravi
1337 4606 1501 4659 necessitate
1522 4604 1720 4672 interereunt

78 4701 218 4765 Quoniam
233 4697 324 4752 inilati
339 4703 420 4751 erant
435 4713 467 4750 eo
483 4695 556 4767 quod
571 4701 701 4766 sumptus
711 4695 745 4749 ob
755 4695 796 4749 eis
806 4695 877 4749 acci·
920 4711 1020 4766 panem
1036 4703 1118 4750 terere
1137 4713 1153 4749 n
1177 4694 1319 4764 discipulis
1341 4710 1396 4747 non
1416 4695 1531 4765 accepit,
1548 4695 1648 4766 quibus
1669 4712 1718 4767 pa-

79 4807 141 4861 pere
157 4787 262 4847 noluit,
278 4792 307 4839 ei
321 4791 436 4857 propter
454 4787 506 4838 hoe
530 4785 599 4838 elios
621 4784 646 4838 ei
667 4785 876 4855 preponebant,
920 4800 984 4837 nem
999 4784 1060 4836 onii
1075 4783 1244 4854 praedicarit,
1266 4782 1390 4836 instabat
1413 4783 1494 4837 verbo
1517 4800 1566 4854 pro
1589 4786 1647 4838 rita
1667 4801 1717 4839 au·

77 4880 190 4941 murco,
200 4873 329 4946 nunquid
347 4874 465 4944 peccari,
477 4874 525 4937 ait,
537 4873 604 4943 quia
620 4890 665 4927 me
681 4873 835 4933 humiliavi,
847 4880 879 4926 ut
919 4872 1066 4934 dientium,
1084 4872 1206 4926 instabat
1217 4871 1305 4924 labori
1316 4885 1450 4926 manuum
1462 4873 1583 4943 pruritu
1595 4875 1719 4944 corporis

80 4985 120 5021 me
134 4963 538 5036 indignumadaccipiendum
546 4962 725 5032 judicarem?
740 4961 878 5031 quiaiude
920 4961 972 5026 sui,
990 4962 1024 5014 de
1040 4962 1123 5015 terris
1140 4960 1366 5032 quoquoaliisei
1381 4961 1520 5032 stipendia
1539 4979 1556 5015 a
1575 4962 1718 5033 discipulis
1801 5030 1806 5039 Ι

80 5057 145 5110 milri
160 5053 330 5117 irascimini,
346 5069 409 5106 oum
430 5053 481 5105 hoc
501 5067 557 5104 uon
573 5051 678 5121 peccati
693 5051 738 5115 sit,
755 5052 878 5118 sedgio-
919 5050 1113 5109 mittebantur,
1139 5055 1171 5103 ut
1200 5050 1351 5104 Corinthiis
1381 5051 1532 5121 praedicare
1558 5051 1716 5107 sufiiceret:

79 5146 131 5200 rie.
143 5146 247 5213 ltaque
261 5142 301 5194 sie
315 5157 345 5194 se
359 5140 526 5205 humiliavit,
543 5156 607 5193 cum
622 5139 649 5192 id
665 5140 737 5207 quod
760 5139 812 5193 sibi
829 5140 877 5193 da·
919 5139 978 5209 ipse
992 5139 1094 5209 quippe
1109 5140 1144 5191 ari
1160 5139 1271 5192 eosdem
1288 5140 1448 5193 Corinthios
1465 5146 1529 5210 pest
1543 5156 1593 5210 per
1608 5140 1718 5209 Episto-

79 5234 204 5296 bebatur,
228 5248 285 5285 non
305 5230 417 5299 eregii:
434 5229 561 5283 debiturn
581 5229 654 5282 enini
673 5236 742 5291 erat,
759 5233 791 5282 ut
804 5245 878 5284 suru-
920 5229 975 5281 iarn
991 5228 1124 5297 loquitur,
1140 5228 1235 5281 dicens
1250 5247 1255 5280 :
1273 5229 1342 5282 oum
1357 5243 1438 5282 essem
1454 5231 1528 5296 urrini
1544 5245 1588 5282 uos
1600 5235 1625 5283 rt
1639 5245 1718 5297 rpite-

81 5321 183 5393 ptussb
192 5321 239 5375 his
247 5319 394 5389 acciperet,
407 5317 507 5388 quibus
517 5316 687 5388 praedicabat
697 5318 878 5386 Erungeiium
919 5321 985 5377 ritu,
1003 5320 1078 5369 nerlii
1092 5333 1221 5370 onerosus
1235 5321 1281 5384 sui
1289 5338 1297 5370 :
1308 5334 1374 5370 riom
1385 5319 1456 5385 quod
1471 5318 1542 5370 riiilu'
1556 5320 1717 5387 deerutsup

81 5412 134 5471 usi.
154 5411 231 5465 uictu
249 5408 387 5463 Dominus
408 5407 554 5461 constituit
577 5407 671 5459 dicens
689 5424 694 5458 :
712 5408 818 5472 iiiprrus
841 5412 878 5459 est
916 5410 1060 5473 plenorum
1075 5408 1177 5472 iratres
1192 5410 1241 5473 qui
1255 5411 1390 5458 everterunt
1403 5424 1419 5458 u
1434 5409 1601 5471 iilocedouio,
1616 5408 1717 5478 quibus

80 5504 221 5569 operor-im
237 5498 358 5551 irrercerle
371 5511 423 5549 suo
440 5498 512 5564 (luo.
531 5502 575 5561 rii
598 5495 646 5548 sed
665 5500 698 5548 ut
715 5495 750 5548 ari
774 5495 878 5548 utilite·
919 5496 953 5548 ad
969 5509 1102 5561 nrugnum
1114 5510 1225 5564 quoqne
1236 5494 1437 5565 improperium
1453 5495 1597 5565 pruimisit,
1609 5497 1712 5550 dicens:

81 5596 133 5645 tm
151 5603 252 5643 eurum
276 5586 433 5657 proiioeret,
454 5583 587 5638 refutarit
605 5583 736 5638 :duabus
754 5584 878 5637 enimes
918 5586 995 5638 Alios
1010 5584 1140 5637 Erotesios
1161 5587 1316 5651 exspoliavi,
1333 5587 1467 5652 compresis
1488 5586 1656 5652 stipendium
1677 5588 1713 5639 ori
