3772 6120
492 247 667 306 ciuntur.
689 275 721 289 ·-
741 244 869 313 emto
887 246 910 305 l.
930 246 1102 306 DDffl'l'A
1122 246 1170 305 DE
1188 247 1363 307 ulvuusls.

225 376 352 452 ,Sputiu
367 373 496 448 flagellis,
511 373 601 448 alapis

243 466 347 527 Dlusus
362 469 447 538 atque
462 462 579 538 spinetis

243 553 426 628 Oruddgitur
439 552 575 611 innocens

243 642 393 702 censentit
404 659 453 700 rex
466 643 611 717 insipieus.

207 735 296 796 Terra
307 733 428 808 expavit,
440 733 549 791 lacinus

242 825 303 883 ilcc
317 828 397 880 motu
407 827 509 880 notans
517 822 610 890 citius,

242 915 391 974 Elementa
403 917 591 980 tremuerant,

241 1007 327 1064 istm
338 1007 369 1060 et
377 1020 408 1061 ee
417 1003 585 1069 celaverant,

242 1093 324 1153 Solus
336 1093 421 1149 humo
435 1107 492 1148 non
502 1090 609 1159 timuit,

243 1182 324 1251 Qucd
338 1182 416 1238 solus
428 1180 489 1255 ipse
502 1181 621 1240 coniecit

205 1274 278 1336 uun
292 1273 454 1333 revixerunt
466 1272 581 1342 monui,

241 1365 277 1423 tu
286 1367 442 1440 patuerunt
452 1361 536 1421 Erebi

242 1451 369 1510 Obscura
381 1449 444 1507 loce
457 1465 612 1517 carcerum,

241 1543 312 1600 (eum
326 1539 404 1598 veuit
416 1545 515 1597 auctor
522 1539 663 1599 luminum

241 1629 351 1698 leues,
366 1645 435 1687 seru
448 1627 596 1686 contrecta
606 1634 682 1686 sunt.

240 1718 315 1778 lusti
329 1723 358 1776 et
367 1718 479 1776 libenti
490 1723 567 1775 sunt.

205 1807 302 1868 Gemit
309 1808 398 1867 bustis
410 1808 440 1865 ln
447 1813 556 1878 estem,

241 1899 314 1956 cum
322 1898 389 1956 lecit
397 1898 455 1955 lter
465 1898 576 1972 judicia

243 1987 279 2045 Et
291 1987 396 2045 ssuctis
406 1987 582 2057 liberamina,

242 2075 323 2143 used
336 2075 490 2134 doluerunt
499 2082 626 2146 esrum,

240 2164 338 2224 Victor
349 2164 479 2223 chrima
488 2167 654 2225 escenderet

241 2255 313 2314 buce
325 2260 355 2312 et
363 2269 459 2313 secum
467 2255 597 2314 durem.

204 2322 301 2402 leue
309 2343 357 2402 ux
369 2343 502 2412 nunu

240 2431 372 2492 Christus
381 2438 412 2490 et
422 2439 625 2505 resurrexerat,

241 2521 306 2579 ism
319 2520 444 2579 victurus
455 2520 485 2579 in
498 2522 591 2596 gloria

240 2610 337 2668 Victor
350 2608 443 2669 clarus
456 2627 508 2686 per
518 2613 629 2681 seculs,

239 2698 316 2758 Deus
328 2697 465 2758 uirtutum
478 2700 625 2771 Dominus,

240 2787 300 2847 Rex
313 2784 413 2863 regum
425 2790 648 2864 potentissimus.

208 2877 315 2947 Quster
327 2877 408 2936 den'm
418 2884 481 2953 pust
496 2879 595 2938 diebus

242 2967 378 3025 Versams
391 2983 457 3025 cum
470 2968 630 3028 letantibus

242 3055 374 3115 Ostendit
388 3072 419 3113 ee
431 3055 575 3114 miraculis

244 3145 317 3204 Vere
326 3145 420 3203 virum
431 3144 586 3219 discipulis,

242 3235 334 3294 Omne
347 3234 414 3292 tulit
424 3233 588 3293 mir-entium

242 3323 333 3383 Durde
347 3323 423 3398 quud
432 3328 494 3381 eiust
502 3322 630 3382 dubium.

205 3412 311 3473 lubens
324 3412 366 3470 eis
377 3412 534 3471 discurrere

242 3501 403 3561 Permundi
416 3502 515 3576 plagas
525 3502 667 3576 dogmate.

243 3590 295 3661 re,
310 3590 361 3660 eu,
373 3607 424 3664 aar
434 3591 552 3665 populos

243 3679 279 3738 Bt
291 3679 362 3737 lette
375 3679 483 3738 buctus
497 3682 645 3757 plurimos,

242 3768 346 3827 Ducste
359 3768 444 3828 verbo
458 3771 545 3840 bdeli,

242 3857 361 3915 dmum
375 3858 429 3916 bec
441 3860 517 3933 quod
530 3862 623 3919 dccul.

208 3947 262 4008 tes
275 3947 325 4021 qni
338 3947 426 4006 velint
439 3949 564 4019 credere,

242 4037 346 4096 lavate
355 4036 560 4096 secrodumine

242 4125 294 4185 Dei
307 4127 400 4185 Patris
409 4126 440 4183 iu
454 4127 569 4186 nomine

242 4216 364 4292 Natique
378 4231 443 4272 cum
457 4216 626 4290 spiramine,

243 4305 381 4366 mantes
393 4313 495 4366 macta
507 4307 635 4373 crimin&

243 4396 279 4458 u
292 4397 390 4456 docete
405 4400 541 4457 remedie.

206 4487 259 4546 lut
271 4487 414 4547 uobiscum
426 4489 457 4547 in
466 4492 600 4548 succulum

243 4577 301 4652 luo
315 4596 379 4637 sum
389 4596 446 4638 non
456 4579 599 4638 solatium.

242 4671 314 4728 Cum
323 4670 449 4729 videritis
455 4672 562 4730 fervere

243 4759 378 4817 ldundusn
393 4759 473 4818 bellis
486 4769 634 4829 cterrcre,
671 4770 674 4775 '

242 4850 336 4907 Nolite
346 4856 414 4909 tunc
424 4869 581 4926 pavescere,

242 4941 301 4999 Nec
315 4943 418 5016 pugnis
430 4942 513 4999 malis
526 4943 635 5002 cedere.

206 5031 306 5089 Omnis
320 5038 398 5088 terra
408 5049 473 5090 cum
484 5031 588 5102 scbclc,

241 5121 333 5179 Ponto
343 5120 428 5179 simul
442 5121 472 5178 iu
482 5123 595 5191 uthere,

241 5209 315 5268 Data
324 5211 395 5267 mihi
405 5211 543 5285 regimine

241 5300 333 5368 Cedit,
349 5301 473 5358 servitui
485 5317 613 5368 munere,

241 5389 360 5447 Vinctus
368 5389 602 5465 bestiscxpulsus
610 5395 655 5447 est

242 5480 364 5537 ldundue
378 5487 408 5538 et
417 5480 551 5537 liberatus
565 5485 618 5536 est.

206 5569 335 5629 urende
348 5586 424 5630 sanc
437 5569 561 5629 lucidum
574 5571 634 5643 jam

913 374 940 438 Α

1088 372 1174 432 tiburi
1186 374 1279 432 Patris
1288 375 1324 432 ad
1338 376 1450 447 solium,

1087 461 1141 529 Qui
1158 478 1204 520 me
1216 463 1294 521 misit
1306 465 1344 522 sb
1352 467 1456 525 retbere

1086 552 1190 611 'lotum
1200 555 1337 612 mundum
1347 557 1497 630 redituum,

1088 642 1211 717 Carpere
1222 660 1311 718 regna
1319 645 1423 717 debita,

1087 732 1124 791 ut
1136 749 1199 790 esse
1213 733 1243 791 in
1257 736 1350 794 Patris
1364 737 1479 797 dextere
1493 760 1499 798 :

1052 822 1138 880 Nulla
1146 828 1240 880 vestra
1254 824 1371 883 tristitia

1087 912 1194 968 ueneat
1202 929 1278 970 nunc
1288 915 1451 987 prmccniia,

1086 1000 1169 1058 uitta
1183 1002 1260 1059 vobis
1274 1003 1450 1061 lntiseimurn

1087 1088 1161 1146 Nam
1174 1092 1342 1164 paraclitum
1351 1093 1498 1168 Spiritum,

1086 1175 1151 1252 lpse
1163 1179 1284 1238 vobisut
1296 1197 1348 1255 ego
1363 1200 1426 1241 sum

1088 1267 1138 1324 list
1151 1268 1286 1342 magister
1299 1270 1329 1327 in
1343 1273 1485 1330 seculum.

1051 1356 1109 1432 lusi
1120 1360 1220 1414 tenent
1231 1359 1306 1432 quod
1315 1362 1435 1429 monuit,

1086 1446 1137 1505 Ille
1146 1446 1196 1504 ivit
1206 1463 1263 1522 quo
1272 1448 1378 1517 debuit,

1087 1535 1180 1610 Super
1191 1542 1269 1594 astra
1278 1538 1433 1596 celsissima

1087 1625 1174 1682 Sedet
1185 1626 1216 1682 in
1229 1627 1323 1684 Petris
1338 1628 1462 1696 dextera,

1084 1712 1175 1772 ludex
1183 1732 1285 1790 nempe
1298 1717 1449 1777 novissime

1085 1804 1228 1862 venturus
1240 1812 1270 1862 et
1282 1806 1313 1863 in
1326 1807 1441 1864 retbere.

1049 1891 1113 1967 lpse
1123 1890 1160 1949 dc
1171 1893 1377 1952 cmlisDomiuo

1085 1981 1278 2040 Descendeme
1291 1983 1430 2042 altissimo

1085 2069 1266 2144 Pmtulgebit
1279 2072 1467 2130 clsrissimurn

963 2193 967 2202 -
1086 2159 1205 2234 Signum
1218 2159 1309 2218 crucis
1322 2165 1353 2218 et
1363 2161 1504 2220 vexillum.

1085 2250 1209 2324 Plangor
1216 2267 1303 2325 super
1314 2269 1345 2310 ee
1353 2251 1458 2310 nimius

1085 2338 1147 2398 urit
1160 2344 1222 2398 tum
1236 2340 1344 2398 cunctis
1357 2341 1499 2414 gentibue.

1047 2427 1197 2502 reusque
1210 2427 1395 2488 luminaribus

1084 2517 1199 2577 Duobus
1208 2518 1408 2593 principalibus

1086 2607 1196 2665 Cadent
1207 2607 1350 2667 intersum
1363 2610 1458 2667 sideru

1084 2698 1124 2756 lit
1134 2715 1251 2773 grossus
1262 2700 1299 2756 de
1312 2701 1441 2770 ficulnea,

1085 2788 1202 2864 Ditquc
1210 2790 1310 2846 mundi
1324 2791 1463 2850 terminus

1085 2878 1123 2936 Ut
1135 2878 1256 2936 fornacis
1265 2877 1437 2937 incendium.

1050 2969 1173 3044 Olsngcr
1185 2969 1309 3027 buccine
1323 2975 1476 3044 quaternas

1086 3058 1204 3118 &nabit
1216 3064 1300 3117 terrm
1315 3075 1366 3133 per
1375 3059 1482 3133 plagas.

1084 3148 1254 3207 Discurrunt
1265 3149 1443 3206 coruscantis

1085 3239 1210 3313 fulginea
1219 3243 1249 3296 et
1261 3241 1389 3298 tonitrua

1085 3327 1164 3385 'l'uuc
1177 3326 1207 3384 iu
1217 3329 1358 3386 montium
1369 3329 1519 3403 specubus,

1084 3414 1266 3474 Abscondunt
1273 3433 1304 3473 se
1313 3416 1461 3474 exercitus.

1050 3505 1124 3578 Ergo
1134 3504 1189 3562 erit
1201 3504 1262 3562 dies
1274 3504 1332 3573 ille,

1087 3593 1154 3652 Dies
1164 3593 1293 3668 plsnctrs
1303 3597 1334 3649 et
1343 3592 1485 3666 lacrymu,

1085 3682 1153 3741 Dies
1164 3681 1215 3740 ire
1227 3686 1257 3739 et
1268 3681 1407 3750 vindicte,

1084 3770 1277 3831 tenebrarum
1287 3774 1316 3828 et
1325 3768 1434 3828 nebule

1084 3862 1152 3921 Dies
1165 3877 1275 3935 magna
1289 3858 1435 3934 angustie,

1085 3949 1201 4009 Laboris
1210 3967 1243 4008 ac
1252 3949 1386 4008 tristitie

1050 4039 1084 4098 lu
1096 4055 1153 4112 quc
1165 4044 1258 4096 cesset
1267 4037 1419 4096 mulierum

1085 4131 1174 4187 Amor
1184 4145 1218 4186 ac
1230 4127 1411 4197 desiderium,

1086 4218 1296 4293 Hominumque
1304 4217 1457 4282 contentio,

1086 4309 1185 4367 Mundi
1198 4306 1285 4385 leuius
1297 4311 1327 4364 et
1339 4305 1439 4381 cupido

1087 4399 1161 4455 cum
1174 4398 1254 4465 amic,
1268 4403 1355 4464 terre,
1370 4396 1471 4451 ardore

1086 4486 1269 4558 Dcndegraut
1281 4491 1368 4558 atque
1379 4483 1494 4540 lumine.

1049 4575 1145 4636 Turba
1155 4571 1406 4648 primiarcbangcll

1086 4936 1191 5008 Surget
1199 4934 1285 4991 homo
1297 4949 1315 4989 a
1327 4931 1429 4989 tellure

1087 5024 1272 5082 Resteuretus
1284 5040 1300 5079 a
1310 5021 1433 5097 puluere.

1051 5116 1181 5189 Undique
1191 5111 1423 5188 conglobantibus

1086 5206 1277 5267 blumbi-crum
1283 5200 1432 5278 paginibus
1437 5197 1640 5274 [compagibus]

1086 5294 1242 5355 Animabus
1256 5290 1400 5350 riualibus

1086 5387 1200 5445 lisdem
1210 5380 1396 5448 obviantibus,

1085 5478 1204 5534 certant
1216 5470 1305 5530 sandi
1317 5485 1383 5526 cum
1398 5481 1515 5524 munere

1085 5563 1197 5622 Christo
1207 5561 1278 5634 Regi
1291 5571 1447 5617 occurrere.
