<?xml version="1.0" encoding="UTF-8"?>
<!DOCTYPE html PUBLIC "-//W3C//DTD XHTML 1.0 Transitional//EN"
    "http://www.w3.org/TR/xhtml1/DTD/xhtml1-transitional.dtd">
<html xmlns="http://www.w3.org/1999/xhtml" xml:lang="en" lang="en">
 <head>
  <title>
</title>
<meta http-equiv="Content-Type" content="text/html;charset=utf-8" />
  <meta name='ocr-system' content='tesseract 3.04.00' />
  <meta name='ocr-capabilities' content='ocr_page ocr_carea ocr_par ocr_line ocrx_word'/>
</head>
<body>
  <div class='ocr_page' id='page_1' title='image "./patrologiaecurs22goog_0077.png"; bbox 0 0 3772 6120; ppageno 0'>
   <div class='ocr_carea' id='block_1_1' title="bbox 169 275 1803 341">
    <p class='ocr_par' dir='ltr' id='par_1_1' title="bbox 169 275 1803 341">
     <span class='ocr_line' id='line_1_1' title="bbox 169 275 1803 341; baseline -0.007 0"><span class='ocrx_word' id='word_1_1' title='bbox 169 284 219 341; x_wconf 72' lang='lat'>143</span> <span class='ocrx_word' id='word_1_2' title='bbox 402 318 408 323; x_wconf 98' lang='lat'>-</span> <span class='ocrx_word' id='word_1_3' title='bbox 433 318 436 329; x_wconf 60' lang='grc' dir='ltr'>ι</span> <span class='ocrx_word' id='word_1_4' title='bbox 460 285 491 339; x_wconf 87' lang='grc' dir='ltr'>Β.</span> <span class='ocrx_word' id='word_1_5' title='bbox 512 283 648 338; x_wconf 83' lang='lat' dir='ltr'>RABANI</span> <span class='ocrx_word' id='word_1_6' title='bbox 667 281 782 336; x_wconf 80' lang='lat' dir='ltr'>unum</span> <span class='ocrx_word' id='word_1_7' title='bbox 808 279 976 335; x_wconf 74' lang='lat' dir='ltr'>tuemur.</span> <span class='ocrx_word' id='word_1_8' title='bbox 997 279 1159 335; x_wconf 81' lang='lat' dir='ltr'>MOGUNT.</span> <span class='ocrx_word' id='word_1_9' title='bbox 1181 278 1328 334; x_wconf 84' lang='lat' dir='ltr'>OPERUM</span> <span class='ocrx_word' id='word_1_10' title='bbox 1349 276 1440 332; x_wconf 76' lang='lat' dir='ltr'>PARS</span> <span class='ocrx_word' id='word_1_11' title='bbox 1459 277 1508 331; x_wconf 91' lang='grc' dir='ltr'><strong>ΙΙΙ.</strong></span> <span class='ocrx_word' id='word_1_12' title='bbox 1755 275 1803 330; x_wconf 85' lang='lat' dir='ltr'>ill</span> 
     </span>
    </p>
   </div>
   <div class='ocr_carea' id='block_1_2' title="bbox 167 399 1827 5635">
    <p class='ocr_par' dir='ltr' id='par_1_2' title="bbox 167 399 1827 5635">
     <span class='ocr_line' id='line_1_2' title="bbox 168 399 1806 476; baseline -0.007 -12"><span class='ocrx_word' id='word_1_13' title='bbox 168 424 225 464; x_wconf 90' lang='lat' dir='ltr'>non</span> <span class='ocrx_word' id='word_1_14' title='bbox 236 413 319 473; x_wconf 85' lang='lat' dir='ltr'>esset,</span> <span class='ocrx_word' id='word_1_15' title='bbox 330 407 460 462; x_wconf 89' lang='lat' dir='ltr'>omnibus</span> <span class='ocrx_word' id='word_1_16' title='bbox 474 405 645 469; x_wconf 67' lang='lat' dir='ltr'>hominibus</span> <span class='ocrx_word' id='word_1_17' title='bbox 655 404 729 476; x_wconf 94' lang='lat' dir='ltr'>quod</span> <span class='ocrx_word' id='word_1_18' title='bbox 741 405 811 458; x_wconf 81' lang='lat' dir='ltr'>dixit</span> <span class='ocrx_word' id='word_1_19' title='bbox 822 402 965 457; x_wconf 88' lang='lat' dir='ltr'>miserabi·</span> <span class='ocrx_word' id='word_1_20' title='bbox 975 404 1111 468; x_wconf 80' lang='lat' dir='ltr'>Abonum</span> <span class='ocrx_word' id='word_1_21' title='bbox 1120 404 1273 458; x_wconf 89' lang='lat' dir='ltr'>secundum</span> <span class='ocrx_word' id='word_1_22' title='bbox 1287 401 1454 473; x_wconf 82' lang='lat' dir='ltr'><strong>Apostolum</strong></span> <span class='ocrx_word' id='word_1_23' title='bbox 1474 402 1500 468; x_wconf 89' lang='lat' dir='ltr'>(I</span> <span class='ocrx_word' id='word_1_24' title='bbox 1516 400 1585 453; x_wconf 82' lang='lat' dir='ltr'>Tim.</span> <span class='ocrx_word' id='word_1_25' title='bbox 1601 402 1651 467; x_wconf 78' lang='lat' dir='ltr'>xx),</span> <span class='ocrx_word' id='word_1_26' title='bbox 1667 399 1716 469; x_wconf 90' lang='lat' dir='ltr'>qui</span> <span class='ocrx_word' id='word_1_27' title='bbox 1734 399 1806 452; x_wconf 91' lang='lat' dir='ltr'>divi-</span> 
     </span>
     <span class='ocr_line' id='line_1_3' title="bbox 167 487 1806 566; baseline -0.008 -13"><span class='ocrx_word' id='word_1_28' title='bbox 167 497 252 553; x_wconf 88' lang='lat' dir='ltr'>liores</span> <span class='ocrx_word' id='word_1_29' title='bbox 263 513 387 552; x_wconf 85' lang='lat' dir='ltr'>essemus</span> <span class='ocrx_word' id='word_1_30' title='bbox 399 515 405 563; x_wconf 90' lang='lat'>;</span> <span class='ocrx_word' id='word_1_31' title='bbox 419 495 525 566; x_wconf 82' lang='lat' dir='ltr'>utquid</span> <span class='ocrx_word' id='word_1_32' title='bbox 536 494 612 549; x_wconf 91' lang='lat' dir='ltr'>enim</span> <span class='ocrx_word' id='word_1_33' title='bbox 619 494 738 565; x_wconf 87' lang='lat' dir='ltr'>jejunia,</span> <span class='ocrx_word' id='word_1_34' title='bbox 746 493 964 563; x_wconf 77' lang='lat' dir='ltr'>vigilim,exitus,</span> <span class='ocrx_word' id='word_1_35' title='bbox 1006 493 1082 548; x_wconf 89' lang='lat' dir='ltr'>tibus</span> <span class='ocrx_word' id='word_1_36' title='bbox 1093 494 1177 564; x_wconf 87' lang='lat' dir='ltr'>hujus</span> <span class='ocrx_word' id='word_1_37' title='bbox 1189 493 1286 547; x_wconf 92' lang='lat' dir='ltr'>mundi</span> <span class='ocrx_word' id='word_1_38' title='bbox 1294 491 1435 563; x_wconf 80' lang='lat' dir='ltr'>praecepit,</span> <span class='ocrx_word' id='word_1_39' title='bbox 1445 488 1565 544; x_wconf 85' lang='lat' dir='ltr'>utfacile</span> <span class='ocrx_word' id='word_1_40' title='bbox 1576 487 1712 550; x_wconf 81' lang='lat' dir='ltr'>tribuant,</span> <span class='ocrx_word' id='word_1_41' title='bbox 1729 505 1806 541; x_wconf 90' lang='lat' dir='ltr'>com-</span> 
     </span>
     <span class='ocr_line' id='line_1_4' title="bbox 168 576 1808 655; baseline -0.007 -14"><span class='ocrx_word' id='word_1_42' title='bbox 168 587 276 642; x_wconf 88' lang='lat' dir='ltr'>munda</span> <span class='ocrx_word' id='word_1_43' title='bbox 285 586 349 653; x_wconf 80' lang='lat' dir='ltr'>vita,</span> <span class='ocrx_word' id='word_1_44' title='bbox 360 584 481 655; x_wconf 89' lang='lat' dir='ltr'>justitia,</span> <span class='ocrx_word' id='word_1_45' title='bbox 493 583 695 650; x_wconf 87' lang='lat' dir='ltr'>misericordia,</span> <span class='ocrx_word' id='word_1_46' title='bbox 716 599 801 647; x_wconf 87' lang='lat' dir='ltr'>mors,</span> <span class='ocrx_word' id='word_1_47' title='bbox 823 582 847 635; x_wconf 89' lang='lat' dir='ltr'>si</span> <span class='ocrx_word' id='word_1_48' title='bbox 864 597 913 653; x_wconf 93' lang='lat' dir='ltr'>pro</span> <span class='ocrx_word' id='word_1_49' title='bbox 924 581 967 635; x_wconf 89' lang='lat' dir='ltr'>his</span> <span class='ocrx_word' id='word_1_50' title='bbox 1007 583 1152 637; x_wconf 89' lang='lat' dir='ltr'>municent</span> <span class='ocrx_word' id='word_1_51' title='bbox 1160 580 1361 652; x_wconf 82' lang='lat' dir='ltr'>indigentibus,</span> <span class='ocrx_word' id='word_1_52' title='bbox 1371 578 1564 634; x_wconf 80' lang='lat' dir='ltr'>thesaurizent</span> <span class='ocrx_word' id='word_1_53' title='bbox 1576 576 1629 632; x_wconf 89' lang='lat' dir='ltr'>sibi</span> <span class='ocrx_word' id='word_1_54' title='bbox 1637 577 1808 631; x_wconf 82' lang='lat' dir='ltr'>fundamen-</span> 
     </span>
     <span class='ocr_line' id='line_1_5' title="bbox 169 666 1809 740; baseline -0.007 -9"><span class='ocrx_word' id='word_1_55' title='bbox 169 675 363 731; x_wconf 86' lang='lat' dir='ltr'>nullamerces</span> <span class='ocrx_word' id='word_1_56' title='bbox 373 672 592 727; x_wconf 83' lang='lat' dir='ltr'>critinfuturoi</span> <span class='ocrx_word' id='word_1_57' title='bbox 604 671 743 728; x_wconf 88' lang='lat' dir='ltr'>Incroduli</span> <span class='ocrx_word' id='word_1_58' title='bbox 755 678 851 726; x_wconf 90' lang='lat' dir='ltr'>autem</span> <span class='ocrx_word' id='word_1_59' title='bbox 861 671 904 725; x_wconf 92' lang='lat' dir='ltr'>vel</span> <span class='ocrx_word' id='word_1_60' title='bbox 915 671 968 724; x_wconf 90' lang='lat' dir='ltr'>hac</span> <span class='ocrx_word' id='word_1_61' title='bbox 1007 677 1069 727; x_wconf 90' lang='lat' dir='ltr'>tum</span> <span class='ocrx_word' id='word_1_62' title='bbox 1082 670 1188 726; x_wconf 88' lang='lat' dir='ltr'>bonum</span> <span class='ocrx_word' id='word_1_63' title='bbox 1203 671 1232 724; x_wconf 93' lang='lat' dir='ltr'>in</span> <span class='ocrx_word' id='word_1_64' title='bbox 1251 669 1387 731; x_wconf 81' lang='lat' dir='ltr'>futurum,</span> <span class='ocrx_word' id='word_1_65' title='bbox 1404 673 1436 724; x_wconf 90' lang='lat' dir='ltr'>ut</span> <span class='ocrx_word' id='word_1_66' title='bbox 1451 685 1501 740; x_wconf 89' lang='lat' dir='ltr'>per</span> <span class='ocrx_word' id='word_1_67' title='bbox 1526 668 1576 721; x_wconf 88' lang='lat' dir='ltr'>has</span> <span class='ocrx_word' id='word_1_68' title='bbox 1593 666 1809 738; x_wconf 76' lang='lat' dir='ltr'>apprehendant</span> 
     </span>
     <span class='ocr_line' id='line_1_6' title="bbox 168 756 1808 832; baseline -0.006 -13"><span class='ocrx_word' id='word_1_69' title='bbox 168 763 227 819; x_wconf 87' lang='lat' dir='ltr'>vita</span> <span class='ocrx_word' id='word_1_70' title='bbox 248 763 390 818; x_wconf 76' lang='lat' dir='ltr'>fruuntur.</span> <span class='ocrx_word' id='word_1_71' title='bbox 409 762 505 830; x_wconf 79' lang='lat' dir='ltr'>(Cass.)</span> <span class='ocrx_word' id='word_1_72' title='bbox 532 762 597 816; x_wconf 83' lang='lat' dir='ltr'>llaec</span> <span class='ocrx_word' id='word_1_73' title='bbox 619 761 735 831; x_wconf 71' lang='lat' dir='ltr'>quaestio</span> <span class='ocrx_word' id='word_1_74' title='bbox 752 761 877 832; x_wconf 90' lang='lat' dir='ltr'>ipsorum</span> <span class='ocrx_word' id='word_1_75' title='bbox 895 758 967 814; x_wconf 89' lang='lat' dir='ltr'>solet</span> <span class='ocrx_word' id='word_1_76' title='bbox 1007 777 1101 815; x_wconf 92' lang='lat' dir='ltr'>veram</span> <span class='ocrx_word' id='word_1_77' title='bbox 1117 760 1205 814; x_wconf 86' lang='lat' dir='ltr'>vitam</span> <span class='ocrx_word' id='word_1_78' title='bbox 1223 778 1228 812; x_wconf 83' lang='lat' dir='ltr'>z</span> <span class='ocrx_word' id='word_1_79' title='bbox 1246 765 1274 813; x_wconf 87' lang='lat' dir='ltr'>et</span> <span class='ocrx_word' id='word_1_80' title='bbox 1288 759 1441 813; x_wconf 87' lang='lat' dir='ltr'>secundum</span> <span class='ocrx_word' id='word_1_81' title='bbox 1457 756 1639 826; x_wconf 84' lang='lat' dir='ltr'>Evangelium</span> <span class='ocrx_word' id='word_1_82' title='bbox 1659 757 1733 823; x_wconf 81' lang='lat' dir='ltr'>(Luc</span> <span class='ocrx_word' id='word_1_83' title='bbox 1750 764 1808 821; x_wconf 86' lang='lat' dir='ltr'>xv1)</span> 
     </span>
     <span class='ocr_line' id='line_1_7' title="bbox 169 844 1809 923; baseline -0.006 -16"><span class='ocrx_word' id='word_1_84' title='bbox 169 852 279 908; x_wconf 90' lang='lat' dir='ltr'>animos</span> <span class='ocrx_word' id='word_1_85' title='bbox 288 866 460 923; x_wconf 85' lang='lat' dir='ltr'>permovere,</span> <span class='ocrx_word' id='word_1_86' title='bbox 472 851 519 923; x_wconf 82' lang='lat' dir='ltr'>qui</span> <span class='ocrx_word' id='word_1_87' title='bbox 526 866 626 922; x_wconf 89' lang='lat' dir='ltr'>pamm</span> <span class='ocrx_word' id='word_1_88' title='bbox 633 850 758 915; x_wconf 86' lang='lat' dir='ltr'>tidei,vel</span> <span class='ocrx_word' id='word_1_89' title='bbox 769 849 892 904; x_wconf 72' lang='lat' dir='ltr'>scientiae</span> <span class='ocrx_word' id='word_1_90' title='bbox 904 865 967 920; x_wconf 88' lang='lat' dir='ltr'>pos·</span> <span class='ocrx_word' id='word_1_91' title='bbox 1007 849 1086 904; x_wconf 85' lang='lat' dir='ltr'>bomo</span> <span class='ocrx_word' id='word_1_92' title='bbox 1102 855 1168 903; x_wconf 91' lang='lat' dir='ltr'>sunt</span> <span class='ocrx_word' id='word_1_93' title='bbox 1182 849 1237 902; x_wconf 90' lang='lat' dir='ltr'>illis</span> <span class='ocrx_word' id='word_1_94' title='bbox 1261 848 1310 919; x_wconf 93' lang='lat' dir='ltr'>qui</span> <span class='ocrx_word' id='word_1_95' title='bbox 1336 847 1443 901; x_wconf 85' lang='lat' dir='ltr'>faciunt</span> <span class='ocrx_word' id='word_1_96' title='bbox 1466 846 1518 900; x_wconf 89' lang='lat' dir='ltr'>sibi</span> <span class='ocrx_word' id='word_1_97' title='bbox 1534 845 1639 900; x_wconf 89' lang='lat' dir='ltr'>amicos</span> <span class='ocrx_word' id='word_1_98' title='bbox 1654 845 1688 898; x_wconf 93' lang='lat' dir='ltr'>dc</span> <span class='ocrx_word' id='word_1_99' title='bbox 1711 844 1809 915; x_wconf 89' lang='lat' dir='ltr'>iniquo</span> 
     </span>
     <span class='ocr_line' id='line_1_8' title="bbox 170 933 1806 1009; baseline -0.006 -14"><span class='ocrx_word' id='word_1_100' title='bbox 170 939 304 1006; x_wconf 88' lang='lat' dir='ltr'>sidentes,</span> <span class='ocrx_word' id='word_1_101' title='bbox 321 939 423 993; x_wconf 86' lang='lat' dir='ltr'>merita</span> <span class='ocrx_word' id='word_1_102' title='bbox 440 944 601 994; x_wconf 89' lang='lat' dir='ltr'>sanctorum</span> <span class='ocrx_word' id='word_1_103' title='bbox 617 939 660 991; x_wconf 89' lang='lat' dir='ltr'>vel</span> <span class='ocrx_word' id='word_1_104' title='bbox 671 937 855 1009; x_wconf 82' lang='lat' dir='ltr'>praemiaquac</span> <span class='ocrx_word' id='word_1_105' title='bbox 866 953 922 991; x_wconf 92' lang='lat' dir='ltr'>non</span> <span class='ocrx_word' id='word_1_106' title='bbox 936 936 965 990; x_wconf 90' lang='lat' dir='ltr'>in</span> <span class='ocrx_word' id='word_1_107' title='bbox 1007 955 1178 992; x_wconf 84' lang='lat' dir='ltr'>mammona.</span> <span class='ocrx_word' id='word_1_108' title='bbox 1195 937 1262 1001; x_wconf 74' lang='lat' dir='ltr'>Quae</span> <span class='ocrx_word' id='word_1_109' title='bbox 1278 953 1392 990; x_wconf 90' lang='lat' dir='ltr'>rursum</span> <span class='ocrx_word' id='word_1_110' title='bbox 1407 940 1606 1007; x_wconf 84' lang='lat' dir='ltr'>retorquentur</span> <span class='ocrx_word' id='word_1_111' title='bbox 1629 934 1665 987; x_wconf 92' lang='lat' dir='ltr'>ad</span> <span class='ocrx_word' id='word_1_112' title='bbox 1689 933 1806 998; x_wconf 87' lang='lat' dir='ltr'>malum,</span> 
     </span>
     <span class='ocr_line' id='line_1_9' title="bbox 169 1022 1807 1102; baseline -0.007 -17"><span class='ocrx_word' id='word_1_113' title='bbox 169 1026 301 1102; x_wconf 75' lang='lat' dir='ltr'>prasenti</span> <span class='ocrx_word' id='word_1_114' title='bbox 315 1028 480 1095; x_wconf 90' lang='lat' dir='ltr'>redduntur,</span> <span class='ocrx_word' id='word_1_115' title='bbox 502 1026 550 1082; x_wconf 89' lang='lat' dir='ltr'>aed</span> <span class='ocrx_word' id='word_1_116' title='bbox 566 1027 689 1099; x_wconf 87' lang='lat' dir='ltr'>reposita</span> <span class='ocrx_word' id='word_1_117' title='bbox 703 1031 771 1081; x_wconf 90' lang='lat' dir='ltr'>sunt</span> <span class='ocrx_word' id='word_1_118' title='bbox 785 1026 815 1080; x_wconf 91' lang='lat' dir='ltr'>in</span> <span class='ocrx_word' id='word_1_119' title='bbox 829 1026 965 1092; x_wconf 84' lang='lat' dir='ltr'>futurum,</span> <span class='ocrx_word' id='word_1_120' title='bbox 1009 1043 1073 1082; x_wconf 92' lang='lat' dir='ltr'>cum</span> <span class='ocrx_word' id='word_1_121' title='bbox 1088 1027 1123 1081; x_wconf 91' lang='lat' dir='ltr'>ad</span> <span class='ocrx_word' id='word_1_122' title='bbox 1137 1025 1345 1081; x_wconf 89' lang='lat' dir='ltr'>recondendum</span> <span class='ocrx_word' id='word_1_123' title='bbox 1354 1025 1559 1090; x_wconf 85' lang='lat' dir='ltr'>tantummodo,</span> <span class='ocrx_word' id='word_1_124' title='bbox 1568 1023 1611 1076; x_wconf 85' lang='lat' dir='ltr'>vel</span> <span class='ocrx_word' id='word_1_125' title='bbox 1622 1023 1657 1076; x_wconf 91' lang='lat' dir='ltr'>ad</span> <span class='ocrx_word' id='word_1_126' title='bbox 1666 1022 1807 1077; x_wconf 84' lang='lat' dir='ltr'>luxuriam</span> 
     </span>
     <span class='ocr_line' id='line_1_10' title="bbox 168 1111 1808 1188; baseline -0.005 -15"><span class='ocrx_word' id='word_1_127' title='bbox 168 1116 344 1174; x_wconf 75' lang='lat' dir='ltr'>arbitrantur</span> <span class='ocrx_word' id='word_1_128' title='bbox 353 1117 383 1172; x_wconf 92' lang='lat' dir='ltr'>in</span> <span class='ocrx_word' id='word_1_129' title='bbox 398 1118 482 1188; x_wconf 84' lang='lat' dir='ltr'>hujus</span> <span class='ocrx_word' id='word_1_130' title='bbox 495 1116 659 1188; x_wconf 90' lang='lat' dir='ltr'>temporalis</span> <span class='ocrx_word' id='word_1_131' title='bbox 673 1116 737 1170; x_wconf 82' lang='lat' dir='ltr'>vitae</span> <span class='ocrx_word' id='word_1_132' title='bbox 746 1115 968 1170; x_wconf 86' lang='lat' dir='ltr'>brevitateresti·</span> <span class='ocrx_word' id='word_1_133' title='bbox 1009 1121 1208 1186; x_wconf 81' lang='lat' dir='ltr'>congeruntur,</span> <span class='ocrx_word' id='word_1_134' title='bbox 1227 1120 1256 1168; x_wconf 88' lang='lat' dir='ltr'>et</span> <span class='ocrx_word' id='word_1_135' title='bbox 1270 1131 1325 1168; x_wconf 92' lang='lat' dir='ltr'>non</span> <span class='ocrx_word' id='word_1_136' title='bbox 1346 1115 1382 1168; x_wconf 89' lang='lat' dir='ltr'>ad</span> <span class='ocrx_word' id='word_1_137' title='bbox 1402 1131 1470 1168; x_wconf 92' lang='lat' dir='ltr'>usus</span> <span class='ocrx_word' id='word_1_138' title='bbox 1489 1112 1679 1183; x_wconf 88' lang='lat' dir='ltr'>indigentium</span> <span class='ocrx_word' id='word_1_139' title='bbox 1694 1111 1808 1182; x_wconf 88' lang='lat' dir='ltr'>dispen-</span> 
     </span>
     <span class='ocr_line' id='line_1_11' title="bbox 169 1200 1809 1277; baseline -0.005 -14"><span class='ocrx_word' id='word_1_140' title='bbox 169 1206 222 1262; x_wconf 85' lang='lat' dir='ltr'>tui.</span> <span class='ocrx_word' id='word_1_141' title='bbox 234 1207 452 1271; x_wconf 68' lang='lat' dir='ltr'>Caeterummos,</span> <span class='ocrx_word' id='word_1_142' title='bbox 460 1205 508 1277; x_wconf 93' lang='lat' dir='ltr'>qui</span> <span class='ocrx_word' id='word_1_143' title='bbox 518 1221 574 1260; x_wconf 91' lang='lat' dir='ltr'>non</span> <span class='ocrx_word' id='word_1_144' title='bbox 585 1220 683 1259; x_wconf 91' lang='lat' dir='ltr'>sumus</span> <span class='ocrx_word' id='word_1_145' title='bbox 692 1205 722 1259; x_wconf 92' lang='lat' dir='ltr'>in</span> <span class='ocrx_word' id='word_1_146' title='bbox 731 1203 784 1259; x_wconf 90' lang='lat' dir='ltr'>hac</span> <span class='ocrx_word' id='word_1_147' title='bbox 792 1204 849 1259; x_wconf 88' lang='lat' dir='ltr'>vita</span> <span class='ocrx_word' id='word_1_148' title='bbox 855 1208 968 1259; x_wconf 85' lang='lat' dir='ltr'>tantum</span> <span class='ocrx_word' id='word_1_149' title='bbox 1008 1210 1116 1260; x_wconf 89' lang='lat' dir='ltr'>santur.</span> <span class='ocrx_word' id='word_1_150' title='bbox 1128 1205 1253 1259; x_wconf 89' lang='lat' dir='ltr'>Potestas</span> <span class='ocrx_word' id='word_1_151' title='bbox 1261 1221 1372 1275; x_wconf 86' lang='lat' dir='ltr'>quoque</span> <span class='ocrx_word' id='word_1_152' title='bbox 1383 1209 1412 1258; x_wconf 91' lang='lat' dir='ltr'>et</span> <span class='ocrx_word' id='word_1_153' title='bbox 1421 1204 1520 1267; x_wconf 89' lang='lat' dir='ltr'>honor,</span> <span class='ocrx_word' id='word_1_154' title='bbox 1534 1202 1714 1274; x_wconf 88' lang='lat' dir='ltr'>corporisque</span> <span class='ocrx_word' id='word_1_155' title='bbox 1723 1200 1809 1255; x_wconf 89' lang='lat' dir='ltr'>robur</span> 
     </span>
     <span class='ocr_line' id='line_1_12' title="bbox 170 1290 1809 1370; baseline -0.005 -19"><span class='ocrx_word' id='word_1_156' title='bbox 170 1301 317 1370; x_wconf 82' lang='lat' dir='ltr'>sperantes</span> <span class='ocrx_word' id='word_1_157' title='bbox 331 1295 361 1349; x_wconf 94' lang='lat' dir='ltr'>in</span> <span class='ocrx_word' id='word_1_158' title='bbox 372 1293 493 1363; x_wconf 86' lang='lat' dir='ltr'>Christo,</span> <span class='ocrx_word' id='word_1_159' title='bbox 509 1311 545 1349; x_wconf 90' lang='lat' dir='ltr'>nc</span> <span class='ocrx_word' id='word_1_160' title='bbox 558 1293 713 1350; x_wconf 90' lang='lat' dir='ltr'>secundum</span> <span class='ocrx_word' id='word_1_161' title='bbox 736 1293 902 1365; x_wconf 78' lang='lat' dir='ltr'>Apostolum</span> <span class='ocrx_word' id='word_1_162' title='bbox 915 1292 968 1347; x_wconf 91' lang='lat' dir='ltr'>mi·</span> <span class='ocrx_word' id='word_1_163' title='bbox 1009 1311 1042 1348; x_wconf 88' lang='lat' dir='ltr'>ac</span> <span class='ocrx_word' id='word_1_164' title='bbox 1055 1294 1171 1359; x_wconf 82' lang='lat' dir='ltr'>sanitas,</span> <span class='ocrx_word' id='word_1_165' title='bbox 1193 1310 1278 1364; x_wconf 91' lang='lat' dir='ltr'>quam</span> <span class='ocrx_word' id='word_1_166' title='bbox 1297 1292 1354 1346; x_wconf 90' lang='lat' dir='ltr'>sint</span> <span class='ocrx_word' id='word_1_167' title='bbox 1380 1292 1473 1346; x_wconf 88' lang='lat' dir='ltr'>media</span> <span class='ocrx_word' id='word_1_168' title='bbox 1490 1298 1519 1346; x_wconf 88' lang='lat' dir='ltr'>et</span> <span class='ocrx_word' id='word_1_169' title='bbox 1537 1290 1686 1362; x_wconf 88' lang='lat' dir='ltr'>utrobique</span> <span class='ocrx_word' id='word_1_170' title='bbox 1708 1306 1809 1345; x_wconf 90' lang='lat' dir='ltr'>conve-</span> 
     </span>
     <span class='ocr_line' id='line_1_13' title="bbox 171 1378 1809 1454; baseline -0.005 -13"><span class='ocrx_word' id='word_1_171' title='bbox 171 1385 348 1441; x_wconf 81' lang='lat' dir='ltr'>serabiliores</span> <span class='ocrx_word' id='word_1_172' title='bbox 359 1384 448 1438; x_wconf 89' lang='lat' dir='ltr'>simus</span> <span class='ocrx_word' id='word_1_173' title='bbox 461 1383 592 1438; x_wconf 91' lang='lat' dir='ltr'>omnibus</span> <span class='ocrx_word' id='word_1_174' title='bbox 602 1382 773 1449; x_wconf 90' lang='lat' dir='ltr'>hominibus,</span> <span class='ocrx_word' id='word_1_175' title='bbox 790 1383 857 1454; x_wconf 90' lang='lat' dir='ltr'>quia</span> <span class='ocrx_word' id='word_1_176' title='bbox 865 1382 971 1436; x_wconf 89' lang='lat' dir='ltr'>scilicet</span> <span class='ocrx_word' id='word_1_177' title='bbox 1011 1383 1128 1448; x_wconf 90' lang='lat' dir='ltr'>nientia,</span> <span class='ocrx_word' id='word_1_178' title='bbox 1138 1382 1223 1437; x_wconf 90' lang='lat' dir='ltr'>ctiam</span> <span class='ocrx_word' id='word_1_179' title='bbox 1236 1399 1268 1436; x_wconf 91' lang='lat' dir='ltr'>ex</span> <span class='ocrx_word' id='word_1_180' title='bbox 1277 1383 1329 1436; x_wconf 93' lang='lat' dir='ltr'>hoc</span> <span class='ocrx_word' id='word_1_181' title='bbox 1340 1381 1420 1436; x_wconf 89' lang='lat' dir='ltr'>lacile</span> <span class='ocrx_word' id='word_1_182' title='bbox 1429 1380 1635 1452; x_wconf 91' lang='lat' dir='ltr'>comprobatur,</span> <span class='ocrx_word' id='word_1_183' title='bbox 1644 1380 1718 1451; x_wconf 93' lang='lat' dir='ltr'>quod</span> <span class='ocrx_word' id='word_1_184' title='bbox 1728 1378 1809 1434; x_wconf 92' lang='lat' dir='ltr'>multi</span> 
     </span>
     <span class='ocr_line' id='line_1_14' title="bbox 170 1467 1810 1544; baseline -0.005 -15"><span class='ocrx_word' id='word_1_185' title='bbox 170 1473 261 1530; x_wconf 86' lang='lat' dir='ltr'>inhoc</span> <span class='ocrx_word' id='word_1_186' title='bbox 270 1472 452 1528; x_wconf 88' lang='lat' dir='ltr'>mundonibil</span> <span class='ocrx_word' id='word_1_187' title='bbox 463 1472 683 1544; x_wconf 88' lang='lat' dir='ltr'>promissionum</span> <span class='ocrx_word' id='word_1_188' title='bbox 693 1471 870 1543; x_wconf 86' lang='lat' dir='ltr'>recipientes,</span> <span class='ocrx_word' id='word_1_189' title='bbox 883 1471 969 1525; x_wconf 93' lang='lat' dir='ltr'>etiam</span> <span class='ocrx_word' id='word_1_190' title='bbox 1011 1478 1173 1531; x_wconf 89' lang='lat' dir='ltr'>sanctorum</span> <span class='ocrx_word' id='word_1_191' title='bbox 1188 1472 1216 1525; x_wconf 90' lang='lat' dir='ltr'>in</span> <span class='ocrx_word' id='word_1_192' title='bbox 1232 1471 1326 1526; x_wconf 85' lang='lat' dir='ltr'>Veteri</span> <span class='ocrx_word' id='word_1_193' title='bbox 1333 1472 1515 1525; x_wconf 87' lang='lat' dir='ltr'>Testamento</span> <span class='ocrx_word' id='word_1_194' title='bbox 1524 1469 1618 1541; x_wconf 90' lang='lat' dir='ltr'>positi,</span> <span class='ocrx_word' id='word_1_195' title='bbox 1627 1467 1810 1523; x_wconf 87' lang='lat' dir='ltr'>hisomnibus</span> 
     </span>
     <span class='ocr_line' id='line_1_15' title="bbox 170 1557 1811 1633; baseline -0.004 -16"><span class='ocrx_word' id='word_1_196' title='bbox 170 1563 201 1618; x_wconf 93' lang='lat' dir='ltr'>in</span> <span class='ocrx_word' id='word_1_197' title='bbox 210 1562 419 1633; x_wconf 86' lang='lat' dir='ltr'>futuroeaspro</span> <span class='ocrx_word' id='word_1_198' title='bbox 427 1561 479 1616; x_wconf 91' lang='lat' dir='ltr'>hac</span> <span class='ocrx_word' id='word_1_199' title='bbox 486 1560 682 1616; x_wconf 89' lang='lat' dir='ltr'>incredulitate</span> <span class='ocrx_word' id='word_1_200' title='bbox 689 1560 848 1632; x_wconf 84' lang='lat' dir='ltr'>perdamus,</span> <span class='ocrx_word' id='word_1_201' title='bbox 860 1559 971 1630; x_wconf 91' lang='lat' dir='ltr'>opinio·</span> <span class='ocrx_word' id='word_1_202' title='bbox 1012 1561 1083 1616; x_wconf 88' lang='lat' dir='ltr'>etin</span> <span class='ocrx_word' id='word_1_203' title='bbox 1097 1560 1215 1615; x_wconf 90' lang='lat' dir='ltr'>summis</span> <span class='ocrx_word' id='word_1_204' title='bbox 1230 1560 1334 1614; x_wconf 87' lang='lat' dir='ltr'>divitiis</span> <span class='ocrx_word' id='word_1_205' title='bbox 1349 1566 1378 1614; x_wconf 88' lang='lat' dir='ltr'>et</span> <span class='ocrx_word' id='word_1_206' title='bbox 1391 1559 1514 1615; x_wconf 91' lang='lat' dir='ltr'>culmine</span> <span class='ocrx_word' id='word_1_207' title='bbox 1528 1557 1811 1629; x_wconf 81' lang='lat' dir='ltr'>dignitatum,etlor-</span> 
     </span>
     <span class='ocr_line' id='line_1_16' title="bbox 171 1645 1810 1720; baseline -0.005 -14"><span class='ocrx_word' id='word_1_208' title='bbox 171 1649 255 1707; x_wconf 89' lang='lat' dir='ltr'>nibus</span> <span class='ocrx_word' id='word_1_209' title='bbox 267 1667 364 1706; x_wconf 89' lang='lat' dir='ltr'>eorum</span> <span class='ocrx_word' id='word_1_210' title='bbox 374 1666 431 1705; x_wconf 93' lang='lat' dir='ltr'>non</span> <span class='ocrx_word' id='word_1_211' title='bbox 441 1648 576 1705; x_wconf 89' lang='lat' dir='ltr'>debemus</span> <span class='ocrx_word' id='word_1_212' title='bbox 592 1665 697 1716; x_wconf 89' lang='lat' dir='ltr'>errare,</span> <span class='ocrx_word' id='word_1_213' title='bbox 713 1665 749 1703; x_wconf 86' lang='lat' dir='ltr'>ne</span> <span class='ocrx_word' id='word_1_214' title='bbox 763 1649 971 1720; x_wconf 82' lang='lat' dir='ltr'>ignorataverae</span> <span class='ocrx_word' id='word_1_215' title='bbox 1011 1649 1132 1704; x_wconf 89' lang='lat' dir='ltr'>titudine</span> <span class='ocrx_word' id='word_1_216' title='bbox 1142 1649 1266 1720; x_wconf 91' lang='lat' dir='ltr'>corporis</span> <span class='ocrx_word' id='word_1_217' title='bbox 1273 1648 1428 1715; x_wconf 88' lang='lat' dir='ltr'>constituti,</span> <span class='ocrx_word' id='word_1_218' title='bbox 1438 1649 1495 1702; x_wconf 87' lang='lat' dir='ltr'>Deo</span> <span class='ocrx_word' id='word_1_219' title='bbox 1506 1665 1617 1719; x_wconf 90' lang='lat' dir='ltr'>quoque</span> <span class='ocrx_word' id='word_1_220' title='bbox 1623 1645 1810 1718; x_wconf 87' lang='lat' dir='ltr'>acceptissimi</span> 
     </span>
     <span class='ocr_line' id='line_1_17' title="bbox 170 1727 1810 1809; baseline -0.004 -13"><span class='ocrx_word' id='word_1_221' title='bbox 170 1739 342 1796; x_wconf 83' lang='lat' dir='ltr'>delinitionis</span> <span class='ocrx_word' id='word_1_222' title='bbox 353 1739 503 1805; x_wconf 89' lang='lat' dir='ltr'>sententia,</span> <span class='ocrx_word' id='word_1_223' title='bbox 513 1738 669 1794; x_wconf 84' lang='lat' dir='ltr'>titubantes</span> <span class='ocrx_word' id='word_1_224' title='bbox 681 1754 713 1792; x_wconf 90' lang='lat' dir='ltr'>ac</span> <span class='ocrx_word' id='word_1_225' title='bbox 722 1737 825 1809; x_wconf 89' lang='lat' dir='ltr'>trepidi</span> <span class='ocrx_word' id='word_1_226' title='bbox 836 1737 971 1792; x_wconf 88' lang='lat' dir='ltr'>tentatio·</span> <span class='ocrx_word' id='word_1_227' title='bbox 980 1727 1002 1787; x_wconf 75' lang='lat' dir='ltr'>[i</span> <span class='ocrx_word' id='word_1_228' title='bbox 1011 1738 1096 1793; x_wconf 80' lang='lat' dir='ltr'>fuisse</span> <span class='ocrx_word' id='word_1_229' title='bbox 1106 1744 1275 1806; x_wconf 88' lang='lat' dir='ltr'>noscuntur;</span> <span class='ocrx_word' id='word_1_230' title='bbox 1286 1738 1418 1792; x_wconf 85' lang='lat' dir='ltr'>ediverso</span> <span class='ocrx_word' id='word_1_231' title='bbox 1429 1737 1477 1808; x_wconf 93' lang='lat' dir='ltr'>qui</span> <span class='ocrx_word' id='word_1_232' title='bbox 1488 1738 1532 1791; x_wconf 88' lang='lat' dir='ltr'>his</span> <span class='ocrx_word' id='word_1_233' title='bbox 1544 1737 1618 1792; x_wconf 87' lang='lat' dir='ltr'>male</span> <span class='ocrx_word' id='word_1_234' title='bbox 1635 1735 1715 1790; x_wconf 92' lang='lat' dir='ltr'>abusi</span> <span class='ocrx_word' id='word_1_235' title='bbox 1734 1741 1810 1800; x_wconf 91' lang='lat' dir='ltr'>sunt,</span> 
     </span>
     <span class='ocr_line' id='line_1_18' title="bbox 172 1826 1811 1899; baseline -0.004 -14"><span class='ocrx_word' id='word_1_236' title='bbox 172 1827 256 1885; x_wconf 87' lang='lat' dir='ltr'>uibus</span> <span class='ocrx_word' id='word_1_237' title='bbox 270 1843 442 1894; x_wconf 82' lang='lat' dir='ltr'>moveamur,</span> <span class='ocrx_word' id='word_1_238' title='bbox 458 1843 523 1882; x_wconf 90' lang='lat' dir='ltr'>cum</span> <span class='ocrx_word' id='word_1_239' title='bbox 539 1827 645 1882; x_wconf 89' lang='lat' dir='ltr'>eisdem</span> <span class='ocrx_word' id='word_1_240' title='bbox 660 1843 770 1899; x_wconf 91' lang='lat' dir='ltr'>quoque</span> <span class='ocrx_word' id='word_1_241' title='bbox 784 1843 836 1881; x_wconf 92' lang='lat' dir='ltr'>nos</span> <span class='ocrx_word' id='word_1_242' title='bbox 850 1826 970 1880; x_wconf 88' lang='lat' dir='ltr'>traditos</span> <span class='ocrx_word' id='word_1_243' title='bbox 1013 1832 1041 1883; x_wconf 93' lang='lat' dir='ltr'>et</span> <span class='ocrx_word' id='word_1_244' title='bbox 1047 1845 1081 1882; x_wconf 89' lang='lat' dir='ltr'>ea</span> <span class='ocrx_word' id='word_1_245' title='bbox 1087 1828 1122 1882; x_wconf 87' lang='lat' dir='ltr'>ad</span> <span class='ocrx_word' id='word_1_246' title='bbox 1134 1827 1323 1882; x_wconf 89' lang='lat' dir='ltr'>ministerium</span> <span class='ocrx_word' id='word_1_247' title='bbox 1338 1844 1396 1882; x_wconf 80' lang='lat' dir='ltr'>suae</span> <span class='ocrx_word' id='word_1_248' title='bbox 1408 1826 1539 1897; x_wconf 79' lang='lat' dir='ltr'>nequitia</span> <span class='ocrx_word' id='word_1_249' title='bbox 1551 1827 1741 1890; x_wconf 87' lang='lat' dir='ltr'>detorserunt,</span> <span class='ocrx_word' id='word_1_250' title='bbox 1755 1842 1811 1879; x_wconf 92' lang='lat' dir='ltr'>non</span> 
     </span>
     <span class='ocr_line' id='line_1_19' title="bbox 172 1915 1813 1988; baseline -0.002 -17"><span class='ocrx_word' id='word_1_251' title='bbox 172 1916 334 1984; x_wconf 87' lang='lat' dir='ltr'>viderimus,</span> <span class='ocrx_word' id='word_1_252' title='bbox 347 1917 389 1971; x_wconf 90' lang='lat' dir='ltr'>vel</span> <span class='ocrx_word' id='word_1_253' title='bbox 408 1916 626 1971; x_wconf 89' lang='lat' dir='ltr'>inconstantiam</span> <span class='ocrx_word' id='word_1_254' title='bbox 640 1915 755 1981; x_wconf 87' lang='lat' dir='ltr'>scilicet,</span> <span class='ocrx_word' id='word_1_255' title='bbox 771 1915 814 1970; x_wconf 86' lang='lat' dir='ltr'>vel</span> <span class='ocrx_word' id='word_1_256' title='bbox 832 1915 971 1970; x_wconf 90' lang='lat' dir='ltr'>incuriam</span> <span class='ocrx_word' id='word_1_257' title='bbox 1012 1917 1205 1972; x_wconf 88' lang='lat' dir='ltr'>immeritovel</span> <span class='ocrx_word' id='word_1_258' title='bbox 1213 1916 1304 1988; x_wconf 94' lang='lat' dir='ltr'>puniti</span> <span class='ocrx_word' id='word_1_259' title='bbox 1313 1916 1438 1982; x_wconf 87' lang='lat' dir='ltr'>sunt,vel</span> <span class='ocrx_word' id='word_1_260' title='bbox 1449 1915 1587 1982; x_wconf 82' lang='lat' dir='ltr'>exstincti,</span> <span class='ocrx_word' id='word_1_261' title='bbox 1597 1915 1672 1986; x_wconf 92' lang='lat' dir='ltr'>quod</span> <span class='ocrx_word' id='word_1_262' title='bbox 1683 1915 1813 1986; x_wconf 82' lang='lat' dir='ltr'>frequen-</span> 
     </span>
     <span class='ocr_line' id='line_1_20' title="bbox 172 2003 1812 2077; baseline -0.003 -15"><span class='ocrx_word' id='word_1_263' title='bbox 172 2007 363 2062; x_wconf 89' lang='lat' dir='ltr'>humanarum</span> <span class='ocrx_word' id='word_1_264' title='bbox 373 2022 469 2061; x_wconf 89' lang='lat' dir='ltr'>rerum</span> <span class='ocrx_word' id='word_1_265' title='bbox 476 2004 969 2076; x_wconf 83' lang='lat' dir='ltr'>Deo,qu0ddictuquoquenefascst,</span> <span class='ocrx_word' id='word_1_266' title='bbox 1012 2011 1057 2060; x_wconf 84' lang='lat' dir='ltr'>ter</span> <span class='ocrx_word' id='word_1_267' title='bbox 1070 2007 1233 2077; x_wconf 83' lang='lat' dir='ltr'>Regnorum</span> <span class='ocrx_word' id='word_1_268' title='bbox 1247 2005 1319 2060; x_wconf 88' lang='lat' dir='ltr'>liber</span> <span class='ocrx_word' id='word_1_269' title='bbox 1335 2004 1440 2059; x_wconf 87' lang='lat' dir='ltr'>indicat</span> <span class='ocrx_word' id='word_1_270' title='bbox 1452 2005 1567 2059; x_wconf 83' lang='lat' dir='ltr'>sactum.</span> <span class='ocrx_word' id='word_1_271' title='bbox 1585 2004 1625 2059; x_wconf 88' lang='lat' dir='ltr'>Dc</span> <span class='ocrx_word' id='word_1_272' title='bbox 1642 2004 1705 2075; x_wconf 91' lang='lat' dir='ltr'>ipsa</span> <span class='ocrx_word' id='word_1_273' title='bbox 1726 2003 1812 2059; x_wconf 89' lang='lat' dir='ltr'>etiam</span> 
     </span>
     <span class='ocr_line' id='line_1_21' title="bbox 173 2092 1810 2167; baseline -0.002 -17"><span class='ocrx_word' id='word_1_274' title='bbox 173 2094 344 2150; x_wconf 86' lang='lat' dir='ltr'>ascribentes</span> <span class='ocrx_word' id='word_1_275' title='bbox 359 2112 365 2148; x_wconf 75' lang='grc' dir='ltr'><strong>ε</strong></span> <span class='ocrx_word' id='word_1_276' title='bbox 383 2094 450 2167; x_wconf 93' lang='lat' dir='ltr'>quia</span> <span class='ocrx_word' id='word_1_277' title='bbox 476 2100 587 2149; x_wconf 89' lang='lat' dir='ltr'>sanctos</span> <span class='ocrx_word' id='word_1_278' title='bbox 611 2093 687 2148; x_wconf 89' lang='lat' dir='ltr'>vivos</span> <span class='ocrx_word' id='word_1_279' title='bbox 701 2098 833 2164; x_wconf 91' lang='lat' dir='ltr'>recteque</span> <span class='ocrx_word' id='word_1_280' title='bbox 847 2093 972 2147; x_wconf 86' lang='lat' dir='ltr'>viventes</span> <span class='ocrx_word' id='word_1_281' title='bbox 1014 2100 1104 2149; x_wconf 91' lang='lat' dir='ltr'>morte</span> <span class='ocrx_word' id='word_1_282' title='bbox 1115 2112 1148 2149; x_wconf 89' lang='lat' dir='ltr'>ac</span> <span class='ocrx_word' id='word_1_283' title='bbox 1160 2095 1227 2161; x_wconf 88' lang='lat' dir='ltr'>vita,</span> <span class='ocrx_word' id='word_1_284' title='bbox 1244 2094 1311 2165; x_wconf 87' lang='lat' dir='ltr'>quia</span> <span class='ocrx_word' id='word_1_285' title='bbox 1322 2094 1421 2148; x_wconf 72' lang='lat' dir='ltr'>mediae</span> <span class='ocrx_word' id='word_1_286' title='bbox 1436 2099 1511 2160; x_wconf 91' lang='lat' dir='ltr'>sunt,</span> <span class='ocrx_word' id='word_1_287' title='bbox 1527 2095 1571 2147; x_wconf 91' lang='lat' dir='ltr'>vel</span> <span class='ocrx_word' id='word_1_288' title='bbox 1581 2093 1670 2148; x_wconf 89' lang='lat' dir='ltr'>sancti</span> <span class='ocrx_word' id='word_1_289' title='bbox 1683 2094 1697 2147; x_wconf 87' lang='lat' dir='ltr'>l</span> <span class='ocrx_word' id='word_1_290' title='bbox 1701 2092 1810 2158; x_wconf 88' lang='lat' dir='ltr'>oannis,</span> 
     </span>
     <span class='ocr_line' id='line_1_22' title="bbox 172 2181 1814 2254; baseline -0.002 -15"><span class='ocrx_word' id='word_1_291' title='bbox 172 2183 204 2240; x_wconf 87' lang='lat' dir='ltr'>in</span> <span class='ocrx_word' id='word_1_292' title='bbox 218 2183 376 2239; x_wconf 80' lang='lat' dir='ltr'>tentatione</span> <span class='ocrx_word' id='word_1_293' title='bbox 386 2199 443 2239; x_wconf 93' lang='lat' dir='ltr'>non</span> <span class='ocrx_word' id='word_1_294' title='bbox 455 2188 594 2254; x_wconf 81' lang='lat' dir='ltr'>protegat,</span> <span class='ocrx_word' id='word_1_295' title='bbox 608 2199 659 2237; x_wconf 91' lang='lat' dir='ltr'>nec</span> <span class='ocrx_word' id='word_1_296' title='bbox 673 2181 753 2236; x_wconf 92' lang='lat' dir='ltr'>bonis</span> <span class='ocrx_word' id='word_1_297' title='bbox 768 2198 811 2247; x_wconf 84' lang='lat' dir='ltr'>aa,</span> <span class='ocrx_word' id='word_1_298' title='bbox 828 2199 889 2253; x_wconf 74' lang='lat' dir='ltr'>quae</span> <span class='ocrx_word' id='word_1_299' title='bbox 900 2181 974 2236; x_wconf 90' lang='lat' dir='ltr'>bona</span> <span class='ocrx_word' id='word_1_300' title='bbox 1014 2185 1140 2239; x_wconf 82' lang='lat' dir='ltr'>velJudre</span> <span class='ocrx_word' id='word_1_301' title='bbox 1149 2183 1280 2238; x_wconf 85' lang='lat' dir='ltr'>nativitas</span> <span class='ocrx_word' id='word_1_302' title='bbox 1289 2189 1476 2254; x_wconf 85' lang='lat' dir='ltr'>protestatur:</span> <span class='ocrx_word' id='word_1_303' title='bbox 1487 2182 1571 2238; x_wconf 92' lang='lat' dir='ltr'>unius</span> <span class='ocrx_word' id='word_1_304' title='bbox 1582 2198 1704 2253; x_wconf 78' lang='lat' dir='ltr'>natuque</span> <span class='ocrx_word' id='word_1_305' title='bbox 1714 2181 1743 2236; x_wconf 92' lang='lat' dir='ltr'>in</span> <span class='ocrx_word' id='word_1_306' title='bbox 1751 2188 1814 2235; x_wconf 93' lang='lat' dir='ltr'>tan-</span> 
     </span>
     <span class='ocr_line' id='line_1_23' title="bbox 173 2270 1813 2345; baseline -0.003 -16"><span class='ocrx_word' id='word_1_307' title='bbox 173 2278 249 2340; x_wconf 82' lang='lat' dir='ltr'>sunt,</span> <span class='ocrx_word' id='word_1_308' title='bbox 266 2289 317 2327; x_wconf 90' lang='lat' dir='ltr'>nec</span> <span class='ocrx_word' id='word_1_309' title='bbox 331 2271 414 2326; x_wconf 89' lang='lat' dir='ltr'>malis</span> <span class='ocrx_word' id='word_1_310' title='bbox 428 2272 504 2326; x_wconf 89' lang='lat' dir='ltr'>mala</span> <span class='ocrx_word' id='word_1_311' title='bbox 523 2271 662 2326; x_wconf 90' lang='lat' dir='ltr'>retribuat</span> <span class='ocrx_word' id='word_1_312' title='bbox 675 2270 856 2342; x_wconf 74' lang='lat' dir='ltr'>inpraesenti,</span> <span class='ocrx_word' id='word_1_313' title='bbox 868 2275 897 2325; x_wconf 90' lang='lat' dir='ltr'>et</span> <span class='ocrx_word' id='word_1_314' title='bbox 910 2287 974 2326; x_wconf 93' lang='lat' dir='ltr'>cum</span> <span class='ocrx_word' id='word_1_315' title='bbox 1014 2277 1076 2328; x_wconf 89' lang='lat' dir='ltr'>tum</span> <span class='ocrx_word' id='word_1_316' title='bbox 1090 2272 1202 2328; x_wconf 89' lang='lat' dir='ltr'>sibimet</span> <span class='ocrx_word' id='word_1_317' title='bbox 1215 2273 1273 2327; x_wconf 91' lang='lat' dir='ltr'>vita</span> <span class='ocrx_word' id='word_1_318' title='bbox 1285 2273 1400 2345; x_wconf 88' lang='lat' dir='ltr'>profuit,</span> <span class='ocrx_word' id='word_1_319' title='bbox 1414 2278 1448 2326; x_wconf 93' lang='lat' dir='ltr'>ut</span> <span class='ocrx_word' id='word_1_320' title='bbox 1469 2272 1531 2326; x_wconf 89' lang='lat' dir='ltr'>aliis</span> <span class='ocrx_word' id='word_1_321' title='bbox 1553 2288 1664 2343; x_wconf 88' lang='lat' dir='ltr'>quoque</span> <span class='ocrx_word' id='word_1_322' title='bbox 1676 2271 1813 2341; x_wconf 86' lang='lat' dir='ltr'>gaudium</span> 
     </span>
     <span class='ocr_line' id='line_1_24' title="bbox 173 2359 1814 2433; baseline -0.002 -16"><span class='ocrx_word' id='word_1_323' title='bbox 173 2360 230 2418; x_wconf 90' lang='lat' dir='ltr'>illis</span> <span class='ocrx_word' id='word_1_324' title='bbox 244 2361 373 2416; x_wconf 89' lang='lat' dir='ltr'>damnari</span> <span class='ocrx_word' id='word_1_325' title='bbox 393 2376 563 2427; x_wconf 89' lang='lat' dir='ltr'>mereamur,</span> <span class='ocrx_word' id='word_1_326' title='bbox 581 2376 651 2431; x_wconf 88' lang='lat' dir='ltr'>quos</span> <span class='ocrx_word' id='word_1_327' title='bbox 665 2360 822 2431; x_wconf 90' lang='lat' dir='ltr'>Sophonias</span> <span class='ocrx_word' id='word_1_328' title='bbox 837 2359 975 2432; x_wconf 89' lang='lat' dir='ltr'>propheta</span> <span class='ocrx_word' id='word_1_329' title='bbox 1015 2368 1093 2418; x_wconf 85' lang='lat' dir='ltr'>ortus</span> <span class='ocrx_word' id='word_1_330' title='bbox 1109 2364 1170 2433; x_wconf 85' lang='lat' dir='ltr'>ejus</span> <span class='ocrx_word' id='word_1_331' title='bbox 1185 2362 1336 2417; x_wconf 85' lang='lat' dir='ltr'>contulisse</span> <span class='ocrx_word' id='word_1_332' title='bbox 1351 2362 1469 2426; x_wconf 90' lang='lat' dir='ltr'>dicatur,</span> <span class='ocrx_word' id='word_1_333' title='bbox 1493 2361 1648 2415; x_wconf 88' lang='lat' dir='ltr'>secuudum</span> <span class='ocrx_word' id='word_1_334' title='bbox 1670 2360 1740 2415; x_wconf 91' lang='lat' dir='ltr'>illud</span> <span class='ocrx_word' id='word_1_335' title='bbox 1758 2378 1763 2413; x_wconf 93' lang='lat'>:</span> <span class='ocrx_word' id='word_1_336' title='bbox 1780 2360 1814 2415; x_wconf 82' lang='lat' dir='ltr'>lit</span> 
     </span>
     <span class='ocr_line' id='line_1_25' title="bbox 174 2449 1813 2522; baseline -0.002 -15"><span class='ocrx_word' id='word_1_337' title='bbox 174 2451 315 2522; x_wconf 82' lang='lat' dir='ltr'>castigaus</span> <span class='ocrx_word' id='word_1_338' title='bbox 332 2468 338 2502; x_wconf 77' lang='lat' dir='ltr'><em>z</em></span> <span class='ocrx_word' id='word_1_339' title='bbox 354 2452 404 2519; x_wconf 80' lang='lat' dir='ltr'>qui</span> <span class='ocrx_word' id='word_1_340' title='bbox 418 2450 525 2516; x_wconf 83' lang='lat' dir='ltr'>dicunt,</span> <span class='ocrx_word' id='word_1_341' title='bbox 541 2449 642 2520; x_wconf 92' lang='lat' dir='ltr'>inquit,</span> <span class='ocrx_word' id='word_1_342' title='bbox 659 2452 691 2503; x_wconf 89' lang='lat' dir='ltr'>iu</span> <span class='ocrx_word' id='word_1_343' title='bbox 705 2449 974 2513; x_wconf 60' lang='lat' dir='ltr'>cordibussutsmou</span> <span class='ocrx_word' id='word_1_344' title='bbox 1015 2455 1101 2507; x_wconf 84' lang='lat' dir='ltr'>multi</span> <span class='ocrx_word' id='word_1_345' title='bbox 1114 2468 1195 2521; x_wconf 87' lang='lat' dir='ltr'>super</span> <span class='ocrx_word' id='word_1_346' title='bbox 1210 2454 1355 2506; x_wconf 81' lang='lat' dir='ltr'>nativitato</span> <span class='ocrx_word' id='word_1_347' title='bbox 1375 2455 1433 2520; x_wconf 65' lang='lat' dir='ltr'>cius</span> <span class='ocrx_word' id='word_1_348' title='bbox 1451 2451 1613 2520; x_wconf 77' lang='lat' dir='ltr'>poudcbuut</span> <span class='ocrx_word' id='word_1_349' title='bbox 1628 2449 1704 2519; x_wconf 81' lang='lat' dir='ltr'>(Luc.</span> <span class='ocrx_word' id='word_1_350' title='bbox 1722 2454 1751 2519; x_wconf 87' lang='lat'>1).</span> <span class='ocrx_word' id='word_1_351' title='bbox 1772 2450 1813 2504; x_wconf 86' lang='lat' dir='ltr'>Dc</span> 
     </span>
     <span class='ocr_line' id='line_1_26' title="bbox 174 2536 1814 2608; baseline -0.002 -14"><span class='ocrx_word' id='word_1_352' title='bbox 174 2540 256 2608; x_wconf 69' lang='lat' dir='ltr'>sumat</span> <span class='ocrx_word' id='word_1_353' title='bbox 268 2541 403 2594; x_wconf 76' lang='lat' dir='ltr'>Dominus</span> <span class='ocrx_word' id='word_1_354' title='bbox 419 2539 492 2604; x_wconf 76' lang='lat' dir='ltr'>briae,</span> <span class='ocrx_word' id='word_1_355' title='bbox 503 2539 549 2592; x_wconf 81' lang='lat' dir='ltr'>sed</span> <span class='ocrx_word' id='word_1_356' title='bbox 561 2539 735 2607; x_wconf 70' lang='lat' dir='ltr'>acquosaoiet</span> <span class='ocrx_word' id='word_1_357' title='bbox 745 2541 816 2592; x_wconf 75' lang='lat' dir='ltr'>tituta</span> <span class='ocrx_word' id='word_1_358' title='bbox 832 2536 921 2607; x_wconf 72' lang='grc' dir='ltr'><strong>(δορὴ.</strong></span> <span class='ocrx_word' id='word_1_359' title='bbox 938 2536 973 2606; x_wconf 86' lang='lat'>1),·</span> <span class='ocrx_word' id='word_1_360' title='bbox 1016 2541 1133 2596; x_wconf 87' lang='lat' dir='ltr'>alterius</span> <span class='ocrx_word' id='word_1_361' title='bbox 1147 2558 1212 2596; x_wconf 91' lang='lat' dir='ltr'>vero</span> <span class='ocrx_word' id='word_1_362' title='bbox 1227 2541 1330 2595; x_wconf 91' lang='lat' dir='ltr'>dicitur</span> <span class='ocrx_word' id='word_1_363' title='bbox 1347 2540 1404 2594; x_wconf 86' lang='lat' dir='ltr'>vitu</span> <span class='ocrx_word' id='word_1_364' title='bbox 1421 2558 1427 2593; x_wconf 92' lang='lat'>:</span> <span class='ocrx_word' id='word_1_365' title='bbox 1444 2542 1549 2594; x_wconf 79' lang='lat' dir='ltr'>lienum</span> <span class='ocrx_word' id='word_1_366' title='bbox 1566 2544 1626 2597; x_wconf 84' lang='lat' dir='ltr'>erut</span> <span class='ocrx_word' id='word_1_367' title='bbox 1640 2542 1674 2606; x_wconf 84' lang='lat' dir='ltr'>ei,</span> <span class='ocrx_word' id='word_1_368' title='bbox 1689 2541 1715 2593; x_wconf 88' lang='lat' dir='ltr'>si</span> <span class='ocrx_word' id='word_1_369' title='bbox 1731 2544 1814 2593; x_wconf 76' lang='lat' dir='ltr'>irritus</span> 
     </span>
     <span class='ocr_line' id='line_1_27' title="bbox 174 2624 1815 2699; baseline -0.001 -17"><span class='ocrx_word' id='word_1_370' title='bbox 174 2625 628 2691; x_wconf 84' lang='lat' dir='ltr'>velcertecumillisinveniamur,</span> <span class='ocrx_word' id='word_1_371' title='bbox 639 2625 687 2697; x_wconf 93' lang='lat' dir='ltr'>qui</span> <span class='ocrx_word' id='word_1_372' title='bbox 703 2624 866 2696; x_wconf 88' lang='lat' dir='ltr'>hujusmodi</span> <span class='ocrx_word' id='word_1_373' title='bbox 884 2626 976 2696; x_wconf 92' lang='lat' dir='ltr'>queri·</span> <span class='ocrx_word' id='word_1_374' title='bbox 1017 2646 1074 2684; x_wconf 78' lang='lat' dir='ltr'>unit</span> <span class='ocrx_word' id='word_1_375' title='bbox 1097 2632 1194 2699; x_wconf 70' lang='lat' dir='ltr'>suisset</span> <span class='ocrx_word' id='word_1_376' title='bbox 1208 2631 1287 2684; x_wconf 84' lang='lat' dir='ltr'>imum</span> <span class='ocrx_word' id='word_1_377' title='bbox 1302 2633 1349 2684; x_wconf 85' lang='lat' dir='ltr'>illo</span> <span class='ocrx_word' id='word_1_378' title='bbox 1373 2629 1480 2696; x_wconf 74' lang='lat' dir='ltr'>(diutili.</span> <span class='ocrx_word' id='word_1_379' title='bbox 1496 2645 1572 2695; x_wconf 87' lang='lat' dir='ltr'>xxv1;</span> <span class='ocrx_word' id='word_1_380' title='bbox 1589 2629 1675 2682; x_wconf 84' lang='lat' dir='ltr'>Marc.</span> <span class='ocrx_word' id='word_1_381' title='bbox 1692 2630 1757 2693; x_wconf 81' lang='lat' dir='ltr'>xiv).</span> <span class='ocrx_word' id='word_1_382' title='bbox 1774 2628 1815 2681; x_wconf 91' lang='lat' dir='ltr'>De</span> 
     </span>
     <span class='ocr_line' id='line_1_28' title="bbox 179 2714 1812 2788; baseline -0.001 -18"><span class='ocrx_word' id='word_1_383' title='bbox 179 2715 282 2770; x_wconf 91' lang='lat' dir='ltr'>moniis</span> <span class='ocrx_word' id='word_1_384' title='bbox 296 2716 387 2770; x_wconf 87' lang='lat' dir='ltr'>Deum</span> <span class='ocrx_word' id='word_1_385' title='bbox 400 2714 610 2786; x_wconf 83' lang='lat' dir='ltr'>blasphemasse</span> <span class='ocrx_word' id='word_1_386' title='bbox 621 2714 865 2782; x_wconf 87' lang='lat' dir='ltr'>dicuntur,0mnis</span> <span class='ocrx_word' id='word_1_387' title='bbox 874 2715 921 2785; x_wconf 91' lang='lat' dir='ltr'>qui</span> <span class='ocrx_word' id='word_1_388' title='bbox 937 2715 976 2768; x_wconf 88' lang='lat' dir='ltr'>l&#39;a·</span> <span class='ocrx_word' id='word_1_389' title='bbox 1017 2723 1108 2772; x_wconf 89' lang='lat' dir='ltr'>morte</span> <span class='ocrx_word' id='word_1_390' title='bbox 1114 2718 1199 2772; x_wconf 89' lang='lat' dir='ltr'>etiam</span> <span class='ocrx_word' id='word_1_391' title='bbox 1208 2717 1690 2788; x_wconf 85' lang='lat' dir='ltr'>loannis,omniumquesanctorum</span> <span class='ocrx_word' id='word_1_392' title='bbox 1701 2716 1812 2771; x_wconf 91' lang='lat' dir='ltr'>dicitur:</span> 
     </span>
     <span class='ocr_line' id='line_1_29' title="bbox 178 2802 1817 2877; baseline -0.001 -18"><span class='ocrx_word' id='word_1_393' title='bbox 178 2802 219 2859; x_wconf 88' lang='lat' dir='ltr'>cit</span> <span class='ocrx_word' id='word_1_394' title='bbox 232 2803 348 2869; x_wconf 91' lang='lat' dir='ltr'>malum,</span> <span class='ocrx_word' id='word_1_395' title='bbox 365 2802 511 2857; x_wconf 92' lang='lat' dir='ltr'>bonusest</span> <span class='ocrx_word' id='word_1_396' title='bbox 526 2802 556 2856; x_wconf 91' lang='lat' dir='ltr'>in</span> <span class='ocrx_word' id='word_1_397' title='bbox 570 2808 720 2874; x_wconf 91' lang='lat' dir='ltr'>conspectu</span> <span class='ocrx_word' id='word_1_398' title='bbox 736 2803 896 2869; x_wconf 86' lang='lat' dir='ltr'>Domini,et</span> <span class='ocrx_word' id='word_1_399' title='bbox 905 2803 976 2858; x_wconf 86' lang='lat' dir='ltr'>tales</span> <span class='ocrx_word' id='word_1_400' title='bbox 1018 2809 1140 2862; x_wconf 82' lang='lat' dir='ltr'>Pretiosa</span> <span class='ocrx_word' id='word_1_401' title='bbox 1154 2810 1185 2861; x_wconf 89' lang='lat' dir='ltr'>in</span> <span class='ocrx_word' id='word_1_402' title='bbox 1199 2813 1340 2877; x_wconf 78' lang='lat' dir='ltr'>coiupectu</span> <span class='ocrx_word' id='word_1_403' title='bbox 1351 2809 1465 2862; x_wconf 83' lang='lat' dir='ltr'>Domini</span> <span class='ocrx_word' id='word_1_404' title='bbox 1484 2823 1558 2861; x_wconf 78' lang='lat' dir='ltr'>iuors</span> <span class='ocrx_word' id='word_1_405' title='bbox 1573 2811 1736 2861; x_wconf 70' lang='lat' dir='ltr'>secretorum</span> <span class='ocrx_word' id='word_1_406' title='bbox 1758 2808 1817 2874; x_wconf 80' lang='lat' dir='ltr'>ojus</span> 
     </span>
     <span class='ocr_line' id='line_1_30' title="bbox 183 2889 1818 2966; baseline 0 -19"><span class='ocrx_word' id='word_1_407' title='bbox 183 2891 343 2965; x_wconf 79' lang='lat' dir='ltr'>eiplacent3</span> <span class='ocrx_word' id='word_1_408' title='bbox 357 2896 488 2946; x_wconf 88' lang='lat' dir='ltr'>autcerte</span> <span class='ocrx_word' id='word_1_409' title='bbox 499 2889 547 2946; x_wconf 93' lang='lat' dir='ltr'>ubi</span> <span class='ocrx_word' id='word_1_410' title='bbox 558 2891 978 2963; x_wconf 79' lang='lat' dir='ltr'>estlieusjustitiaeiillamquo·</span> <span class='ocrx_word' id='word_1_411' title='bbox 1020 2898 1103 2964; x_wconf 84' lang='lat' dir='ltr'>(Psoi.</span> <span class='ocrx_word' id='word_1_412' title='bbox 1120 2901 1190 2966; x_wconf 79' lang='lat' dir='ltr'>cxv).</span> <span class='ocrx_word' id='word_1_413' title='bbox 1211 2896 1251 2951; x_wconf 90' lang='lat' dir='ltr'>De</span> <span class='ocrx_word' id='word_1_414' title='bbox 1265 2897 1278 2951; x_wconf 87' lang='lat' dir='ltr'>J</span> <span class='ocrx_word' id='word_1_415' title='bbox 1282 2896 1343 2951; x_wconf 79' lang='lat' dir='ltr'>udae</span> <span class='ocrx_word' id='word_1_416' title='bbox 1356 2900 1451 2951; x_wconf 86' lang='lat' dir='ltr'>autem</span> <span class='ocrx_word' id='word_1_417' title='bbox 1468 2912 1501 2949; x_wconf 91' lang='lat' dir='ltr'>ac</span> <span class='ocrx_word' id='word_1_418' title='bbox 1520 2895 1746 2960; x_wconf 88' lang='lat' dir='ltr'>similium,mors</span> <span class='ocrx_word' id='word_1_419' title='bbox 1758 2910 1818 2962; x_wconf 81' lang='lat' dir='ltr'>pcc-</span> 
     </span>
     <span class='ocr_line' id='line_1_31' title="bbox 178 2979 1818 3056; baseline 0 -20"><span class='ocrx_word' id='word_1_420' title='bbox 178 2979 444 3054; x_wconf 88' lang='lat' dir='ltr'>queblasphemiam</span> <span class='ocrx_word' id='word_1_421' title='bbox 453 2997 515 3052; x_wconf 75' lang='lat' dir='ltr'>qua</span> <span class='ocrx_word' id='word_1_422' title='bbox 524 2980 553 3035; x_wconf 90' lang='lat' dir='ltr'>iu</span> <span class='ocrx_word' id='word_1_423' title='bbox 559 2980 976 3052; x_wconf 86' lang='lat' dir='ltr'>subsequentibusdescribitur,</span> <span class='ocrx_word' id='word_1_424' title='bbox 1019 2990 1145 3040; x_wconf 85' lang='lat' dir='ltr'>culorum</span> <span class='ocrx_word' id='word_1_425' title='bbox 1155 2989 1273 3055; x_wconf 76' lang='lat' dir='ltr'>pessima</span> <span class='ocrx_word' id='word_1_426' title='bbox 1283 2984 1366 3056; x_wconf 79' lang='lat' dir='ltr'>(Paul.</span> <span class='ocrx_word' id='word_1_427' title='bbox 1382 2990 1489 3053; x_wconf 77' lang='lat' dir='ltr'>xxxin).</span> <span class='ocrx_word' id='word_1_428' title='bbox 1500 2984 1653 3040; x_wconf 78' lang='lat' dir='ltr'>iufirmitas</span> <span class='ocrx_word' id='word_1_429' title='bbox 1661 2983 1747 3037; x_wconf 87' lang='lat' dir='ltr'>etiam</span> <span class='ocrx_word' id='word_1_430' title='bbox 1758 3000 1818 3037; x_wconf 85' lang='lat' dir='ltr'>car-</span> 
     </span>
     <span class='ocr_line' id='line_1_32' title="bbox 176 3049 1819 3144; baseline -0.001 -18"><span class='ocrx_word' id='word_1_431' title='bbox 176 3069 308 3126; x_wconf 86' lang='lat' dir='ltr'>similiter</span> <span class='ocrx_word' id='word_1_432' title='bbox 318 3069 522 3141; x_wconf 82' lang='lat' dir='ltr'>adjungentes:</span> <span class='ocrx_word' id='word_1_433' title='bbox 537 3071 627 3124; x_wconf 81' lang='lat' dir='ltr'>Vanus</span> <span class='ocrx_word' id='word_1_434' title='bbox 640 3075 678 3124; x_wconf 86' lang='lat' dir='ltr'>est</span> <span class='ocrx_word' id='word_1_435' title='bbox 691 3072 745 3139; x_wconf 90' lang='lat' dir='ltr'>qui</span> <span class='ocrx_word' id='word_1_436' title='bbox 762 3072 846 3124; x_wconf 84' lang='lat' dir='ltr'>seruit</span> <span class='ocrx_word' id='word_1_437' title='bbox 856 3071 916 3132; x_wconf 81' lang='lat' dir='ltr'>Deo,</span> <span class='ocrx_word' id='word_1_438' title='bbox 927 3074 978 3124; x_wconf 85' lang='lat' dir='ltr'>aut</span> <span class='ocrx_word' id='word_1_439' title='bbox 988 3049 1010 3111; x_wconf 74' lang='lat' dir='ltr'>C</span> <span class='ocrx_word' id='word_1_440' title='bbox 1019 3073 1063 3128; x_wconf 89' lang='lat' dir='ltr'>nis</span> <span class='ocrx_word' id='word_1_441' title='bbox 1077 3073 1219 3128; x_wconf 88' lang='lat' dir='ltr'>interdum</span> <span class='ocrx_word' id='word_1_442' title='bbox 1228 3090 1312 3144; x_wconf 88' lang='lat' dir='ltr'>quarn</span> <span class='ocrx_word' id='word_1_443' title='bbox 1322 3073 1357 3128; x_wconf 94' lang='lat' dir='ltr'>sit</span> <span class='ocrx_word' id='word_1_444' title='bbox 1367 3073 1524 3139; x_wconf 90' lang='lat' dir='ltr'>commoda,</span> <span class='ocrx_word' id='word_1_445' title='bbox 1541 3071 1638 3127; x_wconf 85' lang='lat' dir='ltr'>Lazari</span> <span class='ocrx_word' id='word_1_446' title='bbox 1647 3071 1736 3142; x_wconf 91' lang='lat' dir='ltr'>ipsius</span> <span class='ocrx_word' id='word_1_447' title='bbox 1751 3087 1819 3141; x_wconf 89' lang='lat' dir='ltr'>pau-</span> 
     </span>
     <span class='ocr_line' id='line_1_33' title="bbox 176 3159 1819 3234; baseline 0 -20"><span class='ocrx_word' id='word_1_448' title='bbox 176 3160 553 3230; x_wconf 82' lang='lat' dir='ltr'>quodemoiumcutuni‚quiu</span> <span class='ocrx_word' id='word_1_449' title='bbox 562 3159 978 3228; x_wconf 73' lang='lat' dir='ltr'>custodioiumspraoeptuajarsi</span> <span class='ocrx_word' id='word_1_450' title='bbox 1019 3162 1094 3234; x_wconf 85' lang='lat' dir='ltr'>pexis</span> <span class='ocrx_word' id='word_1_451' title='bbox 1103 3162 1373 3218; x_wconf 90' lang='lat' dir='ltr'>ulcerosibeatitudo</span> <span class='ocrx_word' id='word_1_452' title='bbox 1384 3163 1568 3227; x_wconf 88' lang='lat' dir='ltr'>demonstrat,</span> <span class='ocrx_word' id='word_1_453' title='bbox 1576 3162 1656 3231; x_wconf 87' lang='lat' dir='ltr'>cujus</span> <span class='ocrx_word' id='word_1_454' title='bbox 1667 3177 1731 3215; x_wconf 90' lang='lat' dir='ltr'>cum</span> <span class='ocrx_word' id='word_1_455' title='bbox 1739 3160 1819 3214; x_wconf 91' lang='lat' dir='ltr'>nulla</span> 
     </span>
     <span class='ocr_line' id='line_1_34' title="bbox 177 3247 1817 3323; baseline -0.001 -19"><span class='ocrx_word' id='word_1_456' title='bbox 177 3251 274 3319; x_wconf 74' lang='lat' dir='ltr'>etquis</span> <span class='ocrx_word' id='word_1_457' title='bbox 284 3247 489 3302; x_wconf 82' lang='lat' dir='ltr'>ambulavimus</span> <span class='ocrx_word' id='word_1_458' title='bbox 499 3250 588 3301; x_wconf 83' lang='lat' dir='ltr'>tristes</span> <span class='ocrx_word' id='word_1_459' title='bbox 594 3262 688 3301; x_wconf 83' lang='lat' dir='ltr'>coram</span> <span class='ocrx_word' id='word_1_460' title='bbox 694 3249 825 3301; x_wconf 73' lang='lat' dir='ltr'>Detumo?</span> <span class='ocrx_word' id='word_1_461' title='bbox 836 3249 915 3315; x_wconf 70' lang='lat' dir='ltr'>(illut.</span> <span class='ocrx_word' id='word_1_462' title='bbox 926 3249 977 3315; x_wconf 81' lang='lat' dir='ltr'>nr.)</span> <span class='ocrx_word' id='word_1_463' title='bbox 1019 3252 1216 3307; x_wconf 83' lang='lat' dir='ltr'>aliavirtutum</span> <span class='ocrx_word' id='word_1_464' title='bbox 1223 3251 1324 3306; x_wconf 90' lang='lat' dir='ltr'>merita</span> <span class='ocrx_word' id='word_1_465' title='bbox 1331 3252 1683 3323; x_wconf 88' lang='lat' dir='ltr'>Scripturacommemoret</span> <span class='ocrx_word' id='word_1_466' title='bbox 1693 3251 1767 3316; x_wconf 78' lang='lat' dir='ltr'>(tua</span> <span class='ocrx_word' id='word_1_467' title='bbox 1778 3252 1817 3317; x_wconf 82' lang='lat' dir='ltr'>x),</span> 
     </span>
     <span class='ocr_line' id='line_1_35' title="bbox 178 3335 1819 3411; baseline -0.001 -19"><span class='ocrx_word' id='word_1_468' title='bbox 178 3335 254 3408; x_wconf 83' lang='lat' dir='ltr'>Ergo</span> <span class='ocrx_word' id='word_1_469' title='bbox 266 3352 341 3391; x_wconf 91' lang='lat' dir='ltr'>nunc</span> <span class='ocrx_word' id='word_1_470' title='bbox 350 3336 447 3390; x_wconf 90' lang='lat' dir='ltr'>beatos</span> <span class='ocrx_word' id='word_1_471' title='bbox 459 3335 580 3390; x_wconf 89' lang='lat' dir='ltr'>dicimus</span> <span class='ocrx_word' id='word_1_472' title='bbox 590 3341 764 3407; x_wconf 80' lang='lat' dir='ltr'>arrogantes,</span> <span class='ocrx_word' id='word_1_473' title='bbox 774 3336 798 3390; x_wconf 90' lang='lat' dir='ltr'>si</span> <span class='ocrx_word' id='word_1_474' title='bbox 810 3335 925 3407; x_wconf 91' lang='lat' dir='ltr'>quidem</span> <span class='ocrx_word' id='word_1_475' title='bbox 939 3335 979 3390; x_wconf 93' lang='lat' dir='ltr'>di·</span> <span class='ocrx_word' id='word_1_476' title='bbox 1020 3341 1129 3411; x_wconf 90' lang='lat' dir='ltr'>prohoc</span> <span class='ocrx_word' id='word_1_477' title='bbox 1137 3341 1196 3395; x_wconf 90' lang='lat' dir='ltr'>solo</span> <span class='ocrx_word' id='word_1_478' title='bbox 1205 3340 1278 3411; x_wconf 91' lang='lat' dir='ltr'>quod</span> <span class='ocrx_word' id='word_1_479' title='bbox 1287 3344 1441 3410; x_wconf 84' lang='lat' dir='ltr'>egestatem</span> <span class='ocrx_word' id='word_1_480' title='bbox 1451 3346 1480 3394; x_wconf 90' lang='lat' dir='ltr'>et</span> <span class='ocrx_word' id='word_1_481' title='bbox 1489 3339 1684 3393; x_wconf 85' lang='lat' dir='ltr'>infirmitatem</span> <span class='ocrx_word' id='word_1_482' title='bbox 1693 3337 1819 3409; x_wconf 88' lang='lat' dir='ltr'>corporis</span> 
     </span>
     <span class='ocr_line' id='line_1_36' title="bbox 180 3423 1819 3500; baseline -0.001 -19"><span class='ocrx_word' id='word_1_483' title='bbox 180 3423 444 3481; x_wconf 83' lang='lat' dir='ltr'>tatisuntiacientes</span> <span class='ocrx_word' id='word_1_484' title='bbox 454 3424 638 3495; x_wconf 89' lang='lat' dir='ltr'>impietatem,</span> <span class='ocrx_word' id='word_1_485' title='bbox 651 3428 679 3479; x_wconf 94' lang='lat' dir='ltr'>et</span> <span class='ocrx_word' id='word_1_486' title='bbox 687 3429 868 3480; x_wconf 85' lang='lat' dir='ltr'>tentaverunt</span> <span class='ocrx_word' id='word_1_487' title='bbox 879 3427 981 3494; x_wconf 85' lang='lat' dir='ltr'>(sic),et</span> <span class='ocrx_word' id='word_1_488' title='bbox 1020 3429 1225 3500; x_wconf 88' lang='lat' dir='ltr'>patientissime</span> <span class='ocrx_word' id='word_1_489' title='bbox 1246 3429 1385 3495; x_wconf 88' lang='lat' dir='ltr'>toleravit,</span> <span class='ocrx_word' id='word_1_490' title='bbox 1411 3428 1504 3483; x_wconf 91' lang='lat' dir='ltr'>sinum</span> <span class='ocrx_word' id='word_1_491' title='bbox 1530 3427 1650 3482; x_wconf 70' lang='lat' dir='ltr'>Abrahae</span> <span class='ocrx_word' id='word_1_492' title='bbox 1674 3426 1819 3499; x_wconf 88' lang='lat' dir='ltr'>possidere</span> 
     </span>
     <span class='ocr_line' id='line_1_37' title="bbox 173 3511 1819 3590; baseline 0 -21"><span class='ocrx_word' id='word_1_493' title='bbox 173 3514 249 3570; x_wconf 66' lang='lat' dir='ltr'>⁴salvi</span> <span class='ocrx_word' id='word_1_494' title='bbox 258 3513 324 3569; x_wconf 88' lang='lat' dir='ltr'>facti</span> <span class='ocrx_word' id='word_1_495' title='bbox 338 3517 414 3569; x_wconf 89' lang='lat' dir='ltr'>sunt.</span> <span class='ocrx_word' id='word_1_496' title='bbox 427 3511 625 3581; x_wconf 88' lang='lat' dir='ltr'>Quamobrem,</span> <span class='ocrx_word' id='word_1_497' title='bbox 636 3518 669 3568; x_wconf 90' lang='lat' dir='ltr'>ut</span> <span class='ocrx_word' id='word_1_498' title='bbox 679 3515 751 3569; x_wconf 93' lang='lat' dir='ltr'>hanc</span> <span class='ocrx_word' id='word_1_499' title='bbox 760 3513 976 3585; x_wconf 80' lang='lat' dir='ltr'>ignorationem,</span> <span class='ocrx_word' id='word_1_500' title='bbox 1019 3517 1183 3574; x_wconf 89' lang='lat' dir='ltr'>beatissima</span> <span class='ocrx_word' id='word_1_501' title='bbox 1197 3524 1272 3573; x_wconf 87' lang='lat' dir='ltr'>sorte</span> <span class='ocrx_word' id='word_1_502' title='bbox 1286 3518 1452 3590; x_wconf 91' lang='lat' dir='ltr'>promeruit.</span> <span class='ocrx_word' id='word_1_503' title='bbox 1464 3519 1580 3588; x_wconf 81' lang='lat' dir='ltr'>Egestas</span> <span class='ocrx_word' id='word_1_504' title='bbox 1592 3533 1703 3588; x_wconf 91' lang='lat' dir='ltr'>quoque</span> <span class='ocrx_word' id='word_1_505' title='bbox 1711 3534 1744 3570; x_wconf 86' lang='lat' dir='ltr'>ac</span> <span class='ocrx_word' id='word_1_506' title='bbox 1756 3533 1819 3587; x_wconf 88' lang='lat' dir='ltr'>por-</span> 
     </span>
     <span class='ocr_line' id='line_1_38' title="bbox 180 3601 1821 3679; baseline 0 -20"><span class='ocrx_word' id='word_1_507' title='bbox 180 3618 242 3676; x_wconf 75' lang='lat' dir='ltr'>qua</span> <span class='ocrx_word' id='word_1_508' title='bbox 256 3602 414 3676; x_wconf 86' lang='lat' dir='ltr'>pravissimi</span> <span class='ocrx_word' id='word_1_509' title='bbox 424 3601 509 3673; x_wconf 87' lang='lat' dir='ltr'>hujus</span> <span class='ocrx_word' id='word_1_510' title='bbox 522 3602 626 3657; x_wconf 87' lang='lat' dir='ltr'>erroris</span> <span class='ocrx_word' id='word_1_511' title='bbox 636 3603 750 3657; x_wconf 90' lang='lat' dir='ltr'>radixet</span> <span class='ocrx_word' id='word_1_512' title='bbox 761 3620 847 3658; x_wconf 87' lang='lat' dir='ltr'>causa</span> <span class='ocrx_word' id='word_1_513' title='bbox 857 3608 978 3674; x_wconf 88' lang='lat' dir='ltr'>est‚pos-</span> <span class='ocrx_word' id='word_1_514' title='bbox 1018 3607 1176 3662; x_wconf 89' lang='lat' dir='ltr'>secutiones</span> <span class='ocrx_word' id='word_1_515' title='bbox 1185 3613 1214 3662; x_wconf 90' lang='lat' dir='ltr'>et</span> <span class='ocrx_word' id='word_1_516' title='bbox 1223 3607 1342 3679; x_wconf 72' lang='lat' dir='ltr'>iniuria,</span> <span class='ocrx_word' id='word_1_517' title='bbox 1351 3624 1412 3678; x_wconf 77' lang='lat' dir='ltr'>qua</span> <span class='ocrx_word' id='word_1_518' title='bbox 1422 3606 1497 3661; x_wconf 87' lang='lat' dir='ltr'>mala</span> <span class='ocrx_word' id='word_1_519' title='bbox 1506 3623 1567 3661; x_wconf 86' lang='lat' dir='ltr'>esse</span> <span class='ocrx_word' id='word_1_520' title='bbox 1576 3605 1663 3660; x_wconf 91' lang='lat' dir='ltr'>totius</span> <span class='ocrx_word' id='word_1_521' title='bbox 1676 3604 1752 3674; x_wconf 82' lang='lat' dir='ltr'>vulgi</span> <span class='ocrx_word' id='word_1_522' title='bbox 1762 3604 1821 3675; x_wconf 91' lang='lat' dir='ltr'>opi-</span> 
     </span>
     <span class='ocr_line' id='line_1_39' title="bbox 180 3691 1819 3768; baseline -0.001 -19"><span class='ocrx_word' id='word_1_523' title='bbox 180 3691 269 3749; x_wconf 81' lang='lat' dir='ltr'>aimus</span> <span class='ocrx_word' id='word_1_524' title='bbox 283 3692 410 3759; x_wconf 87' lang='lat' dir='ltr'>evadere,</span> <span class='ocrx_word' id='word_1_525' title='bbox 427 3691 551 3762; x_wconf 89' lang='lat' dir='ltr'>primum</span> <span class='ocrx_word' id='word_1_526' title='bbox 566 3707 648 3746; x_wconf 90' lang='lat' dir='ltr'>nosse</span> <span class='ocrx_word' id='word_1_527' title='bbox 669 3691 812 3757; x_wconf 89' lang='lat' dir='ltr'>debemus,</span> <span class='ocrx_word' id='word_1_528' title='bbox 828 3692 895 3763; x_wconf 91' lang='lat' dir='ltr'>quid</span> <span class='ocrx_word' id='word_1_529' title='bbox 913 3709 978 3746; x_wconf 83' lang='lat' dir='ltr'>vere</span> <span class='ocrx_word' id='word_1_530' title='bbox 1019 3693 1819 3768; x_wconf 83' lang='lat' dir='ltr'>nioncconsentur,quamsintutilesacnecessariaeetiam</span> 
     </span>
     <span class='ocr_line' id='line_1_40' title="bbox 180 3780 1820 3857; baseline -0.002 -18"><span class='ocrx_word' id='word_1_531' title='bbox 180 3781 219 3839; x_wconf 79' lang='lat' dir='ltr'>ait</span> <span class='ocrx_word' id='word_1_532' title='bbox 231 3780 347 3848; x_wconf 88' lang='lat' dir='ltr'>bonum,</span> <span class='ocrx_word' id='word_1_533' title='bbox 359 3781 426 3854; x_wconf 92' lang='lat' dir='ltr'>quid</span> <span class='ocrx_word' id='word_1_534' title='bbox 436 3780 553 3846; x_wconf 91' lang='lat' dir='ltr'>malurn,</span> <span class='ocrx_word' id='word_1_535' title='bbox 567 3780 641 3835; x_wconf 90' lang='lat' dir='ltr'>etita</span> <span class='ocrx_word' id='word_1_536' title='bbox 650 3780 764 3836; x_wconf 86' lang='lat' dir='ltr'>demum</span> <span class='ocrx_word' id='word_1_537' title='bbox 775 3798 860 3853; x_wconf 91' lang='lat' dir='ltr'>super</span> <span class='ocrx_word' id='word_1_538' title='bbox 868 3781 912 3836; x_wconf 93' lang='lat' dir='ltr'>his</span> <span class='ocrx_word' id='word_1_539' title='bbox 922 3798 978 3835; x_wconf 92' lang='lat' dir='ltr'>non</span> <span class='ocrx_word' id='word_1_540' title='bbox 1019 3802 1052 3840; x_wconf 89' lang='lat' dir='ltr'>ex</span> <span class='ocrx_word' id='word_1_541' title='bbox 1068 3786 1120 3839; x_wconf 91' lang='lat' dir='ltr'>hoc</span> <span class='ocrx_word' id='word_1_542' title='bbox 1135 3785 1242 3856; x_wconf 89' lang='lat' dir='ltr'>liquido</span> <span class='ocrx_word' id='word_1_543' title='bbox 1261 3784 1469 3857; x_wconf 90' lang='lat' dir='ltr'>comprobatur,</span> <span class='ocrx_word' id='word_1_544' title='bbox 1486 3784 1560 3855; x_wconf 95' lang='lat' dir='ltr'>quod</span> <span class='ocrx_word' id='word_1_545' title='bbox 1582 3783 1671 3839; x_wconf 88' lang='lat' dir='ltr'>sancti</span> <span class='ocrx_word' id='word_1_546' title='bbox 1687 3782 1740 3837; x_wconf 75' lang='lat' dir='ltr'>riri</span> <span class='ocrx_word' id='word_1_547' title='bbox 1763 3799 1820 3837; x_wconf 91' lang='lat' dir='ltr'>non</span> 
     </span>
     <span class='ocr_line' id='line_1_41' title="bbox 180 3870 1820 3946; baseline -0.002 -18"><span class='ocrx_word' id='word_1_548' title='bbox 180 3870 283 3928; x_wconf 79' lang='lat' dir='ltr'>falsum</span> <span class='ocrx_word' id='word_1_549' title='bbox 292 3871 378 3942; x_wconf 80' lang='lat' dir='ltr'>vulgi,</span> <span class='ocrx_word' id='word_1_550' title='bbox 392 3870 441 3925; x_wconf 90' lang='lat' dir='ltr'>sed</span> <span class='ocrx_word' id='word_1_551' title='bbox 454 3886 550 3925; x_wconf 90' lang='lat' dir='ltr'>veram</span> <span class='ocrx_word' id='word_1_552' title='bbox 566 3871 775 3942; x_wconf 88' lang='lat' dir='ltr'>Scripturarum</span> <span class='ocrx_word' id='word_1_553' title='bbox 785 3870 978 3925; x_wconf 82' lang='lat' dir='ltr'>definitionem</span> <span class='ocrx_word' id='word_1_554' title='bbox 1020 3875 1111 3930; x_wconf 90' lang='lat' dir='ltr'>solum</span> <span class='ocrx_word' id='word_1_555' title='bbox 1126 3891 1174 3929; x_wconf 88' lang='lat' dir='ltr'>eas</span> <span class='ocrx_word' id='word_1_556' title='bbox 1193 3891 1339 3946; x_wconf 89' lang='lat' dir='ltr'>nunquam</span> <span class='ocrx_word' id='word_1_557' title='bbox 1357 3874 1446 3928; x_wconf 84' lang='lat' dir='ltr'>vitare</span> <span class='ocrx_word' id='word_1_558' title='bbox 1460 3874 1617 3938; x_wconf 88' lang='lat' dir='ltr'>voluerunt,</span> <span class='ocrx_word' id='word_1_559' title='bbox 1635 3871 1820 3926; x_wconf 87' lang='lat' dir='ltr'>verumetiam</span> 
     </span>
     <span class='ocr_line' id='line_1_42' title="bbox 180 3954 1820 4035; baseline -0.001 -20"><span class='ocrx_word' id='word_1_560' title='bbox 180 3964 311 4016; x_wconf 85' lang='lat' dir='ltr'>tenentes</span> <span class='ocrx_word' id='word_1_561' title='bbox 326 3959 444 4013; x_wconf 89' lang='lat' dir='ltr'>minime</span> <span class='ocrx_word' id='word_1_562' title='bbox 465 3954 622 4013; x_wconf 84' lang='lat' dir='ltr'>infidelium</span> <span class='ocrx_word' id='word_1_563' title='bbox 637 3957 784 4014; x_wconf 90' lang='lat' dir='ltr'>hominum</span> <span class='ocrx_word' id='word_1_564' title='bbox 807 3959 980 4030; x_wconf 86' lang='lat' dir='ltr'>decipiemur</span> <span class='ocrx_word' id='word_1_565' title='bbox 1020 3964 1124 4019; x_wconf 88' lang='lat' dir='ltr'>virtute</span> <span class='ocrx_word' id='word_1_566' title='bbox 1136 3981 1248 4018; x_wconf 88' lang='lat' dir='ltr'>summa</span> <span class='ocrx_word' id='word_1_567' title='bbox 1257 3964 1300 4017; x_wconf 90' lang='lat' dir='ltr'>vel</span> <span class='ocrx_word' id='word_1_568' title='bbox 1311 3968 1485 4035; x_wconf 87' lang='lat' dir='ltr'>appetentes,</span> <span class='ocrx_word' id='word_1_569' title='bbox 1494 3964 1538 4016; x_wconf 89' lang='lat' dir='ltr'>vel</span> <span class='ocrx_word' id='word_1_570' title='bbox 1547 3961 1656 4017; x_wconf 83' lang='lat' dir='ltr'>sortiter</span> <span class='ocrx_word' id='word_1_571' title='bbox 1665 3961 1820 4016; x_wconf 86' lang='lat' dir='ltr'>tolerantes</span> 
     </span>
     <span class='ocr_line' id='line_1_43' title="bbox 181 4047 1821 4124; baseline 0.001 -21"><span class='ocrx_word' id='word_1_572' title='bbox 181 4063 287 4104; x_wconf 84' lang='lat' dir='ltr'>ermre.</span> <span class='ocrx_word' id='word_1_573' title='bbox 300 4047 547 4103; x_wconf 79' lang='lat' dir='ltr'>&#39;l&#39;riasuntomnia</span> <span class='ocrx_word' id='word_1_574' title='bbox 557 4064 619 4118; x_wconf 86' lang='lat' dir='ltr'>quae</span> <span class='ocrx_word' id='word_1_575' title='bbox 635 4047 664 4102; x_wconf 90' lang='lat' dir='ltr'>in</span> <span class='ocrx_word' id='word_1_576' title='bbox 675 4048 728 4102; x_wconf 92' lang='lat' dir='ltr'>hoc</span> <span class='ocrx_word' id='word_1_577' title='bbox 744 4049 849 4103; x_wconf 90' lang='lat' dir='ltr'>mundo</span> <span class='ocrx_word' id='word_1_578' title='bbox 861 4054 936 4115; x_wconf 92' lang='lat' dir='ltr'>sunt,</span> <span class='ocrx_word' id='word_1_579' title='bbox 952 4048 979 4102; x_wconf 92' lang='lat' dir='ltr'>id</span> <span class='ocrx_word' id='word_1_580' title='bbox 1021 4053 1105 4108; x_wconf 91' lang='lat' dir='ltr'>amici</span> <span class='ocrx_word' id='word_1_581' title='bbox 1120 4053 1170 4108; x_wconf 87' lang='lat' dir='ltr'>Dei</span> <span class='ocrx_word' id='word_1_582' title='bbox 1187 4053 1286 4120; x_wconf 79' lang='lat' dir='ltr'>effecti,</span> <span class='ocrx_word' id='word_1_583' title='bbox 1304 4058 1416 4108; x_wconf 82' lang='lat' dir='ltr'>aeternae</span> <span class='ocrx_word' id='word_1_584' title='bbox 1426 4052 1490 4106; x_wconf 77' lang='lat' dir='ltr'>u&#39;tae</span> <span class='ocrx_word' id='word_1_585' title='bbox 1502 4051 1642 4124; x_wconf 89' lang='lat' dir='ltr'>stipendia</span> <span class='ocrx_word' id='word_1_586' title='bbox 1654 4055 1821 4105; x_wconf 88' lang='lat' dir='ltr'>suntconsc·</span> 
     </span>
     <span class='ocr_line' id='line_1_44' title="bbox 183 4134 1821 4214; baseline -0.006 -12"><span class='ocrx_word' id='word_1_587' title='bbox 183 4141 236 4202; x_wconf 65' lang='lat'>0⁸2·</span> <span class='ocrx_word' id='word_1_588' title='bbox 248 4134 364 4200; x_wconf 91' lang='lat' dir='ltr'>bonum,</span> <span class='ocrx_word' id='word_1_589' title='bbox 372 4135 488 4201; x_wconf 66' lang='lat' dir='ltr'>malum,</span> <span class='ocrx_word' id='word_1_590' title='bbox 500 4135 636 4190; x_wconf 71' lang='lat' dir='ltr'>medium·</span> <span class='ocrx_word' id='word_1_591' title='bbox 647 4136 787 4191; x_wconf 78' lang='lat' dir='ltr'>Debemus</span> <span class='ocrx_word' id='word_1_592' title='bbox 795 4137 890 4208; x_wconf 87' lang='lat' dir='ltr'>itaque</span> <span class='ocrx_word' id='word_1_593' title='bbox 900 4153 982 4192; x_wconf 89' lang='lat' dir='ltr'>nosse</span> <span class='ocrx_word' id='word_1_594' title='bbox 1022 4142 1090 4210; x_wconf 86' lang='lat' dir='ltr'>cuti,</span> <span class='ocrx_word' id='word_1_595' title='bbox 1101 4141 1184 4198; x_wconf 89' lang='lat' dir='ltr'>beato</span> <span class='ocrx_word' id='word_1_596' title='bbox 1189 4143 1323 4214; x_wconf 88' lang='lat' dir='ltr'>hpostolo</span> <span class='ocrx_word' id='word_1_597' title='bbox 1334 4141 1498 4197; x_wconf 84' lang='lat' dir='ltr'>concinente</span> <span class='ocrx_word' id='word_1_598' title='bbox 1509 4159 1515 4194; x_wconf 93' lang='lat'>:</span> <span class='ocrx_word' id='word_1_599' title='bbox 1526 4144 1638 4210; x_wconf 82' lang='lat' dir='ltr'>Propter</span> <span class='ocrx_word' id='word_1_600' title='bbox 1649 4142 1721 4210; x_wconf 80' lang='lat' dir='ltr'>quod</span> <span class='ocrx_word' id='word_1_601' title='bbox 1727 4143 1821 4209; x_wconf 80' lang='lat' dir='ltr'>placeo</span> 
     </span>
     <span class='ocr_line' id='line_1_45' title="bbox 183 4222 1820 4301; baseline -0.007 -9"><span class='ocrx_word' id='word_1_602' title='bbox 183 4222 979 4297; x_wconf 72' lang='lat' dir='ltr'>quidpropriebouum,quidmalum,quidvesitmedium‚</span> <span class='ocrx_word' id='word_1_603' title='bbox 1023 4233 1134 4287; x_wconf 81' lang='lat' dir='ltr'>mihtin</span> <span class='ocrx_word' id='word_1_604' title='bbox 1146 4233 1361 4301; x_wconf 75' lang='lat' dir='ltr'>infirmitatibus</span> <span class='ocrx_word' id='word_1_605' title='bbox 1376 4233 1484 4299; x_wconf 85' lang='lat' dir='ltr'>(IICor.</span> <span class='ocrx_word' id='word_1_606' title='bbox 1500 4234 1575 4301; x_wconf 80' lang='lat' dir='ltr'>xxix),</span> <span class='ocrx_word' id='word_1_607' title='bbox 1592 4230 1622 4284; x_wconf 91' lang='lat' dir='ltr'>in</span> <span class='ocrx_word' id='word_1_608' title='bbox 1632 4227 1820 4292; x_wconf 90' lang='lat' dir='ltr'>contumeliis,</span> 
     </span>
     <span class='ocr_line' id='line_1_46' title="bbox 183 4311 1822 4393; baseline -0.002 -24"><span class='ocrx_word' id='word_1_609' title='bbox 183 4319 217 4370; x_wconf 75' lang='lat' dir='ltr'>tlt</span> <span class='ocrx_word' id='word_1_610' title='bbox 230 4318 327 4368; x_wconf 80' lang='lat' dir='ltr'>nostra</span> <span class='ocrx_word' id='word_1_611' title='bbox 341 4312 420 4379; x_wconf 81' lang='lat' dir='ltr'>fides,</span> <span class='ocrx_word' id='word_1_612' title='bbox 431 4328 498 4366; x_wconf 80' lang='lat' dir='ltr'>veru</span> <span class='ocrx_word' id='word_1_613' title='bbox 509 4311 626 4367; x_wconf 81' lang='lat' dir='ltr'>scientia</span> <span class='ocrx_word' id='word_1_614' title='bbox 640 4313 821 4380; x_wconf 72' lang='lat' dir='ltr'>communita,</span> <span class='ocrx_word' id='word_1_615' title='bbox 835 4313 864 4369; x_wconf 85' lang='lat' dir='ltr'>in</span> <span class='ocrx_word' id='word_1_616' title='bbox 874 4315 981 4370; x_wconf 71' lang='lat' dir='ltr'>cunctis</span> <span class='ocrx_word' id='word_1_617' title='bbox 1023 4321 1052 4376; x_wconf 84' lang='lat' dir='ltr'>in</span> <span class='ocrx_word' id='word_1_618' title='bbox 1062 4321 1285 4385; x_wconf 69' lang='lat' dir='ltr'>necessitatibus,</span> <span class='ocrx_word' id='word_1_619' title='bbox 1297 4321 1326 4376; x_wconf 84' lang='lat' dir='ltr'>in</span> <span class='ocrx_word' id='word_1_620' title='bbox 1332 4318 1580 4393; x_wconf 78' lang='lat' dir='ltr'>persecutionibus,</span> <span class='ocrx_word' id='word_1_621' title='bbox 1590 4319 1619 4373; x_wconf 85' lang='lat' dir='ltr'>in</span> <span class='ocrx_word' id='word_1_622' title='bbox 1627 4317 1822 4388; x_wconf 81' lang='lat' dir='ltr'>angustiispro</span> 
     </span>
     <span class='ocr_line' id='line_1_47' title="bbox 183 4371 1823 4478; baseline -0.007 -10"><span class='ocrx_word' id='word_1_623' title='bbox 183 4400 387 4460; x_wconf 60' lang='lat' dir='ltr'>tentationibus</span> <span class='ocrx_word' id='word_1_624' title='bbox 403 4401 570 4457; x_wconf 68' lang='lat' dir='ltr'>issc⁰¹¹⁰uSS²2</span> <span class='ocrx_word' id='word_1_625' title='bbox 590 4400 732 4473; x_wconf 63' lang='lat' dir='ltr'>perduret·</span> <span class='ocrx_word' id='word_1_626' title='bbox 759 4403 836 4457; x_wconf 77' lang='lat' dir='ltr'>Nihil</span> <span class='ocrx_word' id='word_1_627' title='bbox 851 4403 938 4473; x_wconf 73' lang='lat' dir='ltr'>igitur</span> <span class='ocrx_word' id='word_1_628' title='bbox 953 4371 1134 4465; x_wconf 67' lang='lat' dir='ltr'>innchristo</span> <span class='ocrx_word' id='word_1_629' title='bbox 1150 4410 1218 4465; x_wconf 80' lang='lat' dir='ltr'>Cura</span> <span class='ocrx_word' id='word_1_630' title='bbox 1235 4413 1310 4464; x_wconf 86' lang='lat' dir='ltr'>enim</span> <span class='ocrx_word' id='word_1_631' title='bbox 1320 4412 1462 4478; x_wconf 75' lang='lat' dir='ltr'>infirmor,</span> <span class='ocrx_word' id='word_1_632' title='bbox 1479 4415 1546 4462; x_wconf 86' lang='lat' dir='ltr'>tunc</span> <span class='ocrx_word' id='word_1_633' title='bbox 1556 4412 1652 4477; x_wconf 80' lang='lat' dir='ltr'>poteris</span> <span class='ocrx_word' id='word_1_634' title='bbox 1665 4423 1738 4470; x_wconf 74' lang='lat' dir='ltr'>stain,</span> <span class='ocrx_word' id='word_1_635' title='bbox 1755 4404 1823 4475; x_wconf 90' lang='lat' dir='ltr'>quia</span> 
     </span>
     <span class='ocr_line' id='line_1_48' title="bbox 183 4491 1821 4567; baseline -0.002 -18"><span class='ocrx_word' id='word_1_636' title='bbox 183 4493 268 4550; x_wconf 87' lang='lat' dir='ltr'>rebus</span> <span class='ocrx_word' id='word_1_637' title='bbox 281 4492 419 4548; x_wconf 76' lang='lat' dir='ltr'>duntaxat</span> <span class='ocrx_word' id='word_1_638' title='bbox 432 4491 564 4546; x_wconf 88' lang='lat' dir='ltr'>humanis</span> <span class='ocrx_word' id='word_1_639' title='bbox 574 4491 727 4563; x_wconf 90' lang='lat' dir='ltr'>principale</span> <span class='ocrx_word' id='word_1_640' title='bbox 739 4491 843 4546; x_wconf 91' lang='lat' dir='ltr'>bonum</span> <span class='ocrx_word' id='word_1_641' title='bbox 855 4509 916 4547; x_wconf 88' lang='lat' dir='ltr'>esse</span> <span class='ocrx_word' id='word_1_642' title='bbox 925 4509 983 4547; x_wconf 89' lang='lat' dir='ltr'>cre·</span> <span class='ocrx_word' id='word_1_643' title='bbox 1023 4501 1113 4553; x_wconf 86' lang='lat' dir='ltr'>uirtus</span> <span class='ocrx_word' id='word_1_644' title='bbox 1128 4501 1160 4552; x_wconf 85' lang='lat' dir='ltr'>iu</span> <span class='ocrx_word' id='word_1_645' title='bbox 1181 4500 1347 4566; x_wconf 72' lang='lat' dir='ltr'>iuflriiiitoto</span> <span class='ocrx_word' id='word_1_646' title='bbox 1359 4499 1524 4567; x_wconf 58' lang='lat' dir='ltr'>perpetium</span> <span class='ocrx_word' id='word_1_647' title='bbox 1543 4501 1571 4550; x_wconf 92' lang='lat' dir='ltr'>et</span> <span class='ocrx_word' id='word_1_648' title='bbox 1587 4494 1691 4549; x_wconf 83' lang='lat' dir='ltr'>idcirco</span> <span class='ocrx_word' id='word_1_649' title='bbox 1704 4493 1756 4559; x_wconf 90' lang='lat' dir='ltr'>illi,</span> <span class='ocrx_word' id='word_1_650' title='bbox 1774 4493 1821 4563; x_wconf 95' lang='lat' dir='ltr'>qui</span> 
     </span>
     <span class='ocr_line' id='line_1_49' title="bbox 185 4579 1822 4656; baseline -0.01 -18"><span class='ocrx_word' id='word_1_651' title='bbox 185 4581 308 4638; x_wconf 83' lang='lat' dir='ltr'>dandum</span> <span class='ocrx_word' id='word_1_652' title='bbox 319 4588 372 4647; x_wconf 86' lang='lat' dir='ltr'>est,</span> <span class='ocrx_word' id='word_1_653' title='bbox 388 4581 442 4636; x_wconf 91' lang='lat' dir='ltr'>nisi</span> <span class='ocrx_word' id='word_1_654' title='bbox 454 4580 542 4636; x_wconf 90' lang='lat' dir='ltr'>virtus</span> <span class='ocrx_word' id='word_1_655' title='bbox 561 4579 649 4635; x_wconf 81' lang='lat' dir='ltr'>airimi</span> <span class='ocrx_word' id='word_1_656' title='bbox 661 4581 775 4653; x_wconf 90' lang='lat' dir='ltr'>solaque</span> <span class='ocrx_word' id='word_1_657' title='bbox 790 4581 860 4636; x_wconf 90' lang='lat' dir='ltr'>fides</span> <span class='ocrx_word' id='word_1_658' title='bbox 874 4581 984 4636; x_wconf 89' lang='lat' dir='ltr'>sincera</span> <span class='ocrx_word' id='word_1_659' title='bbox 1023 4586 1142 4642; x_wconf 79' lang='lat' dir='ltr'>summis</span> <span class='ocrx_word' id='word_1_660' title='bbox 1157 4586 1250 4641; x_wconf 71' lang='lat' dir='ltr'>saeeuli</span> <span class='ocrx_word' id='word_1_661' title='bbox 1264 4586 1349 4656; x_wconf 77' lang='lat' dir='ltr'>hujus</span> <span class='ocrx_word' id='word_1_662' title='bbox 1358 4585 1473 4652; x_wconf 68' lang='lat' dir='ltr'>divitiis,</span> <span class='ocrx_word' id='word_1_663' title='bbox 1486 4582 1687 4649; x_wconf 60' lang='lat' dir='ltr'>ethonorffius,</span> <span class='ocrx_word' id='word_1_664' title='bbox 1699 4587 1822 4653; x_wconf 51' lang='lat' dir='ltr'>nepote.</span> 
     </span>
     <span class='ocr_line' id='line_1_50' title="bbox 185 4669 1822 4744; baseline -0.001 -19"><span class='ocrx_word' id='word_1_665' title='bbox 185 4685 236 4725; x_wconf 88' lang='lat' dir='ltr'>nos</span> <span class='ocrx_word' id='word_1_666' title='bbox 250 4669 285 4724; x_wconf 88' lang='lat' dir='ltr'>ad</span> <span class='ocrx_word' id='word_1_667' title='bbox 296 4669 392 4724; x_wconf 91' lang='lat' dir='ltr'>divina</span> <span class='ocrx_word' id='word_1_668' title='bbox 405 4670 571 4742; x_wconf 81' lang='lat' dir='ltr'>perducens,</span> <span class='ocrx_word' id='word_1_669' title='bbox 583 4670 624 4725; x_wconf 95' lang='lat' dir='ltr'>illi</span> <span class='ocrx_word' id='word_1_670' title='bbox 640 4670 809 4725; x_wconf 89' lang='lat' dir='ltr'>immutabili</span> <span class='ocrx_word' id='word_1_671' title='bbox 828 4671 902 4726; x_wconf 94' lang='lat' dir='ltr'>bono</span> <span class='ocrx_word' id='word_1_672' title='bbox 916 4671 983 4726; x_wconf 87' lang='lat' dir='ltr'>facit</span> <span class='ocrx_word' id='word_1_673' title='bbox 1023 4674 1143 4729; x_wconf 87' lang='lat' dir='ltr'>statibus</span> <span class='ocrx_word' id='word_1_674' title='bbox 1157 4674 1338 4741; x_wconf 83' lang='lat' dir='ltr'>extolluntur,</span> <span class='ocrx_word' id='word_1_675' title='bbox 1355 4691 1411 4728; x_wconf 92' lang='lat' dir='ltr'>non</span> <span class='ocrx_word' id='word_1_676' title='bbox 1431 4690 1464 4727; x_wconf 87' lang='lat' dir='ltr'>ex</span> <span class='ocrx_word' id='word_1_677' title='bbox 1481 4673 1526 4728; x_wconf 91' lang='lat' dir='ltr'>his</span> <span class='ocrx_word' id='word_1_678' title='bbox 1550 4671 1703 4744; x_wconf 88' lang='lat' dir='ltr'>principale</span> <span class='ocrx_word' id='word_1_679' title='bbox 1717 4670 1822 4724; x_wconf 92' lang='lat' dir='ltr'>bonum</span> 
     </span>
     <span class='ocr_line' id='line_1_51' title="bbox 181 4757 1823 4833; baseline -0.001 -22"><span class='ocrx_word' id='word_1_680' title='bbox 181 4757 290 4830; x_wconf 78' lang='lat' dir='ltr'>jugiter</span> <span class='ocrx_word' id='word_1_681' title='bbox 314 4757 470 4825; x_wconf 78' lang='lat' dir='ltr'>inhaerere3</span> <span class='ocrx_word' id='word_1_682' title='bbox 486 4766 516 4814; x_wconf 89' lang='lat' dir='ltr'>et</span> <span class='ocrx_word' id='word_1_683' title='bbox 531 4759 688 4815; x_wconf 82' lang='lat' dir='ltr'>econtrario</span> <span class='ocrx_word' id='word_1_684' title='bbox 707 4760 780 4815; x_wconf 94' lang='lat' dir='ltr'>nihil</span> <span class='ocrx_word' id='word_1_685' title='bbox 797 4761 905 4815; x_wconf 89' lang='lat' dir='ltr'>malum</span> <span class='ocrx_word' id='word_1_686' title='bbox 921 4778 983 4816; x_wconf 87' lang='lat' dir='ltr'>esse</span> <span class='ocrx_word' id='word_1_687' title='bbox 1023 4761 1177 4818; x_wconf 90' lang='lat' dir='ltr'>obtinuisse</span> <span class='ocrx_word' id='word_1_688' title='bbox 1188 4761 1319 4817; x_wconf 88' lang='lat' dir='ltr'>credendi</span> <span class='ocrx_word' id='word_1_689' title='bbox 1333 4767 1409 4829; x_wconf 90' lang='lat' dir='ltr'>sunt,</span> <span class='ocrx_word' id='word_1_690' title='bbox 1426 4761 1541 4833; x_wconf 89' lang='lat' dir='ltr'>quodin</span> <span class='ocrx_word' id='word_1_691' title='bbox 1556 4760 1623 4815; x_wconf 91' lang='lat' dir='ltr'>solis</span> <span class='ocrx_word' id='word_1_692' title='bbox 1635 4775 1697 4814; x_wconf 88' lang='lat' dir='ltr'>esse</span> <span class='ocrx_word' id='word_1_693' title='bbox 1711 4757 1823 4811; x_wconf 77' lang='lat' dir='ltr'>vinuti-</span> 
     </span>
     <span class='ocr_line' id='line_1_52' title="bbox 185 4845 1824 4922; baseline -0.001 -20"><span class='ocrx_word' id='word_1_694' title='bbox 185 4846 336 4902; x_wconf 88' lang='lat' dir='ltr'>dicendum</span> <span class='ocrx_word' id='word_1_695' title='bbox 345 4851 397 4916; x_wconf 84' lang='lat' dir='ltr'>est,</span> <span class='ocrx_word' id='word_1_696' title='bbox 409 4846 615 4918; x_wconf 85' lang='lat' dir='ltr'>nisipeccatum</span> <span class='ocrx_word' id='word_1_697' title='bbox 626 4849 805 4920; x_wconf 89' lang='lat' dir='ltr'>solum,quod</span> <span class='ocrx_word' id='word_1_698' title='bbox 816 4850 916 4904; x_wconf 89' lang='lat' dir='ltr'>abono</span> <span class='ocrx_word' id='word_1_699' title='bbox 925 4850 982 4905; x_wconf 90' lang='lat' dir='ltr'>Deo</span> <span class='ocrx_word' id='word_1_700' title='bbox 1023 4852 1075 4907; x_wconf 93' lang='lat' dir='ltr'>bus</span> <span class='ocrx_word' id='word_1_701' title='bbox 1083 4851 1284 4919; x_wconf 85' lang='lat' dir='ltr'>delinitur‚sed</span> <span class='ocrx_word' id='word_1_702' title='bbox 1294 4851 1419 4906; x_wconf 91' lang='lat' dir='ltr'>medium</span> <span class='ocrx_word' id='word_1_703' title='bbox 1427 4850 1561 4922; x_wconf 90' lang='lat' dir='ltr'>quiddam</span> <span class='ocrx_word' id='word_1_704' title='bbox 1570 4868 1576 4902; x_wconf 93' lang='lat'><strong>:</strong></span> <span class='ocrx_word' id='word_1_705' title='bbox 1586 4849 1654 4920; x_wconf 86' lang='lat' dir='ltr'>quia</span> <span class='ocrx_word' id='word_1_706' title='bbox 1662 4847 1736 4902; x_wconf 90' lang='lat' dir='ltr'>sicut</span> <span class='ocrx_word' id='word_1_707' title='bbox 1739 4845 1824 4917; x_wconf 88' lang='lat' dir='ltr'>justis</span> 
     </span>
     <span class='ocr_line' id='line_1_53' title="bbox 184 4935 1825 5010; baseline -0.003 -18"><span class='ocrx_word' id='word_1_708' title='bbox 184 4951 236 4992; x_wconf 87' lang='lat' dir='ltr'>nos</span> <span class='ocrx_word' id='word_1_709' title='bbox 245 4951 379 5007; x_wconf 85' lang='lat' dir='ltr'>separans</span> <span class='ocrx_word' id='word_1_710' title='bbox 389 4935 464 4990; x_wconf 91' lang='lat' dir='ltr'>malo</span> <span class='ocrx_word' id='word_1_711' title='bbox 474 4935 585 4991; x_wconf 92' lang='lat' dir='ltr'>diabolo</span> <span class='ocrx_word' id='word_1_712' title='bbox 594 4936 661 4992; x_wconf 86' lang='lat' dir='ltr'>facit</span> <span class='ocrx_word' id='word_1_713' title='bbox 670 4938 805 5010; x_wconf 89' lang='lat' dir='ltr'>copulari.</span> <span class='ocrx_word' id='word_1_714' title='bbox 816 4939 909 4994; x_wconf 89' lang='lat' dir='ltr'>Media</span> <span class='ocrx_word' id='word_1_715' title='bbox 918 4944 984 4994; x_wconf 90' lang='lat' dir='ltr'>sunt</span> <span class='ocrx_word' id='word_1_716' title='bbox 1023 4957 1056 4994; x_wconf 91' lang='lat' dir='ltr'>ac</span> <span class='ocrx_word' id='word_1_717' title='bbox 1065 4941 1101 4994; x_wconf 94' lang='lat' dir='ltr'>ad</span> <span class='ocrx_word' id='word_1_718' title='bbox 1116 4940 1276 4995; x_wconf 89' lang='lat' dir='ltr'>necessaria</span> <span class='ocrx_word' id='word_1_719' title='bbox 1285 4938 1431 4995; x_wconf 87' lang='lat' dir='ltr'>utentibus</span> <span class='ocrx_word' id='word_1_720' title='bbox 1445 4937 1528 4993; x_wconf 91' lang='lat' dir='ltr'>utilia</span> <span class='ocrx_word' id='word_1_721' title='bbox 1537 4937 1597 4991; x_wconf 86' lang='lat' dir='ltr'>haec</span> <span class='ocrx_word' id='word_1_722' title='bbox 1606 4953 1667 4992; x_wconf 91' lang='lat' dir='ltr'>esse</span> <span class='ocrx_word' id='word_1_723' title='bbox 1681 4935 1825 5006; x_wconf 90' lang='lat' dir='ltr'>reperiun-</span> 
     </span>
     <span class='ocr_line' id='line_1_54' title="bbox 187 5023 1826 5099; baseline -0.002 -18"><span class='ocrx_word' id='word_1_724' title='bbox 187 5040 249 5099; x_wconf 83' lang='lat' dir='ltr'>quae</span> <span class='ocrx_word' id='word_1_725' title='bbox 273 5023 347 5080; x_wconf 88' lang='lat' dir='ltr'>inter</span> <span class='ocrx_word' id='word_1_726' title='bbox 360 5029 510 5094; x_wconf 90' lang='lat' dir='ltr'>utramque</span> <span class='ocrx_word' id='word_1_727' title='bbox 524 5030 634 5096; x_wconf 89' lang='lat' dir='ltr'>partem</span> <span class='ocrx_word' id='word_1_728' title='bbox 644 5043 694 5097; x_wconf 90' lang='lat' dir='ltr'>pro</span> <span class='ocrx_word' id='word_1_729' title='bbox 710 5027 811 5082; x_wconf 84' lang='lat' dir='ltr'>affectu</span> <span class='ocrx_word' id='word_1_730' title='bbox 826 5034 855 5082; x_wconf 90' lang='lat' dir='ltr'>et</span> <span class='ocrx_word' id='word_1_731' title='bbox 867 5027 984 5083; x_wconf 92' lang='lat' dir='ltr'>arbitrio</span> <span class='ocrx_word' id='word_1_732' title='bbox 1023 5036 1080 5095; x_wconf 93' lang='lat' dir='ltr'>tur,</span> <span class='ocrx_word' id='word_1_733' title='bbox 1087 5029 1277 5097; x_wconf 66' lang='lat' dir='ltr'>acommoda,</span> <span class='ocrx_word' id='word_1_734' title='bbox 1286 5028 1461 5084; x_wconf 89' lang='lat' dir='ltr'>occasionem</span> <span class='ocrx_word' id='word_1_735' title='bbox 1470 5043 1592 5098; x_wconf 90' lang='lat' dir='ltr'>namque</span> <span class='ocrx_word' id='word_1_736' title='bbox 1600 5024 1760 5098; x_wconf 88' lang='lat' dir='ltr'>operisboni</span> <span class='ocrx_word' id='word_1_737' title='bbox 1769 5024 1826 5078; x_wconf 82' lang='lat' dir='ltr'>sru-</span> 
     </span>
     <span class='ocr_line' id='line_1_55' title="bbox 187 5112 1826 5190; baseline -0.003 -19"><span class='ocrx_word' id='word_1_738' title='bbox 187 5114 295 5171; x_wconf 88' lang='lat' dir='ltr'>utentis</span> <span class='ocrx_word' id='word_1_739' title='bbox 303 5113 450 5186; x_wconf 88' lang='lat' dir='ltr'>depravari</span> <span class='ocrx_word' id='word_1_740' title='bbox 456 5119 584 5185; x_wconf 88' lang='lat' dir='ltr'>possunt,</span> <span class='ocrx_word' id='word_1_741' title='bbox 596 5119 628 5168; x_wconf 92' lang='lat' dir='ltr'>ut</span> <span class='ocrx_word' id='word_1_742' title='bbox 637 5120 715 5186; x_wconf 87' lang='lat' dir='ltr'>puta,</span> <span class='ocrx_word' id='word_1_743' title='bbox 727 5116 839 5185; x_wconf 67' lang='lat' dir='ltr'>divitica,</span> <span class='ocrx_word' id='word_1_744' title='bbox 847 5122 981 5189; x_wconf 86' lang='lat' dir='ltr'>potestas,</span> <span class='ocrx_word' id='word_1_745' title='bbox 1024 5124 1141 5190; x_wconf 89' lang='lat' dir='ltr'>ctusquc</span> <span class='ocrx_word' id='word_1_746' title='bbox 1154 5119 1184 5172; x_wconf 91' lang='lat' dir='ltr'>in</span> <span class='ocrx_word' id='word_1_747' title='bbox 1194 5118 1269 5174; x_wconf 89' lang='lat' dir='ltr'>illius</span> <span class='ocrx_word' id='word_1_748' title='bbox 1282 5117 1345 5173; x_wconf 83' lang='lat' dir='ltr'>vitae</span> <span class='ocrx_word' id='word_1_749' title='bbox 1360 5116 1523 5189; x_wconf 91' lang='lat' dir='ltr'>parturiunt</span> <span class='ocrx_word' id='word_1_750' title='bbox 1536 5115 1703 5180; x_wconf 76' lang='lat' dir='ltr'>aeternitate,</span> <span class='ocrx_word' id='word_1_751' title='bbox 1715 5114 1756 5167; x_wconf 89' lang='lat' dir='ltr'>ita</span> <span class='ocrx_word' id='word_1_752' title='bbox 1770 5112 1826 5167; x_wconf 92' lang='lat' dir='ltr'>illis</span> 
     </span>
     <span class='ocr_line' id='line_1_56' title="bbox 186 5201 1827 5278; baseline -0.003 -19"><span class='ocrx_word' id='word_1_753' title='bbox 186 5201 517 5275; x_wconf 86' lang='lat' dir='ltr'>honor,mburcorporis,</span> <span class='ocrx_word' id='word_1_754' title='bbox 525 5201 640 5268; x_wconf 69' lang='lat' dir='ltr'>sanitas</span> <span class='ocrx_word' id='word_1_755' title='bbox 648 5204 836 5274; x_wconf 90' lang='lat' dir='ltr'>pulchritudo,</span> <span class='ocrx_word' id='word_1_756' title='bbox 848 5205 981 5278; x_wconf 84' lang='lat' dir='ltr'>vitaipsa‚</span> <span class='ocrx_word' id='word_1_757' title='bbox 1025 5207 1073 5278; x_wconf 91' lang='lat' dir='ltr'>qui</span> <span class='ocrx_word' id='word_1_758' title='bbox 1083 5207 1157 5261; x_wconf 86' lang='lat' dir='ltr'>male</span> <span class='ocrx_word' id='word_1_759' title='bbox 1164 5205 1419 5278; x_wconf 89' lang='lat' dir='ltr'>opibusabutuntur</span> <span class='ocrx_word' id='word_1_760' title='bbox 1425 5204 1541 5260; x_wconf 89' lang='lat' dir='ltr'>inutiles</span> <span class='ocrx_word' id='word_1_761' title='bbox 1554 5210 1621 5260; x_wconf 90' lang='lat' dir='ltr'>sunt</span> <span class='ocrx_word' id='word_1_762' title='bbox 1630 5201 1827 5274; x_wconf 87' lang='lat' dir='ltr'>atquoincom-</span> 
     </span>
     <span class='ocr_line' id='line_1_57' title="bbox 186 5290 1824 5367; baseline -0.002 -20"><span class='ocrx_word' id='word_1_763' title='bbox 186 5292 325 5359; x_wconf 76' lang='lat' dir='ltr'>velmors,</span> <span class='ocrx_word' id='word_1_764' title='bbox 341 5296 502 5366; x_wconf 87' lang='lat' dir='ltr'>paupertas,</span> <span class='ocrx_word' id='word_1_765' title='bbox 518 5290 667 5346; x_wconf 84' lang='lat' dir='ltr'>infirmitas</span> <span class='ocrx_word' id='word_1_766' title='bbox 691 5294 792 5362; x_wconf 83' lang='lat' dir='ltr'>carnis,</span> <span class='ocrx_word' id='word_1_767' title='bbox 814 5295 934 5367; x_wconf 77' lang='lat' dir='ltr'>injuria,</span> <span class='ocrx_word' id='word_1_768' title='bbox 956 5300 985 5350; x_wconf 89' lang='lat' dir='ltr'>ct</span> <span class='ocrx_word' id='word_1_769' title='bbox 1025 5297 1115 5352; x_wconf 86' lang='lat' dir='ltr'>modae</span> <span class='ocrx_word' id='word_1_770' title='bbox 1125 5301 1153 5351; x_wconf 92' lang='lat' dir='ltr'>et</span> <span class='ocrx_word' id='word_1_771' title='bbox 1165 5295 1339 5352; x_wconf 87' lang='lat' dir='ltr'>occasionem</span> <span class='ocrx_word' id='word_1_772' title='bbox 1351 5294 1457 5366; x_wconf 89' lang='lat' dir='ltr'>peccati</span> <span class='ocrx_word' id='word_1_773' title='bbox 1473 5294 1629 5365; x_wconf 83' lang='lat' dir='ltr'>mortisque</span> <span class='ocrx_word' id='word_1_774' title='bbox 1645 5291 1824 5348; x_wconf 90' lang='lat' dir='ltr'>concinnant.</span> 
     </span>
     <span class='ocr_line' id='line_1_58' title="bbox 188 5380 1827 5454; baseline -0.003 -16"><span class='ocrx_word' id='word_1_775' title='bbox 188 5380 342 5438; x_wconf 73' lang='lat' dir='ltr'>autentis</span> <span class='ocrx_word' id='word_1_776' title='bbox 351 5380 464 5447; x_wconf 85' lang='lat' dir='ltr'>similia,</span> <span class='ocrx_word' id='word_1_777' title='bbox 473 5397 535 5454; x_wconf 76' lang='lat' dir='ltr'>quaa</span> <span class='ocrx_word' id='word_1_778' title='bbox 545 5397 596 5452; x_wconf 93' lang='lat' dir='ltr'>pro</span> <span class='ocrx_word' id='word_1_779' title='bbox 607 5381 743 5451; x_wconf 87' lang='lat' dir='ltr'>qualitate</span> <span class='ocrx_word' id='word_1_780' title='bbox 752 5390 781 5438; x_wconf 87' lang='lat' dir='ltr'>et</span> <span class='ocrx_word' id='word_1_781' title='bbox 794 5384 983 5440; x_wconf 80' lang='lat' dir='ltr'>affectuuten·</span> <span class='ocrx_word' id='word_1_782' title='bbox 1024 5387 1106 5442; x_wconf 81' lang='lat' dir='ltr'>il&#39;uuc</span> <span class='ocrx_word' id='word_1_783' title='bbox 1118 5391 1211 5440; x_wconf 82' lang='lat' dir='ltr'>autem</span> <span class='ocrx_word' id='word_1_784' title='bbox 1221 5386 1346 5442; x_wconf 76' lang='lat' dir='ltr'>Christus</span> <span class='ocrx_word' id='word_1_785' title='bbox 1357 5386 1512 5438; x_wconf 72' lang='lat' dir='ltr'>recurrerit</span> <span class='ocrx_word' id='word_1_786' title='bbox 1526 5399 1543 5437; x_wconf 86' lang='lat' dir='ltr'>a</span> <span class='ocrx_word' id='word_1_787' title='bbox 1558 5384 1678 5437; x_wconf 84' lang='lat' dir='ltr'>mortuis</span> <span class='ocrx_word' id='word_1_788' title='bbox 1690 5382 1827 5450; x_wconf 72' lang='lat' dir='ltr'>primitia</span> 
     </span>
     <span class='ocr_line' id='line_1_59' title="bbox 187 5469 1824 5544; baseline -0.002 -17"><span class='ocrx_word' id='word_1_789' title='bbox 187 5469 234 5536; x_wconf 77' lang='lat' dir='ltr'>tis,</span> <span class='ocrx_word' id='word_1_790' title='bbox 248 5469 292 5526; x_wconf 88' lang='lat' dir='ltr'>vel</span> <span class='ocrx_word' id='word_1_791' title='bbox 308 5469 344 5525; x_wconf 90' lang='lat' dir='ltr'>ad</span> <span class='ocrx_word' id='word_1_792' title='bbox 359 5469 463 5525; x_wconf 90' lang='lat' dir='ltr'>bonam</span> <span class='ocrx_word' id='word_1_793' title='bbox 477 5475 596 5543; x_wconf 86' lang='lat' dir='ltr'>possunt</span> <span class='ocrx_word' id='word_1_794' title='bbox 606 5474 716 5540; x_wconf 85' lang='lat' dir='ltr'>partem</span> <span class='ocrx_word' id='word_1_795' title='bbox 730 5473 874 5542; x_wconf 81' lang='lat' dir='ltr'>prolicere,</span> <span class='ocrx_word' id='word_1_796' title='bbox 892 5473 934 5529; x_wconf 93' lang='lat' dir='ltr'>vel</span> <span class='ocrx_word' id='word_1_797' title='bbox 947 5475 982 5529; x_wconf 92' lang='lat' dir='ltr'>ad</span> <span class='ocrx_word' id='word_1_798' title='bbox 1023 5476 1239 5539; x_wconf 78' lang='lat' dir='ltr'>dorrm&#39;eutium,</span> <span class='ocrx_word' id='word_1_799' title='bbox 1256 5474 1510 5544; x_wconf 81' lang='lat' dir='ltr'>quoniamquidem</span> <span class='ocrx_word' id='word_1_800' title='bbox 1523 5488 1575 5542; x_wconf 83' lang='lat' dir='ltr'>per</span> <span class='ocrx_word' id='word_1_801' title='bbox 1590 5472 1727 5526; x_wconf 74' lang='lat' dir='ltr'>lioiuiium</span> <span class='ocrx_word' id='word_1_802' title='bbox 1739 5485 1824 5533; x_wconf 73' lang='lat' dir='ltr'>iitors,</span> 
     </span>
     <span class='ocr_line' id='line_1_60' title="bbox 188 5557 1826 5635; baseline -0.003 -19"><span class='ocrx_word' id='word_1_803' title='bbox 188 5558 304 5617; x_wconf 75' lang='lat' dir='ltr'>melana</span> <span class='ocrx_word' id='word_1_804' title='bbox 328 5559 401 5615; x_wconf 89' lang='lat' dir='ltr'>Nam</span> <span class='ocrx_word' id='word_1_805' title='bbox 417 5563 447 5615; x_wconf 85' lang='lat' dir='ltr'>et</span> <span class='ocrx_word' id='word_1_806' title='bbox 465 5557 569 5615; x_wconf 84' lang='lat' dir='ltr'>divitiae</span> <span class='ocrx_word' id='word_1_807' title='bbox 591 5558 742 5630; x_wconf 81' lang='lat' dir='ltr'>proficiunt</span> <span class='ocrx_word' id='word_1_808' title='bbox 761 5561 923 5635; x_wconf 80' lang='lat' dir='ltr'>frequenter</span> <span class='ocrx_word' id='word_1_809' title='bbox 946 5564 982 5618; x_wconf 90' lang='lat' dir='ltr'>ad</span> <span class='ocrx_word' id='word_1_810' title='bbox 1023 5569 1047 5619; x_wconf 83' lang='lat' dir='ltr'>et</span> <span class='ocrx_word' id='word_1_811' title='bbox 1054 5564 1625 5635; x_wconf 73' lang='lat' dir='ltr'>pet*bominumresurrecit&#39;otttorittorum.</span> <span class='ocrx_word' id='word_1_812' title='bbox 1637 5557 1826 5628; x_wconf 62' lang='lat' dir='ltr'>(limbrilloc</span> 
     </span>
    </p>
   </div>
   <div class='ocr_carea' id='block_1_3' title="bbox 0 0 1911 6116">
    <p class='ocr_par' dir='ltr' id='par_1_3' title="bbox 0 0 1911 6116">
     <span class='ocr_line' id='line_1_61' title="bbox 0 0 1911 6116; baseline 0 0"><span class='ocrx_word' id='word_1_813' title='bbox 0 0 1911 6116; x_wconf 95' lang='lat' dir='ltr'> </span> 
     </span>
    </p>
   </div>
  </div>
 </body>
</html>
