3772 6120
117 274 150 332 ti
417 274 449 329 ll.
469 272 606 333 mant
625 270 740 333 talum
759 274 927 333 ancillae.
948 266 1110 334 MOGUN'I'.
1131 272 1279 333 OPERUM
1297 274 1390 331 PARS
1409 274 1447 330 ltl
1716 276 1751 334 28

118 401 167 458 sed
185 416 236 474 per
255 401 340 456 lldem
355 400 474 472 spilitali
494 403 603 458 ratione
624 404 788 475 concipitur,
803 404 913 457 dicente
921 407 946 466 Α
955 403 1022 473 quia
1036 419 1083 457 eos
1095 403 1143 458 isti
1157 404 1231 457 inter
1243 418 1273 456 se
1287 399 1421 463 dividere,
1438 402 1466 453 et
1480 415 1530 472 pro
1550 398 1639 456 altero
1658 401 1750 458 indari

118 490 192 562 isaia
209 491 363 562 prophete:
381 490 445 544 Nisi
459 493 640 559 credideritis,
659 508 742 562 steorte
756 495 914 559 iulet'ipetis
956 493 1088 547 adsersus
1097 482 1217 547 alterum
1228 496 1381 563 ceperunt,
1393 490 1524 543 dicuntur
1532 492 1561 543 et
1570 488 1708 557 homines,
1725 500 1753 546 et

120 582 183 647 (iso.
198 582 262 646 v11);
279 579 400 634 naturali
411 580 486 633 enim
497 581 586 649 mams
596 583 666 652 lege,
682 599 766 653 quam
783 597 866 635 cursu
881 579 917 633 si·
957 581 1091 640 carnales,
1107 587 1136 636 et
1153 580 1299 644 animales,
1317 596 1373 633 non
1391 578 1515 632 ualentes
1533 579 1676 650 percipere
1692 597 1754 651 quse

118 670 228 731 derum,
237 674 266 722 et
275 669 389 722 calculis
399 669 553 737 signamur,
564 687 624 741 quae
639 671 668 724 in
680 673 858 724 lineamenta
870 669 917 721 de-
957 677 1023 725 sunt
1034 671 1155 741 Spiritus
1166 670 1215 725 Uei
1228 688 1234 722 ε
1248 674 1276 723 et
1285 673 1380 723 tamen
1395 668 1526 738 quianon
1543 668 1654 722 suntab
1665 668 1756 724 Eccle-
1805 709 1810 713 -

119 764 262 823 notantur,
288 756 450 811 addiscitur.
474 759 598 830 Denique
622 759 769 813 occidentes
795 775 850 812 non
867 758 917 811 hu·
957 759 999 813 sia
1013 759 1162 830 segregati,
1179 757 1287 831 parvuli
1303 757 1480 828 appellantur
1499 757 1528 810 in
1548 757 1668 823 Christo,
1687 774 1756 828 quos

119 848 211 901 manis
235 846 325 900 verbis
351 846 399 899 sed
426 853 533 901 natura
556 864 613 902 sure
631 848 726 901 uident
751 862 914 916 congruere.
958 849 1055 919 utique
1070 849 1112 902 rel
1128 848 1251 919 tangelos,
1267 847 1310 899 sel
1325 846 1391 900 dees
1405 862 1465 900 esse
1480 845 1609 917 cupiebat
1630 864 1700 919 quos
1715 863 1757 901 ar-

119 937 192 1008 quod
212 936 343 990 credunt:
361 952 431 1005 opus
448 937 524 990 enim
544 938 669 1006 emitescit
683 937 826 1007 opillcem3
844 936 918 988 ideo·
958 937 1071 1007 gueltat,
1084 937 1150 1007 quia
1163 937 1291 991 homines
1301 940 1390 995 erant,
1404 935 1431 988 id
1442 940 1493 1001 est,
1503 935 1533 988 in
1547 935 1590 989 his
1604 937 1759 991 cantentio-

118 1041 172 1096 que
188 1024 368 1094 Euangelium
388 1025 490 1078 anisius
509 1026 612 1079 nostris
630 1026 755 1096 loquitur
768 1024 915 1096 spiritalia.
960 1026 1050 1088 nibus,
1059 1043 1113 1080 non
1127 1044 1188 1096 qliae
1199 1026 1248 1080 Dei
1260 1024 1390 1089 suntsed
1403 1041 1464 1095 qum
1478 1029 1544 1078 sunt
1556 1024 1702 1078 hominum
1717 1042 1759 1079 sa-

117 1114 240 1167 excitans
255 1113 316 1167 illos
331 1114 365 1166 ad
377 1114 564 1183 cognitionem
575 1115 618 1168 sul
630 1115 780 1169 Creatoris.
795 1115 918 1182 Spirita-
959 1114 1082 1185 piabant.
1096 1115 1136 1168 De
1147 1114 1202 1167 illis
1211 1129 1274 1166 vero
1293 1113 1340 1183 qui
1354 1111 1468 1165 suntab
1483 1111 1604 1165 Ecclesia
1618 1115 1758 1183 segregati

118 1204 190 1255 liius
201 1204 343 1271 spiritalia
354 1209 551 1271 corltparontcs.
563 1204 619 1257 lloc
629 1208 680 1268 est,
693 1203 736 1257 llis
746 1202 792 1273 qui
803 1202 920 1255 munda·
959 1219 1014 1257 non
1029 1203 1198 1266 dictumest,
1211 1219 1244 1255 ea
1254 1206 1390 1272 quaesunt
1400 1200 1520 1271 Spiritus
1535 1217 1591 1254 tlon
1606 1201 1760 1272 percipien-

118 1308 183 1345 asm
198 1291 378 1363 prudentiam
392 1291 687 1363 refutant,spiritalem
702 1291 919 1369 etlicaciamtra·
959 1297 1011 1354 tes,
1028 1309 1064 1345 ne
1087 1293 1121 1345 ad
1146 1291 1268 1346 scientie
1295 1290 1503 1362 perceptionem
1526 1289 1688 1355 referretur,
1710 1291 1758 1344 sed

118 1380 194 1446 dere,
204 1394 265 1451 quae
277 1380 411 1451 mysterio
420 1381 483 1434 lldei
495 1381 664 1447 continetur,
674 1382 708 1435 ad
720 1380 919 1435 illuminandos
959 1381 1064 1434 dictum
1083 1386 1134 1442 est,
1151 1381 1287 1449 Spiritum
1307 1396 1361 1432 lirin
1377 1379 1512 1432 haberitis.
1528 1378 1591 1433 Non
1606 1385 1649 1432 est
1663 1384 1759 1433 eutem

118 1486 217 1524 sensus
228 1468 426 1523 benevolorum
439 1470 601 1535 homiuum;
615 1470 846 1524 credentesenim
857 1485 918 1538 quae
960 1485 1142 1540 corssequens,
1163 1476 1195 1522 ut
1213 1468 1260 1539 qui
1281 1467 1365 1521 habet
1383 1467 1468 1520 etiam
1492 1467 1604 1521 sciendo
1625 1467 1760 1540 percipiat

119 1558 364 1628 mundisapientia
381 1559 468 1612 stulta
478 1558 596 1628 judicat,
611 1559 751 1629 spiritales
761 1565 837 1612 sunt.
852 1559 920 1612 ritti-
961 1559 1034 1629 quod
1050 1558 1147 1621 habet;
1166 1557 1268 1611 habent
1283 1572 1350 1627 ergo
1365 1557 1451 1610 istum
1467 1555 1602 1626 Spiritum
1623 1556 1651 1610 in
1670 1556 1760 1611 Eccle-

118 1651 201 1702 molis
222 1653 315 1701 alitem.
331 1649 409 1701 leorae
428 1664 481 1701 iton
506 1651 621 1716 percipit
636 1664 695 1717 qtre
715 1653 781 1701 steret
795 1647 919 1715 Spiritus
960 1648 1002 1701 sia
1015 1647 1160 1701 constituti
1176 1646 1283 1717 praesuli
1295 1646 1323 1699 in
1336 1645 1456 1700 Christo.
1470 1645 1561 1698 adhuc
1572 1644 1708 1699 animales
1719 1654 1760 1699 at-

119 1738 186 1790 llil:
208 1740 329 1791 stultitia
344 1738 416 1790 errius
434 1742 471 1789 est
488 1739 542 1790 llll.
559 1736 710 1790 pecoribus
727 1736 801 1789 enirn
818 1734 918 1788 similis
933 1735 951 1789 ll
964 1753 1018 1807 qtae
1034 1737 1168 1795 carnales,
1180 1735 1246 1806 quid
1262 1734 1383 1788 habeant
1398 1734 1540 1804 percipere
1554 1750 1609 1787 non
1624 1733 1757 1790 valentes.

119 1841 232 1880 sensum
242 1842 325 1880 suum
340 1825 370 1878 in
380 1832 456 1878 terra
466 1825 606 1896 deprimit,
621 1826 683 1879 ideo
694 1842 749 1879 non
759 1823 919 1894 assequitur
959 1824 1048 1890 idest,
1064 1825 1218 1893 intelligere
1228 1822 1759 1895 etnosse.Naasquomodoessentpar·

119 1914 173 1968 nisi
189 1932 250 1985 quse
265 1914 349 1973 ridet,
366 1930 417 1968 nec
431 1920 512 1983 putat
525 1915 632 1984 aliquid
647 1930 728 1985 posse
745 1914 815 1974 lteri,
833 1929 918 1983 quam
960 1913 1016 1967 ruli
1031 1914 1059 1967 in
1074 1913 1196 1970 Christo.
1214 1913 1268 1967 nisi
1285 1912 1375 1965 renati
1391 1928 1422 1965 ex
1439 1911 1546 1982 Spiritu
1565 1912 1682 1966 sancto?
1702 1913 1758 1966 Nec

120 2003 259 2074 quomodo
269 2003 330 2057 seit.
344 2004 410 2057 ldeo
422 2002 556 2074 quidquid
573 2003 655 2057 aliter
668 2002 756 2059 auslit.
771 2018 855 2072 quam
872 2018 920 2055 no·
961 2002 1064 2056 mirum
1078 2002 1165 2056 rideri
1181 2002 1264 2056 debet
1279 2001 1351 2072 quod
1365 2000 1482 2071 quisque
1493 1999 1596 2071 aliquid
1608 1998 1721 2066 habeat,
1731 2008 1758 2055 et

119 2091 169 2159 vit,
181 2093 298 2145 stultum
310 2092 434 2162 judicat:
448 2092 517 2145 nihil
528 2092 603 2146 enim
615 2092 736 2146 estimat
751 2107 831 2161 pesse
847 2090 917 2145 iteri.
962 2092 1036 2162 quosl
1050 2090 1134 2144 habet
1147 2091 1265 2161 ignoret.
1282 2090 1319 2144 Ut
1334 2089 1408 2143 enim
1422 2094 1530 2143 taceam
1542 2089 1576 2143 de
1586 2090 1761 2162 omnipoten-

119 2181 180 2235 sine
193 2181 397 2235 commistione.
413 2181 490 2235 Unde
504 2181 585 2241 ridet,
602 2180 720 2235 erudiens
730 2178 819 2233 lleum
831 2179 920 2232 illium
960 2180 997 2234 tis
1012 2185 1096 2250 atque
1112 2178 1348 2233 incomnmtabilis
1371 2178 1516 2233 Trinitatis
1531 2177 1761 2249 divinitateque

119 2269 260 2340 genuisse,
277 2286 360 2340 quem
376 2270 428 2323 scit
442 2270 597 2339 simplicem
613 2277 642 2322 et
661 2270 875 2339 incorporeum:
893 2273 922 2321 et
962 2268 1041 2322 facile
1055 2268 1171 2322 scientia
1185 2268 1303 2339 percipit
1326 2266 1392 2338 quid
1407 2267 1443 2320 sit
1457 2267 1560 2329 anima,
1577 2271 1605 2321 et
1624 2266 1686 2338 quls
1706 2283 1760 2321 non

121 2358 258 2428 virginem
276 2359 468 2428 peperissem
483 2358 607 2412 resoluta
621 2374 737 2429 corpora
751 2373 864 2411 russum
879 2373 922 2410 re·
962 2357 1047 2411 habet
1061 2357 1203 2411 animam?
1219 2356 1365 2411 Postremo
1380 2362 1411 2410 ut
1426 2355 1571 2409 serissime
1590 2356 1760 2410 noverimus.

121 2446 212 2501 vocari
225 2447 260 2500 ad
271 2448 373 2505 vitatu:
386 2463 449 2500 cum
461 2448 519 2501 haue
530 2447 619 2516 tnagis
629 2447 664 2500 ad
676 2447 787 2500 laudem
798 2446 848 2500 Ilei
861 2461 923 2515 pro·
964 2446 1037 2517 quod
1052 2447 1159 2517 parsuli
1175 2446 1203 2499 in
1219 2445 1339 2511 Christo,
1356 2444 1479 2498 noudum
1501 2444 1685 2516 percipientes
1700 2461 1761 2515 quse

122 2535 217 2590 lleiant
228 2542 260 2590 ut
269 2537 400 2589 credatur
410 2535 517 2600 secisse,
534 2537 614 2604 cujus
625 2535 716 2606 operis
730 2535 801 2588 ratio
811 2534 923 2587 investi·
964 2539 1031 2589 sunt
1049 2535 1179 2606 Spiritus,
1200 2533 1305 2589 hahent
1324 2541 1418 2588 tamen
1439 2533 1574 2604 Spiritum
1594 2533 1654 2599 Dei,
1680 2535 1762 2604 paulo

121 2625 182 2694 gari
196 2640 253 2677 non
270 2625 373 2695 possit:
392 2624 467 2678 Deus
481 2631 525 2677 est
539 2624 614 2677 enirn
631 2624 677 2692 qui
689 2624 763 2677 iecit.
777 2622 924 2676 Imbecilll·
964 2629 1028 2694 post
1041 2625 1203 2677 intueamur
1217 2622 1452 2694 quemadmodum
1469 2639 1516 2676 eos
1530 2622 1605 2694 ipsos
1615 2623 1763 2693 increpans

121 2720 166 2767 tas
179 2712 254 2765 enim
270 2713 394 2765 humana
410 2713 526 2766 stultum
541 2718 630 2782 puteat,
648 2712 720 2782 quod
738 2711 855 2765 scientia
873 2726 924 2764 sua
965 2713 1004 2766 ait
1020 2731 1025 2764 ε
1043 2714 1156 2767 desitis
1171 2716 1238 2780 patio
1254 2715 1383 2780 temptum
1403 2713 1450 2764 lle·
1464 2716 1536 2775 estis,
1547 2716 1572 2765 et
1582 2711 1705 2780 Spiritus
1715 2713 1760 2766 Dte

122 2817 179 2855 non
194 2801 348 2861 concludit;
367 2817 431 2854 curn
447 2801 498 2854 hoe
513 2801 603 2871 magis
614 2801 733 2855 stultum
748 2799 863 2853 deberet
876 2801 924 2852 ha·
965 2802 1072 2855 latitat
1085 2805 1116 2854 in
1128 2800 1220 2853 stollis?
1235 2801 1287 2854 hoe
1301 2800 1396 2870 itaque
1410 2799 1487 2854 nullo
1503 2798 1585 2854 modo
1607 2799 1713 2854 diceret
1728 2799 1763 2854 all

123 2888 198 2949 bere,
209 2895 238 2943 et
248 2888 315 2943 illud
329 2890 462 2960 prudcnS,
472 2889 545 2960 quod
557 2890 623 2960 quie
632 2890 683 2943 Dei
695 2889 799 2942 sactum
810 2888 921 2948 dieitur,
964 2890 1088 2943 Ecclesia
1096 2889 1260 2959 segregatis,
1271 2890 1305 2942 de
1315 2887 1416 2959 quibus
1424 2888 1532 2943 dictum
1546 2893 1589 2942 est
1601 2907 1607 2941 :
1620 2889 1760 2958 Spiritum

125 2978 324 3049 comprehendi
341 2995 396 3032 non
411 2983 512 3050 potest,
524 2979 677 3032 humanam
688 2978 868 3031 traditionem
883 2992 924 3030 se·
966 2995 1023 3032 riou
1040 2980 1177 3035 leterius.

124 3072 252 3137 quentiae,
263 3068 331 3121 dum
340 3067 424 3121 unius
434 3068 485 3121 Dei
496 3067 579 3121 odem
596 3067 745 3136 altnegant,
758 3055 955 3137 spiritaliterG
1002 3069 1146 3136 Spiritalis
1161 3066 1398 3135 aaltcmdijudicot
1409 3070 1513 3129 attritio,
1527 3069 1684 3135 ipseautcm
1694 3084 1711 3121 a
1720 3083 1763 3120 ae-

124 3155 229 3209 factum
245 3161 289 3210 est
304 3157 388 3226 quod,
405 3156 513 3210 ratione
528 3157 620 3210 carnis
635 3155 735 3217 inllati,
752 3161 852 3226 putant
866 3155 923 3208 lleri
966 3158 1209 3225 titillejttdl'rttlttt·.
1222 3154 1326 3224 (ambs
1338 3155 1476 3220 Quoniam
1490 3155 1636 3209 reseratio
1652 3154 1764 3228 spirita·

124 3259 181 3298 uon
196 3260 288 3314 posse,
304 3245 386 3299 etsie
402 3245 513 3316 repmln
532 3245 658 3300 annotati
681 3245 844 3315 spiritaliter
861 3260 925 3297 can·
966 3245 1034 3300 lium
1047 3250 1099 3307 est,
1107 3245 1135 3299 id
1149 3251 1192 3299 est
1202 3244 1445 3309 credentium,lloc
1457 3245 1532 3299 enim
1545 3245 1607 3315 quis
1619 3260 1764 3316 nuncupa·
1804 3237 1809 3244 ’

124 3333 248 3387 demnati
263 3340 338 3387 sunt.
355 3333 450 3403 (dap.)
467 3335 547 3387 llunc
563 3334 699 3405 Spiritum
722 3334 794 3403 quod
814 3333 924 3386 illinon
965 3339 1012 3388 tur
1027 3334 1100 3405 quod
1115 3333 1212 3393 credit,
1229 3334 1292 3388 ideo
1306 3334 1359 3404 ipsi
1374 3334 1470 3387 omnia
1481 3333 1617 3406 judicant.
1634 3333 1762 3404 Ipsorum

123 3420 255 3488 habeant,
271 3422 318 3493 qui
333 3422 448 3476 suntab
463 3423 584 3476 Ecclesia
598 3423 748 3492 segregati,
759 3422 845 3475 ludas
860 3437 925 3491 apa·
966 3424 1041 3477 enlm
1052 3424 1179 3495 exemplo
1189 3423 1340 3477 inlldelitas
1355 3422 1623 3493 dijudicabitur.ipsi
1639 3426 1762 3477 autema

124 3511 213 3565 stolus
237 3511 413 3581 apertissime
436 3511 588 3564 declararit
606 3511 723 3565 dicens:
751 3511 804 3576 Olli
826 3514 923 3578 seipsos
965 3512 1078 3566 nemine
1086 3511 1461 3582 iudicalluntur:quisenisn
1471 3511 1638 3565 condemnet
1647 3527 1713 3564 vera
1723 3511 1762 3565 di-

124 3605 266 3667 ssprepoat
280 3603 415 3654 altinmles
428 3600 567 3668 ..lpirltum
583 3616 635 3653 rem
647 3601 787 3655 lactentes.
799 3599 879 3653 Unde
894 3599 923 3651 in
964 3601 1097 3654 centem?
1110 3601 1181 3655 Cum
1204 3600 1277 3653 enim
1300 3604 1409 3653 constet
1426 3617 1524 3654 estraes
1542 3599 1669 3654 inimicos
1694 3600 1757 3654 fidei

124 3687 186 3759 ipsa
200 3687 322 3742 Ecclesia
334 3689 420 3742 etiam
436 3688 498 3741 illos
513 3689 561 3759 qui
576 3704 627 3759 per
640 3688 755 3759 nemina
765 3687 920 3753 hominum,
964 3689 1033 3743 salsa
1046 3697 1142 3743 tenere
1158 3706 1207 3760 pru
1222 3688 1303 3753 veris,
1319 3689 1458 3743 accusatio
1473 3686 1584 3743 illorum
1601 3689 1629 3742 in
1645 3688 1757 3742 irritum

125 3776 252 3847 quamuis
258 3777 287 3830 in
293 3777 472 3847 ejusunitate
480 3777 705 3842 constitutorum,
715 3777 842 3847 quaedam
854 3775 924 3828 echi·
961 3780 1021 3849 jam
1036 3778 1155 3832 deducta
1168 3783 1211 3832 est
1225 3777 1282 3831 seri
1294 3776 1400 3847 judicio
1414 3778 1613 3837 condemnata:
1629 3777 1695 3848 quia
1708 3782 1758 3846 qui

96 3937 101 3945 Ι
124 3873 217 3921 amata
234 3865 433 3931 moliebantur,
455 3867 558 3921 Paulus
580 3867 723 3938 apostolus
737 3880 867 3936 arguens,
884 3865 923 3919 ait
965 3882 1019 3922 nou
1035 3868 1189 3932 crediderit,
1206 3867 1298 3937 inquit
1316 3866 1462 3924 Dominus.
1476 3871 1536 3935 jorn
1556 3868 1699 3935 judicatus
1722 3874 1759 3920 est

125 3955 200 4009 iuter
207 3963 319 4009 catera:
329 3955 387 4011 Ani
390 3958 470 4009 titolis
482 3961 572 4009 alitem
585 3958 729 4008 llolneaon
740 3957 924 4023 percipitque
965 3958 1055 4023 (teau.
1068 3959 1116 4021 lu).
1130 3956 1223 4027 [Aug]
1234 3954 1277 4011 Ita
1287 3955 1370 4009 homo
1381 3960 1530 4009 renovatur
1544 3954 1572 4008 in
1587 3955 1758 4026 agnitionem

124 4047 190 4096 suut
206 4043 329 4111 Spiritus
344 4045 401 4097 Ilei.
415 4045 543 4097 Stultitia
557 4049 594 4096 cst
609 4047 683 4096 enim
700 4047 752 4105 itti,
770 4049 794 4095 ct
808 4058 861 4095 aon
878 4058 923 4110 po-
963 4044 1013 4098 Dei
1030 4046 1183 4098 secundum
1198 4045 1350 4114 insaginem
1366 4045 1436 4113 ejus,
1456 4045 1503 4116 qui
1523 4045 1627 4098 crearit
1641 4062 1715 4111 eum,
1733 4050 1759 4098 et

48 4150 57 4155 ·
126 4135 175 4184 test
192 4134 262 4183 scire
280 4134 419 4198 pilonium·
437 4134 604 4199 spiritaliter
626 4133 808 4199 dijudicetur,
831 4135 922 4183 osten·
964 4132 1098 4203 spiritalis
1113 4134 1227 4187 effectus
1242 4132 1376 4203 dijudicat
1390 4133 1494 4201 omnia,
1506 4133 1673 4204 qsraeuiique
1686 4133 1761 4203 judi·

125 4217 168 4273 dit
188 4219 252 4290 quid
276 4219 378 4273 dixerit
399 4235 453 4273 rson-
474 4222 601 4288 percipit,
619 4218 646 4272 id
662 4224 714 4275 est.
736 4219 853 4272 scientia
867 4234 924 4272 non
965 4221 1054 4274 canda
1067 4227 1133 4274 sient
1148 4239 1153 4273 :
1171 4221 1231 4292 ipse
1246 4226 1341 4275 autem
1357 4238 1374 4275 a
1389 4223 1501 4275 nemine
1514 4222 1666 4293 judicatur.
1679 4221 1759 4285 Quod

125 4309 208 4379 capit.
225 4309 330 4362 Verum
349 4308 400 4363 hos
420 4309 447 4361 in
468 4308 590 4362 Ecclesia
608 4308 775 4361 constitutos
795 4308 923 4378 parvulos
965 4316 1060 4364 autem
1073 4310 1180 4380 judicat
1195 4310 1297 4378 omnia,
1314 4311 1366 4364 hoc
1380 4315 1431 4371 est,
1448 4311 1521 4382 quod
1538 4310 1622 4365 habet
1640 4314 1761 4382 potesta-

125 4396 192 4452 dicit
205 4399 330 4452 nondum
342 4397 492 4469 spiritales,
506 4396 554 4449 sed
568 4397 802 4463 adhuccaruales,
813 4402 841 4450 et
853 4387 1022 4453 laeteDtem
1038 4399 1154 4470 piscium
1171 4398 1266 4466 maris,
1284 4407 1312 4454 et
1325 4398 1480 4454 volatilium
1499 4400 1570 4465 coeli,
1587 4404 1616 4453 et
1633 4399 1760 4453 omnium

127 4488 251 4565 alendos,
269 4504 325 4542 non
339 4504 411 4541 esca.
430 4487 513 4554 Otiosi
525 4488 661 4555 paruulis,
679 4485 779 4555 inquit,
798 4489 825 4538 in
843 4487 924 4541 tlte-l·
966 4504 1097 4558 pecorum
1109 4493 1137 4542 et
1145 4488 1278 4549 ferarum,
1290 4494 1319 4542 et
1328 4489 1419 4543 omnis
1428 4496 1520 4551 terete,
1529 4494 1557 4542 et
1567 4489 1693 4543 omnium
1706 4505 1762 4542 ser-

125 4583 166 4631 sto
181 4578 507 4645 lectulispotemdedi,
524 4590 688 4639 ecolismam,
712 4576 833 4628 rrertdum
849 4578 922 4627 ellim
966 4578 1093 4647 pentium
1119 4590 1181 4648 quae
1204 4582 1307 4649 repunt
1334 4595 1419 4649 super
1444 4584 1549 4633 terram
1575 4596 1580 4630 z
1605 4578 1657 4631 hoc
1686 4577 1760 4631 enim

122 4668 269 4736 poteratis:
285 4666 331 4717 sed
346 4682 393 4718 nec
406 4666 498 4719 adisse
513 4666 623 4733 pelidem
636 4667 746 4734 potestis
759 4663 785 4730 (t
798 4664 858 4717 Cor.
873 4668 922 4725 inl.
966 4665 1024 4736 agit
1038 4683 1088 4736 per
1102 4667 1204 4720 mentis
1220 4666 1462 4738 intellectuni,per
1476 4684 1560 4738 quem
1572 4666 1690 4737 percipit
1700 4682 1762 4736 qua*

125 4750 178 4808 Ubi
192 4752 303 4815 dicitur,
327 4754 461 4813 nonduin,
483 4755 526 4808 vel
541 4770 596 4807 nen
611 4754 711 4817 adhue,
731 4752 853 4824 proiecto
868 4768 924 4805 non
966 4761 1033 4809 sunt
1047 4755 1167 4825 Spiritus
1181 4754 1240 4809 Dei.
1256 4755 1387 4826 Alioquin
1404 4758 1482 4810 iserae
1500 4760 1527 4809 in
1544 4757 1644 4809 ionore
1657 4759 1762 4824 persitos

126 4841 300 4911 desperatur,
309 4841 334 4894 si
341 4856 373 4894 eo
384 4841 519 4907 tenditur,
528 4849 561 4896 ut
568 4844 605 4897 sit
612 4843 762 4913 aliquando
771 4841 843 4913 quod
856 4857 924 4894 non·
967 4859 1020 4897 lton
1034 4847 1177 4908 intellexit,
1192 4850 1366 4913 cornperatus
1375 4850 1412 4899 est
1422 4848 1558 4914 irretientis
1570 4847 1727 4903 insensatis,
1739 4851 1762 4897 cl

126 4930 194 4985 dum
204 4935 255 4990 est,
265 4930 449 4989 odillscem'm,
460 4929 561 5000 inquit,
573 4936 635 4985 estis
649 4934 784 4996 caritates,
796 4935 823 4984 et
833 4936 926 4984 osten·
966 4934 1068 4985 sirrlilis
1083 4934 1173 4999 sactus
1191 4938 1228 4985 est.
1248 4937 1306 4987 iilis
1322 4935 1407 4995 (strat.
1428 4937 1531 5000 sessis).
1548 4932 1657 4987 iudicat
1677 4933 1763 4986 etiam

126 5018 205 5086 deus,
216 5019 291 5073 unde
301 5017 358 5072 sint
368 5018 506 5071 carnales:
525 5020 592 5073 dum
604 5023 676 5073 enim
688 5023 724 5072 stt
732 5024 807 5073 inter
817 5036 870 5079 ros,
883 5018 925 5071 in·
966 5021 1099 5091 spiritalis
1115 5020 1294 5092 approbando
1308 5022 1381 5093 quod
1390 5026 1508 5083 rectum,
1520 5021 1705 5092 improbando
1715 5038 1763 5075 au·

128 5107 197 5179 quit,
214 5111 354 5162 eructatio
368 5113 393 5161 et
407 5111 550 5169 certioretis,
570 5123 659 5161 uertere
675 5112 801 5163 caritates
815 5112 878 5162 estis
899 5113 923 5159 et
965 5115 1023 5163 teau
1038 5110 1111 5180 quod
1127 5124 1273 5181 perperam
1287 5110 1424 5165 invenerit
1438 5110 1467 5163 in
1483 5109 1614 5181 operibus
1626 5108 1764 5164 moribus-

127 5196 923 5268 teotradumlaciniosusambuletisiatqueidipsnmplanius
966 5198 1763 5269 quelldeliumincastitate,injejuaiiS,incogitationibus

49 5296 54 5305 “
127 5285 265 5356 aperiens,
282 5301 343 5339 estin
358 5288 433 5339 enirn
447 5287 509 5353 pais
523 5284 605 5347 dieat,
619 5285 727 5355 inquit:
745 5286 799 5353 tipo
813 5288 921 5354 quidem
966 5287 1018 5357 piis
1033 5288 1068 5340 de
1082 5287 1136 5351 his,
1149 5304 1210 5358 quae
1225 5304 1274 5358 per
1287 5302 1400 5341 sensum
1416 5286 1759 5359 corporisperclpiuntur:

126 5377 381 5437 semiustilatum
396 5372 679 5442 aetetndipoelpollo,
695 5389 784 5427 trottae
801 5376 923 5429 liolniues
966 5376 1000 5429 de
1014 5376 1058 5428 his
1072 5376 1147 5429 enim
1159 5375 1286 5445 judicare
1300 5392 1375 5429 nunc
1388 5374 1491 5430 dicitur
1507 5376 1536 5429 in
1556 5375 1657 5448 quibus
1672 5378 1701 5430 et
1715 5393 1763 5448 po·
1813 5441 1816 5445 ,

54 5478 56 5483 ’
127 5466 209 5518 calist
225 5463 260 5518 lli
274 5478 349 5533 ergo,
367 5461 394 5515 id
409 5469 452 5516 est
466 5463 570 5517 Paulus
588 5468 617 5516 et
633 5462 751 5531 appoto,
773 5448 923 5517 eonco‘rdes
964 5469 1097 5518 testatem
1111 5464 1267 5534 corrigendi
1281 5463 1374 5518 habet.
1392 5466 1457 5532 Quis
1470 5467 1546 5518 enirn
1566 5469 1689 5534 copnocit
1703 5480 1762 5519 sen·

127 5558 209 5609 eraut
218 5553 248 5609 in
257 5551 368 5609 unitate
381 5551 504 5622 Spiritus
517 5557 545 5606 et
559 5550 668 5609 anselo
680 5551 767 5622 pacis,
780 5557 810 5605 et
827 5558 923 5607 umen
965 5567 1027 5606 sam
1040 5553 1162 5616 demini,
1174 5556 1225 5621 put
1237 5556 1362 5608 instruet
1374 5558 1459 5609 euml
1475 5551 1580 5622 (Amb.)
1592 5554 1698 5609 Senem
1709 5554 1761 5609 Del
