3786 6128
161 305 236 362 ¹169
662 309 770 365 LIBER
788 309 834 366 DE
853 311 979 368 SACRIS
998 313 1203 381 ORDINIBUS,
1225 315 1303 374 mc,
1732 321 1801 379 tlte

161 447 220 503 qne
230 431 278 502 qui
294 432 401 503 plantat
417 439 461 487 est
474 435 580 506 aliquid
595 451 686 506 neque
696 435 744 506 qui
758 437 840 506 rigat,
856 438 904 491 sed
915 439 962 509 qui
972 440 994 499 Α
1005 444 1086 506 teste,
1095 440 1173 511 prius
1185 441 1247 512 ipse
1260 443 1275 497 J
1278 458 1341 497 esus
1355 442 1486 497 cassinati
1497 444 1591 498 oculos
1602 444 1661 500 luto
1671 461 1705 501 ex
1718 452 1801 518 sputo

158 519 369 576 incrementum
391 522 440 577 dat
458 523 532 577 Deus
558 525 584 591 (Ι
610 525 669 579 Cor.
689 542 726 590 in,
749 523 786 590 7).
806 546 818 577 »
840 527 919 581 Unde
934 533 963 583 et
1002 526 1074 582 facto
1089 530 1272 600 superlinivit,
1290 536 1319 585 et
1332 530 1372 585 sic
1388 531 1424 584 ad
1438 546 1526 602 aquas
1544 531 1618 586 Silae
1631 533 1719 601 misit,
1735 536 1802 609 quia

160 609 439 682 Graecemysterium
454 613 558 666 dicitur
571 614 644 684 quod
660 619 796 669 secretam
816 622 845 670 et
867 633 962 671 recon—
1003 617 1080 687 prius
1094 617 1177 672 debet
1201 619 1384 691 baptizandus
1399 620 1454 674 side
1470 620 1672 677 incarnationis
1696 622 1800 679 Christi

160 697 252 753 ditant
267 699 586 773 habeatrepositionem.
1002 705 1114 772 instrui,
1127 714 1156 762 et
1170 707 1209 764 sic
1221 708 1256 762 ad
1271 708 1442 780 baptismum
1453 710 1513 780 jam
1528 710 1658 765 credulus
1676 711 1797 781 admitti,

266 844 331 897 Can.
341 844 375 898 V.
392 876 424 885 —
440 846 477 899 De
492 847 664 914 baptismata
677 853 859 902 sacramento.
1001 800 1321 958 ἓέᾷῖὲῗέἓέῗίἰέοἶὲῗ
1335 816 1365 853 m
1375 815 1407 853 ⁰⁰
1422 804 1465 853 θεῖ
1479 806 1628 873 pamoeps’
1640 805 1669 856 et
1682 817 1727 857 cm
1739 819 1798 874 sam

199 969 280 1035 (latu.
297 986 319 1022 c.
336 968 393 1036 25.)
406 970 533 1025 Primum
547 976 642 1026 autem
661 980 903 1028 sacramentorum
917 979 961 1028 est

157 1054 328 1128 baptismus,
336 1059 402 1129 quia
413 1066 564 1130 antequam
571 1066 667 1115 saneto
676 1061 827 1117 chrismate
837 1069 960 1134 ungatur

157 1145 272 1217 aliquis,
289 1151 322 1200 ut
336 1148 460 1218 corporis
474 1155 502 1202 et
521 1149 666 1219 sanguInis
690 1150 794 1204 Christi
818 1152 958 1223 particeps
1036 1153 1086 1218 (lb.
1102 1169 1124 1205 r.
1140 1149 1198 1221 26.)
1221 1153 1444 1208 Catechumenus
1464 1161 1560 1210 autem
1580 1155 1684 1212 dicitur
1699 1173 1750 1231 pro
1764 1175 1798 1215 eo

157 1235 271 1295 existat,
280 1252 359 1289 sacra
374 1237 587 1307 regeneratione
597 1238 848 1308 purgaridebet,ac
858 1240 958 1296 deinde
1000 1240 1074 1311 quod
1088 1241 1179 1295 adhuc
1192 1241 1349 1296 doctrinam
1358 1242 1423 1297 fidei
1440 1244 1528 1310 audit,
1546 1261 1598 1300 nec
1616 1250 1712 1302 tamen
1732 1246 1798 1319 bap-

157 1323 196 1377 ad
209 1331 310 1378 caetera
324 1324 378 1378 rite
396 1325 538 1379 accedere.
556 1327 717 1398 Baptismus
738 1328 842 1395 Graece,
858 1330 957 1386 Latine
999 1328 1115 1383 tismum
1126 1328 1241 1400 recepit.
1260 1329 1332 1383 Nam
1347 1331 1564 1387 catechumenus
1582 1333 1686 1402 Graece,
1700 1335 1798 1391 Latine

156 1411 258 1466 tinctio
272 1412 483 1485 iuterpretatur,
500 1431 562 1485 quse
572 1432 629 1470 non
643 1420 755 1471 tantum
769 1416 804 1471 ob
820 1418 872 1471 hoc
884 1419 958 1490 quod
999 1418 1110 1472 auditor
1121 1417 1333 1489 interpretatur,
1350 1424 1415 1487 etc,
1431 1436 1517 1489 itaque
1531 1423 1568 1476 ad
1587 1426 1671 1490 {taem
1689 1428 1796 1494 capitis.

157 1501 243 1556 homo
257 1501 288 1556 in
302 1519 405 1574 aquam
425 1504 562 1573 mergitur
583 1504 680 1559 tinctIo
695 1505 806 1571 dicitur,
827 1508 876 1562 sed
891 1510 959 1579 quia

157 1590 259 1661 spiritu
269 1592 366 1661 gratiae
376 1592 414 1645 ibi
422 1592 452 1646 in
461 1593 561 1646 melius
569 1593 778 1660 immutatur,et
787 1595 869 1666 longe
880 1597 957 1652 aliud

157 1695 244 1751 quam
259 1687 321 1734 erat
332 1680 460 1735 efficitur.
477 1682 604 1736 Primum
620 1682 747 1737 homines
762 1683 825 1738 stedi
844 1702 957 1741 eramus
1035 1686 1084 1750 (lb.
1101 1701 1123 1738 r.
1141 1685 1408 1753 aucmentatum
1423 1687 1500 1741 enim
1514 1688 1582 1742 ordo
1598 1688 1644 1743 hic
1663 1695 1715 1757 eat,
1738 1692 1796 1762 pri·

156 1768 336 1824 deformitate
349 1771 569 1841 peccatorum,in
579 1771 640 1843 ipsa
647 1772 781 1826 tinctione
792 1774 900 1845 pulchri
911 1757 988 1830 ἀε-Β
1000 1789 1076 1827 mum
1086 1773 1278 1844 interrogatur
1295 1791 1421 1846 paganus
1436 1775 1460 1829 si
1480 1775 1662 1832 abrenuntiat
1674 1777 1794 1846 diabolo,

156 1856 298 1912 albatione
312 1859 458 1913 virtutum.
474 1860 554 1914 Unde
569 1860 635 1914 etin
647 1861 769 1916 Canticis
783 1862 957 1919 canticorum
998 1865 1027 1914 et
1040 1860 1170 1915 omnibus
1184 1861 1327 1917 damnosis
1343 1863 1404 1932 ejus
1419 1863 1560 1935 operibus,
1584 1870 1670 1936 atque
1689 1865 1798 1921 fallaci·

154 1946 289 2001 scribitur
299 1966 326 2000 ει
342 1948 457 2012 Quaest
469 1948 523 2002 ista
534 1966 595 2019 quae
604 1950 957 2021 ascenditquasidealbata
996 1947 1059 2015 bus,
1075 1955 1140 2016 etc„
1156 1967 1240 2019 usqtte
1254 1951 1292 2005 od
1305 1954 1389 2018 finam
1403 1954 1510 2021 sopitis.

156 2033 955 2109 (dont.1n‚6).»CujusmysteriumnoualiternisisubTri·

151 2125 251 2179 nitatis
258 2125 460 2195 designatione,
469 2126 497 2181 id
509 2131 559 2191 est,
573 2127 665 2181 Patris
678 2134 707 2182 et
720 2129 784 2182 Filii
794 2135 823 2184 et
833 2131 954 2201 Spiritus

152 2213 244 2268 sancti
253 2214 413 2285 cognitione
425 2216 703 2286 completur‚dicente
714 2218 833 2273 Domino
844 2220 879 2273 ad
890 2237 954 2292 apo-

156 2303 261 2358 stolos:
277 2304 449 2365 ‹Ite,docete
460 2322 557 2359 omnes
566 2311 665 2376 gentes
678 2305 851 2377 baptizantes
864 2326 911 2363 eas
925 2309 954 2365 in
1031 2305 1121 2376 Igitur
1135 2304 1293 2377 symbolum
1308 2307 1408 2361 Latine
1421 2307 1556 2362 iudicium
1568 2309 1611 2362 vel
1623 2309 1736 2380 signum
1750 2311 1793 2367 vel

152 2393 737 2465 nominePatriamFilii,etSpiritussancti
745 2397 949 2464 (illottlvuxvni,
995 2393 1105 2448 collatio
1116 2394 1466 2465 interpretatur,indicium
1477 2397 1543 2468 quia
1553 2397 1642 2468 perid
1652 2397 1793 2455 indicatur

152 2479 228 2551 19).»
239 2481 317 2536 Sicut
323 2483 398 2536 enlm
406 2483 434 2536 in
444 2483 534 2537 tribus
543 2483 662 2537 testibus
672 2490 819 2540 statomne
827 2486 951 2555 verbum,
994 2482 1059 2536 fidei
1073 2483 1230 2553 integritas,
1247 2483 1359 2554 signum
1375 2484 1449 2557 quod
1464 2502 1497 2539 co
1507 2484 1696 2541 beneretento
1708 2493 1738 2542 et
1751 2489 1792 2543 in·

152 2569 192 2625 ita
199 2573 852 2629 sacramentumconfirmatternariusnumerus
862 2576 952 2630 nomi·
993 2571 1114 2638 tellecta,
1131 2572 1228 2626 fideles
1242 2571 1277 2627 ab
1287 2572 1790 2644 infidelibusdiscemuntur,collatio‚

152 2675 222 2715 num
228 2659 485 2724 divinorquuod
497 2668 592 2716 autem
610 2679 660 2733 per
674 2680 777 2733 aquam
796 2663 953 2736 baptismus
994 2659 1061 2730 quia
1073 2659 1104 2714 iu
1114 2677 1147 2715 co
1161 2661 1280 2732 apostoli
1295 2661 1481 2716 omaemtidei
1495 2662 1687 2733 integritatem
1696 2671 1792 2720 contu-

152 2748 247 2810 datur.
260 2749 317 2804 hac
332 2749 402 2803 ratio
413 2757 468 2803 est:
482 2751 569 2805 votuit
583 2751 658 2804 enim
667 2752 841 2807 Dominusut
848 2770 893 2807 res
904 2754 952 2808 itta
993 2749 1094 2802 lerunt·
1112 2749 1191 2813 Quod
1207 2766 1303 2804 omnes
1312 2750 1372 2821 pari
1384 2750 1449 2804 fidei
1462 2749 1623 2806 sinceritate
1632 2753 1715 2807 corde
1723 2754 1789 2809 reti-

152 2836 576 2909 invisibilispercongrueutiam
587 2850 616 2895 et
627 2840 783 2912 profectum
794 2842 950 2898 incontrec-
991 2836 1104 2904 nebant,
1117 2854 1165 2892 ore
1174 2838 1293 2894 confessi
1305 2844 1380 2905 sunt,
1390 2845 1419 2892 et
1427 2839 1531 2910 Singuli
1540 2841 1670 2911 proprias
1680 2847 1792 2897 senten·

149 2925 238 2981 tabile
248 2933 277 2980 et
289 2927 426 2981 invisibile
440 2929 650 3000 impenderetur
657 2930 826 2984 elementum
834 2942 856 2998 ¹,
867 2949 954 3004 super
992 2925 1047 2979 tias
1061 2926 1245 2993 conferentes,
1263 2926 1431 2999 symbolum,
1444 2928 1471 2982 id
1487 2934 1539 2993 0⁸2,
1550 2929 1638 2984 205¹ss
1652 2929 1718 2984 fidei
1733 2931 1791 2985 001·

149 3016 226 3087 quod
243 3016 327 3071 etiam
342 3017 372 3071 iu
382 3017 518 3088 principio
534 3017 676 3071 serebatur
690 3018 811 3090 Spiritus
826 3028 948 3075 sanctus.
993 3014 1126 3069 lationem
1155 3015 1312 3071 ediderunt·
1333 3016 1490 3071 Discessuri
1511 3017 1586 3072 enim
1611 3016 1647 3072 ab
1671 3018 1790 3074 invicem

148 3104 223 3160 Nam
238 3105 311 3159 sicut
320 3106 413 3160 oleum
424 3107 546 3160 naturali
556 3107 679 3178 pondere
690 3107 863 3179 superfertur
873 3111 950 3165 omni
990 3119 1118 3158 normam
1132 3104 1234 3159 suturae
1249 3105 1456 3176 praedicationis
1475 3106 1505 3160 in
1518 3122 1667 3161 commuue
1681 3114 1789 3164 statue·

147 3193 253 3266 liquori
269 3212 275 3246 :
302 3193 342 3248 ita
362 3194 391 3249 in
412 3195 548 3267 principio
575 3196 802 3267 superferebatur
828 3198 949 3270 Spiritus
990 3199 1112 3259 runt,ne
1126 3192 1252 3248 localiter
1266 3194 1300 3247 ab
1315 3194 1433 3248 invicem
1448 3194 1623 3250 discedentes
1646 3196 1788 3252 diversum

146 3289 264 3338 metus
279 3284 369 3354 aquis.
387 3284 465 3340 Sicut
479 3301 553 3354 aqua
567 3291 669 3356 purgat
689 3286 811 3340 exterius
835 3303 946 3359 corpus,
990 3281 1096 3353 aliquid
1115 3282 1159 3336 vel
1177 3283 1321 3337 dissonum
1344 3283 1537 3355 predicarent.
1554 3283 1788 3342 Decentissimum

145 3372 189 3427 ita
201 3372 323 3426 latenter
333 3373 394 3443 ejus
405 3376 538 3444 mysterio
552 3373 747 3445 perspiritum
761 3383 888 3430 sanctum
899 3394 949 3448 pu·
989 3387 1111 3442 namque
1125 3376 1154 3424 et
1168 3372 1236 3426 utile
1250 3377 1312 3426 erat
1321 3377 1353 3426 ut
1367 3370 1468 3442 quibus
1485 3377 1547 3426 erat
1567 3373 1663 3428 anima
1685 3391 1743 3430 una
1759 3382 1788 3430 et

145 3461 277 3516 riticatur
291 3467 319 3515 et
332 3461 452 3527 animus,
469 3463 550 3532 cujus
563 3463 745 3517 sanctificatio
756 3464 796 3517 ita
809 3471 861 3518 est.
870 3466 949 3520 Invo-
989 3476 1134 3514 cornuum
1144 3460 1174 3514 ia
1188 3460 1316 3525 nomino.
1325 3466 1354 3514 et
1364 3476 1433 3530 qUOS
1443 3461 1532 3514 sancii
1541 3461 1663 3532 Spiritus
1673 3461 1787 3519 afflatus

144 3555 210 3604 cato
226 3548 302 3602 enim
317 3548 375 3602 Deo
389 3549 533 3603 descendit
547 3550 669 3620 Spiritus
684 3557 796 3606 sanctus
811 3552 845 3605 de
860 3554 945 3620 ecelis,
988 3548 1144 3618 vegetabat,
1154 3549 1238 3603 unius
1248 3548 1334 3603 etiam
1348 3548 1414 3603 fidei
1428 3549 1565 3603 consessio
1575 3557 1787 3618 exornaretnec

145 3645 175 3694 et
190 3638 340 3692 medicatis
363 3639 444 3711 aquis
460 3639 617 3694 sanctificat
631 3656 679 3695 eas
695 3641 729 3694 de
743 3641 902 3713 semetIpso,
920 3649 949 3697 ct
989 3636 1064 3691 enim
1079 3636 1174 3691 dirimi
1182 3637 1211 3690 in
1226 3636 1319 3707 aliquo
1330 3636 1372 3690 vel
1385 3641 1517 3707 poterant
1526 3638 1569 3691 vel
1583 3635 1784 3712 debebantqui

143 3726 291 3798 accipiunt
305 3727 360 3780 vim
375 3728 560 3798 purgationis,
578 3733 610 3782 ut
622 3729 651 3782 in
676 3729 715 3782 eis
731 3746 795 3782 caro
811 3736 840 3784 et
854 3731 948 3786 anima
988 3725 1072 3780 unius
1087 3725 1153 3779 fidei
1168 3725 1278 3779 vinculo
1293 3724 1486 3779 nectebantur.
1498 3725 1628 3798 Plerique
1650 3732 1786 3798 praeterea

140 3815 258 3871 delictis
272 3816 420 3887 inquinata
434 3817 595 3883 mundetur,
607 3819 841 3888 utrumqueenim
856 3817 946 3891 bapti·
987 3813 1103 3869 verbum
1117 3813 1309 3869 abbreviatum
1332 3830 1382 3885 per
1402 3814 1504 3868 isaiam
1528 3815 1736 3886 prophetatum,
1755 3817 1785 3873 in

135 3904 233 3960 zanda
248 3921 361 3959 necesse
379 3912 422 3959 est
441 3905 577 3971 adhiberI,
594 3913 623 3960 et
641 3906 773 3978 baptismi
790 3907 941 3975 lavacrum,
987 3903 1119 3975 Symbola
1133 3910 1162 3957 et
1175 3902 1302 3958 oratione
1319 3902 1466 3957 Dominica
1483 3902 1604 3974 intelligi
1627 3904 1734 3959 volunt.
1751 3906 1783 3961 In

130 4000 168 4048 et
178 3993 305 4064 Spiritus
315 3995 404 4048 sancti
419 3995 557 4065 purgatio,
576 3995 641 4066 quia
654 3995 694 4050 ait
709 3996 851 4050 Salvator:
863 3997 943 4052 «Nisi
986 3993 1074 4046 altero
1088 3993 1163 4047 enim
1176 3991 1257 4046 fidei:
1273 3992 1304 4046 in
1318 3992 1405 4047 altero
1416 4008 1530 4063 precum
1543 3992 1705 4048 continetur
1713 3993 1784 4050 inte·

130 4083 206 4155 quis
222 4084 429 4138 restatussuerit
440 4100 471 4137 ex
482 4101 556 4154 aqua
569 4090 598 4137 et
610 4085 716 4154 Spiritu
727 4091 823 4139 saincte
832 4102 887 4140 non
896 4104 941 4157 pe
983 4081 1082 4152 grtes,
1095 4087 1127 4136 ut
1137 4088 1165 4136 et
1178 4081 1207 4136 in
1217 4081 1365 4135 duodecim
1380 4079 1480 4148 verbis,
1488 4081 1636 4141 duodecim
1644 4084 1783 4155 apostolu-

127 4178 198 4226 test
213 4171 333 4225 introire
345 4172 373 4225 in
389 4189 506 4241 regnum
520 4172 580 4226 Dei.
596 4192 606 4222 ι
623 4173 677 4227 Sed
689 4181 754 4226 ante
771 4173 943 4245 baptismum
984 4187 1047 4223 rum
1057 4171 1193 4238 doctrina,
1209 4169 1276 4224 etia
1291 4174 1397 4241 septem
1408 4169 1784 4241 petitionibusomnecanti·

119 4259 333 4316 catechinandi
346 4259 430 4314 debet
443 4261 624 4314 inhominem
640 4262 790 4332 praevenire
808 4263 939 4328 officium,
983 4264 1086 4313 neatur
1095 4258 1273 4331 quidquidad
1281 4258 1428 4331 praesentis
1438 4263 1467 4312 et
1475 4257 1576 4315 suturae
1587 4260 1650 4316 vita
1660 4261 1784 4332 pertinet

120 4348 247 4406 iutlidei
258 4347 1228 4447 primumcathecumenusaccipiatrudimentum.Ddispensationem,
1245 4347 1371 4417 quamvis
1387 4345 1472 4401 etiam
1480 4348 1568 4402 totius
1577 4348 1710 4404 doctriua
1719 4365 1782 4404 ver·

113 4434 213 4495 Nam
240 4437 270 4491 in
298 4438 447 4507 EvangeIIo
472 4439 626 4493 secundum
648 4439 812 4494 Matthaeum
827 4440 939 4510 legitur,
983 4436 1050 4491 bum
1065 4436 1120 4492 dici
1134 4435 1222 4508 possit
1235 4433 1512 4506 abbreviatum‚quia
1526 4435 1600 4506 quod
1610 4436 1689 4507 prius
1698 4437 1781 4493 lexat

111 4526 214 4601 quod
230 4532 294 4597 post
308 4528 541 4581 resurrectionem
551 4528 688 4582 Dominus
699 4529 831 4599 apostolis
842 4547 943 4601 praece-
983 4525 1126 4598 prophetie
1141 4523 1322 4579 continebant
1340 4523 1369 4577 in
1390 4522 1537 4579 istudne
1552 4530 1756 4596 praeceptorum
1772 4545 1778 4580 :

107 4615 223 4688 perit,
238 4620 271 4668 ut
285 4615 313 4668 in
328 4616 440 4670 nomine
453 4616 544 4670 Patris
554 4622 582 4670 et
597 4617 659 4671 Filii
674 4624 702 4671 et
716 4618 837 4688 Spiritus
852 4620 942 4674 sancti
983 4615 1098 4669 veniens
1116 4614 1252 4669 Dominus
1277 4611 1469 4684 pronuntiavit
1488 4617 1518 4666 et
1538 4611 1629 4667 dixit:
1645 4629 1659 4666 ι
1675 4614 1781 4686 Diliges

111 4707 278 4761 docerent
291 4711 319 4758 et
333 4704 507 4776 baptizarent
524 4721 622 4759 omnes
636 4712 744 4776 gentes,
761 4707 789 4760 iu
807 4714 849 4761 est
864 4708 941 4779 prius
982 4703 1134 4757 Dominum
1152 4703 1241 4756 Deum
1255 4706 1336 4755 tuum
1347 4717 1379 4755 ex
1392 4707 1451 4755 toto
1465 4701 1617 4769 cordetuo,
1633 4709 1704 4758 etex
1718 4709 1782 4759 tota

116 4795 227 4851 Iidem
243 4793 295 4847 Dei
308 4793 383 4848 illius
398 4794 583 4858 insinuarent,
597 4800 625 4848 et
639 4795 678 4849 sic
693 4796 838 4850 credentes
851 4796 880 4849 in
895 4814 940 4850 re·
983 4793 1077 4846 aalma
1101 4798 1159 4857 tua,
1176 4796 1204 4844 et
1224 4807 1257 4843 ex
1270 4790 1337 4845 totis
1351 4789 1457 4844 viribus
1480 4789 1548 4857 tuis,
1573 4796 1602 4845 et
1622 4792 1780 4863 proximum

112 4882 306 4940 missionem
322 4889 499 4953 peccatorum
520 4884 703 4956 baptizarent.
722 4884 794 4939 IIinc
811 4887 940 4957 estquod
981 4887 1063 4936 tuum
1072 4885 1208 4951 tanquam
1221 4878 1354 4950 teipsum.
1370 4879 1403 4932 In
1412 4878 1456 4932 his
1470 4878 1611 4934 mandatis
1619 4879 1729 4935 duobus
1739 4886 1780 4934 to-

114 4971 298 5029 seeunmm
313 4972 438 5027 Marcum
462 4973 536 5026 idem
556 4974 692 5027 Dominus
713 4974 817 5044 legitur
831 4991 939 5046 praepo·
982 4976 1012 5025 ta
1026 4971 1069 5024 lex
1083 4968 1187 5041 pendet
1198 4974 1226 5023 et
1236 4967 1379 5040 propheta
1395 4969 1492 5035 (Marc.
1508 4985 1555 5034 xn,
1573 4966 1628 5034 30).
1645 4987 1660 5020 a
1677 4968 1709 5023 In
1723 4983 1779 5039 quo

1170 1028 1235 1082 Can.
1253 1028 1299 1082 VI.
1317 1058 1349 1068 -
1367 1030 1402 1084 De
1417 1031 1625 1086 catechumenis.

1114 1561 1179 1613 Can
1191 1561 1252 1616 VII.
1267 1563 1349 1616 -De
1363 1563 1554 1617 catechizandi
1568 1565 1674 1620 ordine.

1032 2092 1096 2146 Car.
1112 2092 1187 2148 VIII.
1206 2123 1238 2134 -
1254 2095 1317 2161 Qua
1328 2097 1690 2164 sittnterpretattosymuoti
1701 2113 1795 2153 secan·

1291 2165 1360 2218 clam
1375 2166 1494 2220 Latinos.

114 5066 230 5117 suisse
244 5060 328 5114 fidem
343 5060 505 5133 baptismati
519 5078 583 5115 cum
594 5062 634 5118 ita
653 5061 724 5116 dixit
739 5081 744 5114 :
759 5082 772 5113 a
784 5063 838 5126 Qui
852 5064 940 5117 credi-
981 5059 1125 5114 evidenter
1143 5058 1293 5129 prophetas
1307 5064 1335 5113 et
1348 5057 1440 5128 Iegem
1459 5055 1567 5112 duobus
1583 5057 1627 5112 his
1641 5057 1779 5111 sermoni·

118 5148 212 5206 derit
222 5154 252 5202 et
267 5147 422 5219 baptizatus
437 5149 522 5204 luerit
536 5152 628 5204 salvus
644 5151 719 5205 erit:
743 5152 791 5222 qui
807 5169 939 5206 veronen
981 5148 1033 5204 bus
1047 5147 1263 5203 breviavitflaec
1272 5146 1306 5200 de
1321 5145 1447 5218 symbolo
1463 5151 1491 5200 et
1505 5144 1619 5200 nomine
1629 5146 1691 5217 eJ'us
1703 5143 1779 5200 dicta

123 5237 294 5295 crediderit
306 5237 627 5306 condemnabiturtllor.
640 5257 697 5306 xvi,
712 5239 739 5309 6)
753 5259 758 5294 :
777 5241 939 5296 aetloanne
980 5237 1046 5292 sint.

171 5391 187 5420 ι
203 5379 647 5448 [egendumfflcrconoruentiom
656 5383 941 5449 etprosrrtumt'aooa
982 5397 1039 5452 qua
1053 5395 1138 5450 quam
1152 5378 1307 5459 mInimum¹
1316 5383 1450 5443 mutatur,
1466 5377 1522 5449 legi
1532 5376 1604 5433 forte
1618 5384 1713 5451 posset
1725 5394 1777 5451 pro

135 5453 314 5506 trectott'tt'ct
331 5453 940 5520 invisibiliimpendereturetrrrreatmvel,per
976 5468 1037 5520 per,
1052 5456 1172 5519 propter,
1197 5464 1324 5521 quernus
1338 5448 1424 5503 etiam
1441 5448 1494 5504 hoc
1516 5448 1576 5505 loeo
1590 5465 1641 5521 pro
1662 5456 1776 5521 proptor

102 5581 105 5587 ,
137 5534 298 5591 congruitas
306 5527 328 5575 et
336 5524 488 5591 prefectum
499 5525 689 5578 contrectabile
697 5527 722 5576 st
732 5525 839 5577 visibile
852 5527 938 5593 impe·
979 5522 1140 5594 accipiatur.

140 5595 255 5647 &retur
269 5595 443 5647 elementum.
456 5593 572 5659 Quodsi
586 5593 664 5665 prior
673 5593 756 5649 lectio
774 5594 892 5664 placeat,
908 5594 938 5648 iu
