3772 6120
96 272 124 327 33
329 272 676 357 asanaarlouuults
694 273 770 329 EPP.
792 273 899 331 rarat
918 269 986 330 LlB.
1007 272 1055 330 lx.
1072 305 1104 316 -
1119 274 1158 331 IN
1176 274 1288 333 arist.
1309 281 1320 334 l
1338 281 1387 335 AD
1407 281 1487 338 COR.
1697 288 1729 344 3⁴

96 398 171 461 dcdr't;
183 396 1029 467 etiterum:NanquidPaatarprooobiscraciflrusAsarnus
1043 402 1191 469 amatores.
1204 401 1232 457 Si
1250 418 1316 473 ergo
1335 402 1439 461 bonum
1455 412 1499 463 est
1513 424 1574 464 esse
1587 411 1731 482 adJ'utores

96 493 134 551 cst,
146 491 195 540 sict
211 489 246 540 in
264 491 382 541 naariae
396 489 480 542 Pauli
491 488 627 556 baptisati
640 491 721 541 estis?
737 487 808 542 Vide
825 504 892 559 quo·
931 487 992 551 Dei,
1009 489 1076 558 quid
1092 490 1173 544 Helia
1189 492 1406 563 reprehenditur
1414 496 1449 550 dc
1458 497 1598 569 adjutorio
1609 502 1730 558 Deilild

98 574 167 629 inodo
180 592 210 628 se
225 575 283 629 coli
297 576 408 648 respuit
421 592 471 647 pro
487 576 608 637 Christo,
621 581 649 631 et
658 593 714 631 non
726 577 786 632 vult
797 593 826 631 se
837 578 892 631 for·
932 576 1007 647 quod
1022 579 1216 648 respondetur,
1228 581 1362 636 nimirum
1371 584 1442 638 scire
1452 602 1503 640 nos
1513 589 1652 655 convenit,
1665 591 1732 662 quia

98 664 189 719 nicmiti
199 664 309 719 animm
319 671 461 720 ostentare
471 666 891 737 prosponso.Nonnemagnum
932 665 1060 720 nonnulli
1076 667 1251 723 defendendo
1266 671 1355 725 Deum
1369 672 1523 738 offendunt,
1542 683 1571 731 et
1584 686 1650 733 sunt
1663 696 1731 735 non·

98 753 197 806 ridetur
208 753 344 824 plantare
354 754 503 825 etiigare?
517 754 571 808 Sed
582 759 725 823 nequequt
732 759 845 825 plantat
854 761 892 810 cst
932 755 1005 808 nulli
1017 755 1075 826 qui,
1089 762 1225 826 quantum
1245 758 1274 811 in
1289 759 1358 829 ipsis
1376 765 1429 825 cst,
1445 780 1558 819 causam
1571 767 1623 821 Dei
1638 768 1732 824 desen·

98 843 203 910 aliquid.
213 859 304 912 aeque
313 846 365 912 qui
375 844 614 911 ripatQuomodo
623 843 736 898 timuit?
746 861 802 898 non
814 861 843 897 se
852 843 893 897 di·
933 842 1016 910 dunt;
1034 844 1081 898 isti
1096 846 1231 900 veraciter
1244 847 1420 917 praedicando
1435 851 1485 905 Dei
1496 854 1639 924 adjutores
1648 863 1728 912 sunt:
1800 872 1803 877 ·

99 931 128 984 rit
140 931 248 1001 aliquid
264 932 438 987 adsalutem
453 948 551 986 eorum
568 949 638 1003 quos
648 931 676 987 in
687 933 798 987 Clndsto
808 932 893 987 astifi·
934 932 974 985 illi
990 933 1158 1004 increpando
1172 935 1310 990 fallaciter
1325 945 1436 993 sanctos
1451 957 1501 1010 pro
1511 942 1568 996 Deo
1587 950 1729 1013 satagunt,

100 1037 151 1074 utre
165 1020 310 1091 cupiebat.
329 1020 434 1092 (ἆνερ.)
447 1022 598 1091 adjutores
612 1022 688 1077 enim
708 1021 758 1077 Dei
771 1038 869 1077 sumus
883 1039 889 1074 z
932 1021 981 1075 sed
996 1023 1149 1093 satagendo
1165 1024 1328 1087 ellendunt;
1345 1026 1392 1080 isti
1403 1044 1458 1082 non
1469 1029 1557 1098 ignoti
1567 1032 1616 1086 sed
1626 1034 1732 1103 cogniti

100 1126 154 1164 uam
168 1126 234 1163 cum
251 1109 277 1163 ei
294 1126 380 1180 quem
390 1109 450 1181 ipse
460 1127 511 1181 per
519 1109 659 1165 internam
668 1111 789 1181 gratiam
800 1110 891 1164 infun-
932 1110 966 1163 de
981 1110 1039 1164 Deo
1054 1111 1209 1181 loquuntur
1225 1131 1230 1165 ι
1249 1113 1289 1167 illi
1306 1114 1392 1169 etiam
1407 1133 1471 1170 vcra
1486 1118 1632 1189 loquentes
1643 1138 1660 1175 a
1672 1124 1730 1178 Deo

100 1199 132 1252 dit
143 1215 193 1252 nos
211 1198 420 1253 exhortationis
438 1215 503 1253 rore
521 1199 723 1263 concurrimus,
745 1200 797 1254 hoc
817 1198 891 1270 quod
932 1199 1049 1253 minime
1067 1208 1282 1269 cognoscuntur,
1303 1203 1423 1258 Domino
1440 1206 1475 1259 cle
1495 1206 1576 1262 lleliu
1597 1209 1730 1282 loquente

101 1289 136 1341 ille
150 1304 200 1359 per
214 1287 358 1358 Spiritum
372 1288 432 1358 agit
446 1287 622 1351 intrinsecus,
635 1305 689 1342 non
706 1288 827 1343 exterius
842 1304 892 1359 per
933 1288 1000 1355 (ror.
1016 1292 1142 1357 sarrin).
1161 1291 1227 1356 (luis
1242 1296 1279 1344 est
1294 1295 1344 1345 iste
1360 1295 1500 1349 involvens
1514 1301 1663 1353 sententiar
1675 1316 1732 1355 ser

101 1376 279 1430 ministerium
294 1374 370 1431 vocis
378 1377 554 1447 adjuvamus,
566 1383 595 1431 et
607 1381 674 1431 tunc
690 1377 780 1431 solum
795 1383 892 1431 nostra
931 1377 1059 1431 trionibus
1075 1381 1236 1447 imperitis?
1250 1380 1323 1443 Quid
1337 1387 1379 1434 est
1395 1383 1468 1452 quod
1483 1384 1619 1440 Dominus
1633 1387 1668 1442 de
1683 1389 1731 1443 illo

100 1466 247 1519 exhortatio
261 1465 297 1519 ad
314 1464 514 1536 perlectionem
533 1465 654 1531 ducitur,
675 1483 740 1520 cum
759 1466 789 1520 in
807 1465 889 1520 corde
932 1463 1088 1535 interroget
1101 1467 1213 1521 dicens:
1228 1468 1293 1534 Quis
1303 1474 1340 1522 est
1351 1472 1400 1523 iste
1413 1473 1551 1525 imotrcns
1562 1480 1730 1531 senten-tias?

101 1555 164 1607 Deus
177 1554 274 1619 suerit,
292 1554 341 1625 qui
356 1555 518 1624 adjuratum
530 1556 604 1609 unde
617 1560 646 1609 et
659 1555 729 1609 alias
741 1554 823 1608 dicit:
837 1555 889 1608 Nc·
931 1559 959 1607 et
972 1560 1069 1609 tamen
1086 1556 1286 1626 interrogando
1296 1557 1428 1628 reprobat
1437 1559 1730 1632 subjungenssrrrno-

100 1660 141 1711 qur
151 1647 199 1712 qut
208 1647 326 1712 plantat
340 1648 378 1696 est
392 1645 510 1711 aliquid,
528 1660 613 1712 neque
627 1647 678 1713 qai
692 1647 774 1713 ripert,
787 1645 891 1712 sedqui
931 1644 1021 1708 atores,
1039 1644 1140 1715 inquit,
1157 1648 1318 1715 imperitis?
1333 1647 1383 1701 Ille
1399 1665 1463 1703 vero
1478 1652 1633 1707 sententias
1651 1670 1730 1709 seras

100 1735 294 1785 iacrcruentam
313 1733 361 1785 dot
380 1734 461 1789 Deus.
480 1732 611 1785 Plantam
631 1733 733 1804 quippe
751 1738 779 1787 et
797 1717 920 1801 rigareB
932 1731 1050 1797 dicebat,
1074 1733 1122 1786 sed
1142 1750 1190 1787 eas
1210 1735 1387 1790 sermonibus
1406 1737 1544 1808 imperitis
1562 1740 1728 1807 involvebat,

100 1821 221 1890 adJ'urare.
237 1826 291 1885 est,
307 1820 384 1891 quod
399 1825 551 1891 utrumque
566 1838 683 1875 saeuum
697 1821 752 1876 erit
766 1821 891 1875 ministe·
932 1821 999 1892 quia
1013 1821 1089 1876 dicta
1104 1822 1225 1894 Spiritus
1241 1824 1330 1879 sancti
1345 1824 1379 1878 de
1393 1827 1519 1897 reprobis
1533 1828 1563 1882 in
1577 1829 1629 1883 lob
1643 1837 1731 1887 retor-

100 1910 244 1963 noradin
265 1909 350 1963 corde
369 1910 445 1964 Deus
461 1926 516 1964 non
537 1909 587 1964 dat
606 1910 819 1964 incrementum.
836 1909 890 1964 Sed
931 1909 1044 1981 qucbat,
1060 1911 1095 1964 de
1115 1927 1180 1982 quo,
1199 1913 1266 1983 quia
1284 1913 1345 1968 sine
1369 1916 1483 1983 querela
1505 1923 1575 1980 erat,
1592 1919 1732 1977 Dominus

100 1998 140 2069 qui
149 1999 181 2052 de
193 2014 280 2052 sensu
292 2014 344 2052 suo
355 1998 414 2052 alta
423 1998 544 2069 sapiunt,
556 2015 616 2053 esse
628 1998 772 2053 humiliter
779 1998 832 2053 Dei
843 1998 890 2052 ad-
930 1999 1125 2054 testimonium
1139 2000 1265 2055 dederat.
1282 2002 1344 2056 Non
1364 2003 1461 2057 eademi
1478 2006 1560 2059 modo
1577 2024 1644 2077 ergo
1664 2009 1731 2064 dici·

97 2089 194 2155 jutores
210 2087 324 2149 nolant,
340 2087 409 2158 quia
428 2087 495 2141 dum
513 2105 542 2142 se
561 2104 621 2142 esse
640 2088 723 2142 utiles
742 2088 800 2142 Deo
819 2086 891 2142 resti-
931 2103 994 2141 ntus
1009 2105 1015 2140 :
1031 2089 1102 2142 Deus
1111 2090 1225 2158 adjutor
1236 2095 1327 2144 noster
1337 2094 1368 2144 in
1377 2096 1520 2157 rtrrrmm,
1535 2110 1589 2164 quo
1599 2094 1728 2163 dicimus,

99 2184 177 2240 munt,
189 2164 311 2231 alr-netu
326 2193 356 2230 se
366 2175 498 2230 utilitatis
508 2176 641 2230 alienant.
654 2176 733 2230 Unde
744 2175 890 2230 etllerita-
929 2176 980 2230 tter
992 2192 1089 2231 saratas
1104 2179 1258 2246 adjutorem
1275 2178 1322 2232 ille
1343 2179 1419 2233 enim
1439 2197 1493 2234 non
1510 2189 1574 2251 eget
1589 2185 1729 2254 adiutorio

58 2291 63 2298 ·
99 2265 128 2319 tis
141 2282 202 2319 soce
212 2265 362 2336 discipulis
372 2264 476 2319 dicitur
487 2282 492 2317 :
505 2266 573 2321 eum
587 2267 706 2333 feceritis
721 2267 816 2320 ortaria
830 2281 890 2334 quar
930 2269 1035 2329 nostro,
1052 2281 1104 2319 nos
1120 2272 1215 2320 autem
1230 2267 1299 2321 nihil
1316 2284 1464 2338 possumus
1476 2268 1566 2323 lacere
1580 2271 1641 2326 sine
1656 2273 1727 2344 ipso.

96 2361 294 2423 praeoptarent
304 2354 386 2417 robis,
396 2356 477 2408 dicite
488 2353 703 2409 :Scrrtr'nutites
712 2370 809 2407 summ
818 2355 890 2422 quod
929 2351 979 2405 rei·
991 2356 1179 2420 apr-icuttura,
1199 2356 1248 2410 Dei
1261 2357 1406 2422 edificatio
1420 2358 1483 2409 estis
1492 2373 1546 2416 ros,
1558 2359 1624 2428 quia
1634 2359 1728 2415 rideli-

97 2444 234 2497 dcbur'mas
244 2446 340 2511 {aare
347 2445 465 2510 fratreas
477 2444 547 2507 [Luc.
557 2445 632 2509 arn).
642 2442 695 2508 Oui
703 2448 794 2496 autem
804 2445 889 2511 plon-
930 2445 974 2493 cet
987 2439 1084 2494 civitas
1099 2440 1184 2494 habet
1199 2441 1243 2495 nic
1258 2443 1330 2495 etin
1345 2448 1505 2498 sanctorum
1527 2446 1651 2502 moribus
1671 2466 1729 2505 ma·

101 2537 136 2584 tut
148 2538 170 2584 rt
187 2535 238 2600 qui
251 2535 323 2600 riqot
335 2548 428 2585 renata
441 2536 516 2584 serrat.
531 2531 622 2600 tneo.)
632 2532 725 2586 Unum
735 2537 811 2593 sunt,
824 2530 891 2602 quia
929 2544 1017 2599 gnum
1030 2530 1090 2599 jam
1106 2528 1254 2583 edificium
1270 2547 1363 2586 suum.
1375 2533 1407 2586 In
1418 2532 1534 2587 aedilicio
1544 2535 1647 2607 quippe
1658 2538 1728 2609 lapis

104 2619 180 2673 umbo
191 2620 349 2675 mercenarii
363 2626 440 2683 sunt,
454 2620 579 2691 quamvis
589 2620 697 2675 diversa
706 2620 763 2674 sint
776 2620 889 2674 illorum
930 2617 1052 2687 lapidem
1067 2624 1170 2689 portat.
1183 2619 1250 2690 quia
1260 2619 1424 2692 lapissuper
1433 2622 1555 2693 lapidem
1564 2625 1688 2695 ponitur,
1700 2634 1729 2682 et

101 2708 194 2762 orrida
210 2709 308 2764 Nescio
329 2715 428 2763 utrum
454 2709 612 2764 inveniatur
631 2710 659 2762 in
679 2708 830 2780 Scripturis
849 2707 890 2762 di·
930 2705 978 2776 qui
995 2711 1089 2777 portat
1101 2708 1231 2769 alterum,
1249 2715 1377 2779 portatur
1395 2710 1431 2765 ab
1450 2712 1539 2766 altero
1557 2731 1562 2765 :
1580 2714 1619 2768 sic
1634 2715 1728 2786 itaque

98 2803 177 2856 cturn,
195 2814 282 2852 unum
300 2805 376 2861 serat,
400 2815 518 2869 quorum
537 2804 580 2852 est
597 2799 707 2852 diversa
725 2804 836 2852 natura.
858 2797 888 2852 Si
929 2794 969 2848 sic
983 2795 1013 2849 in
1027 2802 1123 2850 sancta
1137 2797 1260 2851 Ecclesia
1278 2800 1472 2870 unusquisque
1494 2807 1523 2855 et
1546 2809 1639 2872 portat
1660 2805 1729 2859 alte·

98 2893 184 2941 autern
200 2891 230 2941 et
243 2887 301 2941 alia
313 2888 396 2959 plura
409 2888 535 2957 ejusdem
547 2893 654 2942 natura
663 2887 730 2953 sint,
742 2892 770 2940 ct
780 2887 889 2941 diversa
929 2900 1003 2950 rum,
1019 2891 1048 2938 et
1061 2890 1190 2955 portatur
1204 2886 1239 2940 ab
1249 2887 1347 2941 altero.
1358 2890 1430 2943 Nam
1440 2889 1560 2945 uicissim
1568 2909 1598 2945 se
1608 2892 1726 2962 proximi

97 2976 221 3037 sentiant,
237 2993 295 3031 non
309 2983 378 3031 sunt
391 2993 488 3043 unum,
506 2977 534 3030 in
550 2982 686 3048 quantum
702 2977 813 3031 diversa
826 2992 888 3030 sen·
928 2973 1060 3033 tolerant,
1077 2980 1109 3028 ut
1123 2992 1172 3045 per
1187 2992 1234 3029 eos
1250 2976 1398 3031 aedificium
1410 2979 1671 3049 charitatissurgat.
1683 2983 1727 3038 Sr-

97 3066 254 3120 tiunt.Nam
264 3066 290 3119 si
298 3067 360 3136 jam
370 3082 457 3120 unum
469 3070 570 3131 essent,
578 3083 611 3120 ex
625 3082 657 3120 eo
670 3066 744 3137 quod
758 3064 886 3121 homines
897 3033 919 3094 C
930 3064 1054 3117 madum
1067 3067 1190 3131 qratiam
1200 3067 1333 3134 quedam
1344 3073 1381 3121 ert
1392 3068 1465 3120 rn-tlir'
1475 3072 1507 3120 ut
1520 3071 1728 3136 sopiensorcbi·

97 3161 180 3221 rmnt,
192 3171 249 3210 non
261 3155 378 3213 diecret.
391 3160 423 3209 ut
431 3154 487 3209 sint
496 3171 594 3222 unum,
607 3155 680 3209 sicut
687 3160 716 3209 et
726 3170 776 3208 nos
787 3172 885 3223 unum,
929 3154 1725 3224 tectussrrrrdemrntumposut.(Amb.)(÷ratia1nsibidatam

97 3261 155 3299 cum
175 3262 241 3299 suos
260 3245 414 3316 discipulos
432 3244 509 3298 Patri
529 3244 747 3298 commendaret.
768 3245 806 3298 At
823 3261 888 3299 vero
929 3239 1007 3305 dicit,
1023 3247 1056 3295 ut
1069 3240 1171 3311 dignus
1186 3249 1261 3296 esset
1279 3243 1430 3313 predicare
1446 3244 1636 3314 Evangelium,
1653 3253 1685 3301 ut
1698 3254 1728 3302 et

97 3333 193 3388 Paulus
211 3341 242 3388 ct
258 3334 360 3404 llpollo
379 3333 446 3404 quia
463 3340 491 3386 et
508 3333 591 3388 anibo
610 3333 747 3395 homines,
762 3339 791 3386 et
813 3332 888 3387 idem
929 3329 981 3381 boc
995 3329 1046 3382 Dei
1065 3346 1126 3383 esse
1147 3330 1316 3396 ostenderet,
1337 3348 1394 3385 non
1414 3333 1546 3387 hominis.
1566 3335 1725 3391 Secundum

96 3422 271 3477 sentiebant:
291 3423 344 3489 Oai
356 3425 474 3491 plantet,
491 3421 593 3493 iuquit,
610 3425 695 3490 etqui
710 3425 785 3489 rtqat
800 3437 889 3475 unam
929 3417 1002 3471 hanc
1016 3417 1111 3489 itaque
1122 3419 1244 3488 gratiam
1260 3426 1292 3473 ut
1305 3420 1461 3491 sapientem
1472 3422 1655 3478 architectum
1665 3425 1727 3479 fun·

95 3518 166 3566 nint.
185 3513 243 3566 Cur
264 3527 332 3582 ergo
346 3511 387 3565 sic
406 3510 509 3566 dicitur
525 3527 624 3575 unum,
644 3516 750 3565 utnon
769 3509 890 3565 addatur
929 3506 1094 3561 (lamentum
1103 3525 1133 3562 se
1142 3507 1210 3562 dicit
1219 3509 1481 3580 posuisse.Sapie11s
1490 3512 1658 3567 architectus
1673 3520 1725 3569 est.

98 3601 159 3671 quid
167 3600 274 3656 unum?
285 3605 313 3654 et
322 3600 403 3670 plum
417 3616 506 3655 unum
521 3599 661 3664 dicuntur,
674 3599 772 3653 eadem
787 3605 889 3654 natura
931 3595 979 3666 qui
996 3597 1077 3666 juxta
1094 3596 1270 3667 disciplinam
1290 3599 1412 3652 auctoris
1427 3600 1544 3654 collocat
1562 3600 1727 3657 fundamen-

97 3695 176 3760 atque
189 3689 313 3744 essentia
329 3706 386 3743 non
400 3689 538 3744 dissidens
548 3705 637 3760 neque
652 3688 820 3743 dissentiens
834 3688 889 3759 sig·
930 3689 1001 3750 tum,
1018 3685 1047 3739 id
1066 3690 1117 3749 est,
1133 3685 1182 3756 qui
1201 3687 1355 3740 secundum
1373 3688 1554 3742 traditionem
1576 3690 1727 3745 Salvatoris

98 3778 236 3844 albestum
253 3795 318 3832 cum
334 3795 398 3832 vero
413 3778 525 3832 additur
540 3777 606 3848 quid
621 3793 720 3842 unum,
733 3781 826 3849 potest
840 3777 889 3832 ali·
931 3774 1111 3843 evangelizat.
1132 3776 1212 3827 allius
1231 3780 1324 3828 alitem
1343 3778 1553 3844 srcpcrrdr'ficot.
1573 3778 1727 3847 Superedi·

99 3868 160 3938 quid
174 3867 326 3939 significari
341 3884 375 3921 ex
390 3866 516 3938 pluribus
530 3882 618 3921 unum
631 3865 744 3925 tactum,
763 3866 890 3937 quamvis
931 3861 995 3915 ficia
1004 3866 1080 3923 sunt,
1094 3879 1155 3932 qum
1166 3867 1228 3931 post
1238 3862 1465 3933 pradicationem
1474 3865 1671 3934 Apostolorum
1681 3885 1727 3922 su·

97 3955 210 4010 dirersis
224 3963 337 4021 natura,
353 3956 426 4010 sicut
439 3955 534 4009 anima
546 3960 574 4008 et
583 3969 747 4024 corpusnon
757 3960 823 4008 sunt
833 3954 889 4009 uti·
931 3949 1158 4022 pervenientibus
1168 3951 1319 4005 traduntur
1329 3957 1379 4005 aut
1389 3951 1472 4005 natalis
1482 3960 1532 4007 aut
1541 3952 1620 4008 bonis
1633 3955 1727 4010 docto·

98 4061 148 4113 que
162 4061 260 4105 unuin,
278 4045 344 4115 quid
359 4045 435 4099 enim
449 4050 507 4098 tam
526 4042 677 4107 diversum,
695 4042 749 4097 nisi
769 4042 891 4098 addatur
930 4038 1017 4093 ribus.
1032 4040 1323 4108 driusqeaqaecunm
1333 4042 1423 4095 rideat
1435 4043 1567 4109 qaorrrodo
1580 4047 1727 4113 superedi-

98 4142 143 4187 aut
155 4133 383 4204 subintelligatur
398 4133 465 4204 quid
481 4148 578 4195 unum,
594 4132 622 4185 id
637 4137 689 4197 est,
704 4147 778 4185 unus
793 4132 887 4197 homo,
930 4131 999 4196 ficet,
1010 4127 1037 4181 id
1049 4134 1101 4193 est,
1114 4133 1146 4182 ut
1155 4128 1359 4199 superadjecta
1367 4137 1523 4200 congruant
1532 4131 1725 4199 fundamento,

98 4229 243 4277 autunum
255 4223 370 4277 animal.
382 4221 606 4293 lndellpostolus
619 4239 624 4274 :
639 4221 692 4287 (rui
703 4221 832 4287 adliciat,
849 4221 890 4274 in·
929 4234 965 4271 ne
981 4216 1004 4270 si
1019 4216 1132 4288 obliqua
1146 4216 1253 4272 suerint
1264 4218 1408 4281 etlrirola,
1419 4220 1531 4275 ruinam
1543 4221 1653 4289 saciant,
1669 4240 1727 4279 ma·

97 4312 165 4381 quit.
179 4315 329 4378 meretrici,
346 4328 435 4366 arrum
450 4327 547 4381 corpas
561 4316 599 4365 est
614 4312 639 4381 (l
651 4310 711 4364 Cor.
727 4308 776 4378 n).
930 4312 1015 4360 nentc
1032 4305 1164 4360 incolumi
1177 4307 1376 4362 fundamento:
1387 4309 1454 4379 quia
1468 4310 1492 4363 si
1507 4311 1580 4364 male
1589 4311 1724 4381 docuerit,

131 4400 837 4470 dausquirqeeoutempropriornmerredemacctpr'ct
847 4391 919 4451 se-D
931 4395 1035 4450 emisti
1051 4412 1153 4449 nomen
1168 4403 1325 4468 permanet,
1341 4397 1415 4467 quod
1433 4405 1476 4453 est
1491 4398 1725 4455 fundamentum:

98 4490 214 4543 madum
225 4506 308 4543 suom
319 4487 557 4558 taborcmtdmb.)
569 4487 702 4552 Quamvis
713 4486 889 4542 enimunum
929 4485 1058 4540 doctrina
1077 4490 1173 4539 autern
1192 4486 1267 4540 mala
1287 4485 1397 4556 peribit,
1418 4485 1491 4540 sicut
1509 4486 1645 4541 Dominus
1662 4489 1723 4543 ait:

96 4578 213 4632 sintscd
226 4578 292 4649 quia
301 4579 393 4647 major
402 4582 445 4632 est
455 4576 502 4648 qui
514 4575 686 4645 evangelizat
696 4575 889 4646 quamquiba-
931 4576 1026 4630 oratus
1040 4577 1180 4643 plantatio
1194 4590 1279 4642 qaam
1290 4588 1346 4626 aon
1353 4576 1494 4640 plantaret
1504 4577 1586 4628 Pater
1595 4592 1670 4631 ancus
1680 4594 1727 4632 ce·

96 4668 187 4737 purat,
204 4667 268 4721 ideo
281 4666 411 4722 discrerit
423 4664 566 4720 mercedes
586 4664 708 4725 illomm,
723 4669 752 4719 et
771 4681 827 4719 non
846 4683 890 4720 so·
931 4665 1013 4729 lestis,
1029 4663 1218 4717 eradicabitur
1235 4662 1342 4727 (Mattlr.
1360 4663 1417 4729 su).

95 4756 151 4810 lom
165 4756 198 4810 ad
208 4756 261 4810 hoc
270 4757 320 4810 sed
329 4757 364 4810 ad
374 4755 507 4810 doctrinae
517 4753 707 4809 sinceritatem
718 4753 849 4824 pertinet,
858 4760 890 4809 ut
965 4752 1188 4806 Fundemcntmn
1201 4752 1277 4803 enim
1293 4766 1371 4804 uerno
1378 4756 1463 4820 potest
1471 4767 1571 4821 portare
1582 4760 1682 4821 preter
1698 4756 1727 4809 id

95 4845 193 4916 rnajori
202 4845 441 4917 dignusmercede
451 4845 498 4909 sit,
507 4843 555 4914 qui
565 4842 825 4897 inviolatamtradit
838 4843 888 4898 do·
930 4842 1002 4910 quod
1023 4842 1145 4910 positum
1171 4842 1216 4903 cst,
1238 4842 1288 4908 qui
1311 4845 1348 4893 cst
1372 4840 1597 4895 Cliristuslesus.
1618 4842 1725 4913 (Greg.)

93 4935 222 4990 mmm,
931 4929 1059 4983 Christus
1068 4929 1149 4982 lesus
1160 4932 1254 4998 portat
1263 4929 1489 4996 fundamentum,
1501 4936 1530 4984 et
1538 4929 1678 5000 lapides,a
1688 4931 1726 4985 la·

127 5023 891 5092 Dcicm‘mramusadjotorrs:Dctaprr‘culturaestir,ltri
931 5017 1042 5089 pidibus
1055 5021 1217 5071 autemnon
1232 5022 1369 5089 portatur,
1387 5018 1727 5089 quiaredemptornoster

94 5115 238 5179 edificatio
246 5116 318 5167 esttr.
330 5111 635 5183 Hocadapostolorum
644 5126 792 5182 personam
802 5108 890 5180 perti·
932 5106 1725 5178 omnianostmtolerat,sedinipsomalumnonsuit,quod

95 5207 154 5267 net,
165 5218 235 5273 quos
242 5201 409 5257 constatDei
417 5217 478 5255 esse
488 5199 630 5270 adjutores
639 5199 706 5253 dum
717 5198 813 5253 vicarii
824 5203 891 5252 sunt
932 5194 1045 5250 tolerari
1057 5193 1208 5249 debuisset.
1222 5198 1340 5263 tdrrrbr.)
1352 5197 1418 5250 Ideo
1429 5211 1511 5250 nemo
1521 5199 1613 5265 potest
1622 5211 1727 5266 ponere

94 5287 890 5359 Christi.ttlreq.lSedeonsiderandumestneforteillasen·
932 5284 1008 5339 aliud
1019 5283 1451 5356 fundamentun1,quiaquamvis
1465 5283 1588 5339 haretici
1603 5284 1661 5340 sint
1677 5285 1727 5341 ali-

94 5378 187 5434 tentia
194 5378 337 5446 beatitob,
348 5377 625 5434 huiclococontraria
633 5376 890 5449 sitquaadaemula·
931 5374 1049 5445 qui,non
1061 5378 1157 5428 tamen
1168 5373 1269 5428 docent
1278 5372 1332 5427 nisi
1341 5373 1393 5427 sub
1403 5372 1505 5429 Christi
1515 5373 1727 5439 nomine,aliter

91 5466 891 5541 toeessuosloquiturdiecns:GuJ'aradjutorcs?Nuaqaid
931 5450 1727 5534 enlmcommentaerroriscommendarenonpossunt,nisi

95 5559 241 5614 imbecillis
252 5563 265 5612 t
276 5559 348 5631 (lob.
363 5558 449 5613 xxml
463 5557 612 5628 Apostolus
625 5559 719 5611 autem
733 5554 803 5608 dixit
818 5571 824 5605 :
842 5555 891 5607 Dei
933 5550 1728 5623 interpositosalratorisnomincpraedicentmtrescontra-
