3772 6120
189 239 238 324 toi
496 252 527 317 a.
544 256 992 320 sanaurnxusrxscnrse.
1009 253 1170 320 uocum.
1188 251 1505 320 pestanensem.
1771 261 1822 321 aas

186 380 237 446 Dei
250 388 430 464 providentiae
440 389 554 442 devotus
570 384 1014 452 existerehethominibuscha-1t
1026 387 1547 458 dabatur,utpostcorreptlouemleni
1558 374 1822 442 exhortationecon·

186 479 278 534 ritatis
288 478 409 533 officium
420 474 572 531 exhiberet.
585 471 633 531 ,ta
647 479 722 530 entra
740 493 744 528 :
768 474 892 547 Tetraporc
908 493 979 532 occe·
1023 477 1170 532 solaretur.
1187 477 1339 545 Inspicite
1355 481 1456 529 sarecto.
1480 476 1602 546 Spiritus
1616 482 1730 530 sanctus
1749 478 1821 531 etlu-

182 574 227 637 pto
243 569 410 629 eraudi-rite,
424 564 487 619 etta
502 564 546 618 dte
561 567 662 618 solutis
676 567 775 634 adjuti
789 568 821 620 te.
842 549 900 621 lloe
916 564 981 620 scri-
1021 566 1063 636 git
1077 568 1174 620 srctum
1191 584 1196 618 ε
1212 566 1418 637 quoniamergo
1430 565 1577 618 sinceriter
1587 565 1749 628 docebat‚in
1760 567 1821 636 Spi-

186 658 264 728 ptnm
275 659 319 709 est
328 655 356 708 in
366 653 439 709 lsala
447 652 591 725 propheta,
599 651 825 724 praedestinatam
835 655 981 725 docetgra·
1022 650 1078 709 ritu
1094 660 1191 708 sancto
1207 655 1257 709 Dei
1275 655 1381 708 donum
1396 653 1533 708 tradebat.
1560 655 1592 708 ln
1615 655 1750 707 charitate
1766 670 1821 707 rton

185 745 254 799 tiam
270 744 318 798 Dei
328 743 489 813 intempore
501 740 668 796 Christizslc
678 741 752 797 enlm
765 740 894 798 discrevit
906 744 980 799 Deus
1022 747 1094 811 licto.
1111 742 1249 797 Simulata
1258 743 1379 797 charitas
1387 743 1416 796 in
1433 743 1477 796 his
1491 744 1591 813 estqui
1606 743 1635 796 ln
1653 741 1821 797 necessitate

185 833 300 887 alitucre
319 829 540 886 misericordiam
557 847 647 896 suern,
661 838 692 885 ut
708 832 735 885 in
752 828 865 886 nomine
876 833 980 888 Christi
1022 828 1156 886 deserunt
1168 832 1286 895 iratres;
1304 832 1377 885 unde
1391 832 1436 884 hic
1453 832 1754 902 setnpernecessitat‘es
1768 833 1821 885 fra·

185 921 362 994 poscentibus
379 917 514 974 auxilium
529 914 688 989 largiretur.
706 920 769 975 dcte
786 934 861 975 rrrrrsc
876 927 980 991 ternpus
1023 927 1097 974 trum
1114 933 1179 975 suas
1193 921 1308 989 taciens,
1327 921 1444 990 simplet
1459 921 1556 973 eratin
1574 921 1725 982 eharitate;
1743 935 1820 974 com-

183 1008 981 1081 ecceplobile,rceearraediessalutit‚rtcorintdantesullttrn
1022 1005 1182 1079 patiebatur
1206 1007 1280 1062 enlm
1295 1008 1435 1070 omnibus,
1461 1009 1533 1062 sicut
1552 1008 1607 1062 alio
1621 1009 1682 1061 l'oco
1695 1007 1764 1062 dicit
1784 1010 1822 1074 (ll
1863 1046 1865 1050 .

184 1097 979 1168 offerrsr‘annanrtnondispeream-minteteriorarrostram,
1023 1098 1082 1154 Cor.
1100 1102 1138 1165 ar)
1152 1116 1157 1150 :
1170 1098 1236 1165 (liris
1254 1099 1472 1161 scandalizatur,
1488 1102 1513 1149 rt
1523 1113 1568 1165 eqo
1584 1108 1640 1150 noa
1653 1104 1741 1150 uror?
1754 1094 1821 1151 llaec

183 1184 305 1260 Tempus
321 1188 417 1241 adesse
440 1187 516 1252 dicit,
533 1203 587 1257 quo
599 1187 706 1257 possint
716 1184 751 1240 ad
774 1184 979 1257 indulgentiam
1022 1185 1298 1241 enimvcracharitas
1307 1189 1359 1251 est,
1369 1186 1392 1239 st
1401 1186 1582 1239 suantilitcte
1590 1186 1819 1256 contemptaejus

184 1277 319 1348 proficere
329 1282 488 1348 peccatores
500 1280 627 1346 :tempus
636 1272 734 1329 adesse
748 1274 824 1341 dicit,
838 1289 893 1346 quo
903 1290 979 1330 nror-
1022 1288 1117 1329 curam
1123 1272 1216 1335 habet,
1229 1290 1312 1346 quem
1323 1275 1439 1344 diligere
1447 1290 1477 1327 se
1491 1276 1648 1344 protttetur,
1658 1275 1732 1343 qnod
1742 1288 1819 1327 sern-

184 1360 226 1419 bis
238 1360 403 1419 mortalibus
422 1363 559 1418 medicina
578 1363 667 1435 possit
686 1362 805 1422 inlirndi.
823 1372 852 1418 et
868 1363 930 1419 ideo
951 1382 980 1420 se
1022 1378 1072 1434 per
1080 1362 1352 1435 lecithpostolns.la
1366 1365 1445 1416 ocrim
1456 1367 1592 1416 ueritatis.
1606 1361 1730 1416 Verbum
1749 1364 1819 1416 vert-

184 1453 333 1509 sollicitum
344 1471 404 1508 esse
417 1454 489 1506 eirea
503 1466 642 1522 aegrorum
658 1452 788 1519 salutem,
801 1468 836 1506 ne
848 1452 919 1508 forte
934 1468 980 1507 ne·
1021 1453 1087 1507 tatis
1103 1457 1165 1507 erat
1178 1454 1206 1506 in
1224 1453 1285 1522 ejus
1301 1453 1437 1513 doctrina,
1454 1452 1519 1522 quia
1534 1466 1589 1504 non
1599 1451 1676 1505 aliud
1691 1450 1821 1505 tradebat

182 1533 319 1614 gligentia
338 1541 432 1613 aliqua
451 1538 596 1596 medlcirrae
620 1543 713 1612 gratia
745 1538 844 1596 ellectu
873 1550 981 1597 careret
1022 1540 1265 1612 quamallomino
1286 1546 1439 1612 acceperat.
1455 1544 1488 1594 ln
1497 1544 1600 1594 virtute
1611 1541 1668 1594 dei.
1680 1539 1777 1594 Virtus
1792 1540 1822 1593 in

183 1632 261 1685 bonae
273 1630 424 1685 voluntatis
434 1648 500 1684 suae.
513 1627 581 1684 Fide
592 1645 658 1701 ergo
669 1636 697 1685 et
707 1629 852 1700 vigilantia
863 1644 980 1685 suanm·
1022 1647 1054 1684 eo
1068 1629 1194 1696 Deteret,
1203 1646 1264 1701 quae
1279 1648 1329 1702 per
1342 1631 1423 1700 sigrra
1437 1634 1522 1700 atque
1540 1629 1669 1699 prodigia
1680 1629 1731 1683 Dei
1747 1628 1823 1683 bunc

183 1738 248 1775 nern
258 1718 441 1775 oliensionem
455 1716 662 1790 negligentibus
679 1725 817 1791 amputat,
833 1734 868 1774 ne
878 1711 1011 1775 horumB
1021 1718 1154 1773 idoneum
1170 1717 1332 1773 ministrum
1347 1719 1492 1790 probabat.
1508 1721 1560 1773 Per
1573 1734 1654 1771 arrato
1669 1721 1823 1786 justitiae

182 1810 253 1864 forte
267 1807 388 1880 segnitia
398 1809 572 1862 occasionem
587 1806 748 1862 oliensionis
770 1814 882 1880 pareret
900 1808 981 1863 disci·
1021 1806 1125 1862 destris
1137 1813 1161 1861 rt
1175 1809 1308 1862 sinistris.
1328 1808 1430 1876 (Cass.)
1443 1809 1497 1861 Per
1510 1820 1590 1861 arma
1601 1806 1719 1876 justitiae
1733 1822 1824 1878 quaea

182 1899 359 1970 pulis‚acper
374 1899 427 1951 hoc
438 1897 579 1951 liberasse
595 1895 765 1966 signiticant‚
778 1897 844 1968 qula
853 1897 927 1968 quod
939 1913 980 1952 sa·
1021 1892 1125 1950 dextris
1141 1898 1207 1950 sunt
1221 1902 1250 1950 et
1264 1912 1280 1950 a
1295 1897 1416 1950 sinistris
1433 1901 1508 1950 recto
1519 1889 1712 1949 moderamine
1728 1904 1824 1949 trans·-

183 1988 273 2041 lutare
298 1995 341 2042 est
358 1984 523 2057 simpliciter
546 1986 623 2039 omni
651 1986 785 2039 instantia
810 1987 976 2057 predicant:
1022 1982 1145 2039 eundum
1161 1990 1213 2050 est,
1229 1988 1257 2039 et
1271 1985 1311 2039 ita
1325 1985 1400 2039 inter
1408 1984 1710 2055 utrasquenimietates
1718 1985 1825 2038 discre-

182 2077 256 2131 unde
270 2075 398 2146 subjecit,
408 2093 440 2128 nc
452 2077 624 2143 vituperetur
639 2077 827 2129 rra-inirtcriarn
838 2081 977 2129 nostrmn:
1021 2074 1098 2127 tione
1108 2075 1273 2128 moderante
1280 2074 1478 2144 gradiendum,
1494 2079 1527 2127 ut
1541 2082 1592 2126 hec
1606 2088 1623 2126 a
1636 2068 1741 2127 tradito
1753 2088 1821 2127 con-

148 2152 151 2156 ’
183 2165 389 2235 vituperaretur
407 2161 482 2217 eninr
504 2163 693 2217 ministerium
703 2164 828 2234 ipsorum
836 2164 859 2217 si
870 2178 904 2217 ea
918 2181 979 2235 quae
1020 2161 1147 2217 tinentiae
1155 2163 1270 2218 tramite
1280 2178 1332 2217 nos
1348 2163 1558 2233 acquiescamus
1573 2159 1683 2227 abduci,
1696 2177 1748 2217 nec
1761 2177 1823 2216 rur-

183 2251 273 2306 verbis
286 2249 432 2317 docebant,
456 2251 587 2322 operibus
607 2252 666 2305 suis
685 2259 717 2305 ut
731 2253 840 2318 tierent,
853 2253 980 2324 exempla
1020 2266 1083 2305 surn
1091 2251 1256 2306 remissione
1263 2252 1345 2305 noxia
1355 2252 1383 2305 in
1395 2253 1467 2321 gulae
1477 2251 1638 2321 ventrisque
1649 2251 1822 2306 desiderium

182 2358 238 2395 non
252 2339 417 2395 darerrt.Srd
431 2343 461 2393 r'rr
481 2342 608 2394 carratas
619 2339 793 2394 arbitramus
807 2346 979 2411 rrornren'psos
1020 2338 1208 2395 concidamus.
1221 2339 1334 2396 Libram
1344 2357 1374 2394 sc
1388 2341 1529 2411 significat
1543 2340 1629 2393 tuisse
1639 2346 1668 2394 et
1681 2339 1821 2397 fidelibus.

181 2432 250 2484 steret
262 2428 311 2484 liei
322 2425 528 2483 nrinr'vlrrmliei
539 2429 662 2483 ministri
673 2430 733 2482 sine
747 2428 909 2484 adulatione
928 2429 979 2484 do·
1021 2433 1049 2483 et
1058 2426 1227 2495 lntldelibns,
1242 2434 1270 2483 et
1280 2429 1441 2490 incredulis,
1459 2444 1538 2482 arma
1551 2429 1668 2498 justitias
1681 2429 1756 2481 enim
1771 2442 1823 2498 pe-

183 2521 256 2585 cent,
269 2524 301 2573 ut
313 2518 338 2572 ei
351 2519 430 2588 eujus
449 2515 572 2572 ministri
583 2524 658 2584 sunt,
671 2517 815 2589 placeant:
832 2534 889 2573 non
908 2520 980 2574 sicut
1022 2516 1128 2573 rimant
1134 2519 1323 2589 iniquitatem.
1336 2517 1439 2586 (tiraq.)
1452 2520 1514 2572 Non
1531 2519 1604 2571 hunc
1620 2518 1736 2571 adversa
1748 2518 1824 2571 thun-

182 2606 405 2678 pseudoapcstoli
417 2607 637 2661 seientesnonse
647 2604 979 2678 aDeomissosqrrresentl
1019 2603 1132 2676 gabant,
1145 2623 1201 2662 non
1208 2609 1378 2678 prosperain
1388 2608 1492 2660 mentis
1500 2608 1602 2661 timore
1612 2600 1796 2660 sublevabant
1815 2625 1820 2658 t

182 2690 297 2750 utilitati
308 2694 467 2749 studebant.
477 2696 509 2748 ln
522 2698 610 2749 rnaltu
619 2699 765 2763 preirent-io.
777 2692 917 2750 Patientia
925 2704 976 2762 est,
1020 2693 1085 2750 hinc
1095 2699 1124 2750 et
1137 2695 1202 2750 inde
1222 2712 1289 2766 ergo
1302 2696 1432 2766 gestabat
1451 2697 1581 2766 palmam,
1598 2696 1666 2766 quia
1675 2702 1704 2749 et
1723 2696 1752 2748 in
1770 2697 1821 2749 ad-

181 2802 242 2857 quae
252 2785 341 2839 salvat
348 2783 484 2845 homines
493 2784 547 2836 nisi
553 2783 628 2837 enim
634 2782 771 2854 patientia
781 2780 884 2839 abusus
894 2793 976 2845 esset,
1020 2784 1151 2838 versitate
1161 2783 1250 2850 tortis,
1263 2788 1292 2839 et
1302 2785 1330 2838 in
1341 2785 1528 2855 prosperitate
1544 2785 1658 2838 humilis
1669 2786 1827 2854 permane-'

182 2867 321 2945 quamodo
340 2870 474 2927 salvasset
491 2869 660 2937 Corinthios,
683 2888 751 2944 quos
774 2878 837 2943 post
848 2875 979 2944 pradiea-
1019 2871 1076 2927 bat.
1089 2872 1220 2944 Quisquis
1231 2874 1307 2928 enlm
1320 2874 1355 2928 de
1366 2874 1508 2945 prosperis
1520 2874 1664 2928 extollitur
1674 2873 1777 2927 hahere
1788 2874 1817 2928 in

180 2960 286 3015 tionem
294 2979 374 3016 suam
386 2960 472 3014 tantis
485 2957 561 3014 vitiis
577 2976 687 3014 morum
698 2957 876 3017 eterroribtts
891 2960 979 3017 diver·
1019 2964 1099 3032 parte
1109 2961 1207 3017 dextra
1218 2964 1340 3033 palmam
1351 2963 1440 3016 nescit
1450 2981 1456 3015 :
1465 2963 1591 3033 q'nisqnis
1603 2963 1632 3015 in
1642 2963 1818 3016 adversitati—

180 3061 276 3105 satum
286 3055 426 3104 sectarum
442 3048 585 3104 invenerat
594 3046 742 3115 involutos,
760 3064 829 3121 quos
840 3042 976 3122 patientia
987 3058 1008 3116 C
1019 3050 1071 3104 bus
1084 3050 1350 3122 frangiturportare
1361 3053 1483 3122 palmam
1495 3069 1510 3105 a
1521 3051 1635 3106 sinistro
1643 3052 1817 3121 laterelgnc-

180 3157 232 3194 sua
240 3139 377 3211 paulatim
391 3136 426 3191 ad
436 3155 529 3192 vcranr
543 3137 698 3192 doctrinam
707 3142 816 3194 revocat
825 3136 837 3192 l
846 3143 879 3194 ld
890 3143 977 3194 trtbtt·
1018 3142 1071 3192 rat.
1084 3136 1120 3193 Ut
1135 3156 1201 3211 ergo
1216 3139 1281 3194 hinc
1298 3144 1327 3194 ct
1346 3141 1410 3194 lnde
1425 3141 1662 3211 palmagestetur,
1681 3141 1709 3193 in
1724 3140 1817 3194 fronte

181 3224 626 3297 totiorn'bas.Pressuraspertulit,
641 3227 730 3281 sciens
745 3227 837 3299 quida
848 3227 905 3282 Deo
926 3242 976 3300 pro
1017 3223 1114 3282 adesse
1125 3242 1236 3300 semper
1245 3231 1349 3283 nostris
1364 3229 1505 3284 mentibus
1520 3228 1815 3295 debetetinadrersis

179 3314 222 3371 his
233 3318 270 3371 sit
280 3316 458 3388 promissum.
474 3319 504 3371 ln
522 3313 902 3371 rrecessitctt'brcr.Necessitas
916 3326 977 3372 erat
1016 3314 1127 3381 fiducia,
1159 3322 1187 3372 et
1212 3319 1240 3371 in
1261 3319 1402 3389 prosperis
1422 3318 1515 3384 timor,
1541 3333 1576 3371 ne
1591 3324 1640 3371 aut
1654 3318 1772 3372 adversa
1785 3319 1815 3371 in

179 3406 263 3460 etiarn
275 3406 304 3459 in
322 3422 453 3476 pressura
467 3404 589 3475 positum
605 3398 714 3470 docere,
734 3406 799 3476 quia
820 3423 836 3459 a
856 3406 975 3461 Domine
1017 3405 1240 3477 desperationem
1255 3408 1491 3478 pertrahentem
1506 3407 1813 3478 prosperaaninrnmin

179 3501 240 3549 erat
249 3493 397 3548 missusln
408 3496 556 3561 orrqrrstiis.
570 3491 624 3563 Spe
631 3491 719 3547 futuri
727 3495 904 3563 angustiatus
914 3511 975 3565 per·
1017 3493 1059 3548 sui
1074 3494 1177 3549 llducia
1191 3495 1335 3550 extollant.
1353 3497 1433 3562 Item,
1445 3511 1509 3550 cum
1533 3496 1568 3549 ad
1583 3496 1643 3550 sola
1666 3510 1727 3565 quae
1743 3496 1814 3549 inte·

105 3628 111 3638 ,,
179 3583 298 3638 fidorum
313 3581 535 3654 oppositionibus
545 3599 600 3635 nen
611 3583 704 3635 cessit.
724 3584 757 3636 ln
773 3583 874 3651 plagis.
887 3584 911 3637 Α
925 3580 974 3638 Ju—
1016 3581 1167 3638 riurasutrt
1181 3585 1289 3648 nititur,
1301 3586 1330 3638 ln
1347 3585 1423 3639 nullo
1439 3585 1596 3638 dilectionis
1607 3584 1710 3637 intimae
1726 3582 1814 3638 latere

179 3672 246 3727 datis
256 3678 285 3725 et
290 3671 442 3743 gentilibus
456 3685 543 3725 caesus
554 3669 726 3742 frequenter,
745 3688 801 3726 non
816 3674 905 3726 tacuit
912 3688 974 3744 gra·
1016 3665 1154 3740 flectatur,
1165 3688 1200 3727 ne
1215 3670 1428 3745 huncprospera
1437 3674 1614 3739 elevent‚non
1625 3673 1741 3726 adversa
1752 3690 1813 3743 per·

177 3760 247 3815 tiam
256 3759 369 3815 Christi.
380 3762 412 3815 ln
425 3758 712 3832 correribat.Sapein
722 3778 861 3815 carcerem
872 3762 974 3816 missus
1015 3759 1139 3826 turbent,
1156 3777 1212 3816 non
1225 3761 1328 3817 blanda
1346 3777 1436 3833 usque
1460 3763 1494 3816 ad
1520 3761 1692 3816 voluntatem
1707 3763 1814 3815 demul-

177 3855 338 3921 contempta
351 3849 440 3903 salute
457 3865 517 3913 sua,
543 3848 627 3903 ctiam
646 3849 702 3903 illic
719 3850 824 3905 denum
841 3850 890 3905 Dei
906 3868 974 3922 prae-
1015 3851 1173 3910 acanthon
1190 3866 1289 3922 aspera
1318 3852 1352 3905 ad
1380 3852 1604 3921 desperationem
1621 3856 1761 3921 premant.
1783 3858 1814 3904 ut

177 3938 328 3992 dicavitln
340 3936 528 3990 aedilitatibus.
541 3937 691 3992 lntanturn
703 3935 760 3992 Deo
770 3939 886 3993 devotus
901 3945 971 4001 erat,
1015 3938 1082 3993 dum
1110 3936 1194 3995 nullis
1219 3940 1394 4011 passionibus
1421 3940 1607 3994 intentionenr
1635 3941 1738 3994 mentis
1764 3941 1814 3993 hu·

176 4031 209 4081 ut
223 4044 273 4080 nee
283 4021 456 4096 perturbatio
472 4025 603 4078 fiduciam
619 4043 703 4096 quant
719 4025 748 4081 in
771 4029 828 4081 Deo
842 4027 971 4094 habebat,
1015 4026 1114 4094 mittat,
1132 4034 1237 4100 quanta
1251 4030 1280 4084 in
1295 4036 1414 4101 utroque
1440 4029 1557 4083 humero
1573 4029 1813 4100 superhumeralis

177 4112 328 4170 minueret.
345 4114 377 4168 la
391 4113 540 4167 laboribus.
562 4112 703 4168 Laborare
718 4131 772 4168 non
789 4113 898 4170 destitit
912 4134 973 4170 ma-
1015 4116 1221 4187 pulchritndine
1236 4118 1654 4188 tegatnrostendat‚quodrecte
1669 4118 1755 4171 etiarn
1767 4132 1812 4171 su-

176 4198 258 4257 nibus
273 4198 341 4263 suia,
365 4219 401 4255 ne
427 4201 471 4255 cui
495 4202 589 4271 gravis
618 4207 701 4264 esset,
726 4209 828 4269 certus,
853 4203 906 4258 hoc
920 4203 972 4259 sibi
1014 4204 1217 4277 perhumcralis
1233 4222 1266 4260 ex
1279 4222 1348 4261 auro
1363 4207 1523 4279 hyacintho,
1542 4222 1666 4278 purpura
1680 4207 1812 4260 distincto

176 4292 310 4365 prolicere
335 4288 409 4362 apud
434 4288 534 4344 Deum.
554 4293 587 4345 ln
606 4290 719 4359 riqilir'r.
744 4292 812 4346 Tam
838 4290 973 4348 sollicitus
1014 4310 1094 4349 cocco
1109 4301 1136 4349 et
1147 4297 1222 4350 terta
1236 4296 1295 4349 sieri
1316 4295 1390 4349 hisso
1405 4296 1575 4367 precipitur,
1591 4301 1624 4350 ut
1642 4302 1749 4366 quanta
1764 4310 1809 4349 sa-

175 4385 236 4436 erat
250 4376 323 4435 circa
350 4377 472 4434 officium
500 4371 660 4449 delegatum
688 4378 750 4446 siti,
774 4386 806 4435 ut
824 4398 875 4436 nee
891 4366 1109 4438 nocteDcerdos
1123 4380 1276 4439 clarescere
1299 4386 1435 4439 virtutum
1460 4385 1623 4439 diversitate
1636 4384 1746 4448 debeat,
1764 4385 1809 4437 de

174 4476 305 4525 cessaret.
329 4473 363 4524 In
381 4471 510 4539 jejuniis.
546 4467 704 4539 Aliquando
728 4466 895 4535 voluntaria,
919 4473 971 4525 ali·
1013 4477 1194 4527 monstretur.
1206 4470 1285 4546 Saepe
1299 4473 1374 4527 enirn
1383 4471 1520 4527 lansbene
1531 4473 1809 4543 agentisauribusin-

175 4558 287 4631 quando
303 4557 475 4615 necessitatis
488 4558 599 4629 jejunia
609 4555 724 4628 pertulit
738 4573 821 4613 causa
836 4561 969 4630 penuriae,
1012 4560 1136 4617 solenter
1149 4564 1263 4617 admota
1277 4560 1342 4617 dum
1364 4563 1438 4617 toras
1453 4562 1629 4617 sermonibus
1647 4562 1807 4634 perstrepit,

175 4650 203 4702 et
216 4644 274 4702 Deo
279 4646 385 4717 gratias
392 4648 449 4717 egit
460 4646 625 4719 spiritaliter
638 4665 668 4701 se
684 4648 817 4718 pascenti,
827 4649 893 4720 quia
907 4647 969 4705 idco
1012 4644 1088 4704 intus
1103 4649 1253 4721 quaradam
1268 4651 1356 4705 menti
1371 4656 1536 4721 pertacrtam
1560 4650 1690 4704 elationis
1704 4655 1809 4720 tempe-

174 4740 322 4791 contentus
338 4735 562 4800 eratnerentris
573 4754 658 4790 causa
670 4736 863 4792 inclinaretur.
881 4740 914 4794 ln
928 4756 970 4793 ra·
1011 4743 1112 4793 statem
1127 4733 1219 4810 gignit
1234 4758 1240 4806 ;
1256 4737 1344 4811 litque
1358 4747 1391 4793 ut
1406 4739 1650 4811 hcc‚quoanimus
1665 4740 1701 4793 da
1711 4734 1809 4793 huma·

173 4828 275 4878 str'totc.
289 4824 452 4878 Castihatem
465 4824 522 4876 sive
536 4827 669 4894 corporis
681 4826 738 4880 sive
751 4824 894 4897 Evangelii
908 4829 969 4882 vin·
1011 4826 1055 4881 tris
1067 4826 1383 4899 lavarihusgaudetmon
1395 4828 1748 4893 lacileexteriusosbendat‚
1759 4827 1808 4882 sed

173 4913 278 4976 dicans,
288 4911 709 4983 nonpaucostecitinimieos.ln
722 4919 847 4970 scicrrtr'o.
856 4914 971 4986 Legiset
1011 4919 1105 4971 tamen
1116 4914 1429 4988 corruptionisvimnon
1438 4916 1806 4971 tenuiterinteriussentiat.

174 5001 536 5072 Ev·angeliiscientism‚n0n
550 5001 578 5054 in
590 5003 864 5072 sapientiahumana
879 5023 969 5076 neque
1012 5006 1106 5073 (dats.)
1124 5007 1222 5076 ltaque
1237 5006 1280 5060 via
1291 5006 1368 5076 regia
1383 5007 1520 5060 volentem
1531 5007 1659 5059 incedere
1675 5020 1808 5076 perarma

95 5099 103 5111 '
172 5088 968 5163 insimulationeasset·ens‚De0sctidelcmdispensatorem
1008 5092 1135 5164 justitia,
1153 5112 1213 5166 ques
1229 5110 1246 5148 a
1259 5093 1363 5149 dextris
1378 5101 1444 5149 sunt
1467 5100 1527 5149 eta
1546 5094 1667 5148 sinistris
1698 5102 1808 5164 eportet

172 5177 276 5233 Christi
301 5177 435 5234 exhibuit.
458 5178 491 5232 ln
506 5182 726 5245 lortqanr'mitote.
743 5182 864 5236 Grandis
879 5184 967 5237 arrinri
1009 5181 1318 5255 apostolicadisclplina
1331 5184 1452 5237 transire
1464 5198 1513 5255 per
1526 5184 1646 5251 pirulam
1656 5191 1685 5237 et
1701 5182 1807 5252 ignobi·

171 5274 232 5321 erat
247 5268 275 5321 in
291 5267 450 5337 bajulandis
461 5267 671 5321 infirmitatibus
685 5268 850 5335 fratrumct
861 5272 890 5326 in
905 5289 968 5327 corr·
1009 5271 1126 5338 litatem,
1143 5288 1193 5343 per
1216 5272 1361 5327 interimam
1382 5276 1410 5326 et
1429 5273 1531 5327 bonam
1551 5276 1664 5336 harnam,
1682 5279 1711 5325 et
1725 5279 1805 5325 tanta

170 5360 280 5427 temptu
294 5357 393 5409 mnndi
406 5357 500 5426 hujus,
518 5356 592 5409 unde
602 5356 657 5410 alio
670 5357 730 5411 loeo
741 5357 808 5412 dicit
825 5360 895 5425 (dot.
912 5367 964 5432 vrt:
1008 5360 1146 5425 cantione,
1157 5377 1192 5415 ne
1206 5362 1379 5417 intumentes
1385 5360 1573 5416 tentationum
1582 5363 1692 5425 fluctus,
1704 5361 1805 5432 guber-

170 5442 240 5499 ludu
253 5440 528 5512 rrrunduscrncifirus
538 5449 671 5513 estetepo
683 5447 965 5519 raamialnbcniqnt-
1006 5458 1091 5506 nante
1106 5448 1282 5517 discretione,
1299 5453 1422 5505 etssante
1429 5448 1508 5506 nobis
1517 5451 1623 5522 Spiritu
1631 5451 1804 5504 Dominiiter

171 5536 233 5599 tote,
248 5529 386 5604 benignus
403 5537 473 5598 erat,
486 5532 552 5604 quia
561 5531 633 5589 sicut
645 5533 791 5606 arguebat,
807 5535 965 5594 itaetblan·
1006 5538 1127 5612 dirigere
1139 5538 1261 5609 virtutis,
1272 5540 1411 5596 uideatur
1421 5540 1545 5613 laevaque
1559 5539 1738 5611 sipaululum
1754 5540 1802 5593 de·
