3786 6128
124 122 176 185 as
342 174 345 180 .
416 121 450 178 r.
468 118 606 187 rain
628 118 745 183 mear
763 119 935 187 aaaron
954 117 1117 187 aarum
1139 88 1468 187 artarxersen,
1531 108 1534 113 “
1625 142 1630 147 -
1713 113 1772 189 aa

123 249 296 307 renuntiatio
309 262 405 307 mrum
418 251 579 307 nostrarum
590 250 642 307 est,
660 263 746 318 quam
762 247 856 318 adepti
871 263 920 302 ex-
930 245 1065 309 Adicere,
1077 254 1106 301 et
1119 245 1326 312 inconveniens,
1342 243 1391 315 qui
1405 248 1435 305 et
1447 242 1653 309 mehoveraiaa
1666 245 1768 297 eontra

124 339 251 411 pulsione
260 337 387 393 omnium
402 335 642 401 vitiorum,tertiae
655 354 766 408 quoque
782 336 923 392 abrenun·
964 332 1679 405 veriuntomexcogitantsubnomineseientiaquam
1689 347 1769 385 men-

125 427 250 484 tiationis
265 427 378 497 t'astigia
392 425 622 490 conscendemus,
637 443 688 496 por
707 442 792 496 quam
806 443 861 480 non
876 444 922 480 so·
964 425 1008 479 titi
1022 425 1197 487 insimulant,
1210 424 1434 495 promittuntque
1449 439 1478 475 se
1493 421 1641 476 scientiam
1649 419 1768 481 habere.

123 516 183 573 lum
193 516 296 577 omnia,
313 533 374 586 quae
389 515 420 570 in
435 515 603 569 boemundo
616 521 765 585 geruntur,
778 517 821 569 vel
836 515 923 586 parti·
964 514 1046 585 longe
1060 520 1156 569 autem
1169 514 1344 584 multumque
1354 512 1460 567 distant
1473 529 1491 564 a
1501 511 1566 565 fide.
1578 511 1655 565 Bene
1670 514 1770 579 autam

123 604 278 661 eulatimab
284 603 444 660 hominibus
450 604 826 674 possidentur,verumetiam
833 604 923 674 ipsam
964 603 1273 657 etcommondationern
1285 601 1356 655 dixit
1364 601 1526 671 dogmatum
1537 599 1769 669 scrupulositate,

123 700 288 751 cunctorum
303 694 506 748 elementorum
518 693 797 764 plenitudinemque
808 699 924 764 putatur
964 697 997 745 ut
1010 692 1171 747 ostenderet
1185 691 1284 761 magis,
1303 690 1376 761 quod
1391 689 1580 743 necessarium
1594 688 1666 743 sitei
1675 694 1711 742 ut
1724 704 1772 743 cu·

122 798 182 837 esse
196 783 500 854 magnilica,tanquam
515 782 632 837 vanitati
648 781 802 852 subJectam
818 787 846 836 et
860 799 923 838 mox
964 780 1068 835 stodiat
1083 782 1140 848 illa,
1157 798 1219 851 quae
1242 780 1277 833 ab
1305 797 1338 834 eo
1359 779 1474 849 accepit,
1496 778 1563 849 quia
1581 783 1611 832 et
1629 776 1773 847 exigenda

120 872 314 938 transitumm,
330 871 560 925 transcendentes
571 871 665 925 altimo
680 887 712 925 ac
727 876 822 925 mente
832 871 923 942 ‹lespi-
964 876 1031 923 sunt
1046 869 1094 923 illa
1104 886 1165 941 quae
1179 868 1235 924 sibi
1251 877 1318 923 sunt
1333 868 1537 923 commendata.
1548 866 1653 935 (Gora-l
1662 866 1721 930 Qui
1733 864 1770 921 od

121 960 237 1024 ciemus,
255 961 397 1017 intuentes
411 961 548 1015 duntaxat
567 960 721 1014 secundum
744 960 920 1030 Apostolum,
965 975 1035 1011 verm
1051 959 1256 1029 predicationis
1271 957 1356 1011 verba
1378 976 1408 1011 se
1427 963 1575 1027 praeparat,
1592 972 1712 1011 neeesse
1727 960 1771 1011 aa

124 1050 216 1104 «Nou
227 1065 262 1103 aa
276 1065 337 1119 qum
353 1049 491 1113 videntur,
503 1048 551 1101 sed
566 1065 627 1118 que
639 1064 695 1102 non
707 1049 848 1103 videntur:
862 1065 923 1119 quie
965 1052 997 1101 ut
1019 1064 1166 1103 causarum
1189 1048 1311 1118 origines
1331 1063 1349 1100 a
1371 1046 1458 1101 sacris
1479 1045 1588 1116 paginis
1614 1052 1721 1109 sumat,
1738 1048 1769 1099 ut

123 1138 198 1193 enim
214 1138 344 1193 videntur
356 1137 523 1208 temporalia
536 1144 612 1199 suut,
622 1153 683 1207 quie
700 1144 796 1191 autem
812 1154 868 1191 non
882 1138 923 1191 vi·
965 1152 1047 1191 omne
1062 1138 1136 1207 quod
1152 1137 1286 1207 loquitur,
1303 1136 1338 1189 ad
1354 1135 1454 1189 dirime
1474 1133 1653 1189 auctoritatis
1666 1133 1767 1187 sunda·

122 1226 226 1282 dentur
240 1233 346 1283 aterna
355 1229 394 1292 ll!
404 1227 464 1281 Cor.
477 1240 513 1287 rvi
528 1244 534 1294 ;
550 1245 561 1275 o
574 1232 606 1279 ut
619 1225 659 1280 ita
674 1226 789 1280 demum
797 1226 866 1281 illud
875 1243 923 1279 su·
966 1231 1092 1279 mentum
1108 1232 1227 1289 revocet,
1244 1234 1328 1296 atque
1338 1225 1367 1279 in
1377 1241 1411 1278 eo
1420 1224 1568 1279 aedilicium
1578 1239 1638 1277 suae
1650 1221 1766 1277 locutio·

122 1332 252 1386 promum
262 1314 922 1385 mereamuraudivequoddicituraclAbraham,
967 1314 1010 1368 nis
1025 1316 1127 1381 firmet,
1144 1315 1259 1369 atenim
1275 1315 1452 1385 prediximus
1467 1330 1540 1384 sepe
1555 1311 1683 1367 haretici
1701 1311 1764 1369 dunt

125 1405 189 1459 «Et
203 1404 265 1459 veui
289 1405 319 1459 io
344 1411 449 1459 terram
471 1420 556 1473 quam
576 1409 768 1459 monstravero
783 1403 832 1461 tibi
847 1405 922 1469 (Gerr.
965 1419 1018 1457 sua
1032 1404 1148 1459 student
1171 1422 1301 1475 perversa
1328 1408 1464 1467 astruere,
1485 1418 1517 1456 ca
1536 1400 1688 1472 proferunt
1707 1416 1764 1471 quo

123 1492 215 1561 xui.»
240 1494 294 1547 Per
322 1495 396 1564 quod
421 1493 564 1547 evidenter
584 1493 742 1547 ostenditur
766 1493 923 1562 quodnisi
965 1492 1088 1562 protecto
1102 1493 1132 1548 iu
1146 1510 1290 1547 sacrorum
1309 1491 1443 1546 librorum
1455 1491 1564 1562 paginis
1573 1490 1763 1545 continentur.

123 1582 170 1653 qui
200 1587 258 1635 tres
286 1582 445 1652 superiores
470 1583 531 1635 illas
560 1580 821 1635 abrenuntiationes
846 1569 1045 1637 omniBUnde
1061 1589 1090 1635 et
1103 1582 1270 1653 discipulum
1287 1599 1369 1635 suum
1394 1580 1558 1652 predicator
1571 1579 1706 1649 egregius
1722 1578 1764 1635 ad

124 1670 282 1742 impleverit
308 1671 410 1725 mentis
438 1671 548 1735 ardore,
573 1671 608 1725 ad
632 1676 765 1741 quartum
785 1671 837 1724 hoc
859 1688 924 1741 por·
966 1677 1062 1725 monet
1085 1671 1204 1727 dicens:
1231 1694 1242 1715 α
1262 1672 1284 1725 O
1299 1670 1455 1736 Timotheo,
1480 1669 1641 1739 depositum
1659 1667 1765 1723 custodi

122 1760 217 1815 venire
232 1776 289 1814 non
301 1761 398 1831 possit,
419 1760 494 1830 quod
507 1760 743 1815 remunerationis
766 1776 797 1813 ac
818 1760 924 1830 praemii
966 1760 1093 1815 devitans
1121 1761 1251 1830 profanas
1275 1776 1373 1813 vocum
1399 1759 1585 1813 novitates:v
1613 1757 1683 1828 quia
1703 1757 1765 1815 dum

120 1849 179 1903 vioe
195 1848 314 1919 perfecte
324 1848 497 1905 renuntianti
507 1848 651 1911 tribuitur,
660 1848 688 1903 id
704 1854 754 1911 est,
773 1854 924 1903 ulterram
966 1848 1075 1911 mudari
1090 1849 1214 1903 haretici
1230 1856 1364 1918 tanquam
1380 1848 1414 1902 de
1430 1846 1574 1902 excellenti
1590 1845 1708 1916 ingenio
1722 1862 1766 1909 on·

122 1936 348 2007 repromissionis
369 1941 512 1993 mereatur
532 1936 649 1999 intrare,
672 1952 849 2006 nequaquam
870 1936 923 1990 sibi
967 1934 1766 2008 piunt,quasinovaquaedamproterunt,sicquelitutduio

119 2026 180 2096 jam
190 2025 321 2079 vitiorum
331 2026 427 2096 spinas
441 2041 473 2078 ao
487 2023 606 2079 tribulos
627 2024 845 2094 germinantem,
862 2041 924 2094 qum
967 2026 1054 2081 videri
1069 2027 1210 2097 sapientes
1224 2026 1386 2081 desiderant
1396 2025 1506 2081 miseris
1518 2025 1576 2081 suis
1587 2023 1764 2087 auditoribus

119 2119 183 2185 post
190 2114 380 2185 expulsionem
388 2113 723 2185 passionumcunctavum
733 2113 856 2183 puritate
862 2130 922 2167 cor·
966 2115 1093 2177 stultitiae
1107 2116 1216 2171 semina
1231 2122 1376 2186 spargunt.
1391 2118 1488 2181 (isaer.)
1503 2115 1543 2167 Do
1560 2112 1625 2167 istis
1639 2129 1709 2183 ergo
1723 2112 1767 2184 qui

123 2202 206 2259 disin
223 2204 397 2273 boceorpore
412 2203 698 2273 possidebitur‚quam
714 2219 771 2257 non
782 2202 871 2257 virtus
883 2202 925 2263 rel
965 2203 1118 2273 imaginem
1127 2204 1279 2274 quamdam
1287 2203 1409 2258 scientiae
1419 2202 1549 2267 videntur
1564 2200 1767 2272 acquirerem

123 2291 262 2349 industria
271 2291 425 2347 laborantis
440 2290 609 2345 inonstrohit
618 2291 706 2355 ei,sed
719 2291 777 2361 ipse
788 2291 925 2347 Dominus
967 2292 1002 2345 de
1017 2292 1061 2345 his
1085 2293 1133 2363 qui
1147 2294 1215 2348 clam
1239 2309 1381 2349 sacrorum
1402 2292 1575 2353 voluminum
1600 2289 1716 2345 lectioni
1738 2306 1768 2345 eo

127 2386 307 2437 ostensurum
317 2398 348 2434 se
361 2397 422 2434 osse
433 2379 588 2451 promittit:
599 2398 612 2431 o
625 2380 660 2433 Et
670 2380 742 2439 veni,
754 2379 926 2450 inquiens,in
968 2381 1110 2435 raemoriae
1120 2382 1322 2452 scripturarum
1332 2381 1482 2452 diligenter
1496 2379 1768 2439 insistentem-rma

127 2476 326 2539 terramquam
335 2467 593 2523 monstraverotibi.
607 2492 618 2517 a
631 2468 768 2538 Perquod
779 2469 926 2524 manifeste
968 2474 1063 2523 tamen
1086 2470 1153 2525 vitia
1168 2486 1223 2525 non
1240 2470 1412 2539 relinquunt,
1430 2469 1458 2523 in
1483 2466 1639 2539 proverbiis
1653 2468 1767 2539 elegan-

121 2556 258 2629 probatur
267 2563 295 2615 et
309 2557 421 2615 initium
432 2564 535 2613 nostrie
548 2556 648 2611 salutis
659 2557 771 2611 Domini
783 2558 927 2612 vocatione
967 2560 1012 2610 ter
1021 2559 1196 2629 exprimitur.
1206 2577 1218 2607 a
1228 2560 1307 2616 Siout
1316 2559 1423 2616 inauris
1433 2574 1519 2611 aurea
1532 2557 1561 2611 in
1573 2555 1765 2623 naribussuir,

121 2646 181 2703 steri
195 2646 322 2713 dicentis,
332 2666 344 2693 a
357 2645 407 2701 Exi
423 2646 457 2699 de
473 2650 550 2699 terra
564 2651 623 2709 tua,
638 2670 651 2697 »
665 2650 692 2709 et
704 2647 923 2703 constuinnatio-
965 2646 1007 2701 ita
1026 2647 1151 2705 mulieris
1166 2649 1241 2703 male
1256 2654 1371 2703 moratae
1387 2647 1491 2718 species
1507 2648 1679 2713 (Praemia
1696 2644 1768 2711 aare

121 2751 186 2791 nem
201 2734 420 2805 perfeetionisac
431 2734 564 2804 puritatis
575 2733 610 2787 ab
625 2734 923 2791 eoderosirnilitertri-
965 2735 1040 2789 enim
1056 2737 1171 2806 prodest
1191 2738 1353 2807 quempiam
1375 2739 1571 2791 ornamentum
1588 2735 1768 2805 eloquiorum

122 2823 247 2889 butema
257 2823 324 2883 dicit
337 2844 349 2871 a
360 2824 395 2876 Et
403 2823 466 2877 veni
477 2823 506 2877 in
514 2829 717 2893 ter1·am,quam
732 2829 923 2879 monstravero
965 2825 1237 2880 coelestiumetillam
1248 2826 1478 2896 pretiosissimam
1490 2824 1770 2895 Scripturarumspo·

122 2912 182 2979 tibi,
201 2933 213 2966 n
231 2913 259 2966 id
278 2919 329 2969 est.
349 2928 404 2966 uon
421 2928 506 2982 cluam
519 2918 551 2967 tu
567 2929 599 2965 ex
618 2912 767 2983 temetipso
782 2914 823 2967 vel
840 2913 923 2973 indu·
934 2890 955 2949 C
965 2913 1036 2969 ciem
1051 2914 1194 2984 consequi,
1206 2915 1230 2969 si
1244 2932 1307 2969 eam
1322 2914 1469 2969 lutulentis
1483 2913 1615 2985 operibus
1634 2913 1680 2967 vel
1703 2929 1767 2969 sen·

122 3001 192 3056 stria
213 3006 264 3059 tua
285 3001 378 3055 valeas
400 3000 532 3072 reperire,
553 3001 602 3057 sed
624 3017 710 3072 quam
735 3002 852 3071 egotibi
867 3019 924 3059 non
964 3002 1041 3061 sibus
1056 3003 1228 3069 inherendo,
1237 3003 1581 3074 ‹pumiimrnumlissimam
1591 3000 1770 3072 subjiciendo

122 3091 213 3147 solum
223 3090 376 3160 ignoranti,
392 3089 439 3144 sed
452 3090 539 3144 etiam
549 3107 604 3150 non
616 3090 770 3161 inquirenti
787 3098 924 3147 monstra·
964 3092 1132 3162 confringat,
1149 3100 1198 3146 aut
1218 3093 1336 3148 ooenosis
1358 3092 1505 3147 libidinum
1525 3108 1641 3145 suarum
1655 3091 1769 3162 polluat

122 3196 197 3235 vero.
213 3181 332 3247 (altoilo.)
344 3179 444 3235 Dicens
458 3184 552 3239 autem
568 3180 603 3232 do
621 3178 754 3237 divitibus
769 3181 872 3236 iterum
888 3181 923 3243 acl
964 3180 1209 3236 volutabrileiet
1217 3183 1294 3237 enini
1307 3188 1339 3236 ut
1348 3181 1375 3236 id
1387 3182 1461 3252 quod
1473 3179 1701 3237 recteutentibus
1716 3179 1767 3235 de·

121 3268 261 3329 Timothei
274 3284 305 3321 se
319 3268 403 3322 vertit
418 3284 577 3338 personam,
587 3267 628 3323 illi
643 3284 704 3338 quse
717 3269 851 3338 praedicta
866 3269 924 3325 sue·
964 3270 1021 3323 oori
1049 3287 1110 3325 esse
1131 3271 1284 3337 consuevit,
1310 3287 1364 3325 non
1388 3271 1479 3324 solum
1500 3271 1568 3325 istos
1588 3285 1693 3331 ornare
1712 3284 1785 3329 non.

121 3362 187 3413 rant
199 3362 392 3426 competenter
407 3356 554 3426 adjiciens.
964 3359 1061 3428 possit,
1074 3361 1260 3415 verumetiam
1280 3360 1396 3429 majoris
1410 3359 1482 3415 caeni
1498 3359 1654 3413 colluvione
1668 3358 1770 3417 sonte·

160 3463 171 3491 a
194 3444 381 3509 OTirnothoe,
397 3445 556 3516 depositum
569 3445 678 3505 custodi
693 3446 820 3505 devitans
832 3446 923 3516 prola·
963 3456 1038 3501 scat:
1052 3462 1085 3502 ex
1099 3466 1147 3503 ore
1162 3449 1237 3503 enirn
1253 3449 1407 3519 precentoris
1417 3465 1472 3502 non
1484 3455 1527 3503 est
1539 3448 1656 3518 pulchra
1668 3447 1771 3509 lauda-

124 3552 138 3584 α
153 3551 204 3589 nas
216 3550 315 3589 vocum
330 3535 477 3597 novitates,
485 3540 513 3587 et
521 3533 712 3605 oppositiones
721 3534 788 3589 ‚lalsi
800 3534 921 3597 nominis
962 3537 1012 3601 tio,
1025 3537 1069 3591 eui
1084 3537 1188 3591 dic-itur
1197 3555 1247 3607 per
1259 3538 1429 3608 Prophetam
1447 3557 1452 3590 :
1471 3560 1482 3585 a
1499 3537 1592 3601 Quare
1606 3544 1638 3593 tu
1648 3552 1771 3597 enarras

124 3623 285 3687 «scientiae,
302 3623 512 3694 quamquidam
529 3623 736 3693 promittentes,
750 3624 824 3679 cirea
837 3624 921 3691 tidem
960 3625 1086 3695 justitias
1101 3632 1218 3681 measet
1231 3627 1320 3683 sumis
1333 3632 1534 3681 testamentum
1550 3642 1644 3687 meum
1669 3642 1723 3696 per
1736 3642 1771 3689 oe

123 3732 136 3763 a
153 3712 324 3771 exciderunt.
343 3734 356 3765 o
370 3712 410 3769 lle
424 3712 479 3772 illis
494 3711 570 3767 enim
580 3712 632 3766 hoc
646 3713 676 3775 in
690 3712 924 3779 locodicit,tu,in·
964 3716 1375 3785 tuumlllsalxtrx)idimon]
1390 3717 1595 3771 Consummans
1608 3730 1677 3769 vero
1686 3698 1769 3771 inhia

122 3802 192 3872 quit,
209 3801 318 3855 custodi
334 3802 419 3855 lidom
435 3801 511 3857 orum
528 3800 631 3861 virtute
645 3801 789 3855 declinans
806 3818 863 3869 eos,
876 3803 923 3872 qui
965 3802 1129 3872 Epistolam,
1141 3812 1304 3863 consuetam
1314 3805 1411 3874 adjicit
1420 3804 1619 3863 salutationem
1628 3803 1772 3863 inultima

121 3889 381 3953 eontrariadocent‚
395 3896 424 3943 et
438 3904 552 3957 semper
565 3889 725 3959 excogitant
735 3890 840 3960 aliquid
860 3890 922 3945 novi
965 3898 1044 3960 parte
1060 3893 1190 3962 Epistola
1205 3893 1317 3950 dicens:
1337 3912 1351 3945 a
1367 3894 1465 3949 Gratia
1478 3899 1582 3948 tecum.
1593 3895 1699 3951 nmen.
1719 3914 1732 3947 a

122 4100 129 4359 J
253 4152 521 4295 Lissa
609 4152 1098 4287 vicesimus
1186 4159 1635 4316 elixatos

332 4453 615 4532 EXPOSITIO
640 4454 700 4529 IN
720 4454 1022 4532 EPISTOLAM
1041 4457 1080 4531 II
1105 4457 1180 4532 AD
1200 4460 1538 4555 TIMOTHEUM.

389 4697 653 4753 ARGUMENTUM.
928 4701 1007 4761 Drat
1025 4702 1105 4755 etsie
1120 4702 1271 4772 Epistolam
1285 4702 1398 4757 adeum
1413 4701 1518 4761 scribit,
1534 4702 1616 4773 quasi
1630 4702 1728 4758 adhuc
1741 4704 1773 4759 ia

157 4784 310 4856 Epistolam
324 4784 404 4839 Pauli
414 4787 450 4839 ad
458 4787 637 4841 Timotheum
645 4787 799 4841 secundum
808 4803 923 4841 sensum
963 4789 1019 4843 illis
1033 4790 1101 4844 locis
1125 4797 1363 4856 commorantem
1378 4791 1408 4845 in
1434 4792 1486 4845 hac
1502 4808 1567 4845 vero
1587 4791 1719 4863 Epistola
1742 4793 1773 4851 in

121 4876 318 4947 explicaturus,
334 4882 532 4944 argumentum
543 4877 614 4945 ejus,
633 4881 664 4929 ut
679 4875 817 4930 morisest
829 4876 918 4939 nobis,
963 4878 1018 4931 tine
1033 4878 1150 4933 scribit:
1170 4896 1184 4930 n
1200 4879 1361 4950 Tychicum,
1382 4900 1394 4931 r
1411 4880 1512 4950 inquit,
1530 4898 1542 4931 a
1560 4880 1662 4950 Ephesi
1677 4881 1771 4939 direxi

121 4964 252 5035 primitus
267 4963 467 5035 explicabimus
479 4984 485 5019 :
498 4965 611 5019 evidens
622 4971 664 5018 est
675 4964 750 5018 enim
765 4964 922 5035 illud,quod
964 4966 999 5020 ud
1008 4972 1037 5021 te
1052 4969 1093 5033 (ll
1105 4969 1174 5021 Tim.
1192 4967 1239 5037 iv),
1257 4987 1270 5021 n
1282 4970 1362 5038 quasi
1381 4969 1483 5039 Ephesi
1495 4969 1587 5023 adhuc
1599 4970 1771 5025 Timotheus

122 5070 177 5107 non
193 5059 256 5123 pest
270 5054 390 5123 primam
417 5053 570 5123 Epistulam
592 5053 677 5108 etiam
697 5054 768 5107 hanc
794 5053 922 5123 protinus
963 5063 1131 5121 moraretur,
1153 5058 1264 5127 quando
1280 5064 1309 5111 et
1322 5059 1394 5112 hanc
1409 5058 1443 5111 ad
1459 5075 1524 5112 eurn
1543 5058 1687 5113 scribebat
1701 5060 1770 5131 Epi·

122 5142 275 5211 scripserit,
297 5142 347 5195 sed
360 5147 389 5195 et
402 5158 453 5194 nee
470 5141 505 5194 de
521 5141 619 5195 iisdem
637 5141 781 5212 scripserit
795 5142 871 5208 lueis,
888 5143 922 5197 ile
963 5146 1075 5199 stolam.
1093 5146 1126 5199 Et
1150 5147 1270 5216 primam
1288 5146 1402 5216 quidem
1420 5140 1462 5200 sic
1479 5147 1624 5218 scripsisse
1642 5148 1679 5202 ad
1703 5166 1770 5205 eum

124 5228 226 5298 quibus
241 5230 361 5299 primam
376 5231 454 5284 illam
463 5230 614 5299 scripserat
624 5230 786 5301 Epistolam.
799 5232 922 5287 Primam
964 5233 1162 5291 manilestavit.
1180 5240 1212 5288 ut
1225 5242 1254 5288 et
1268 5235 1425 5289 insinuaret
1440 5236 1515 5306 quod
1525 5252 1581 5291 nou
1597 5237 1689 5291 multo
1705 5244 1771 5309 post

123 5317 522 5383 enimscribens,dicit:oSieut
530 5319 658 5388 rogarite
668 5320 808 5375 sustinere
818 5320 921 5392 Ephesi
963 5327 1089 5393 ternpore
1098 5323 1136 5377 sit
1147 5323 1206 5394 ipse
1216 5323 1251 5377 ad
1262 5340 1327 5378 euru
1335 5330 1471 5379 venturus
1484 5324 1568 5380 :dicit
1577 5326 1668 5381 enim:
1678 5328 1770 5383 ellac

125 5406 152 5472 (Ι
167 5406 270 5475 Timr)
288 5426 312 5471 x,
328 5407 478 5462 ostendens
492 5408 627 5478 quoniam
648 5408 785 5467 illiorum
800 5410 923 5481 reliquo·
963 5411 1015 5467 tibi
1027 5411 1254 5483 scribo,sperans
1264 5414 1558 5483 meveniroadteoito
1569 5418 1597 5484 (Ι
1611 5418 1728 5487 ibrum)
1738 5436 1768 5481 ις
