3772 6120
100 246 154 302 *233
341 254 629 311 ENARRA'llONUM
644 259 681 312 ΙΝ
697 259 774 313 ΕΡΡ,
790 261 897 314 PAULI
914 260 981 313 LlB.
998 259 1073 313 xlll.
1091 289 1122 299 -
1139 259 1177 313 lN
1193 258 1303 312 EPIST.
1320 259 1344 312 ll
1359 258 1407 312 ΑΙ)
1421 258 1502 313 COR.
1687 256 1737 314 ²234
1821 261 1823 264 ⁴

101 374 160 425 nisi
172 375 241 439 sorte
254 375 293 427 ad
308 380 422 444 tempos,
440 383 471 431 ut
486 383 583 432 tacetis
597 385 727 443 orationi,
741 389 769 437 et
783 384 885 437 iterum
896 401 901 435 :
911 385 935 443 Α
944 388 1000 445 tur,
1010 381 1139 452 nonquia
1148 382 1206 452 ipse
1217 381 1256 434 eis
1273 381 1390 450 indiget,
1400 380 1448 451 qui
1462 381 1596 451 proficere
1609 381 1738 437 laudibus

101 463 282 516 Revertiminr'
288 465 319 516 r'n
327 460 902 541 tarnum(moran).Ecceja111'coelestious
944 472 1041 535 nescit,
1057 470 1105 523 sed
1120 469 1187 524 dum
1203 486 1282 522 suam
1298 468 1378 522 nobis
1391 469 1614 538 magnitudinem
1630 473 1736 531 narrat.

100 550 216 604 seeretis
229 550 375 617 inseritur,
392 560 528 608 ettamen
544 574 595 626 per
608 559 849 614 condescensionis
861 561 900 615 vi·
944 566 1068 613 nostram
1082 559 1117 612 ad
1132 575 1162 612 se
1177 557 1348 628 imperitiam
1358 555 1499 623 sublevat3
1516 557 1626 612 ethona
1638 559 1738 612 sualo-

100 655 180 692 scera
194 640 351 693 carnalium
366 641 457 695 cubile
472 650 672 714 perscrutatur,
682 655 710 701 et
719 665 802 718 quern
812 649 902 703 suble·
944 647 1053 719 quendo
1068 664 1119 701 nos
1133 646 1239 711 edocet,
1252 662 1335 716 quem
1346 645 1461 699 omnino
1474 645 1558 700 homo
1573 663 1629 701 non
1638 662 1738 718 cogno-

101 733 181 781 ratus
195 726 229 781 ad
241 728 393 783 invisibilia
401 730 494 801 erigit,
506 732 580 786 hunc
591 733 740 790 miseratus
750 737 785 790 ad
794 743 903 792 secreta
942 741 1040 799 sceret,
1056 735 1079 788 si
1096 734 1130 787 de
1144 751 1173 788 se
1188 741 1280 788 tacere
1294 733 1435 787 voluisset.
1445 733 1550 787 Idcirco
1563 735 1660 789 laudes
1673 751 1739 790 suus

101 816 309 871 infirmantium
331 819 445 873 oculum
467 820 557 874 cordis
584 822 680 876 ilectit.
704 825 810 878 Coelum
834 843 901 880 con·
943 824 1057 890 indicat,
1074 828 1106 876 ut
1119 822 1260 876 valeamus
1269 838 1334 876 eum
1350 822 1495 875 audientes
1505 838 1682 892 cognoscere,
1695 839 1738 878 eo·

99 906 286 976 temptatione
300 909 484 971 transcendit,
501 927 552 963 nee
566 915 661 965 tamen
677 919 903 968 stratumeama-
941 915 1107 980 gnoscentes
1131 926 1235 974 amare,
1252 915 1379 964 amantes
1400 910 1489 981 sequi,
1506 916 1654 981 sequentes
1677 910 1738 966 adi·

42 1001 54 1020 ·
101 994 170 1048 lium
186 994 376 1049 sollicitudine
391 996 523 1057 deseruit,
533 999 600 1068 quia
609 1015 743 1071 compage
758 1002 903 1056 charitatis
943 998 1020 1069 pisci,
1038 998 1222 1068 adipiscentes
1237 1015 1301 1052 vera
1316 1000 1377 1068 ejus
1398 997 1504 1052 visione
1528 998 1643 1070 perfrui.
1659 998 1739 1055 Unde

100 1083 221 1136 summis
231 1082 316 1137 simul
328 1088 357 1137 et
365 1084 471 1139 infimis
477 1087 602 1155 junctus,
611 1094 640 1142 et
649 1088 677 1141 in
686 1091 836 1160 semetipso
846 1091 901 1144 vir-
943 1086 1150 1140 Psalmistaait:
1167 1087 1297 1140 Virtutem
1308 1103 1420 1155 operum
1430 1103 1546 1140 suoram
1556 1090 1739 1143 annuntiavit

101 1178 161 1225 tute
176 1171 300 1242 Spiritus
313 1172 416 1226 adalta
431 1174 555 1229 valenter
570 1177 688 1246 rapitur,
702 1184 731 1231 et
752 1178 857 1249 pietate
872 1180 901 1234 in
939 1179 1111 1244 populosam,
1128 1180 1159 1228 ut
1173 1176 1216 1228 det
1227 1178 1285 1228 illis
1300 1176 1485 1229 lra‘reditotenr
1501 1179 1626 1244 gentium
1642 1178 1737 1246 (aad.)

101 1259 536 1330 aliisaequanimiterinlirmatur
553 1264 624 1317 Hine
634 1266 739 1319 etenim
747 1266 813 1321 dicit
822 1285 827 1319 :
836 1269 902 1334 Ouia
942 1266 986 1331 cx)
1001 1280 1006 1314 :
1024 1279 1055 1316 ac
1066 1263 1089 1316 si
1100 1269 1196 1334 aperte
1208 1262 1284 1316 dicat
1296 1281 1301 1316 τ
1314 1263 1419 1317 Idcirco
1426 1263 1599 1318 fortitudinis
1607 1280 1665 1320 sue)
1674 1280 1739 1337 ope-

102 1349 901 1419 inptrmaturetcpononinfirnror?Ouisscandutizoturet
943 1350 1206 1417 rationesinsinuat,
1215 1357 1248 1406 ut
1258 1368 1322 1406 eum
1335 1351 1382 1421 qui
1392 1351 1735 1408 audieritdonisditescat.

99 1452 145 1502 epo
158 1452 216 1489 non
229 1452 300 1490 uror·
318 1438 345 1504 (l
353 1437 415 1492 Cor.
431 1441 486 1506 rx):
500 1438 565 1493 hinc
579 1440 654 1495 enim
668 1458 766 1496 rursus
781 1442 837 1496 ait:
850 1444 901 1497 Fo—
943 1439 1049 1494 Morem
1063 1455 1129 1509 ergo
1145 1440 1188 1493 sui
1204 1439 1338 1493 creatoris
1349 1439 1493 1493 imitantes
1503 1439 1592 1494 sancti
1601 1440 1653 1494 viri
1666 1456 1737 1496 nou·

99 1528 158 1577 ctus
168 1540 233 1576 rain
242 1525 346 1578 ledeia
358 1530 492 1594 tanlquam
502 1529 612 1581 tadeus
623 1528 727 1600 (leid),
741 1531 814 1600 quod
824 1530 901 1585 vide·
942 1544 1086 1599 nunquam
1098 1527 1224 1598 quaedam
1237 1528 1271 1581 de
1278 1545 1318 1594 se,
1326 1534 1358 1581 ut
1368 1528 1515 1583 audientes
1523 1527 1675 1596 instruant,
1681 1545 1737 1584 non

100 1611 165 1665 licet
175 1610 309 1667 exhibeat
319 1629 376 1667 non
389 1614 543 1669 amittendo
556 1616 649 1682 fidem,
664 1618 713 1671 sed
729 1619 900 1673 ostendendo
941 1622 974 1669 ut
988 1615 1041 1686 ipsi
1057 1616 1214 1686 proficiant,
1228 1616 1409 1670 manifestant
1420 1634 1425 1668 :
1438 1621 1468 1670 et
1478 1622 1573 1671 tamen
1584 1616 1612 1671 iu
1623 1617 1667 1671 his
1681 1616 1739 1672 alta

100 1700 235 1770 pietatem
243 1719 249 1753 :
257 1708 290 1755 nt
296 1702 359 1756 inse
365 1693 513 1772 personam
521 1703 678 1759 infidelium
684 1708 898 1777 transfigurans,
908 1718 932 1776 Β
941 1721 970 1758 se
985 1703 1207 1759 consideratione
1214 1705 1385 1770 custodiunt,
1397 1722 1433 1759 ne
1443 1705 1511 1759 dum
1521 1706 1592 1760 alios
1600 1723 1617 1760 a
1625 1711 1739 1761 terrena

98 1805 130 1842 ex
139 1790 296 1860 semetipso
306 1790 427 1845 disceret
436 1792 556 1861 qualiter
565 1793 628 1847 aliis
645 1795 772 1849 misereri
786 1795 898 1851 debuis-
940 1792 1096 1847 intentione
1106 1793 1227 1862 erigunt,
1237 1793 1290 1864 ipsi
1300 1793 1329 1847 in
1337 1798 1456 1848 terrenae
1465 1794 1557 1849 laudis
1565 1794 1737 1866 appetitione

99 1884 313 1948 set:quatenus
324 1879 377 1933 1100
397 1879 453 1933 illis
463 1879 647 1950 impenderet,
657 1883 731 1953 quod
740 1883 793 1938 sibi
804 1885 899 1955 ipsust
940 1881 1738 1955 mergantur-Quorumplerumquedictaimitanturhypo

98 1965 137 2020 ita
145 1973 231 2031 esset,
244 1966 370 2038 impendi
382 1974 455 2023 recte
464 1969 606 2023 voluisset.
616 1971 688 2025 Hinc
698 1972 801 2026 iterum
811 1973 895 2026 dicit:
940 1969 1026 2035 crisa,
1044 1969 1092 2023 sed
1107 1969 1245 2023 dictorum
1260 1986 1373 2024 sensum
1388 1970 1500 2041 penitus
1514 1971 1655 2041 ignorant,
1672 1970 1739 2044 quis

97 2056 157 2110 Sive
173 2062 265 2110 mente
278 2058 440 2122 cecidimus,
452 2059 503 2112 Deo
516 2077 524 2111 :
535 2062 590 2112 sive
604 2060 691 2112 sobrii
705 2077 809 2125 sitinus,
826 2063 899 2116 cobis
940 2057 1013 2129 quod
1023 2057 1093 2127 justi
1107 2064 1196 2127 agunt
1209 2058 1245 2111 ad
1261 2057 1411 2112 utilitatem
1422 2059 1614 2130 proximi,hoe
1627 2060 1681 2131 ipsi
1694 2059 1737 2114 ts·

101 2145 138 2200 tl!
162 2144 225 2198 Gor.
248 2147 288 2212 v),
310 2146 378 2216 quia
398 2151 428 2199 et
441 2146 622 2217 semetipsum
643 2154 759 2202 noverat
772 2155 898 2203 contem·
939 2146 1018 2200 ciunt
1034 2146 1069 2200 ad
1085 2146 1275 2201 extensionem
1290 2146 1478 2201 nominissui.
1505 2148 1623 2203 Sanctus
1641 2154 1737 2202 autem

98 2232 200 2301 plaudo
211 2233 422 2299 transcendere,
432 2240 460 2288 et
469 2236 599 2288 eumdem
611 2253 640 2290 se
651 2236 826 2292 auditoribus
836 2255 900 2292 eon·
940 2234 992 2287 Job
1001 2235 1161 2306 hypocritas
1169 2235 1290 2299 intuens,
1298 2252 1475 2306 nequaquam
1484 2235 1603 2306 gloriam
1611 2236 1737 2291 futuram

98 2320 296 2375 descendendo
311 2329 479 2394 temperare.
940 2329 1081 2394 appetere,
1097 2323 1145 2378 sed
1167 2340 1268 2395 cupere
1291 2330 1457 2394 praesentem
1478 2329 1575 2377 tenere
1596 2323 1658 2377 ait:
1675 2325 1737 2391 Qus

132 2411 187 2463 Pro
195 2416 339 2464 meantem
351 2413 425 2465 nihil
435 2413 639 2479 ploriebornr'si
646 2415 677 2467 in
685 2416 899 2481 infirmitatibus
940 2415 1014 2465 enim
1024 2418 1127 2481 spereat
1139 2413 1287 2480 hypocrite
1298 2414 1364 2479 (lob.
1382 2412 1486 2481 xxvn)t
1496 2411 1564 2482 quia
1576 2411 1643 2465 dum
1664 2427 1736 2482 prse-

99 2501 173 2551 mer'r.
192 2498 238 2553 Sic
249 2498 283 2552 de
297 2516 328 2553 se
342 2516 399 2553 non
413 2500 560 2569 gloriatur,
573 2501 640 2555 dum
650 2518 706 2556 nou
721 2508 816 2574 aperte
824 2504 858 2557 de
869 2520 898 2558 se
940 2500 1030 2554 sentia
1040 2500 1141 2571 diligit,
1157 2499 1252 2555 lutura
1261 2499 1378 2554 minime
1388 2506 1491 2571 sperat.
1504 2499 1645 2572 Scriptum
1655 2515 1735 2554 nam·

99 2587 258 2655 profitetur.
276 2588 309 2642 In
324 2587 536 2642 infirmitatibus
551 2591 739 2661 sane,inquit,
754 2591 824 2645 meis
837 2592 898 2663 glo·
941 2606 994 2659 que
1017 2594 1060 2642 est
1076 2607 1081 2640 :
1097 2589 1172 2656 Quod
1185 2592 1259 2642 enirn
1273 2590 1344 2642 uidet
1358 2592 1428 2658 quis,
1446 2590 1513 2658 quid
1530 2594 1621 2658 meret
1636 2587 1737 2659 (Rom.)

98 2675 210 2742 riabor3
222 2693 362 2748 exponere
372 2677 448 2731 enim
459 2694 604 2748 pressuras
613 2679 776 2749 passionum
786 2686 815 2734 et
823 2681 899 2735 intir-
940 2677 1020 2745 vim?
1040 2676 1145 2731 Idcirco
1160 2693 1227 2747 ergo
1245 2676 1281 2730 ab
1294 2676 1440 2747 hypocrita
1454 2677 1489 2731 ad
1503 2681 1606 2731 aeterna
1622 2675 1738 2748 praemia

100 2764 215 2819 mitates
239 2765 435 2835 augustiarum
456 2782 512 2820 non
534 2765 644 2820 videtur
666 2767 829 2837 gloriosum,
850 2768 899 2823 sed
939 2782 990 2837 per
1004 2782 1082 2836 spem
1099 2765 1215 2818 minimo
1230 2765 1365 2831 tenditur,
1378 2765 1445 2836 quia
1458 2765 1532 2836 quod
1547 2765 1737 2836 alioquaereu·

97 2852 200 2906 debile.
219 2853 326 2908 ideirco
340 2871 370 2908 se
381 2853 411 2908 iu
426 2854 470 2908 his
481 2854 596 2925 gloriari
606 2854 674 2909 dicit
685 2874 691 2908 ε
704 2856 793 2910 sciens
803 2862 899 2911 tamen
940 2855 1007 2908 dum
1016 2854 1117 2920 iuerat,
1126 2853 1171 2907 hic
1181 2870 1211 2907 se
1221 2858 1317 2907 tenere
1326 2854 1569 2924 gloriatur.Cujus
1579 2853 1646 2925 quia
1655 2850 1738 2925 culpi

96 2941 162 3012 quia
173 2941 375 3012 adprofectum
385 2943 543 3013 perducunt
551 2945 812 2999 remunerationum
820 2946 900 3000 coele-
940 2942 1050 3012 prolata
1061 2946 1112 3007 est,
1127 2942 1213 2996 etiam
1226 2958 1311 3012 poena
1323 2941 1513 3013 subjungitur,
1529 2958 1593 2997 cum
1608 2942 1736 3013 protinus

94 3030 192 3084 stium.
209 3029 283 3094 Quid
300 3031 376 3085 euim
386 3037 445 3085 tam
458 3031 611 3102 gloriosum
626 3034 656 3087 in
671 3033 798 3088 futurum
814 3034 895 3088 Chri·
906 3027 1110 3087 Csubinsertur
1126 3049 1132 3083 :
1148 3031 1209 3085 Non
1230 3031 1324 3084 liberet
1338 3031 1408 3084 Deus
1423 3034 1550 3085 orrimom
1564 3035 1632 3099 ejas,
1649 3035 1678 3084 et
1690 3046 1735 3084 re·

95 3118 199 3185 seiano,
218 3134 305 3189 quam
315 3119 401 3173 exitia
416 3137 465 3191 pro
480 3121 591 3176 Christe
607 3123 687 3176 illata
703 3121 755 3176 sihi
771 3138 897 3176 narrare.
940 3120 1026 3190 liqua.

95 3205 168 3260 :lem
176 3193 349 3261 etsie-oluere
357 3211 547 3276 ploriarimon
556 3226 601 3263 ero
611 3213 900 3279 insipiens,eerttetem
976 3208 1009 3261 Et
1020 3223 1053 3261 ne
1064 3207 1602 3275 inmanitadorevelationumcatollotme,
1610 3206 1736 3261 deterret

94 3298 171 3349 enim
187 3297 290 3350 diesen.
308 3296 366 3351 Hoc
380 3296 456 3362 dicit,
468 3300 534 3368 quia
548 3298 571 3352 si
583 3299 716 3352 meritum
732 3315 814 3353 suum
831 3316 896 3370 pro·
940 3296 1012 3349 milri
1020 3298 1151 3349 stimulas
1165 3297 1259 3348 earnis
1270 3310 1335 3348 anea
1348 3297 1463 3363 capetus
1472 3293 1633 3361 Saturast
1642 3310 1685 3349 nae
1695 3311 1736 3349 eo-

96 3383 213 3438 fiteatur
228 3384 302 3454 quod
317 3383 402 3439 habet
425 3385 499 3456 apud
519 3386 618 3453 Deum,
633 3403 688 3440 non
712 3387 766 3441 erit
787 3387 896 3458 impru-
939 3381 1736 3453 lopln'zet.(Ambr.)Deumbonismeritisprovideretesta»

94 3471 176 3538 deus,
194 3488 261 3527 vera
274 3472 350 3527 enim
365 3473 498 3544 loquitur.
517 3475 590 3545 Ergo
604 3475 627 3528 si
642 3475 705 3546 quis
724 3475 897 3546 promeritis
937 3479 993 3538 tur,
1003 3472 1070 3525 dum
1078 3470 1216 3542 permittit
1227 3470 1430 3525 tentationibus
1437 3470 1525 3548 bonos
1538 3470 1668 3543 deprimi,
1678 3486 1735 3526 nou

95 3560 165 3627 suis,
183 3576 246 3631 quae
255 3560 308 3615 sibi
318 3567 432 3615 ostensa
443 3567 518 3627 suut,
527 3563 661 3634 loquitur,
675 3570 784 3618 nonest
799 3564 896 3635 utique
937 3561 1028 3615 solum
1042 3577 1077 3614 ne
1093 3558 1222 3613 laborum
1235 3575 1351 3613 suorum
1360 3558 1498 3613 fructibus
1506 3558 1682 3626 abdicentur,
1690 3573 1734 3614 ve-

95 3649 216 3703 stultus:
228 3649 253 3703 si
263 3654 359 3703 autem
369 3655 470 3716 taceat,
481 3656 524 3704 est
534 3650 619 3705 etiam
629 3652 762 3722 prudens.
776 3653 830 3707 Sed
841 3669 897 3725 qua
937 3666 1001 3703 rum
1011 3648 1134 3702 etiamut
1142 3652 1300 3717 augeantur
1306 3647 1392 3701 hisad
1402 3646 1734 3719 cumulumpossessionis

95 3753 184 3791 eausa
197 3737 244 3791 hie
258 3754 332 3792 nune
346 3737 440 3809 palam
453 3739 600 3808 gloriatur,
617 3757 691 3794 nunc
710 3740 831 3811 subJecit
852 3741 895 3796 di-
937 3738 1125 3792 aeternalia
1139 3752 1206 3805 ergo
1218 3735 1374 3789 remedium
1384 3734 1482 3788 datum
1496 3734 1692 3805 estApostolo‚
1701 3742 1734 3791 ut

94 3842 160 3881 cens
178 3843 184 3878 :
201 3829 288 3881 Pareo
302 3831 403 3890 autent,
420 3842 454 3880 ne
468 3830 529 3895 quis
549 3844 591 3882 ure
613 3832 748 3882 existimet
765 3845 851 3897 stupro
867 3832 897 3885 id
937 3825 1049 3896 injuriis
1063 3824 1350 3896 pressus,anim⁰n0n
1359 3822 1449 3894 possit
1457 3823 1551 3877 extolli
1562 3839 1612 3895 pro
1622 3823 1732 3895 magni-

93 3916 167 3983 qaod
182 3916 255 3968 ridet
270 3931 320 3976 me,
331 3919 382 3968 out
396 3915 477 3968 audit
491 3932 524 3969 ee
536 3933 587 3970 me.
598 3916 729 3971 Ostendit
742 3917 828 3987 igitur
840 3935 896 3988 qua
935 3915 1034 3968 tudine
1042 3911 1323 3983 revelationumquia
1330 3912 1450 3966 otiosum
1456 3917 1552 3982 peetus
1560 3927 1674 3967 necesse
1680 3911 1732 3967 ha·

94 4019 182 4057 eausa
190 4019 249 4057 non
257 4008 353 4074 aperte
361 4002 509 4073 gloriatur,
521 4020 556 4058 ne
567 4004 629 4075 quis
641 4021 686 4058 me
695 4004 843 4071 existimet,
854 4005 896 4060 in·
935 4002 1020 4058 behat
1035 4003 1065 4057 in
1084 4002 1128 4056 his
1144 4018 1205 4073 qum
1220 4000 1329 4055 viderat
1338 3999 1441 4055 extolli.
1459 4003 1550 4072 (dap.)
1565 4002 1672 4073 Nempe
1686 4001 1732 4057 hic

93 4092 165 4162 quit,
180 4091 258 4146 ultra
265 4091 618 4160 gloriammeamtendere,
631 4109 715 4163 quam
724 4093 804 4147 limes
813 4093 896 4147 meri-
936 4092 1064 4163 agnoscis
1072 4090 1237 4162 Apostolum
1243 4089 1392 4145 habentem
1399 4090 1622 4160 magnitudinem
1630 4091 1733 4146 revela-

92 4186 189 4233 torum
202 4176 338 4231 admittit.
356 4178 414 4232 Hos
435 4178 586 4249 significat,
608 4197 678 4251 quos
695 4180 895 4236 obtrectatores
936 4182 1055 4248 tionum,
1068 4185 1097 4235 et
1106 4179 1254 4234 timentem
1268 4178 1397 4234 elationis
1410 4178 1605 4249 precipitium.
1618 4178 1656 4234 Ut
1664 4195 1731 4251 ergo

94 4265 218 4321 habehat
235 4281 320 4321 causa
342 4266 422 4336 legis,
438 4267 511 4322 sieut
535 4285 621 4339 supra
639 4270 813 4323 memoravi:
829 4287 894 4325 nam
936 4270 1055 4336 noveris,
1069 4268 1135 4341 quia
1145 4268 1241 4339 etipse
1251 4268 1412 4339 Apostolus,
1424 4267 1589 4338 quivolebat
1598 4266 1668 4322 alios
1678 4265 1730 4321 sal·

94 4355 194 4427 utique
208 4355 375 4409 meritorum
389 4355 508 4425 gloriam
523 4356 627 4412 honum
638 4363 747 4412 estnon
761 4365 854 4413 tacere
864 4366 983 4440 utDvos
993 4358 1092 4423 lacere,
1103 4357 1194 4411 adhuc
1209 4355 1368 4421 curabatur,
1383 4356 1407 4410 si
1424 4355 1519 4425 magni
1534 4354 1633 4426 pendis
1641 4353 1730 4425 ipsius

38 4496 40 4501 .
94 4442 252 4498 inuitentur
264 4443 419 4498 credentes.
430 4445 529 4513 (drop.)
542 4445 670 4499 Habebat
679 4463 745 4516 ergo
754 4446 845 4500 adhuc
860 4446 894 4500 de
936 4447 1080 4512 honorem,
1092 4445 1157 4500 audi
1171 4445 1237 4516 quid
1251 4444 1277 4498 ei
1287 4443 1412 4498 medicus
1420 4441 1581 4514 apposuerit
1591 4442 1730 4496 adtumo·

95 4549 124 4586 se
146 4530 299 4586 dicendum
319 4531 435 4602 aliquid,
456 4549 517 4604 quae
534 4534 625 4605 parcit
644 4534 736 4589 dicere
751 4553 757 4601 ;
773 4535 822 4588 sed
836 4534 896 4604 agit
936 4552 995 4589 rem
1011 4553 1017 4586 ι
1035 4535 1070 4589 Et
1084 4550 1119 4587 ne
1135 4530 1337 4603 magnitudine,
1349 4529 1451 4602 inquit,
1469 4529 1671 4584 revelationum
1686 4545 1730 4585 ex·

95 4625 250 4692 utrumque
258 4618 355 4675 doctor
361 4621 500 4692 egregius,
506 4628 539 4676 ut
548 4628 576 4676 et
582 4623 722 4694 loquendo
731 4640 792 4694 quae
799 4629 896 4694 egerat
934 4625 1026 4678 tollar.
1037 4624 1114 4689 Ecce,
1122 4623 1181 4692 jam
1196 4637 1310 4692 possum
1323 4619 1416 4674 dicere
1426 4619 1514 4674 Paulo
1529 4619 1656 4691 apostolo
1667 4637 1674 4673 ι
1685 4619 1728 4676 Ne

95 4709 248 4781 discipulos
256 4708 419 4775 instrueret,
431 4717 459 4764 et
468 4712 587 4766 tacendo
598 4728 628 4766 se
638 4713 713 4766 intra
725 4712 894 4766 humilitatis
935 4711 1085 4775 extollaris,
1093 4708 1343 4780 sancteApostolel
1352 4707 1435 4762 Tune
1440 4708 1581 4764 extollaris
1587 4709 1679 4764 adhuc
1685 4724 1730 4764 ea·

95 4797 215 4852 limitem
224 4797 388 4851 custodiret.
401 4798 492 4852 Nimis
506 4816 627 4871 namque
638 4807 711 4854 esset
722 4801 857 4871 ingratus,
870 4800 893 4855 si
934 4795 1594 4856 vendumestttuneextollarisadhuetimendum
1600 4796 1729 4862 esttQmo
1752 4826 1756 4831 ·

96 4885 128 4939 de
141 4901 172 4940 se
186 4891 250 4939 tota
262 4884 305 4939 vel
316 4885 459 4957 discipulis
470 4892 585 4954 taceret,
595 4888 749 4943 ettortasse
758 4889 842 4943 nimis
853 4888 894 4942 in·
935 4889 1014 4955 mihi,
1025 4887 1126 4959 iuquit,
1136 4885 1222 4940 dicis?
1231 4886 1272 4940 Tu
1283 4884 1349 4939 audi
1364 4885 1431 4955 quid
1446 4884 1511 4952 sim,
1526 4892 1555 4941 et
1569 4884 1625 4941 noli
1638 4886 1728 4941 altum

96 4981 204 5037 cautus,
214 4973 239 5028 si
246 4974 387 5028 desetota
395 4976 439 5029 vel
447 4975 737 5047 discipulisproderet.
747 4977 893 5031 Sedmira·
934 4993 1041 5049 sapere,
1056 4975 1105 5030 sed
1120 4974 1279 5029 time.Audi
1287 4974 1426 5045 quomodo
1435 4974 1525 5030 brevis
1534 4991 1624 5045 agnus
1639 4973 1727 5045 ingue-

96 5061 347 5129 biliter,utdictum
355 5069 408 5124 est,
417 5063 474 5134 egit
481 5070 641 5136 utrurnque,
651 5067 893 5137 ulloquendoeru·
933 5066 1036 5132 diatur,
1051 5063 1099 5119 ubi
1107 5063 1181 5118 acies
1192 5063 1232 5118 sic
1236 5062 1420 5134 periclitatur.
1428 5064 1460 5119 ln
1471 5062 1672 5133 magnitudine,
1681 5062 1727 5117 iu·

95 5152 167 5206 diret
179 5150 270 5206 vitam
285 5151 470 5220 audientium,
486 5154 604 5208 tacendo
627 5155 781 5209 custodiret
800 5171 891 5209 suam.
934 5154 1005 5226 quit,
1019 5151 1222 5208 revelationum
1240 5169 1368 5207 mearum
1386 5169 1422 5206 ne
1439 5151 1574 5220 extollam
1590 5152 1672 5205 datus
1689 5157 1727 5206 est

95 5239 247 5296 Sciendum
257 5256 323 5295 vero
331 5245 375 5295 est
385 5241 459 5312 quod
468 5242 558 5297 sancti
568 5243 629 5310 viri,
642 5244 751 5316 qucnes
762 5243 797 5297 de
804 5260 834 5308 se
844 5243 894 5298 ali·
934 5244 1007 5297 milri
1019 5245 1150 5296 stinralas
1165 5244 1259 5296 cereris
1275 5259 1338 5296 inere
1357 5245 1472 5309 onpelus
1486 5239 1607 5307 Sotone,
1623 5243 1673 5310 qui
1685 5257 1727 5296 mc

96 5330 161 5402 quid
175 5329 363 5402 sequentibus
376 5329 563 5397 innotescunt,
576 5348 684 5388 morem
699 5332 742 5387 sui
753 5331 893 5387 creatoris
934 5332 1090 5401 colaphiset.
1103 5331 1222 5395 Qualem
1231 5336 1371 5385 tumorem
1380 5328 1485 5396 timuit,
1495 5328 1542 5402 qui
1554 5328 1729 5385 mordacissi-

95 5419 254 5473 imitantur.
262 5418 336 5472 Nam
343 5419 537 5491 Deus,quinos
545 5421 716 5492 prohibetne
723 5420 836 5492 proprio
845 5437 893 5475 ore
935 5436 1012 5474 mum
1028 5419 1171 5491 epithema
1184 5419 1310 5490 aceepit?
1329 5419 1392 5472 lam
1412 5433 1479 5490 ergo
1497 5417 1581 5474 modo
1598 5417 1642 5474 dic
1662 5417 1729 5490 quia
1768 5438 1776 5447 ’

96 5507 498 5580 Ιαιᾱεωιιτ,ρεῑ8α’ὶριιιηω
505 5525 614 5564 sacram
624 5509 893 5580 laudessuasloqui-
935 5514 1016 5563 tanta
1029 5507 1131 5562 eratin
1146 5507 1199 5561 isto
1212 5506 1333 5578 justitia,
1343 5512 1446 5577 quanta
1462 5513 1506 5561 est
1514 5507 1544 5562 in
1551 5505 1659 5578 angelis
1667 5521 1729 5561 sau·

217 5607 351 5669 Parnes.
370 5607 447 5668 exn
1593 5607 1613 5664 8
