3772 6120
120 268 173 325 219
414 267 445 321 B.
467 266 602 321 lihlihh'l
626 267 741 323 MAURI
762 267 930 322 incluse.
951 266 1112 322 MOGUNT.
1135 264 1283 319 OPERUM
1301 263 1393 316 PARS
1412 262 1462 317 lll.
1705 261 1757 318 280

121 393 257 464 indigeat,
272 398 302 447 et
315 409 365 464 per
386 408 484 446 navem
508 392 669 461 pervenitur
689 393 723 474 ad
741 392 873 465 patriam,
888 397 920 445 ut
929 392 1014 462 Alegi
1029 410 1058 446 se
1070 397 1222 455 mortuum,
1234 388 1373 459 quomodo
1385 395 1513 442 mortuus
1521 388 1614 442 iuerat
1622 387 1756 451 ostendit,

118 483 179 554 jam
195 483 258 537 nari
273 498 343 552 opus
362 497 417 534 uon
433 480 478 533 sit.
490 479 553 533 Sira
574 497 624 550 per
642 482 734 550 legem
755 480 921 551 spiritaliter
961 481 1067 536 dimitto
1083 482 1204 546 condoce
1223 495 1285 531 sura
1300 479 1400 530 cruri:
1420 477 1521 531 tollens
1535 492 1646 530 crucem
1666 493 1755 540 suam,

121 571 302 634 intellectum,
318 569 373 639 legi
394 573 522 622 ruortuus
544 575 596 634 est,
618 586 653 623 ne
674 569 726 624 sub
749 586 783 623 ea
803 568 920 623 carnali·
960 574 990 624 et
1004 569 1146 623 Christum
1156 583 1285 636 sequens,
1297 571 1326 619 ct
1339 565 1367 618 in
1377 565 1438 637 ipsa
1447 564 1596 619 obsecrans
1606 564 1756 635 passione:

120 664 165 713 ter
178 658 292 713 vireret.
308 658 381 711 Nam
394 656 446 710 hoc
466 656 548 711 modo
563 674 614 728 per
627 658 719 728 legem
741 657 796 727 legi
811 663 843 711 ut
857 673 918 711 mo·
959 659 1091 712 Memento
1105 659 1160 708 inci
1174 671 1236 708 cora
1249 656 1357 711 orturis
1367 657 1398 707 in
1413 669 1532 721 reanum
1542 659 1640 707 tuum:
1651 654 1760 707 statim·

120 752 251 801 rarentur
271 744 391 810 volebat,
413 761 477 798 cum
501 744 542 798 eis
563 746 647 816 paulo
671 751 734 817 post
757 746 816 800 ait:
833 747 919 800 Dicito
960 762 1014 816 que
1029 744 1146 799 audiens
1161 761 1166 795 ε
1183 744 1267 798 Hodie
1291 758 1397 796 nucum
1412 745 1467 796 eris
1483 745 1516 797 ia
1536 743 1668 810 paradiso
1683 743 1757 809 (luc.

119 835 192 888 mihi
216 833 266 887 sad
298 835 352 902 layo
377 837 492 888 volontas
520 849 580 898 csse,
611 837 695 902 tepora
715 850 772 888 non
798 835 918 902 lepistisi
959 833 1084 902 xxrn).Si
1094 833 1156 903 quis
1170 830 1345 885 mortificatis
1361 831 1495 884 membris
1503 847 1588 902 super
1597 835 1714 896 terram,
1731 837 1761 885 et

120 920 261 990 Scriptum
277 927 315 975 est
328 924 404 975 enim
413 914 634 990 quadrimodam
646 925 713 976 duos
726 924 796 990 fitius
811 921 916 988 lrobait,
960 923 1065 978 mundo
1075 926 1202 976 mortuus
1215 920 1405 990 configuratus
1414 919 1500 973 tuerit
1509 919 1594 973 morti
1604 920 1671 973 iesu
1680 919 1761 973 Chri-

121 1016 174 1064 etc.
192 1010 262 1078 (dol.
274 1026 312 1076 rr,
331 1011 395 1065 dan.
414 1013 483 1078 xxi).
503 1015 535 1064 ut
549 1027 600 1081 per
613 1011 741 1064 eamdem
756 1011 847 1080 legem
860 1009 918 1080 spi·
960 1012 1005 1078 sti,
1022 1010 1196 1080 crucifigitur
1209 1025 1273 1063 cum
1284 1009 1298 1062 J
1302 1014 1392 1068 esu,ot
1401 1008 1558 1078 trophaeum
1567 1008 1761 1062 mortificatio·

122 1098 244 1152 ritaliter
253 1098 424 1153 intellectam
435 1104 613 1154 morerentur
622 1098 779 1153 carnalibus
788 1097 918 1152 observa·
959 1100 1003 1155 nis
1017 1117 1074 1155 sua
1088 1099 1117 1152 in
1131 1099 1207 1168 ligno
1221 1096 1373 1151 Dominicac
1388 1096 1526 1166 passionis
1540 1096 1640 1166 alligit.
1655 1098 1758 1167 (Anio.)

120 1186 245 1246 tionibus
259 1187 339 1257 legis.
351 1186 430 1251 Quod
445 1194 540 1241 autem
556 1187 695 1257 adjungit,
706 1193 738 1241 at
752 1190 804 1241 Dra
814 1190 915 1252 virori,
959 1189 1012 1253 Qui
1033 1188 1109 1242 enim
1129 1203 1184 1241 non
1204 1186 1264 1255 agit
1283 1202 1344 1255 qua
1364 1185 1461 1239 mundi
1480 1191 1555 1251 sunt,
1577 1186 1619 1238 rel
1641 1186 1756 1250 erroris,

121 1274 179 1329 Deo
193 1275 270 1342 vivit,
285 1275 333 1347 qui
347 1275 399 1328 sub
411 1275 469 1329 Deo
483 1282 535 1341 cst,
547 1276 603 1345 legi
617 1282 712 1329 autem
729 1275 776 1345 qui
791 1274 842 1328 sub
857 1275 918 1344 lege
959 1284 1087 1332 mortuus
1096 1276 1202 1330 mundo
1217 1280 1269 1328 est.

121 1370 173 1428 est,
189 1362 312 1433 sublege
325 1368 421 1417 autam
434 1364 509 1429 rivit,
527 1364 555 1417 in
571 1369 708 1434 quantum
723 1363 842 1434 quisque
853 1379 917 1432 pec·
1000 1368 1060 1420 Viro
1070 1368 1232 1433 outomjorn
1242 1379 1298 1417 non
1312 1378 1358 1430 epo
1368 1382 1375 1416 :
1385 1363 1756 1419 rirrtceroinrnedlrristas:

121 1458 199 1506 cator
210 1458 261 1519 est,
278 1452 307 1506 id
319 1458 370 1519 est,
382 1452 411 1505 in
425 1457 563 1522 quantum
578 1469 596 1506 a
609 1457 703 1505 vetere
727 1452 841 1505 homino
862 1467 917 1504 non
959 1461 1070 1508 nonest
1083 1452 1246 1523 ambiguum
1259 1451 1288 1504 in
1303 1467 1335 1504 eo
1351 1452 1397 1521 qui
1413 1467 1464 1521 per
1484 1451 1568 1504 sidem
1589 1451 1760 1506 liberatura

36 1570 40 1577 .
120 1545 162 1593 est
178 1546 303 1594 mutatus
319 1559 325 1593 :
343 1557 394 1594 sua
413 1540 488 1594 enim
501 1541 559 1594 rita
572 1540 647 1606 vivit,
659 1547 688 1594 et
698 1540 760 1593 ideo
778 1540 820 1593 lex
834 1555 920 1609 supra
960 1549 1050 1596 morte
1063 1541 1206 1595 Christum
1221 1539 1311 1592 virere
1324 1557 1329 1590 :
1344 1545 1433 1592 morte
1449 1539 1619 1608 enimdigno
1627 1540 1697 1594 dum
1707 1541 1759 1595 do·

120 1628 201 1681 illum
216 1636 267 1695 est,
280 1628 346 1699 quia
361 1629 410 1699 qui
423 1644 486 1683 eam
501 1645 556 1682 non
570 1629 678 1700 implet,
689 1628 851 1682 infrailiam
861 1633 915 1684 est.
961 1636 1011 1685 nat
1024 1635 1146 1702 peccata,
1161 1629 1221 1699 ipse
1235 1628 1302 1681 vivit
1321 1628 1349 1681 in
1371 1626 1428 1693 iilo,
1453 1628 1514 1697 ejus
1535 1628 1610 1680 enim
1628 1629 1759 1699 praesidio

120 1716 192 1770 liora
200 1720 277 1785 justo
288 1720 330 1771 ier
341 1720 431 1786 posito
445 1733 502 1772 noa
516 1722 563 1783 est,
575 1717 604 1770 id
613 1724 665 1783 est,
674 1716 805 1787 imposita
818 1722 851 1770 ut
868 1731 916 1768 su·
928 1709 1074 1790 Bereptus
1089 1718 1173 1772 morti
1188 1717 1327 1783 (Hieron.)
1339 1717 1401 1770 Non
1415 1716 1483 1769 vivit
1496 1716 1543 1769 ille
1554 1716 1601 1786 qui
1615 1717 1758 1787 quondam

120 1821 172 1876 pra
185 1805 265 1860 illum
279 1805 317 1860 sit
330 1824 335 1859 :
352 1806 382 1860 in
398 1805 447 1860 illa
455 1813 498 1858 est
507 1805 582 1859 enim
594 1805 687 1875 potius
700 1822 784 1876 quarn
796 1804 848 1858 sub
860 1805 917 1871 illa,
959 1807 1068 1861 vivebat
1075 1806 1104 1860 in
1113 1807 1184 1876 lege,
1196 1805 1299 1875 quippe
1309 1805 1357 1874 qui
1369 1804 1589 1874 persequebatur
1595 1804 1757 1873 Ecclesiam,

121 1894 187 1963 quia
201 1911 257 1948 non
267 1910 319 1948 sua
328 1893 470 1960 vitavirit,
479 1894 524 1947 cui
534 1894 686 1948 coercenda
699 1894 742 1947 lex
753 1892 916 1964 imponitur,
959 1896 1026 1951 vivit
1035 1901 1130 1949 autem
1146 1894 1176 1948 in
1192 1912 1224 1948 eo
1232 1892 1370 1958 Christus,
1383 1893 1531 1963 sapientia,
1541 1892 1686 1959 fortitudo,
1698 1910 1758 1947 ser-

120 1983 239 2037 utenim
262 1983 302 2037 sic
322 1983 424 2048 dicam,
447 1983 510 2053 ipsa
532 1982 740 2053 quodammodo
758 1982 819 2052 lege
841 1981 916 2045 visit,
959 2001 1085 2055 mapali,
1094 1983 1410 2054 gaudiumoatcraeque
1419 1981 1551 2047 virtutes,
1564 1999 1634 2052 quas
1643 1983 1691 2052 qui
1701 1999 1758 2037 non

120 2072 169 2141 qui
178 2088 243 2126 cum
252 2071 401 2126 dilectione
409 2070 527 2142 Justitiae
534 2070 692 2141 Justerivit,
701 2069 877 2141 n'onproprio
887 2086 920 2123 ac
959 2073 1112 2140 habet‚non
1123 2071 1328 2142 potestdicere:
1342 2072 1414 2127 Vicit
1423 2076 1516 2124 oatorn
1527 2073 1558 2124 ia
1569 2087 1611 2124 mo
1622 2071 1757 2126 Christus.

120 2159 293 2226 transitorio,
305 2160 353 2214 sed
364 2159 506 2213 communi
516 2176 548 2212 ac
557 2158 651 2212 stabili
662 2158 788 2228 gaudem
799 2157 920 2212 bono.Et
960 2163 1019 2216 Hoc
1034 2167 1128 2216 autem
1144 2167 1235 2214 totum
1249 2158 1301 2213 sub
1314 2175 1366 2212 sua
1376 2175 1496 2229 persona
1504 2159 1638 2213 adversus
1646 2161 1759 2215 Petrum

119 2249 182 2303 ideo
197 2248 284 2303 Paulo
298 2264 355 2302 non
371 2254 433 2302 erat
445 2248 489 2301 lex
502 2247 681 2318 imponenda,
694 2246 741 2318 qui
754 2246 839 2299 dicit:
858 2247 920 2302 l'ioo
961 2250 995 2304 de
1010 2250 1093 2305 Petro
1113 2249 1247 2320 disputat.
1266 2249 1358 2316 (Aua.)
1375 2247 1448 2301 liudi
1468 2247 1625 2319 apostolum
1642 2249 1761 2303 Paulum

119 2340 285 2406 artemiam
299 2352 356 2391 non
372 2352 427 2404 eoo,
444 2339 510 2389 eicit
524 2351 587 2390 aero
602 2339 634 2388 in
650 2351 692 2389 rae
706 2335 842 2389 Christus.
852 2333 920 2398 Quis
960 2343 1110 2408 negantem
1125 2355 1164 2403 se,
1181 2338 1257 2400 Mihi,
1276 2336 1376 2406 inquit,
1402 2338 1524 2390 rotundas
1547 2340 1696 2404 crucr'drus
1711 2345 1759 2402 est,

119 2443 186 2497 ergo
199 2426 303 2481 audeat
318 2425 429 2480 Christo
442 2425 533 2494 legem
556 2423 711 2495 imponere,
734 2424 781 2493 qui
804 2423 869 2476 vivit
890 2423 919 2476 in
960 2433 984 2481 et
998 2443 1044 2495 epo
1062 2428 1176 2480 errando.
1190 2425 1265 2479 Audi
1284 2424 1375 2479 adhuc
1397 2431 1547 2494 negantem
1561 2442 1600 2491 se,
1628 2428 1697 2492 i'ioo,
1715 2427 1759 2482 in-

121 2511 920 2583 PaulotNonenimaudetquisdicere,Christumnonrectc
961 2515 1032 2586 quit,
1045 2532 1101 2569 noa
1116 2515 1247 2582 cposrivo
1261 2529 1317 2568 non
1331 2530 1393 2583 ego,
1402 2520 1501 2584 aperta
1510 2514 1552 2567 sui
1568 2516 1691 2584 negatio.
1704 2517 1759 2570 Sed

118 2605 220 2668 vivere,
234 2610 267 2657 ut
276 2603 302 2657 ei
313 2601 466 2657 coercendo
479 2602 522 2655 lex
533 2601 703 2671 imponenda
717 2600 762 2654 sit.
781 2601 917 2669 (Hieron.)
957 2605 1017 2674 jam
1033 2603 1161 2674 sequitur
1166 2602 1288 2673 gloriosa
1299 2601 1403 2656 Christi
1415 2601 1561 2666 confessio,
1573 2606 1640 2658 riori
1656 2621 1719 2658 cero
1729 2608 1760 2658 ia

118 2692 202 2746 aliud
218 2698 261 2746 est
274 2707 324 2761 per
337 2690 428 2759 legem
443 2690 524 2755 mori,
540 2694 569 2742 et
589 2688 665 2742 aliud
682 2688 736 2758 legi
757 2689 828 2741 mori
847 2707 852 2742 :
871 2687 919 2758 qui
960 2709 1003 2746 me
1022 2694 1156 2748 Christro.
1174 2691 1247 2755 Quid
1265 2696 1308 2744 est
1324 2707 1390 2759 ergo
1410 2692 1549 2760 negate?
1571 2691 1628 2745 noli
1647 2698 1679 2745 tu
1700 2693 1759 2763 ipse

39 2847 43 2850 ,
119 2780 174 2850 legi
188 2780 318 2841 moritur,
331 2777 636 2848 virebateiantequam
645 2781 811 2841 moreretur,
826 2775 918 2830 obser·
960 2781 1051 2834 virere
1066 2781 1095 2834 in
1105 2780 1224 2844 te.Quid
1239 2784 1290 2846 est,
1303 2779 1360 2833 noli
1374 2779 1475 2850 tuipse
1490 2779 1582 2833 vivere
1595 2780 1625 2833 in
1637 2781 1685 2833 te?
1701 2782 1758 2835 noli

118 2885 187 2922 rans
202 2867 327 2934 sabbata,
334 2867 506 2932 neomenias,
525 2872 554 2920 ct
564 2865 623 2919 dics
643 2865 736 2924 festos.
755 2871 783 2919 et
795 2864 919 2918 victima·
959 2869 1050 2923 iacere
1064 2869 1236 2922 voluntatem
1251 2874 1340 2934 tuam,
1351 2868 1400 2921 sed
1416 2867 1490 2921 illius
1501 2868 1549 2939 qui
1561 2867 1709 2923 habitatin
1719 2877 1757 2924 te.

120 2974 182 3012 rum
200 2956 324 3029 typicam
340 2954 541 3024 eusi⁰i⁸ii³²ieffli
558 2960 587 3008 ei
605 2953 714 3007 fabulas
733 2952 873 3016 ludificas,
891 2959 920 3007 et
996 2958 1072 3024 Quod
1085 2964 1178 3011 autom
1192 2959 1337 3011 narrooiao
1353 2960 1385 3010 in
1400 2972 1492 3020 corne,
1506 2961 1537 3011 ia
1553 2959 1603 3024 irie
1618 2961 1679 3012 vico
1694 2960 1760 3014 Filii

118 3045 312 3118 genealogias3
330 3051 479 3115 postquam
494 3048 589 3096 autem
600 3042 676 3096 renit
685 3041 824 3109 Christus,
837 3041 945 3105 etleXC
955 3048 1014 3112 Dei,
1028 3049 1078 3115 oui
1091 3048 1189 3100 diieoit
1205 3063 1256 3109 mc,
1271 3051 1296 3098 et
1311 3047 1427 3099 tradidit
1450 3049 1625 3114 sorrrrtipsom
1639 3063 1690 3114 pro
1707 3064 1757 3100 me.

118 3135 153 3189 de
169 3151 224 3206 qua
237 3134 373 3204 scriptum
388 3137 431 3185 est
441 3150 447 3184 :
459 3132 567 3187 Seianus
582 3137 674 3184 autam
689 3135 756 3199 quio
776 3133 820 3184 lea
832 3132 918 3198 spiri·
960 3133 1062 3202 (Δηὼ.)
1080 3134 1219 3198 Quoniam
1233 3133 1329 3188 futura
1343 3133 1400 3188 rita
1415 3134 1553 3205 promissa
1567 3139 1610 3189 est
1625 3135 1760 3190 Christia-

119 3227 184 3279 rarie
207 3229 244 3277 est
267 3224 352 3289 (Rom.
378 3223 435 3287 tn),
461 3236 512 3290 pcr
534 3218 727 3288 Erangeiicam
740 3219 841 3288 legem,
862 3218 917 3287 legi
958 3223 1013 3290 nis,
1030 3223 1093 3277 ideo
1117 3223 1165 3294 qui
1188 3239 1262 3277 nunc
1285 3222 1314 3276 in
1337 3222 1389 3276 hac
1412 3223 1470 3276 vita
1496 3222 1607 3276 auxiliis
1630 3223 1680 3278 Dei
1699 3241 1761 3279 mu-

118 3310 243 3383 pristinae
258 3315 386 3364 mortuus
401 3315 452 3374 est,
469 3307 607 3361 stenima
626 3323 687 3378 quae
708 3307 861 3360 seeundum
885 3305 916 3359 id
958 3311 1034 3365 nitus
1064 3311 1140 3376 vivit,
1170 3311 1198 3365 in
1229 3310 1284 3365 tide
1310 3310 1373 3364 vitm
1407 3310 1551 3381 promissae
1575 3311 1640 3366 vivit
1674 3331 1679 3364 :
1715 3313 1761 3367 hic

119 3396 539 3470 quodscribituradltomanos:
558 3397 618 3450 Viro
626 3399 730 3449 vivente
738 3398 764 3447 si
773 3398 915 3463 irrepsisset,
958 3399 1034 3454 emm
1052 3400 1206 3468 imaginem
1221 3398 1296 3452 illius
1317 3400 1533 3470 contemplatur,
1555 3401 1634 3470 quasi
1656 3402 1760 3472 pignus

119 3490 247 3542 adultero
260 3488 408 3541 vomantur
428 3487 653 3555 (thid.),mortuo
667 3483 726 3537 viro
741 3499 801 3548 suo,
820 3483 848 3535 id
864 3487 914 3540 est.
956 3488 1063 3542 habens
1082 3487 1144 3541 vitm
1168 3487 1279 3553 futurae,
1301 3504 1362 3558 quae
1386 3488 1505 3558 perlici
1525 3495 1628 3543 nutum
1652 3490 1757 3544 Christi

118 3578 180 3648 lege
208 3576 304 3642 veteri
330 3575 426 3646 nupsit
449 3574 504 3644 legi
527 3572 656 3644 spiritali,
683 3578 715 3625 ut
737 3570 919 3624 fructificaret
958 3592 1054 3630 amore
1096 3575 1177 3630 nobis
1214 3575 1330 3647 quaesita
1358 3581 1409 3629 est.
1442 3578 1577 3646 (Hieran.)
1606 3578 1690 3632 Aliud
1717 3586 1760 3634 est

118 3667 187 3733 Deo,
201 3665 276 3720 unde
291 3665 320 3719 in
334 3664 405 3720 Osee
419 3663 454 3717 ad
472 3678 535 3717 eam
553 3661 726 3715 dicitur:lir
747 3677 789 3725 rac
808 3662 917 3727 fruetus
957 3665 987 3720 in
1013 3681 1096 3720 came
1123 3681 1193 3728 esse,
1222 3669 1251 3719 et
1285 3664 1361 3718 aliud
1388 3665 1417 3718 in
1452 3681 1535 3718 earne
1572 3667 1673 3721 rivere.
1704 3669 1759 3735 Oai

119 3756 182 3809 taus
197 3758 325 3809 inventus
340 3759 377 3807 est
398 3754 466 3820 (Ore.
488 3752 554 3818 xiv).
572 3749 623 3804 Cui
638 3748 754 3820 pulchre
768 3747 917 3819 mysticum
956 3759 1050 3808 autem
1077 3757 1109 3808 in
1136 3769 1219 3808 carna
1246 3759 1321 3820 suat,
1350 3754 1402 3807 lieo
1424 3757 1532 3822 placere
1555 3771 1611 3809 non
1631 3763 1755 3824 possunt,

118 3845 187 3899 illud
197 3843 326 3911 insertur,
335 3846 396 3912 qais
412 3844 520 3910 sopiens
535 3845 559 3893 ct
570 3841 704 3906 intettioot
718 3841 791 3892 isto?
805 3838 861 3891 Aut
875 3840 918 3891 in·
957 3843 1032 3897 unde
1045 3842 1080 3896 ad
1093 3841 1164 3896 bene
1178 3842 1302 3896 viventes
1316 3841 1436 3895 dicitur:
1458 3844 1502 3896 Vos
1516 3849 1610 3898 aaroni
1625 3860 1681 3898 non
1695 3849 1759 3899 estis

119 3937 243 4003 triticeas
270 3938 295 3987 rt
321 3936 457 3999 capnoscrt
482 3935 535 3984 aa?
563 3927 617 3992 Qui
645 3943 695 3997 per
719 3927 809 3996 legem
831 3926 918 3996 igitur
958 3934 987 3984 in
1004 3947 1088 3984 carne
1103 3931 1190 4001 (liant
1207 3935 1274 3999 iun).
1291 3947 1303 3980 o
1318 3930 1350 3983 ln
1365 3929 1429 3995 tide,
1443 3930 1543 4000 inquit,
1558 3931 1692 3986 riroFilii
1708 3933 1758 3988 Dei

117 4020 443 4094 spiritalemlegilittera
451 4017 580 4082 moritur,
593 4016 651 4069 Deo
661 4015 807 4081 riviacum
815 4031 871 4069 uon
880 4014 917 4068 sit
958 4026 987 4073 et
1010 4019 1123 4083 Christi,
1153 4019 1201 4089 qui
1224 4019 1318 4072 dilexit
1348 4035 1402 4082 me,
1435 4025 1464 4072 et
1490 4019 1607 4073 tradidit
1634 4021 1757 4091 seipsum

117 4113 178 4167 sine
195 4111 257 4179 lege
281 4108 340 4172 Dei,
367 4107 416 4159 scd
439 4106 469 4159 in
490 4106 550 4174 iege
572 4104 609 4157 sit
628 4102 731 4157 Christi
753 4121 759 4156 z
781 4103 828 4173 qui
852 4119 916 4157 rero
957 4125 1008 4179 pro
1021 4124 1076 4161 mc.
1095 4127 1107 4160 »
1123 4107 1166 4161 Ad
1179 4108 1318 4161 Romanos
1337 4107 1371 4159 de
1390 4107 1448 4161 Deo
1467 4107 1600 4178 loquitur,
1619 4109 1693 4180 quod
1709 4111 1756 4163 Fi-

117 4200 172 4271 legi
187 4198 315 4261 moritur,
334 4194 369 4250 ob
383 4199 506 4265 peccata,
522 4198 649 4246 mortuus
671 4191 784 4262 quidem
798 4198 849 4257 est,
866 4191 914 4245 sed
956 4196 993 4250 iio
1016 4213 1066 4250 suo
1088 4213 1142 4250 non
1164 4195 1329 4266 pepercerit,
1353 4195 1402 4249 sed
1425 4213 1475 4265 pro
1504 4195 1584 4250 nobis
1607 4198 1757 4253 tradiderit

117 4306 174 4345 non
184 4292 277 4359 potest
288 4286 322 4339 de
332 4301 365 4339 e⁰
375 4283 439 4345 dici,
448 4281 522 4352 quod
532 4279 669 4350 sequitur,
677 4285 709 4333 ut
717 4297 729 4331 t
737 4280 811 4333 vivat
819 4281 885 4334 De0·
899 4299 912 4331 r
956 4301 1037 4339 eum:
1052 4301 1197 4339 nuncrero
1207 4284 1241 4337 de
1252 4284 1452 4354 Christo‚quod
1460 4284 1582 4354 seipsum
1591 4285 1751 4353 tradiderit,

117 4381 184 4435 Esse
198 4383 294 4432 autem
309 4374 400 4443 legem
416 4371 501 4425 aliam
514 4368 671 4440 spiritalem
682 4369 861 4438 extralegem
871 4346 1005 4442 lit-Daui
1018 4375 1114 4428 attera
1129 4389 1179 4436 me,
1197 4372 1297 4443 inquit,
1312 4378 1336 4426 et
1358 4374 1475 4426 tradidit
1490 4377 1609 4441 seipsa-m
1625 4390 1678 4443 pro
1700 4393 1753 4430 ate.

118 4475 194 4535 terre,
217 4472 246 4522 et
267 4462 334 4519 alibi
350 4461 500 4533 Apostolus
525 4459 605 4513 docet
625 4455 721 4511 dicens
736 4459 821 4525 (liorn.
843 4461 912 4525 rra:
957 4465 989 4517 ln
1011 4462 1160 4532 Evangelio
1182 4477 1256 4527 vero,
1273 4461 1320 4514 ubi
1340 4462 1458 4532 apostoli
1479 4470 1691 4528 enumerantur,
1711 4465 1755 4518 in.

12 4587 15 4591 ·
117 4560 210 4626 ltaque
225 4560 268 4611 leo
283 4555 392 4625 quidem
411 4555 507 4605 sancto
530 4554 553 4601 et
571 4546 735 4600 rrtondotanr
748 4551 875 4600 sanctam
891 4552 915 4600 ot
956 4552 1054 4614 fertur,
1080 4556 1104 4604 et
1130 4551 1216 4604 iudos
1239 4552 1379 4604 iscariotes
1406 4553 1455 4619 quii
1484 4552 1600 4604 tradidit
1623 4567 1706 4618 eum;
1727 4560 1757 4608 et

113 4650 224 4714 justam
237 4649 262 4697 et
277 4645 388 4695 honum.
408 4641 443 4694 Et
465 4638 590 4693 Ezechiel
605 4653 637 4690 ex
656 4652 777 4708 persona
792 4635 843 4689 Dei
859 4652 864 4687 τ
882 4636 915 4690 Ei
956 4638 1105 4694 rursumin
1116 4637 1214 4692 eodem
1226 4657 1231 4690 :
1245 4640 1549 4708 doreoppropiaquooit
1559 4642 1656 4709 quirne
1667 4643 1754 4696 tradet

117 4734 208 4797 educi,
233 4729 334 4801 inquit,
351 4745 402 4794 eos,
419 4728 448 4781 id
472 4734 514 4782 est
538 4727 672 4799 populum
696 4726 867 4791 ludaeorum,
884 4725 915 4777 do
958 4728 1053 4795 (altaro.
1071 4743 1099 4793 x,
1114 4727 1210 4780 ritotth.
1228 4731 1320 4795 xxvii:
1333 4727 1368 4781 de
1384 4727 1558 4798 principibus
1577 4744 1642 4782 vero
1661 4745 1754 4783 sacer·

120 4828 195 4876 terro
216 4820 334 4886 AEoppti,
343 4823 367 4870 et
379 4817 486 4870 adduas·
499 4834 541 4871 eos
556 4821 588 4871 in
602 4819 748 4879 desertma
764 4819 788 4868 ot
802 4815 865 4867 dodi
877 4815 915 4866 eis
956 4809 1096 4870 dotum'et
1109 4813 1266 4868 senioribus
1281 4816 1375 4886 populi
1388 4816 1533 4886 Scriptura
1542 4826 1754 4884 commemorat,

115 4913 247 4982 prerepto
258 4907 577 4973 rrroo,etjustidmtioaes
590 4922 662 4960 vireas
678 4905 914 4971 ostenditis,qaas
957 4903 1031 4975 quod
1045 4903 1293 4958 condemnaverint
1302 4905 1397 4958 lesum
1410 4904 1504 4969 morti,
1518 4910 1547 4958 et
1560 4904 1681 4974 ligantes
1691 4923 1757 4960 eum

118 5001 199 5067 [aoid
217 4997 305 5060 hortm,
321 4999 345 5047 et
361 4995 430 5046 riret
445 4995 476 5045 ia
490 4996 527 5045 eir
546 4995 652 5053 (Erech.
670 4990 726 5064 xx).
743 4992 782 5046 De
802 5008 836 5045 ea
850 5007 914 5045 vero
955 4993 1087 5048 duxerint
1095 4998 1124 5046 et
1131 4992 1300 5046 tradiderint
1312 4993 1401 5047 Pilato
1410 4992 1534 5063 praesidi:
1544 5000 1572 5047 et
1580 4993 1713 5064 deinceps
1721 4995 1756 5048 de

117 5088 178 5158 lege
193 5101 255 5157 ques
269 5084 341 5137 irem
356 5086 497 5152 operatur,
515 5082 559 5135 cui
581 5089 609 5137 et
621 5083 772 5154 Apostolus
787 5086 914 5134 mortuus
955 5082 1064 5136 Pilato:
1077 5082 1190 5136 Dimisit
1206 5085 1243 5135 eir
1253 5083 1618 5146 dormiana-lesumautern
1632 5085 1756 5152 stapella-

118 5182 170 5241 est,
197 5179 295 5246 postca
320 5170 405 5226 insert
430 5187 436 5222 z
465 5170 498 5223 dt
521 5186 567 5237 epo
586 5173 649 5224 dedi
661 5174 839 5239 eispracepta
858 5185 913 5223 non
956 5177 1016 5226 tum
1031 5172 1147 5226 tradidit
1160 5174 1198 5223 eir
1214 5176 1242 5223 ut
1257 5173 1521 5238 cruoifioorcnteom
1538 5171 1645 5237 (eliottlr.
1658 5172 1753 5241 xxia).

119 5267 198 5331 bona,
214 5270 238 5316 et
245 5264 464 5332 justificationes,
482 5262 514 5311 in
529 5259 628 5328 picibus
643 5276 699 5313 non
714 5262 803 5312 circat
820 5261 851 5312 ia
864 5262 911 5311 eis.
955 5259 1046 5329 Igitur
1058 5265 1087 5314 et
1096 5260 1181 5314 Pater
1195 5258 1311 5313 tradidit
1319 5258 1431 5323 Filium,
1445 5265 1474 5311 et
1485 5258 1571 5312 Filius
1582 5260 1641 5331 ipse
1650 5276 1681 5314 se
1695 5267 1740 5314 tra

117 5353 241 5426 idipsum
250 5349 425 5420 significatur
434 5355 463 5403 et
471 5348 502 5402 in
513 5347 796 5415 Psalterio,quorriora
809 5363 863 5400 aon¹
874 5363 913 5399 ro
954 5348 1034 5413 didit,
1048 5355 1076 5401 et
1085 5348 1217 5411 ludas,et
1231 5348 1389 5401 sacerdotes
1401 5363 1465 5401 eum
1482 5347 1654 5420 principibus
1668 5350 1756 5404 tradi·

118 5445 200 5511 anari
210 5443 408 5501 litteraturam,
417 5438 536 5491 introibo
548 5439 579 5491 ia
589 5437 911 5503 fortitudincmliomiai.
954 5436 1065 5498 derunt,
1081 5437 1153 5490 etad
1167 5443 1322 5490 extremum
1337 5437 1472 5491 traditum
1488 5436 1550 5502 sibi,
1563 5436 1682 5492 tradidit
1693 5437 1753 5509 ipse

154 5532 259 5586 Christo
267 5528 389 5596 condens
398 5542 458 5579 soor
470 5528 555 5580 eruci.
568 5524 640 5590 Quia
650 5524 757 5577 dixerat
766 5539 816 5594 per
824 5525 913 5592 legem
954 5524 1061 5577 Pilatus
1079 5542 1084 5575 :
1102 5525 1150 5577 sed
1171 5524 1255 5577 Pater
1275 5524 1390 5578 tradidit
1413 5533 1444 5579 ut
1467 5527 1586 5579 salvaret
1609 5527 1751 5596 perditum
