3772 6120
116 278 167 335 303
413 279 445 331 B.
466 277 601 331 RABANI
620 276 736 331 Macar
760 277 929 350 aaudiat).
948 276 1110 331 MOGUNT.
1132 276 1279 330 OPERUM
1299 275 1391 329 PARS
1409 275 1459 331 111.
1703 275 1754 330 304

118 422 168 460 nes
189 368 378 459 humilitatem
406 401 510 455 Christi
533 418 583 472 per
609 400 809 453 revelationem
838 403 1093 461 ante-Amemores
1109 401 1184 465 estis,
1198 400 1265 469 quia
1279 417 1327 454 vos
1341 397 1492 470 aliquando
1502 407 1601 469 gentes
1615 400 1645 453 in
1659 417 1753 464 carne,

118 511 203 566 quam
223 495 312 557 fieret,
332 497 361 545 et
375 506 426 562 per
444 476 625 560 Evangelium
644 496 827 559 posteaquam
841 490 915 543 facta
955 491 1003 560 qui
1017 490 1140 543 dicimini
1156 489 1333 560 praeputium,
1346 489 1381 542 ab
1392 506 1425 542 ea
1440 505 1502 559 quae
1516 489 1620 543 dicitur
1634 488 1756 543 eircum-

117 588 169 648 est,
183 581 320 636 credendo
329 579 495 645 dilexerunt,
505 578 646 649 diligendo
656 578 760 632 imitati
772 585 847 632 sunt.
860 579 914 633 Sed
955 579 1022 632 cisio
1037 579 1066 632 in
1085 595 1168 632 carne
1183 580 1352 642 manufacta,
1370 579 1436 649 quia
1454 579 1540 632 eratis
1560 579 1608 632 illo
1627 584 1756 649 tempore

117 672 177 727 haec
187 669 300 741 justitia
313 668 388 735 ndei,
405 668 538 739 quianon
554 684 603 738 pro
614 667 715 721 merito
729 667 796 720 data
809 675 852 720 est
864 667 914 720 bo·
956 667 1016 721 sine
1027 667 1147 733 Christo,
1160 667 1301 721 alienatio
1315 667 1447 721 societate
1463 668 1558 734 lsrael,
1572 673 1601 722 et
1615 667 1757 738 peregrini

118 758 251 825 minibus,
269 757 319 812 scd
340 774 391 828 pro
410 757 604 811 misericordia
624 762 652 810 et
669 756 764 826 gratia
781 757 841 822 Der,
859 772 915 810 non
956 761 1199 820 testamentorum,
1216 755 1408 826 promissionis
1428 773 1507 827 spem
1530 767 1586 809 non
1609 755 1756 818 babentes,

118 853 179 903 erat
199 847 342 919 popularis
363 853 513 916 antequam
531 846 606 899 Deus
627 845 711 899 horno
734 845 808 899 inter
828 844 916 899 homi·
957 854 986 899 et
995 845 1055 899 sine
1063 847 1120 899 Deo
1129 845 1157 897 in
1168 846 1219 898 hoo
1228 845 1343 901 inundo.
1355 865 1368 895 n
1380 845 1506 914 Denique
1517 845 1573 898 illic
1583 845 1712 899 infideles
1722 845 1758 898 de

117 954 168 992 nes
187 941 360 993 nasceretur.
382 935 479 990 Sanun
502 940 597 989 autem
613 934 659 988 cui
679 937 847 1002 promissum
867 940 912 998 est,
957 934 1029 990 oliva
1044 933 1195 999 suafraeti,
1207 933 1362 1003 hicautem
1377 934 1472 987 fideles
1482 934 1517 987 de
1529 935 1650 989 oleastro
1661 935 1691 988 in
1705 934 1758 988 oli-

116 1024 405 1097 populumsignilicat,
415 1040 471 1078 non
482 1023 544 1078 illos
553 1023 744 1095 paucissimos,
755 1023 804 1093 qui
814 1022 917 1076 revela·
956 1040 1020 1077 vam
1030 1022 1142 1076 illorum
1156 1021 1253 1076 inserti
1267 1038 1329 1076 esse
1344 1028 1546 1076 monstrantur.
1559 1024 1676 1077 lllornrn
1691 1040 1758 1093 ergo

115 1112 918 1184 tionibuseamfuturamcementes‚quamvispereamdcm
958 1117 1019 1166 erat
1028 1112 1062 1165 de
1070 1112 1140 1181 legis
1150 1111 1373 1179 transgressione
1383 1112 1531 1165 atterenda
1539 1111 1759 1183 superbia,sicut

117 1203 203 1258 fidem
220 1203 290 1258 salvi
307 1203 417 1268 fierent,
435 1203 571 1273 populum
589 1207 687 1255 tamen
701 1201 809 1255 salvum
824 1200 916 1254 iacere
957 1201 993 1254 ad
1003 1201 1142 1254 Romanos
1149 1216 1213 1253 curn
1222 1200 1431 1270 scripturarum
1439 1199 1530 1254 verbis
1539 1206 1757 1271 peccataeorum

117 1309 175 1348 non
184 1297 324 1365 poterant.
336 1292 390 1356 Qui
400 1292 519 1363 populns
529 1307 596 1344 sane
611 1290 634 1343 si
650 1306 701 1361 per
713 1295 805 1344 totum
820 1289 917 1343 orbem
958 1294 1153 1360 exaggerasset
1170 1287 1275 1343 :rScitis
1289 1295 1396 1353 etatem,
1414 1289 1515 1360 inquit,
1532 1293 1666 1358 quoniam
1681 1307 1757 1358 qaia·

117 1381 312 1436 consideretur
322 1382 400 1447 (nam
410 1379 446 1434 de
461 1383 521 1433 toto
537 1378 603 1432 orbe
620 1378 771 1432 Ecclesiam
787 1377 918 1431 Hierusa·
958 1379 1248 1446 arnqrceleadicit,bis
1258 1382 1344 1446 quiin
1355 1381 1626 1446 lepesuntloqaitur,
1636 1385 1667 1433 ut
1679 1394 1758 1432 ornae

118 1470 175 1525 lem
190 1469 331 1523 coelestem
344 1474 517 1539 congregat),
533 1467 616 1538 pauci
634 1473 708 1534 sunt,
725 1467 792 1537 quia
808 1466 853 1519 via
870 1482 918 1519 an·
958 1484 986 1522 os
1000 1468 1169 1533 obstruatur,
1186 1473 1211 1520 et
1224 1483 1286 1520 reris
1301 1469 1587 1546 statuentis-mundns
1603 1469 1655 1522 Deo
1672 1468 1756 1535 iliam.

118 1563 202 1630 gusta
223 1574 376 1630 paucorum
404 1564 455 1624 est,
480 1558 616 1611 inunum
636 1563 733 1610 tamen
756 1555 917 1626 corrgregati
959 1555 1117 1624 111);Judaei
1134 1555 1241 1609 scilicet
1255 1556 1289 1609 de
1299 1556 1522 1625 transgressione
1536 1555 1606 1626 legis
1617 1563 1645 1609 et
1659 1564 1758 1626 gentes

119 1652 258 1719 quotquot
265 1647 545 1718 existerepotuerunt
554 1662 586 1699 ex
596 1662 651 1716 quo
659 1645 840 1715 Evangelinm
850 1661 919 1715 prae-
959 1645 993 1698 de
1004 1645 1148 1715 impietate
1162 1644 1222 1699 sine
1233 1645 1303 1714 lege.
1323 1645 1402 1698 Unde
1414 1651 1442 1698 et
1456 1644 1560 1698 iterum
1574 1645 1631 1698 ait:
1644 1647 1758 1701 Coriola-

119 1735 239 1802 dicatur,
257 1741 286 1790 et
303 1741 441 1807 quotquot
458 1740 592 1806 poterunt
611 1733 744 1804 usquein
764 1734 849 1787 finem
868 1731 994 1790 sat-Bsit
1007 1737 1082 1788 enim
1097 1735 1167 1787 Dens
1181 1736 1276 1787 arianis
1291 1737 1323 1786 in
1339 1735 1571 1799 incredulitatem,
1583 1739 1615 1787 at
1629 1735 1757 1788 oinnr'bus

120 1825 176 1880 culi
194 1841 245 1896 per
263 1840 361 1879 omnes
380 1829 489 1894 gentes,
511 1823 650 1894 adjunctis
674 1822 726 1876 sibi
750 1822 835 1876 etiam
863 1821 917 1875 illis
932 1861 934 1866 ·
959 1826 1124 1876 niisareatur
1139 1841 1146 1875 ε
1163 1822 1215 1875 hoe
1224 1828 1253 1876 et
1261 1838 1335 1875 nunc
1349 1822 1425 1880 dicit.
1438 1822 1572 1876 retricans
1582 1823 1673 1893 ipsam
1685 1840 1759 1893 qua-

120 1913 248 1986 quamvis
266 1913 453 1985 paucissimis,
473 1913 522 1983 qui
540 1929 573 1966 ex
591 1912 645 1966 side
664 1911 776 1965 Domini
791 1927 842 1981 per
857 1927 919 1981 pro·
959 1911 1088 1966 stionem.
1110 1913 1161 1965 Les
1182 1927 1244 1979 erpa
1268 1913 1397 1964 adversus
1415 1915 1552 1979 prornisso
1576 1913 1652 1965 Ilei?
1670 1914 1756 1967 Absit.

120 2001 246 2073 phetiam
260 2007 326 2056 ante
341 1999 438 2056 ambos
457 2001 593 2055 adventus
609 2001 670 2071 ejus
685 2001 804 2053 salutem
819 1999 918 2068 gratiae
961 2000 1078 2067 (llinbrd
1088 2000 1168 2054 Absit
1183 2000 1279 2070 utique
1294 1999 1360 2070 quia
1377 2016 1434 2053 non
1448 2005 1491 2053 est
1505 2001 1550 2054 lex
1563 2001 1679 2054 inimica
1693 2017 1759 2071 pro·

120 2095 316 2162 perceperunt,
333 2091 451 2162 implent
465 2096 625 2145 sanctorum
647 2088 840 2142 beatissimum
857 2087 920 2141 civi·
960 2089 1111 2154 missionis,
1125 2089 1228 2159 quippe
1243 2105 1306 2141 cunr
1321 2089 1469 2143 confirmet
1478 2105 1557 2156 eam;
1571 2106 1637 2143 narn
1654 2090 1761 2161 primus

120 2179 188 2234 tatis
203 2178 382 2250 sempiternae
397 2183 512 2233 statum.
536 2177 714 2249 Superbienti
734 2193 800 2247 ergo
816 2176 918 2247 populo
961 2179 1071 2249 Moyses
1094 2178 1185 2232 dixit:
1207 2179 1369 2246 Proplictarn
1392 2179 1535 2232 suscitabit
1552 2180 1627 2232 rionis
1644 2180 1715 2233 Deus
1729 2180 1761 2232 dc

120 2269 165 2323 lex
182 2268 275 2339 posita
289 2274 341 2334 est,
356 2273 389 2322 ut
403 2267 534 2339 quoniam
551 2267 672 2337 gratiam
694 2265 849 2331 charitatis
865 2264 920 2318 nisi
960 2269 1098 2335 fratribus
1107 2265 1299 2336 irestrisfflaut.
1315 2269 1398 2331 xvnr).
1411 2265 1468 2319 lloc
1480 2267 1513 2320 de
1527 2268 1640 2321 Christo
1654 2268 1761 2322 dietum

120 2356 295 2423 humiliatus,
313 2356 437 2427 accipere
453 2373 509 2411 non
524 2361 626 2427 posset,
644 2361 673 2408 et
687 2355 747 2409 sine
761 2355 815 2408 hac
828 2353 921 2424 gratia
961 2356 1062 2410 Petrus
1075 2356 1217 2426 apostolus
1232 2354 1331 2425 probat
1346 2355 1375 2408 in
1390 2355 1468 2408 Actis
1483 2356 1674 2426 apostolorum
1690 2356 1760 2424 (Aet.

121 2446 200 2501 nullo
214 2446 297 2501 modo
312 2451 452 2517 praecepta
461 2444 531 2515 legis
543 2445 681 2515 impleret,
698 2442 921 2512 transgressione
962 2448 1015 2512 nil:
1028 2443 1060 2498 Si
1069 2448 1144 2498 enim
1159 2446 1224 2497 data
1238 2449 1302 2497 essct
1318 2448 1360 2497 tes
1372 2461 1431 2512 pira
1441 2450 1528 2512 posset
1542 2448 1691 2512 nirifirare,
1703 2463 1762 2499 veru

121 2534 329 2600 humiliaretur,
351 2539 383 2588 ut
401 2539 539 2605 quaereret
565 2533 688 2603 gratiam
712 2551 717 2586 :
741 2549 792 2586 nec
811 2550 841 2585 se
863 2530 921 2585 suis
963 2537 1058 2602 erlepr
1073 2536 1266 2602 essetjustitr'a.
1279 2533 1422 2586 iustitiam
1437 2533 1508 2588 hanc
1522 2534 1598 2595 dicit,
1612 2551 1673 2605 quae
1689 2535 1762 2605 apud

122 2621 233 2676 meritis
242 2622 351 2677 salvum
361 2622 431 2688 fieri,
445 2622 519 2692 qnod
529 2620 682 2692 superbum
690 2627 741 2686 est,
749 2620 920 2691 opinaretur,
962 2622 1051 2677 Deum
1066 2623 1223 2693 imputetur
1234 2622 1355 2692 justitia,
1366 2621 1393 2675 id
1409 2627 1452 2675 est
1461 2622 1536 2684 ndei,
1548 2623 1614 2693 quia
1624 2630 1652 2677 et
1662 2625 1706 2678 lex
1716 2624 1764 2677 ha-

122 2715 156 2765 ut
169 2717 244 2765 esset
256 2726 314 2765 non
328 2709 357 2764 in
371 2726 424 2764 sua
436 2715 575 2780 potestate
590 2715 618 2763 et
631 2708 738 2763 viribus
753 2711 859 2779 justus,¹
873 2707 921 2762 sed
963 2711 1025 2765 buit
1035 2711 1184 2781 justitiam,
1197 2711 1246 2764 sed
1261 2711 1295 2764 ad
1311 2728 1442 2782 praesens,
1457 2728 1513 2764 non
1525 2728 1586 2782 quae
1594 2713 1765 2783 justificaret

123 2799 154 2853 in
168 2814 255 2853 manu
264 2798 428 2853 mediatoris
435 2798 617 2869 justificantis
632 2797 760 2869 impium.
776 2798 830 2851 Per
840 2813 923 2867 ange·
963 2800 1038 2872 apud
1052 2801 1160 2855 Deum:
1175 2800 1318 2853 remittere
1329 2800 1405 2854 enim
1420 2805 1534 2870 peccata
1549 2817 1605 2854 non
1620 2801 1722 2872 potuit,
1733 2808 1765 2856 ut

123 2887 165 2942 los
181 2893 277 2942 autem
288 2886 448 2942 ministrata
461 2893 505 2940 est
517 2886 609 2941 omnis
628 2886 799 2958 dispensatio
813 2886 923 2940 Veteris
964 2890 999 2943 do
1013 2888 1204 2960 peccatoribus
1219 2889 1323 2943 faceret
1334 2890 1445 2959 justos:
1462 2890 1509 2943 sed
1525 2889 1560 2942 ad
1578 2890 1630 2943 hoc
1644 2891 1711 2944 data
1721 2896 1765 2945 est

123 2976 296 3032 Testamenti
306 2981 407 3047 agente
417 2976 447 3031 in
455 2975 496 3030 eis
506 2976 612 3046 Spiritu
620 2980 726 3041 sancto,
735 2980 763 3029 et
772 2974 923 3045 ipsoverbo
964 2988 995 3032 ut
1004 2978 1106 3032 terrori
1116 2983 1199 3043 esset,
1207 2994 1358 3049 provocans
1366 2978 1495 3031 homines
1505 2978 1540 3031 ad
1551 2977 1654 3032 bonam
1664 2979 1761 3045 vitam,

123 3065 251 3121 veritatis
260 3065 386 3120 nondum
396 3065 551 3129 incarnato,
563 3065 612 3119 sed
622 3080 768 3136 nunquam
780 3062 815 3117 ab
829 3064 923 3133 aliqua
933 3051 1148 3121 Cirreverentes
1159 3067 1288 3137 puniens,
1301 3066 1419 3136 ideoque
1432 3083 1489 3121 non
1503 3075 1546 3120 est
1555 3067 1622 3121 data
1635 3068 1689 3133 lex,
1703 3085 1763 3138 quae

123 3155 247 3209 veridica
253 3153 497 3209 administratione
508 3153 668 3208 recedente:
678 3153 743 3224 quia
753 3170 803 3224 per
809 3152 923 3222 angelos
963 3162 1058 3227 posset
1071 3156 1219 3219 vivificare,
1235 3156 1284 3209 sed
1298 3156 1494 3209 condemnare.

124 3242 262 3316 disposita
275 3249 318 3298 est
332 3243 381 3297 illa
401 3243 572 3314 dispensatio
590 3243 669 3313 legis,
689 3259 754 3296 cnm
773 3241 923 3312 aliquando
1000 3245 1052 3300 Sed
1065 3247 1197 3298 conclusit
1209 3248 1349 3312 scriptura
1365 3246 1459 3298 arnaria
1469 3245 1519 3298 sub
1527 3252 1642 3313 peccato,
1656 3252 1689 3300 ut
1700 3261 1763 3315 pro

124 3347 216 3400 suam,
228 3332 379 3403 aliquando
393 3332 444 3386 Dei
458 3348 617 3403 personam,
633 3331 706 3386 sicut
722 3331 923 3402 prophetarum
964 3336 1058 3387 missio
1068 3349 1100 3386 aa
1109 3335 1160 3400 fiale
1173 3335 1234 3386 Jesu
1250 3333 1354 3388 Christi
1365 3333 1481 3385 daretur
1491 3334 1673 3388 credentibus.
1683 3335 1763 3389 Hunc

125 3421 212 3476 etiam
223 3437 284 3475 mos
298 3427 349 3487 est,
363 3426 488 3491 agerent,
500 3437 606 3491 perque
620 3419 697 3473 illam
709 3419 801 3489 legem
812 3416 924 3472 morbos
966 3437 1080 3476 sensum
1100 3427 1129 3474 et
1147 3421 1182 3474 ad
1201 3422 1342 3474 Romanos
1363 3421 1457 3490 posuit
1479 3421 1574 3476 dicens
1593 3439 1599 3472 :
1624 3423 1763 3477 conclusit

125 3508 681 3576 ostendentem,nonauferentem,etiam
690 3505 924 3578 praevaricationis
966 3512 1036 3565 Deus
1062 3513 1157 3563 arianis
1184 3511 1232 3563 sud
1253 3515 1368 3578 precenta,
1392 3515 1422 3562 ut
1445 3513 1571 3564 ananiam
1597 3514 1764 3565 misereatur

124 3596 926 3669 criminecontritaestsuperbia3dispositurnestperange·
965 3601 1051 3658 (dont.
1070 3600 1117 3666 xil.
1141 3600 1199 3652 Hoc
1219 3597 1289 3651 dixit
1310 3598 1383 3668 quod
1408 3615 1492 3668 supra
1516 3599 1679 3665 memoravi,
1701 3599 1766 3670 quia

124 3687 369 3756 los,sedinmanu
380 3684 926 3758 mediatoris‚utipseliberaretapecca-
967 3688 1009 3741 lex
1027 3688 1131 3741 adhoc
1148 3687 1214 3741 data
1235 3691 1286 3751 est,
1304 3695 1336 3740 ut
1355 3694 1513 3757 peccatores
1532 3704 1594 3741 reos
1612 3705 1642 3741 se
1663 3689 1767 3742 seirent

124 3777 172 3845 tis,
182 3777 243 3848 jam
255 3793 306 3849 per
316 3776 569 3847 transgressionem
579 3775 650 3845 legis
660 3781 769 3829 coactos
786 3772 922 3839 confiteri,
967 3777 1041 3848 apud
1051 3778 1149 3831 Deum.
1162 3775 1347 3830 Manifestatis
1358 3776 1432 3830 enim
1443 3775 1564 3846 peccatis
1573 3777 1634 3830 suis
1644 3777 1768 3831 conclusi

125 3864 711 3938 opussibiessegratiametmisericordiam
718 3862 839 3926 Domini,
848 3861 924 3916 utsi·
966 3871 1041 3931 sunt,
1051 3871 1084 3920 ut
1097 3882 1127 3919 se
1140 3881 1271 3919 excusare
1287 3881 1343 3918 non
1355 3871 1478 3935 possent,
1489 3864 1538 3918 sed
1549 3870 1707 3935 quererent
1719 3865 1770 3920 mi-

124 3953 154 4008 bi
162 3960 276 4026 peccata
283 3954 504 4020 dimitterentur,
514 3958 543 4007 et
553 3954 581 4007 in
593 3970 664 4008 nova
674 3953 730 4006 vita
741 3969 791 4023 per
802 3967 867 4005 eum
877 3951 925 4021 qui
967 3954 1156 4016 sericordiam,
1167 3959 1199 4007 ut
1212 3953 1325 4006 veniens
1341 3953 1389 4024 qui
1404 3954 1558 4024 promissus
1573 3953 1666 4008 fixerat
1677 3954 1766 4031 Abra·

125 4038 926 4115 prosesanguinemfudisset,rec0nciliarenturDeo.lnis·
967 4044 1018 4109 ha,
1044 4043 1128 4096 fidem
1150 4043 1238 4095 solam
1262 4041 1297 4095 ab
1324 4041 1363 4095 eis
1392 4048 1528 4112 posceret,
1557 4059 1643 4113 quam
1669 4043 1770 4098 habuit

125 4131 163 4185 tis
172 4129 249 4185 enim
258 4137 320 4185 erat
326 4147 377 4202 per
386 4130 637 4199 transgressionem
647 4129 718 4199 legis
725 4128 924 4199 confringenda
964 4131 1116 4197 Abraham,
1135 4136 1167 4184 ut
1181 4130 1320 4183 malornm
1336 4147 1452 4185 snorum
1466 4133 1576 4186 veniam
1591 4139 1619 4186 et
1632 4132 1770 4203 Justisrca-

125 4217 266 4291 superbia,
284 4219 333 4290 qui
349 4219 503 4291 gloriantes
518 4219 553 4272 de
569 4224 650 4289 patre
671 4217 823 4281 Abraham,
845 4217 924 4288 quasi
964 4220 1069 4274 tionem
1084 4203 1268 4274 mererentur.
1281 4220 1341 4273 Hoc
1354 4219 1429 4273 enim
1447 4221 1680 4275 manifestaverat
1692 4222 1769 4276 Deus

73 4298 76 4309 ¹
126 4308 287 4365 naturalem
302 4325 333 4363 se
344 4306 490 4379 jactabant
502 4307 764 4378 liaberejustitiam,
781 4313 809 4361 et
823 4307 925 4360 merita
965 4326 1016 4380 per
1030 4308 1132 4364 lsaiam
1151 4308 1317 4380 prophetam
1332 4308 1448 4362 dicens:
1476 4311 1563 4363 Veniet
1578 4326 1610 4362 en
1628 4310 1697 4365 Sion
1719 4311 1769 4379 qai

125 4416 179 4455 sua
200 4399 230 4454 in
248 4397 461 4453 circumcisione
481 4396 588 4451 caeteris
612 4395 743 4467 gentibus
764 4401 843 4450 tanto
864 4366 1067 4468 per-Deripiat
1080 4404 1105 4452 at
1119 4403 1225 4451 avertat
1237 4400 1406 4466 impietatem
1416 4400 1533 4464 claena,
1544 4399 1626 4452 atbar
1638 4401 1693 4452 erit
1707 4401 1768 4453 illis

126 4484 925 4559 niciosiusquantoarrogantiuspreferebant3gentesau·
966 4504 983 4539 a
1002 4503 1044 4539 ma
1068 4492 1270 4553 testamentum,
1291 4503 1356 4540 cuin
1375 4487 1514 4540 abstulero
1535 4491 1646 4556 peecata
1670 4503 1769 4542 eoram

125 4582 184 4631 tem
195 4575 327 4630 facillime
342 4575 427 4630 etiam
444 4573 504 4628 sine
513 4574 676 4645 hujusmodi
687 4574 756 4644 legis
770 4580 926 4644 transgres-
965 4574 1032 4646 (isc.
1063 4577 1129 4642 mx).
1161 4575 1256 4645 [Aug]
1285 4575 1402 4638 Quando
1431 4575 1512 4629 audis
1541 4575 1767 4646 promissionem,

127 4664 206 4718 sione
218 4662 454 4717 humiliarentur:
471 4663 600 4717 homines
614 4662 691 4716 enim
706 4663 812 4717 nullarn
828 4678 861 4715 ex
875 4678 925 4732 pa·
967 4669 1096 4735 exspecta
1110 4663 1253 4718 litatorem.
1270 4664 1375 4718 ldonea
1388 4663 1441 4717 fnit
1461 4660 1586 4718 humana
1600 4669 1704 4719 natura
1717 4678 1769 4736 per

126 4750 254 4806 rentibus
270 4751 408 4821 originem
425 4751 543 4821 justitia
563 4768 593 4805 se
610 4751 723 4805 trahere
743 4751 926 4822 praevidentes
965 4752 1086 4807 liberum
1112 4752 1260 4806 arbitrium
1282 4753 1430 4806 vulnerare
1455 4770 1494 4818 se,
1519 4753 1568 4807 sed
1585 4754 1646 4823 jani
1667 4754 1769 4807 vulne-

127 4838 343 4893 simulacrorum
356 4837 442 4893 etiam
456 4856 550 4893 servos
562 4840 670 4894 invenit
684 4839 851 4908 Evangelica
864 4855 926 4908 gra·
967 4848 1029 4895 rata
1047 4847 1075 4895 et
1092 4841 1225 4903 sauciata,
1243 4857 1299 4895 non
1320 4846 1364 4895 est
1386 4841 1488 4895 idonea
1507 4859 1557 4912 per
1579 4840 1701 4895 liberum
1722 4858 1770 4896 ar·

127 4927 177 4982 tia.
189 4927 253 4982 Non
267 4926 343 4981 enirn
358 4927 431 4981 sicut
444 4928 506 4982 istis
516 4927 570 4982 dici
584 4933 703 4999 poterat,
720 4944 775 4981 non
792 4928 877 4981 fuisse
891 4927 926 4980 il·
968 4929 1083 4983 biti-ium
1108 4947 1207 4983 sanare
1235 4947 1275 4983 se.
1299 4930 1378 4984 Bona
1397 4936 1440 4983 est
1463 4931 1507 4984 lex
1531 4931 1555 4984 si
1580 4931 1642 5001 quis
1671 4947 1706 4984 ea
1729 4931 1771 4985 le-

126 5017 184 5072 lam
198 5015 339 5089 justitiam
358 5023 508 5087 parentum
527 5033 625 5071 eorum
643 5017 672 5070 in
690 5016 814 5070 colendis
832 5015 924 5081 idolis,
967 5019 1066 5089 gitime
1090 5024 1196 5073 utatur.
1221 5019 1294 5083 Quid
1319 5025 1361 5072 est
1384 5035 1450 5089 ergo
1475 5019 1600 5088 legitime
1620 5019 1663 5074 uti
1687 5019 1774 5090 lege?

126 5122 213 5179 quam
219 5102 928 5176 cssearbitrabantur:itaetiamludaeisdieipoterat
955 5108 1022 5162 -Per
1034 5109 1125 5178 legem
1140 5124 1291 5178 agnoscere
1305 5107 1435 5161 morbum
1450 5124 1542 5171 suum,
1555 5114 1584 5162 et
1595 5125 1722 5179 quaerere
1736 5107 1773 5164 ad

127 5195 228 5251 falsam
240 5193 327 5251 luisse
334 5194 475 5266 justitiam
485 5194 573 5265 patris
587 5193 730 5248 Abraham
743 5209 749 5247 :
762 5194 858 5265 itaque
871 5194 927 5248 illis
967 5196 1117 5251 sanitatem
1132 5196 1256 5252 divinum
1271 5196 1443 5266 adjutorium
1458 5214 1463 5248 :
1479 5197 1545 5267 quia
1560 5197 1632 5251 siout
1646 5196 1723 5251 dixi:
1741 5195 1772 5253 Si

128 5283 232 5340 dicitur
246 5301 253 5337 :
268 5284 357 5363 Facite
367 5299 430 5352 erpo
443 5284 569 5351 [ructum
583 5284 701 5351 dignam
712 5286 888 5351 penitentia,
902 5288 926 5336 et
968 5285 1034 5340 data
1047 5290 1121 5340 esset
1129 5285 1183 5347 lex,
1196 5302 1257 5356 qnae
1271 5290 1365 5355 posset
1374 5285 1523 5351 vivificare,
1536 5285 1652 5340 omnino
1662 5302 1696 5341 ex
1707 5285 1771 5357 lege

55 5391 58 5396 ·
130 5374 391 5439 nodiacritismbis,
402 5373 513 5427 Patrem
522 5371 802 5427 hebernusnbrabam
814 5390 822 5426 .·
830 5377 926 5440 potens
967 5380 1042 5428 esset
1052 5374 1172 5445 justitia,
1188 5390 1239 5428 nec
1254 5380 1427 5445 quaereretur
1441 5374 1577 5441 Salvator,
1594 5391 1645 5428 nec
1658 5374 1772 5430 veniret

129 5467 168 5516 est
180 5465 256 5517 enim
269 5464 340 5518 Deus
348 5463 380 5514 de
392 5460 530 5528 lapidabas
540 5461 601 5513 istis
613 5463 746 5514 suscitare
756 5463 827 5528 tilios
836 5462 925 5515 Abra·
940 5476 944 5487 ’
968 5464 1104 5530 Christus,
1112 5481 1163 5518 nec
1172 5463 1367 5533 sanguinesuo
1378 5480 1457 5517 ovem
1466 5463 1605 5533 perditam
1616 5468 1767 5534 quareret.

134 5568 182 5606 ain
192 5551 301 5622 [illatis.
314 5552 363 5620 ιιι).
374 5547 439 5605 Istis
450 5552 547 5605 autem
558 5548 662 5630 dicitur
675 5568 680 5603 :
698 5549 839 5622 «Propter
851 5549 926 5622 quod
967 5552 1013 5607 Sic
1019 5553 1088 5608 dicit
1094 5553 1149 5608 alio
1156 5553 1216 5608 loco
1224 5550 1300 5608 idem
1309 5551 1477 5633 Apostolus}
1491 5552 1568 5611 Nam
1579 5556 1604 5608 si
1615 5568 1667 5626 per
1682 5555 1770 5620 lapan
