3772 6120
425 368 640 429 athanatum
658 370 698 430 lN
719 368 866 431 SAORAM
886 368 1127 430 scelerosam.
1550 368 1604 430 att

99 496 286 565 rectionis,ad
301 496 760 568 instandurisslmilapidistapr's,
770 500 868 560 Arum
881 496 913 565 ¹¹,
931 498 1005 571 quod
1025 499 1074 571 qui
1093 516 1160 554 rasa
1175 498 1302 556 veritatis
1324 498 1458 567 existunt,
1478 500 1508 557 et
1528 498 1606 555 iubas

99 588 202 659 riqnus,
218 592 251 642 ut
263 587 292 641 iu
300 586 467 658 Apocalypsi
480 604 486 638 :
499 587 556 641 «Et
563 588 678 641 sustulit
690 604 763 643 unus
804 590 907 645 bonum
921 589 1093 644 desiderium
1107 590 1157 644 et*
1171 589 1248 645 intus
1261 588 1365 645 bonam
1387 587 1526 645 actionem
1553 586 1605 645 ha-

99 676 169 731 brtis
183 676 315 747 lapidem,
335 673 414 746 quasi
427 677 562 729 molarem
578 692 723 746 inagnum,
735 680 764 735 ct
803 677 880 735 bent.
889 677 944 733 Per
954 678 1102 748 mornadas,
1116 677 1430 753 fraudesreproborum,
1447 683 1480 732 ut
1489 676 1518 732 in
1529 672 1581 733 iah
1597 695 1603 730 ε

99 782 166 831 lare,
176 766 272 821 dicens
284 784 289 818 z
300 764 473 836 Hocimpetu
486 764 615 818 mittetur
625 764 761 839 Babylon,
805 788 817 819 ι
835 766 875 822 De
890 782 938 821 ore
950 766 1011 838 ejus
1020 767 1175 838 procedunt
1185 765 1368 841 lampades¹¹,
1386 764 1529 841 »quotide
1543 782 1607 839 sug·

99 870 140 909 na
156 853 255 909 civitas
266 855 287 922 ¹,
308 860 384 907 sete.
401 854 532 921 Anqelus,
556 851 695 916 Christus,
712 872 763 927 pa·
804 856 930 927 gestione
943 855 1047 911 diaboli
1058 863 1160 914 exeunt
1173 857 1229 911 doli
1257 858 1287 911 et
1311 854 1433 913 fraudes.
1461 854 1516 913 Per
1534 856 1606 911 lam-

99 944 131 1000 is
139 944 266 1005 nuntius,
283 944 432 1011 feriisset,
462 941 506 995 cui
528 956 610 995 nemo
634 942 764 998 resistere
803 947 911 1015 puden,
923 944 1036 1000 claritas
1047 944 1257 1013 miraculorum,
1276 944 1349 1000 utin
1364 942 1437 1001 libro
1450 942 1581 1002 iudicum
1598 963 1604 998 :

99 1028 180 1097 inde,
212 1048 223 1081 ι
247 1031 298 1085 Cui
327 1028 425 1084 similis
453 1044 536 1084 nemo
551 1031 693 1086 invenitur
710 1028 762 1087 ¹.»
807 1032 990 1105 «Lampadas
1005 1040 1033 1089 et
1048 1032 1163 1108 lagenas
1186 1048 1289 1091 vacuas
1316 1033 1346 1091 in
1369 1031 1462 1091 medio
1489 1034 1606 1107 lagena·

99 1118 182 1175 ilibet
196 1118 300 1190 impius
325 1124 441 1189 propter
472 1118 606 1173 duritiam
625 1120 716 1175 cordis
737 1125 766 1176 et
806 1139 869 1179 rum
883 1122 1154 1195 ¹⁰,uquodcorpora
1162 1128 1323 1181 sanctorum
1334 1127 1492 1199 martyrum
1506 1124 1558 1180 'et
1575 1140 1608 1179 ex

99 1224 138 1264 rm
152 1209 273 1281 pondus,
290 1209 337 1278 qui
353 1211 469 1261 rudiaris
492 1209 627 1263 asseritur
650 1215 765 1281 propter
806 1211 846 1266 eis
856 1211 1002 1269 miracula.

99 1304 164 1353 rtem
196 1297 372 1352 saecularium
400 1312 506 1359 rerum,
529 1312 614 1368 quam
636 1299 765 1373 sequitur
841 1302 963 1369 laqueus
977 1305 1021 1356 est
1032 1301 1183 1371 suggestio,
1199 1304 1232 1356 ut
1253 1301 1283 1356 in
1299 1299 1418 1356 Psalmis
1435 1320 1441 1355 ε
1456 1320 1469 1354 e
1484 1299 1548 1375 lpse
1575 1302 1608 1357 li-

99 1392 123 1443 ln
133 1380 253 1443 Psalmis
268 1406 274 1440 ε
288 1388 339 1442 uin
347 1386 465 1441 circuitu
476 1385 556 1459 impii
566 1386 761 1443 ambulantt»
806 1389 912 1444 ber‘nvit
934 1406 979 1449 me
1000 1391 1035 1445 de
1063 1391 1163 1464 laqueo
1193 1390 1334 1445 venatoris
1362 1391 1394 1458 ¹¹,
1417 1390 1476 1449 oid
1497 1393 1549 1456 est,
1573 1387 1608 1446 de

109 1478 198 1533 etiam
222 1477 334 1543 dicitur,
358 1481 473 1548 propter
500 1475 672 1547 potentiam:
689 1478 763 1551 quod
805 1476 985 1551 suggestione
999 1479 1158 1537 damonum
1178 1479 1359 1536 tentantium.
1393 1478 1447 1536 Per
1467 1483 1607 1553 laqueum,

99 1580 164 1623 nam
178 1565 317 1621 bonorum
333 1565 416 1619 etiarn
435 1563 606 1620 dominatur.
631 1566 707 1620 ‚liare
722 1573 764 1621 est
804 1566 992 1641 deceptiones,
1015 1568 1096 1625 utin
1119 1567 1239 1625 Psalmis
1264 1587 1302 1622 z«
1328 1566 1410 1625 Pluct
1437 1585 1524 1643 super
1543 1586 1607 1643 pec-

100 1656 365 1722 emensumque,
383 1654 527 1727 collocatio
540 1654 765 1721 malorum,sicut
804 1662 912 1712 catores
924 1657 1039 1731 laqueos
1048 1655 1081 1725 ¹¹,
1098 1676 1111 1710 n
1128 1653 1363 1725 installantes
1389 1674 1474 1732 super
1503 1657 1605 1732 impios

99 1745 181 1819 gelus
193 1744 317 1816 lapidem
331 1744 360 1798 in
371 1745 459 1799 altum
475 1742 552 1803 tulit.
566 1749 704 1815 etmagno
714 1745 764 1799 im·
805 1744 994 1819 deceptiones.

99 1834 242 1889 raremisit
258 1834 317 1887 :ita
328 1833 667 1904 Christusnonnunquam
679 1820 799 1888 malasti
845 1838 999 1908 laquearia
1013 1830 1274 1908 suntsimpliaesin
1288 1834 1420 1905 Ecclesia,
1441 1836 1474 1891 ut
1487 1833 1518 1895 in
1537 1832 1611 1893 can-

99 1920 353 1991 setdignitatibus
368 1922 467 1989 elevat,
479 1921 547 1975 utin
563 1920 653 1993 penis
663 1920 765 1977 interni
805 1925 861 1979 tice
878 1942 884 1977 :
904 1943 918 1977 ι
934 1922 1090 1997 laquearia
1104 1927 1202 1980 nostra
1209 1924 1374 1995 cupressina
1381 1922 1413 1992 ¹¹,
1434 1942 1446 1977 o
1462 1921 1537 1998 quod
1547 1922 1612 1981 sim·

99 2014 245 2082 lemergat.
259 2011 380 2082 Reprobi
391 2012 465 2065 enim
481 2014 585 2083 quanto
608 2012 671 2083 plus
693 2011 766 2066 exal·
806 2013 902 2085 plicas,
918 2010 967 2087 qui
981 2013 1091 2069 suntin
1106 2011 1238 2080 Ecclesia,
1252 2011 1357 2067 bonum
1368 2029 1401 2067 ex
1413 2029 1443 2067 se
1455 2008 1612 2069 sanctitatis

99 2100 290 2173 integramus
310 2101 418 2167 cadent,
443 2101 467 2154 si
494 2117 550 2154 non
571 2101 648 2171 prius
675 2100 766 2155 humi·
807 2103 923 2157 adorem
943 2100 1118 2156 emittunt¹⁰.

99 2191 136 2247 lei
149 2192 191 2246 ita
208 2190 341 2244 :sustulit
355 2189 471 2260 angelus
486 2189 608 2260 lapidem
618 2206 762 2261 magnum,
843 2192 923 2246 Later
937 2190 1204 2258 estmensterrena,
1221 2195 1254 2246 ut
1279 2192 1308 2247 in
1327 2190 1492 2248 Ezechiele:
1522 2184 1611 2245 «Fili

99 2280 203 2341 darem.
221 2284 249 2333 et
273 2278 421 2333 volubilem
453 2279 540 2333 mittit
570 2278 599 2333 in
613 2279 763 2334 infernum.
806 2280 938 2346 hominis,
952 2270 1609 2346 deaubainlaterecivitstemJerusalem,¹⁰»

99 2369 175 2425 uitia
184 2368 285 2434 cordis,
310 2371 341 2421 ut
355 2368 385 2420 in
410 2366 558 2437 Evangelio
575 2385 581 2419 :
601 2385 614 2421 ι
632 2366 766 2440 Nunquid
809 2369 881 2440 quod
903 2367 1037 2442 praelatus
1055 2367 1207 2442 depingere
1227 2364 1311 2424 debet
1334 2366 1364 2423 in
1385 2374 1498 2424 terreno
1527 2362 1611 2425 corde

99 2457 250 2513 dabitilli?
264 2456 298 2506 ¹»
317 2455 533 2511 'Fundamenta
549 2456 669 2513 civitatis
691 2458 768 2513 omni
811 2456 929 2529 subjecti
944 2456 988 2513 sui
1001 2457 1106 2530 gaudia
1119 2455 1219 2528 patriae
1229 2456 1358 2514 coelestis.
1372 2456 1488 2523 lateres,
1497 2452 1613 2529 negotia

99 2548 194 2603 etiosa
208 2552 329 2600 ornata:
349 2546 423 2618 quod
452 2546 594 2618 prophetae
610 2551 639 2599 et
651 2546 770 2619 apostoli
810 2551 932 2613 terrena,
949 2546 1020 2603 utin
1032 2546 1125 2601 Exodo
1142 2565 1148 2599 :
1168 2540 1330 2617 «Operibus
1345 2544 1424 2601 dnus
1442 2542 1496 2600 luti
1518 2550 1547 2598 et
1573 2540 1612 2597 al-

99 2640 198 2693 tutum
221 2634 375 2689 stabilitate
395 2633 572 2689 decorantur.
591 2634 645 2689 Pcr
667 2637 770 2705 lapides
811 2635 880 2691 iaris
901 2634 935 2700 ¹¹,
955 2655 966 2688 ι
990 2634 1018 2689 id
1042 2638 1094 2703 est,
1120 2634 1285 2709 ponderosis
1309 2630 1418 2691 actibus
1443 2630 1561 2689 luxuriae
1584 2634 1613 2687 et

99 2742 172 2789 ores,
188 2731 220 2778 ut
230 2724 258 2777 in
274 2724 346 2778 isaia
366 2724 475 2777 :sEcce
490 2729 616 2777 sternam
631 2741 682 2797 per
692 2722 768 2779 ordi·
811 2720 1001 2797 occupationis
1015 2723 1166 2780 saecularis.
1178 2724 1233 2778 Per
1246 2728 1343 2779 lateres
1359 2727 1468 2778 mentes
1480 2716 1613 2778 libidino-

99 2814 224 2870 destuos
234 2814 255 2879 ⁰,
271 2836 281 2863 u
295 2813 321 2867 id
341 2818 392 2877 est,
423 2811 550 2866 ordinato
571 2813 768 2887 praedicatores
809 2832 855 2881 sae,
869 2820 899 2868 ut
912 2812 940 2868 in
950 2814 1052 2869 Genesi
1067 2834 1072 2868 :
1090 2811 1386 2869 sliabueruntlateres
1397 2829 1448 2887 pro
1459 2811 1534 2867 saxis
1544 2803 1577 2879 ¹¹,
1595 2829 1609 2865 s

99 2900 148 2960 bo.
164 2903 220 2957 Per
234 2904 346 2970 iapudes,
375 2906 482 2955 mentes
501 2906 715 2967 sanctorunr,ut
738 2900 768 2955 in
809 2904 883 2974 quod
899 2900 1020 2977 reprobi,
1037 2900 1153 2975 abjectis
1168 2901 1298 2977 operibus
1312 2900 1404 2970 bonis,
1417 2904 1527 2957 menies
1548 2894 1611 2955 iibi-

99 2990 173 3047 ittus
188 2989 323 3063 sapphiri,
336 2988 443 3062 lapides
456 2992 551 3061 ejusn
568 2991 642 3063 quod
662 2996 771 3047 mentes
812 2991 925 3048 dinasas
939 2989 1094 3064 possident.

103 3080 232 3136 calestia
245 3080 378 3150 cogitant.
402 3079 456 3132 Per
470 3081 573 3148 lapides
588 3078 722 3151 religiosi,
738 3086 770 3134 ut
848 3080 930 3137 Latus
944 3085 988 3136 est
1000 3097 1104 3136 corona
1114 3081 1267 3153 justorum,
1283 3078 1316 3137 nt
1329 3074 1489 3135 inPsalmis
1505 3096 1511 3133 :
1530 3092 1542 3132 t
1559 3074 1613 3135 (ia-

99 3171 129 3225 ia
144 3189 176 3224 :u
192 3170 316 3243 Dispersi
345 3174 412 3221 sunt
438 3168 545 3241 lapides
569 3168 721 3222 sanctuarii
741 3138 801 3222 inG
811 3170 880 3225 dent
893 3188 911 3225 a
924 3169 1013 3227 latera
1026 3166 1163 3227 tuomiile
1178 3166 1210 3239 ¹⁰,
1228 3189 1242 3223 s
1264 3164 1358 3235 idest,
1384 3163 1527 3224 innumeri
1543 3163 1613 3224 defi·

99 3258 194 3315 nnium
219 3259 376 3332 platearum
390 3255 437 3314 ⁰.o
463 3258 536 3328 quod
557 3257 695 3323 nonnulli,
719 3258 767 3331 qui
809 3260 921 3314 ciente
950 3276 1053 3316 corona
1072 3260 1227 3330 justorum.
1250 3254 1343 3326 Latus,
1370 3256 1527 3327 munimen,
1537 3262 1571 3313 ut
1584 3257 1614 3313 in

99 3364 159 3403 asse
173 3345 342 3411 debuerunt,
356 3347 508 3417 plusquam
517 3347 694 3401 saeculatores
709 3351 767 3403 ter-
809 3346 973 3405 Parabolis:
993 3347 1155 3405 «Dominus
1166 3348 1221 3405 erit
1233 3349 1264 3403 in
1278 3348 1365 3403 latere
1376 3353 1438 3417 tuo,
1453 3348 1508 3407 ne‘
1519 3340 1613 3421 capia-

99 3436 179 3509 3otils
191 3436 380 3507 implicantur.
402 3434 456 3489 Per
471 3437 573 3504 lapides
587 3436 716 3509 apostoli,
736 3441 769 3492 ut
810 3437 848 3493 ris
862 3434 897 3504 ¹¹,
909 3435 939 3493 id
949 3440 1000 3505 est,
1007 3436 1153 3493 munimen
1166 3436 1258 3492 aderit
1270 3433 1321 3490 tibi
1331 3430 1461 3503 Dens,ne
1468 3435 1498 3492 in
1520 3440 1615 3493 tenta-

99 3530 121 3581 [o
139 3524 249 3597 lapides
271 3524 417 3578 duodecim
446 3522 615 3579 inrationali
630 3525 770 3599 pontilicis
811 3526 1082 3584 done·vindicaris.
1106 3527 1198 3592 Latara
1221 3524 1368 3579 meditatio
1396 3518 1612 3595 contemplatio-

99 3612 159 3687 nod
169 3612 316 3668 duodecim
333 3612 452 3685 apostoli
463 3613 491 3667 in
501 3613 555 3668 lide
562 3614 665 3668 Christi
678 3614 768 3670 excel·
810 3616 864 3682 nis,
879 3615 912 3669 ut
921 3611 1118 3669 inEzechiele:
1138 3633 1149 3665 r
1163 3613 1274 3685 Aquam
1288 3606 1480 3684 egredientem
1496 3610 1531 3667 de
1544 3616 1616 3667 tem-

99 3702 177 3759 ent¹.
188 3702 243 3757 Per
256 3704 367 3770 lapides.
379 3703 508 3773 gentiles,
523 3710 555 3756 ut
567 3702 596 3756 in
602 3704 766 3775 Evangelio:
810 3704 854 3776 plo
870 3720 887 3757 a
900 3704 988 3758 latere
1003 3702 1100 3757 dextro
1117 3696 1149 3768 ¹¹,
1168 3721 1181 3755 a
1193 3696 1221 3757 id
1233 3705 1277 3757 est
1283 3694 1506 3775 compunctionis
1515 3710 1616 3775 proce·

99 3790 196 3847 idibus
224 3792 307 3845 istis'
338 3791 469 3845 suscitate
490 3792 562 3845 filios
582 3789 701 3847 Abrahae
716 3791 737 3860 ¹,
754 3812 767 3843 n
811 3792 972 3847 dentemde
989 3789 1129 3847 animuin
1151 3784 1334 3846 meditatione
1358 3782 1614 3861 contemplationis.

99 3894 119 3936 ,e
144 3878 287 3953 gentibue,
309 3880 438 3950 figuratis
459 3897 510 3951 per
529 3878 637 3955 lapides
653 3881 731 3947 istos,
742 3879 771 3937 id
815 3879 904 3949 taius,
919 3898 1008 3949 mens,
1020 3878 1208 3936 utinActibus
1218 3878 1425 3951 apostolorum:
1440 3898 1452 3931 ι
1468 3880 1617 3935 Percussa·

99 3974 185 4025 rante
198 3984 247 4024 vos
260 3968 338 4024 ducis
352 3984 431 4023 veros
445 3969 550 4023 fideles.
814 3987 868 4043 que
881 3971 970 4026 latere
984 3966 1060 4024 Petri
1075 3968 1205 4024 excitarit
1232 3982 1298 4023 eum
1321 3962 1439 4039 angelus
1460 3962 1493 4035 ¹¹,
1512 3988 1523 4020 s
1541 3960 1615 4040 quod

99 4074 123 4115 ra
133 4064 177 4114 est
187 4057 304 4130 quilibet
313 4059 440 4129 simplex,
450 4063 480 4112 ut
491 4058 519 4111 in
534 4057 586 4112 Job
602 4077 608 4110 :
627 4076 639 4108 «
655 4057 774 4130 Lampas
815 4076 946 4133 percussa
961 4058 1044 4113 eorde
1055 4057 1208 4129 peccatoris
1217 4074 1268 4131 per
1280 4054 1477 4128 poenitentiam
1487 4074 1505 4112 a
1517 4073 1616 4131 peeca-

99 4154 135 4203 ta
152 4148 174 4211 ⁰,
195 4168 205 4197 s
228 4148 303 4218 apud
325 4147 509 4217 cogitationes
533 4146 668 4201 divitum:
700 4147 774 4218 quod
815 4152 844 4202 to
872 4145 972 4220 surgit,
995 4142 1066 4203 uela
1084 4151 1199 4219 peccato
1214 4163 1280 4201 eum
1295 4142 1380 4221 erigit
1401 4142 1548 4221 inspiratio
1572 4143 1617 4204 in·

99 4234 219 4309 quilibet
234 4236 398 4306 desperatus
412 4242 454 4290 est
472 4238 501 4289 in
514 4240 664 4307 conspectu
679 4253 775 4308 super·
815 4236 969 4292 ternaPer
978 4237 1130 4291 lateraduo
1139 4234 1331 4303 Testamenta,
1338 4236 1548 4293 utinPsalmis:
1563 4237 1618 4293 «In

113 4328 240 4393 ternpus,
269 4341 386 4379 examen
410 4325 518 4394 judicii,
545 4333 576 4379 ut
599 4326 627 4378 in
651 4324 772 4380 Genesi:
815 4324 951 4383 lateribus
966 4322 1067 4381 damus
1081 4321 1179 4392 tuse,¹¹
1196 4320 1618 4391 »idestinduobustcstamen-

99 4430 116 4469 s
130 4414 206 4485 ignis
220 4412 362 4467 transiens
374 4412 449 4466 inter
464 4413 613 4467 divisiones
628 4412 690 4468 illas
699 4412 733 4477 ¹⁰,
759 4432 773 4466 n
815 4415 852 4469 tis
864 4412 993 4471 Ecclesia
1011 4419 1078 4469 tuae.
1090 4410 1145 4468 Per
1158 4417 1256 4480 latera,
1268 4408 1421 4469 familiares
1431 4417 1569 4484 potentes,
1586 4418 1618 4469 ut

99 4500 179 4559 ribiie
191 4502 242 4557 Dei
248 4500 387 4572 judicium
400 4501 619 4557 discernetinter
631 4502 733 4558 electos
748 4482 808 4559 ctD
818 4501 846 4558 in
856 4501 872 4558 J
874 4501 924 4557 ab:
941 4522 951 4551 ι
967 4500 1007 4556 De
1025 4498 1161 4557 lateribus
1176 4502 1238 4573 ejus
1254 4498 1349 4557 anima
1361 4500 1500 4574 dependet
1513 4494 1547 4567 ¹¹,
1562 4519 1576 4553 n
1588 4496 1617 4556 id

99 4608 115 4647 t.
133 4590 189 4647 Per
203 4592 358 4660 lanrpaderu
372 4606 457 4662 opera
467 4590 549 4655 bona,
567 4591 636 4645 utin
650 4593 775 4665 Euange-
818 4594 869 4659 est,
882 4592 917 4645 de
930 4589 1114 4647 familiaribus
1124 4590 1186 4663 ejus
1199 4584 1335 4662 procedit.
1353 4588 1514 4657 perlatore,
1527 4605 1618 4665 popu·

99 4680 176 4737 lenm
192 4680 222 4735 in
233 4680 306 4734 vasis
320 4679 378 4733 suis
391 4695 454 4734 cum
471 4679 646 4750 lampadibus
660 4679 693 4746 ¹¹,
711 4701 721 4730 ι
748 4679 776 4737 id
817 4681 838 4736 li
852 4681 980 4739 infideles
998 4699 1004 4733 ε
1020 4682 1052 4734 ut
1066 4678 1096 4734 in
1104 4678 1178 4733 isaia
1190 4697 1195 4732 :
1211 4701 1222 4727 a
1236 4674 1344 4733 Sedabo
1350 4676 1380 4735 in
1391 4674 1527 4735 lateribus
1534 4670 1620 4753 Aqui·

99 4770 208 4826 ritatem
218 4769 249 4823 in
264 4767 458 4822 cordibussuis
468 4769 671 4839 cumoporibus
684 4767 774 4825 bonis.
818 4768 889 4824 lonis
903 4768 937 4836 ¹⁰,
952 4788 964 4821 ι)
980 4769 1070 4835 idest,
1087 4767 1229 4840 quiescam
1254 4767 1285 4821 in
1298 4764 1410 4841 populis
1424 4766 1480 4822 ill1s
1495 4768 1543 4840 qui
1568 4784 1620 4840 per

99 4860 190 4929 pedes.
201 4856 580 4928 donaSpiritussanctimtiu
590 4857 756 4931 Apocalypsi
770 4877 776 4912 :
818 4858 1015 4913 infidelitatem
1025 4855 1119 4927 frigidi
1129 4863 1205 4913 sunt.
1217 4853 1272 4912 Per
1281 4860 1369 4911 latera
1383 4856 1480 4931 populi
1508 4850 1618 4915 iudaeo-

99 4948 265 5020 nlampades
279 4947 410 5001 ardentes
420 4953 485 5000 ante
495 4946 619 5001 tribunal
629 4945 661 5011 ¹¹,
681 4970 692 4997 o
703 4946 776 5019 quod
819 4965 892 5013 rum,
905 4951 937 5000 ut
949 4944 979 5001 in
990 4946 1083 5000 Exodo
1098 4963 1103 4997 :
1119 4944 1176 5000 ein
1190 4941 1326 4999 lateribus
1338 4940 1442 5000 tabulae
1469 4951 1525 5000 tua
1550 4944 1619 5003 fient

99 5038 192 5093 'dana
201 5037 324 5108 Spiritus
339 5037 428 5090 sancti
437 5036 599 5090 illuminant
614 5035 774 5091 Ecclesiam.
818 5041 981 5092 castratura
989 5034 1022 5102 ⁰⁰,
1042 5055 1053 5086 ι
1071 5031 1145 5104 quod
1165 5033 1194 5087 in
1207 5034 1338 5107 ¹papulis
1369 5032 1524 5109 synagogae
1551 5030 1619 5090 dira

99 5129 198 5196 npades
220 5125 307 5181 corda
334 5132 506 5189 sanctorum,
531 5127 612 5180 utin
637 5125 751 5180 Cantica
768 5144 774 5180 :
818 5125 870 5181 sibi
881 5142 1007 5198 persona
1015 5122 1411 5199 jungebantur‚sacerdotales
1420 5130 1449 5178 et
1464 5116 1621 5195 regiae.Per

99 5214 160 5271 ades
183 5218 255 5286 ejus,
284 5213 427 5288 lampades
451 5214 523 5285 ignis
542 5221 627 5289 atque
646 5215 775 5271 flamma·
818 5220 906 5273 latera
921 5212 1052 5288 gentiles,
1071 5219 1103 5269 ut
1117 5212 1147 5268 in
1162 5211 1299 5273 Psalmis:
1317 5231 1331 5268 a
1350 5210 1430 5271 Mons
1444 5211 1512 5269 Sion
1530 5212 1622 5271 latera

99 5388 211 5443 amu,
222 5372 269 5433 21.
286 5375 299 5409 ¹
312 5375 386 5430 Psal.
405 5387 480 5434 usuri.
499 5374 524 5437 7,
539 5372 566 5426 9.
582 5372 680 5431 ⁰Psal.
697 5388 735 5440 iu,
755 5373 781 5428 9.
801 5373 812 5408 ¹
826 5372 892 5429 Luc.
909 5385 946 5437 ru,
964 5371 1009 5427 ll.
1029 5372 1040 5406 ¹
1055 5373 1109 5429 isa.
1126 5387 1180 5435 mv,
1197 5386 1236 5429 ιι.
1257 5370 1386 5430 ⁰t'hren.
1401 5384 1441 5438 lv,
1457 5369 1483 5428 l.
1502 5366 1513 5408 ⁰
1533 5366 1622 5441 Exad.

99 5446 134 5503 ll.
147 5448 160 5485 ⁰
173 5448 276 5504 blatth.
297 5461 340 5515 111,
356 5446 383 5502 9.
408 5447 420 5480 ⁰
438 5444 489 5501 lab
503 5458 553 5508 xri,
570 5445 596 5499 5.
613 5443 637 5478 ¹⁰
647 5444 718 5499 Gen.
734 5459 779 5511 nv,
799 5443 840 5501 17.
870 5445 890 5480 ¹¹
905 5444 1004 5501 Manu.
1020 5456 1083 5510 uxr,
1100 5443 1127 5501 i.
1144 5442 1167 5481 ¹²
1182 5445 1207 5499 A
1226 5460 1268 5499 oc.
1285 5458 1324 5511 ru,
1340 5440 1366 5498 b.
1380 5438 1404 5479 ¹⁸
1418 5440 1500 5499 Oant
1515 5459 1578 5513 vm,
1592 5442 1621 5502 b.

100 5530 135 5587 ct.
150 5520 194 5579 lt.
215 5518 239 5553 ¹⁵
253 5517 318 5575 lud.
333 5531 381 5585 vu,
398 5517 441 5573 tt.
460 5516 482 5549 ¹⁰
498 5515 571 5570 Psal.
588 5530 630 5579 xe,
645 5515 673 5571 i.
698 5516 720 5551 ¹⁰
732 5517 808 5575 Psal.
826 5533 852 5581 x,
869 5515 895 5571 6.
924 5513 945 5549 ¹⁰
964 5515 1045 5574 Cant.
1062 5530 1083 5582 r,
1099 5510 1143 5573 16.
1166 5515 1189 5550 ¹¹
1204 5461 1286 5573 gant.
1302 5529 1323 5583 t,
1340 5511 1368 5570 ὃ.
1386 5513 1410 5549 ¹⁰
1425 5510 1524 5577 Erech.
1541 5530 1578 5583 rr,
1593 5518 1621 5575 l.

99 5592 193 5655 ,1,14.
215 5586 241 5624 ¹¹
252 5589 324 5649 Gen.
340 5602 369 5647 ru
391 5589 420 5647 3.
435 5588 459 5623 ¹⁸
472 5586 545 5643 Psal.
563 5601 607 5653 xc,
621 5585 648 5643 7.
666 5586 689 5622 ¹¹
704 5588 785 5649 Prov.
802 5599 846 5659 111,
862 5584 908 5645 tt.
930 5585 954 5621 ¹⁸
969 5584 1066 5645 mech.
1088 5600 1174 5645 xtvu.
1198 5586 1224 5653 l.
1235 5584 1263 5642 i.
1277 5582 1302 5623 ¹¹
1314 5588 1376 5644 act.
1392 5598 1444 5654 mr,
1457 5586 1484 5642 i.
1505 5580 1531 5627 ¹¹
1548 5587 1624 5643 Pul.

99 5659 344 5729 s.·10exv,n.
363 5631 455 5717 ina.
472 5670 529 5724 nv,
542 5657 587 5716 sa.
605 5656 630 5694 a
644 5657 730 5714 exoa.
745 5666 839 5725 mu,
852 5654 897 5712 aa.
