3772 6120
79 238 132 293 '269
1667 238 1719 292 ‘210

78 368 206 430 operatus
222 368 258 415 cst
272 368 296 414 cl
309 363 379 415 milri
390 366 560 428 iaterpenbu
571 380 577 418 :
587 367 610 414 cl
622 380 683 414 cunr
696 364 879 427 coprnim‘ssent
890 367 911 420 A
921 359 1068 426 Evangelio
1084 359 1258 412 dictumest:
1272 360 1390 428 ‚decipiet
1408 365 1438 415 in
1452 365 1500 415 bac
1514 365 1610 415 saciuo
1623 365 1718 429 septies

78 455 201 516 praelium
221 454 275 513 liei,
288 453 421 518 presidatu
437 457 474 503 est
486 452 565 508 neila,
577 453 705 502 l’ctruscl
719 452 841 511 lerninis,
857 455 880 502 el
923 455 1030 501 teritum
1049 468 1055 505 .·
1072 466 1104 501 uc
1125 448 1146 499 si
1169 449 1293 501 diceret:
1319 454 1404 515 briesi
1424 453 1495 504 nibil
1517 452 1651 513 lrabeales,
1675 452 1721 504 sed

77 543 199 593 ioannes
216 543 266 607 qai
281 541 447 593 ridebuntur
461 543 594 592 (rulitante
605 556 665 601 esse,
684 541 792 590 clericas
807 540 882 590 dalr-
923 541 1017 589 ‹irrrniu
1034 538 1197 604 possirbnler
1213 538 1252 603 (ll
1266 539 1326 590 cor.
1347 549 1392 603 ra.
1406 540 1484 593 Unde
1499 539 1583 592 etiarn
1598 541 1721 593 loannes

80 634 148 681 ruent
161 629 560 687 ruibielllarnabasocietatis,
572 634 600 680 al
616 645 662 680 aas
678 631 816 694 irruenter,
830 629 882 694 ipsi
923 626 958 679 ad
978 632 1085 695 septem
1107 624 1203 678 scribit
1226 626 1361 680 Ecclesias
1382 628 1472 695 (Aper.
1490 630 1518 692 il,
1540 644 1601 697 quae
1625 627 1722 698 utique

297 238 584 306 ENAlllthlthUhl
605 238 641 290 lbv
663 238 737 290 Erit
762 237 864 290 inum
890 237 957 289 llll.
981 235 1051 287 xlv.
1068 266 1099 273 -
1115 235 1152 288 lN
1174 235 1282 288 llrls'r.
1305 237 1351 290 nn
1371 239 1498 292 Gathar.

78 721 216 770 arelemiu
234 719 480 770 circumcisionem.
495 715 711 784 (augmentet
726 716 773 786 qui
789 715 882 767 riden-
924 714 1724 784 universitatisEcclesia».persorraingerunt3relcertead
1781 710 1783 714 Α
1817 773 1820 781 ,

80 804 491 875 turessealiquid.rarrialibus
503 804 663 858 hominibus
678 804 807 857 ridentur
822 820 882 857 esse
923 803 1109 872 septenariam
1123 804 1314 873 operationem
1330 805 1452 874 Spiritus
1463 804 1561 868 suncti,
1576 805 1666 874 magis
1681 821 1724 858 re·

81 894 189 963 aliquid
202 913 209 956 ς
227 911 292 948 nam
309 910 364 946 non
377 901 444 947 sunt
459 894 512 963 ipsi
526 894 642 963 aliquid,
655 901 683 946 et
697 893 720 945 si
732 894 806 946 enim
818 893 881 947 boni
924 892 1197 960 lbrturseptenarius
1208 908 1342 945 numerus
1354 894 1564 947 columnarum:
1574 893 1719 962 sapientire

82 983 208 1036 nrinistri
223 983 273 1037 liei
287 988 362 1042 sunt,
380 982 508 1036 Christus
520 982 548 1035 in
565 983 620 1035 illis
636 988 678 1035 est
695 982 810 1052 aliquid,
828 999 883 1035 non
925 980 1128 1041 etintellectus,
1141 981 1247 1034 consilii
1259 989 1287 1034 et
1298 981 1482 1043 fortitudinis,
1495 982 1618 1046 scientiae
1630 988 1658 1037 et
1668 982 1724 1052 pie-

82 1071 135 1141 ipsi
146 1088 198 1140 per
207 1089 246 1124 se.
264 1072 336 1124 Nam
346 1071 430 1141 siipsi
440 1088 490 1140 per
498 1084 529 1124 se
539 1077 634 1124 essent
644 1071 760 1141 aliquid,
773 1087 885 1140 semper
925 1069 999 1132 tatis,
1017 1069 1162 1123 ettimoris
1179 1070 1227 1122 hei
1241 1072 1304 1134 lisa.
1322 1080 1371 1137 xi).
1391 1070 1492 1139 auibus
1508 1069 1721 1140 operationibus

81 1161 201 1213 luissent
222 1160 338 1230 aliquid,
361 1161 458 1229 quales
482 1159 634 1229 aliquando
653 1160 766 1220 luerint,
789 1160 816 1211 id
842 1165 885 1212 est
925 1158 1025 1212 domus
1040 1157 1102 1211 Filii
1119 1158 1177 1222 Dei,
1196 1159 1247 1212 hoc
1262 1166 1305 1212 est
1320 1159 1442 1213 Ecclesia
1457 1159 1626 1214 continetur.
1644 1159 1724 1225 Quod

82 1249 149 1318 quia
162 1256 193 1301 et
216 1249 268 1318 ipsi
284 1254 443 1318 peccatores
457 1249 580 1311 ¹fuerunt.
599 1249 676 1301 Nihil
691 1266 743 1301 sua
758 1248 826 1301 dicit
840 1248 883 1301 in·
925 1253 1020 1300 eutem
1031 1247 1089 1304 ait:
1110 1248 1226 1300 Tantum
1242 1254 1271 1300 ut
1282 1264 1437 1315 pauperum
1456 1265 1585 1302 irrerrrores
1598 1265 1724 1314 celerans,

83 1344 199 1394 teresse,
210 1337 359 1407 quiaDeus
371 1337 492 1390 hominis
503 1354 650 1407 personam
661 1351 717 1390 non
730 1337 838 1407 accipit,
857 1337 883 1389 id
926 1338 997 1405 arrad
1007 1342 1030 1389 el
1040 1338 1137 1388 studui
1147 1337 1194 1389 lroc
1206 1339 1296 1404 ipsum
1306 1340 1404 1403 sumre.
1417 1337 1582 1391 Communis
1589 1354 1657 1392 cura
1666 1343 1728 1392 erat

84 1437 135 1483 est,
152 1426 216 1479 sine
229 1442 415 1495 personarum
429 1425 589 1495 acceptione
605 1443 702 1479 omnes
717 1425 884 1480 adsalutem
925 1425 1055 1478 omnihus
1076 1425 1209 1494 apiostolis
1224 1425 1258 1477 de
1286 1425 1457 1495 pauperibus
1482 1432 1654 1493 serratorum,
1678 1426 1726 1497 qui

85 1515 202 1579 micavit,
220 1531 274 1568 uon
295 1521 430 1585 reputans
444 1514 499 1568 illis
518 1514 623 1567 delicta
640 1530 748 1568 eorum.
773 1515 807 1568 Et
822 1515 885 1567 ideo
926 1520 1008 1567 erant
1018 1514 1046 1566 in
1057 1513 1153 1567 ludusa
1165 1531 1170 1563 z
1183 1514 1230 1583 qui
1241 1530 1336 1571 rorum
1347 1531 1462 1568 suarum
1473 1516 1651 1570 venditarum
1662 1532 1726 1586 pre·

84 1602 248 1656 absentibus
263 1603 375 1673 illisqui
389 1604 494 1673 priores
513 1603 577 1656 facti
588 1611 655 1656 sunt
670 1603 799 1673 apostoli,
816 1604 886 1656 Pau·
926 1602 966 1654 tia
975 1602 1010 1653 ad
1020 1602 1103 1671 pedes
1112 1602 1303 1671 apostolorum
1315 1610 1477 1673 posuerant.
1488 1604 1533 1658 Sic
1540 1621 1607 1673 ergo
1617 1604 1652 1659 ad
1660 1620 1728 1675 gen-

86 1694 129 1745 lus
144 1691 511 1763 alioruinoperl'eetusest,
528 1700 560 1745 ut
575 1692 687 1761 quando
702 1671 971 1745 cumeiscon-lltes
990 1690 1068 1743 missi
1096 1698 1162 1744 sunt
1186 1692 1289 1745 Paulus
1315 1697 1343 1744 et
1370 1692 1521 1758 Barnabas,
1546 1698 1577 1746 ut
1600 1693 1728 1750 Ecclesia

87 1782 160 1835 tulit.
174 1780 247 1835 nihil
257 1787 333 1835 esset
346 1781 419 1851 quod
437 1781 599 1850 perfectioni
608 1782 669 1851 ejus
679 1781 823 1845 adderent,
839 1780 887 1833 sed
928 1779 1055 1847 gentium
1064 1795 1125 1849 quee
1134 1779 1185 1832 hoc
1192 1796 1248 1833 non
1256 1780 1388 1840 fecerant,
1399 1781 1594 1836 ministrarent
1601 1782 1728 1847 oratione

88 1871 180 1940 potius
190 1870 455 1924 riderenteumdem
464 1870 614 1924 Dominum
626 1871 639 1923 J
643 1886 721 1922 esum
733 1870 886 1931 Christum,
930 1869 1054 1938 ipsorum
1065 1868 1105 1920 eis
1122 1869 1168 1938 qui
1182 1869 1233 1922 hoc
1248 1869 1379 1935 fecerant,
1394 1870 1467 1924 sicut
1481 1871 1516 1923 ad
1533 1872 1673 1926 Romanos
1689 1870 1730 1924 di·

87 1960 132 2031 qui
149 1960 212 2013 sine
229 1976 413 2028 personarunt
429 1960 590 2028 acceptione
601 1960 690 2012 salros
700 1958 775 2016 tacit,
785 1958 888 2011 hocde-

88 2048 161 2101 disse
178 2049 277 2112 Paula
296 2055 326 2101 ut
350 2047 523 2101 ministraret
546 2047 686 2116 gentibus,
703 2047 776 2116 quiid
803 2046 889 2100 etiam

90 2138 171 2190 Petro
186 2137 314 2198 dederat,
332 2144 364 2189 ut
380 2136 554 2189 ministraret
567 2136 679 2191 inclusis.
697 2137 758 2188 Non
770 2151 836 2204 ergo
846 2134 890 2188 in-

90 2225 164 2279 renti
173 2231 241 2279 sunt
251 2225 279 2278 in
290 2226 385 2294 aliquo
403 2225 551 2278 dissentire
566 2224 668 2288 abillo,
680 2231 711 2276 ut
721 2241 783 2278 eum
800 2224 847 2276 ille
862 2240 891 2275 sc

90 2315 244 2383 perfectum
257 2300 438 2382 Evangelium
454 2314 593 2383 accepisse
608 2313 723 2373 diecret,
744 2312 784 2365 illi
806 2329 891 2380 nega·

91 2411 153 2456 rent
167 2410 196 2455 et
206 2402 314 2471 aliquid
330 2403 432 2455 vellent
452 2409 587 2471 tanquam
602 2402 763 2471 impcrl'ecto
772 2402 890 2467 addere,

90 2492 167 2544 sede
182 2491 327 2558 contrario
342 2507 393 2560 pro
408 2489 890 2561 reprehensoribusimperfectionis

91 2579 294 2650 approbatores
308 2579 487 2649 permotionis
498 2580 620 2643 fuerunt,
638 2585 666 2631 et
678 2579 816 2631 dederant
826 2579 892 2631 dex-

92 2667 310 2731 trassocietatis,
319 2668 404 2731 idest,
417 2668 673 2722 consensueruntin
685 2667 857 2729 societatem,
866 2672 894 2720 et

93 2756 522 2828 parueruntroluntatillomini,
532 2756 738 2809 consentientes
748 2762 780 2808 ut
792 2755 894 2809 Paulus

94 2856 121 2898 et
131 2844 280 2899 Barnabas
289 2845 362 2899 irent
371 2846 405 2898 ad
414 2849 512 2914 gentes
525 2864 529 2897 :
543 2845 595 2914 ipsi
608 2845 737 2898 autemin
753 2844 895 2897 circumci-

93 2935 212 2999 sionem,
221 2951 284 3003 quae
292 2935 439 3004 preputio,
452 2932 896 3001 idestgentibuscontrariaride-

930 1956 967 2009 eit
983 1959 1067 2020 (llarrr.
1078 1957 1139 2024 xr):
1157 1958 1238 2011 ,l'rurc
1252 1965 1344 2010 aulem
1358 1975 1472 2025 perpura
1489 1962 1659 2015 Hierusalem
1678 1963 1727 2013 rni-

932 2048 1052 2098 nislrarc
1067 2050 1186 2099 samiis:
1202 2050 1307 2113 placuit
1323 2051 1396 2100 errim
1414 2050 1575 2101 llacedoaia
1585 2055 1608 2102 el
1623 2051 1640 2103 .1l
1647 2051 1730 2104 chuia

931 2137 1731 2204 rornrmmionemalteriumsecere-inparrpcrrscerceiorum,

933 2226 982 2289 pici
997 2229 1062 2274 carl
1078 2225 1109 2274 iu
1120 2223 1308 2278 Hierusalem·
1325 2227 1430 2289 placuit
1447 2228 1519 2278 cm'm
1538 2226 1605 2289 illis,
1623 2232 1646 2279 rt
1661 2228 1732 2280 debi-

935 2317 1003 2363 tores
1011 2327 1104 2363 eorum
1117 2316 1191 2362 mut.
1203 2312 1313 2363 Siraim
1325 2313 1499 2377 spiritalibus
1508 2328 1603 2365 carran.
1613 2331 1734 2367 celerinu-

936 2402 1097 2452 nicurernnl
1106 2404 1206 2465 penta,
1216 2400 1310 2451 elelrcrrl
1321 2405 1345 2452 el
1356 2403 1387 2452 ia
1399 2402 1560 2453 carnalibus
1571 2405 1733 2455 ministrare

935 2491 980 2539 eis.
1001 2489 1031 2540 ln
1046 2487 1124 2540 nulla
1139 2502 1206 2555 ergo
1222 2487 1402 2543 simulatione
1424 2488 1528 2542 Paulas
1548 2489 1643 2559 lapsus
1658 2496 1728 2551 erat,

935 2575 1001 2644 quia
1016 2576 1179 2628 serralmtur
1199 2575 1302 2645 ubique
1324 2576 1397 2645 quod
1417 2593 1588 2646 congregare
1611 2578 1730 2643 ridebat,

935 2665 991 2717 sire
1007 2664 1135 2717 Ecclesiis
1144 2665 1282 2732 gentium,
1295 2664 1352 2717 sire
1362 2666 1533 2730 ludaeorum,
1546 2672 1578 2720 ut
1587 2684 1732 2737 nunquam

936 2752 1058 2806 auferret
1072 2753 1273 2808 consuetudine
1289 2770 1406 2824 regnum
1427 2755 1477 2808 Dci
1492 2772 1497 2806 :
1513 2762 1624 2811 tantum
1635 2757 1733 2811 admo-

936 2859 1015 2906 nenS,
1034 2859 1068 2895 ne
1087 2842 1149 2911 quis
1168 2841 1197 2895 in
1220 2843 1369 2913 superlluis
1392 2851 1508 2913 poneret
1527 2862 1605 2915 spem
1622 2845 1731 2909 salutis

937 2931 1021 2983 etiam
1037 2930 1060 2982 si
1075 2931 1307 2984 consuetudinem
1322 2931 1351 2984 in
1367 2932 1407 2985 eis
1423 2940 1539 3003 propter
1551 2934 1733 2989 offensionem

94 3033 148 3076 tur.
157 3023 468 3093 Nemetiamsicpotest
478 3022 597 3091 intelligi
609 3022 680 3091 quad
693 3022 741 3078 ita,
756 3039 769 3073 e
784 3026 894 3075 corrtra-
906 2988 927 3047 C
937 3019 1113 3072 inlirmorum
1129 3020 1269 3072 custodire
1283 3021 1382 3075 vellet:
1396 3022 1468 3076 sicut
1477 3022 1512 3075 ad
1527 3022 1686 3077 Corinthios
1696 3022 1737 3077 di·

97 3116 147 3170 rio,
166 3119 199 3166 ut
214 3112 283 3165 ordo
298 3112 350 3164 iste
366 3112 415 3164 sit:
430 3111 497 3165 Mihi
509 3111 584 3164 cnim
596 3111 642 3180 qui
655 3110 896 3180 ridenturaliquid
937 3108 976 3161 cit
991 3109 1015 3173 (l
1029 3108 1088 3161 Cor.
1113 3118 1177 3172 rin:
1196 3112 1380 3164 b'iremneisus
1402 3113 1463 3178 queis
1482 3117 1590 3167 coeat-us
1609 3117 1655 3175 est,
1679 3128 1735 3166 aen

96 3218 155 3253 isse
166 3200 678 3270 nihilapposuerunt‚sedecontrariO,
691 3199 896 3269 utnusquidem
938 3196 1059 3250 adducat
1073 3196 1250 3267 preputium,
1272 3197 1301 3250 in
1322 3199 1458 3268 praeputio
1473 3200 1536 3269 quis
1551 3205 1664 3255 vocatus
1682 3207 1734 3260 est,

96 3290 124 3343 in
134 3296 235 3360 gentes
241 3289 357 3353 iremus
370 3305 431 3358 quae
446 3288 666 3342 suntcontrariae
681 3288 895 3352 circumcisioni,
940 3302 994 3338 non
1009 3287 1240 3340 circumcidetur?
1254 3287 1433 3341 lb'rcamcin'o
1448 3290 1520 3342 reiicit
1534 3293 1581 3354 est,
1594 3295 1617 3343 el
1631 3305 1738 3360 prapa-

98 3378 149 3448 ipsi
161 3384 259 3432 autem
270 3378 299 3430 in
313 3377 562 3440 circumcisionem,
575 3383 776 3431 consenserunt
787 3376 855 3429 mihi
870 3380 899 3430 et
940 3378 1010 3427 timu
1028 3375 1098 3426 nila'l
1109 3380 1154 3428 esi.
1164 3376 1209 3426 sed
1219 3376 1368 3428 ulmeam
1380 3378 1577 3431 triundalerum
1585 3379 1643 3440 Dei,
1653 3395 1738 3453 terras·

100 3466 244 3525 Bernaba
259 3466 360 3519 hocest
370 3466 498 3521 dexteras
508 3466 650 3519 societatis
660 3465 739 3519 nobis
749 3465 895 3519 dederunt.
940 3465 1052 3530 picisque
1066 3465 1157 3529 inqua
1168 3467 1304 3517 tralatione
1314 3469 1423 3517 uocatus
1432 3471 1479 3528 est,
1489 3468 1518 3519 in
1529 3482 1559 3519 ca
1566 3474 1737 3537 permaneat.

100 3556 196 3625 Neque
211 3554 241 3608 in
257 3554 457 3608 contumeliam
468 3555 733 3624 praecessorumejus
747 3559 827 3623 putet
836 3553 899 3623 quis
942 3551 999 3603 lloc
1010 3550 1084 3604 enirn
1096 3551 1131 3604 ad
1147 3568 1194 3605 ens
1210 3552 1424 3606 consuetudines
1435 3554 1477 3606 rel
1487 3554 1662 3612 conditiones
1676 3556 1739 3611 rita

99 3643 132 3696 ab
147 3661 181 3697 eo
196 3642 315 3705 dictum,
332 3646 382 3710 ptri
398 3645 525 3696 m'elentur
540 3645 650 3710 aliquid
664 3660 726 3706 csse,
741 3646 834 3709 quales
848 3645 900 3695 ali·
941 3640 1038 3693 retulit
1057 3656 1118 3709 quae
1138 3640 1207 3692 nihil
1224 3637 1327 3693 obsunt
1349 3640 1422 3704 fidei,
1447 3641 1582 3713 bonisque
1603 3644 1737 3713 moribus.

100 3734 325 3798 quaraclaerinl
335 3731 759 3792 nibilirteaialercst;etillieum
766 3737 900 3802 tanquam
944 3730 1041 3796 tllicr.)
1053 3728 1115 3781 Non
1131 3727 1205 3780 enim
1222 3727 1244 3779 si
1260 3729 1332 3781 latro
1343 3735 1405 3782 erat
1419 3729 1538 3800 quisque
1553 3747 1616 3786 cum
1627 3739 1741 3791 vocatus

101 3819 242 3889 spiritales
257 3819 318 3880 riri,
336 3819 465 3872 volebant
490 3819 581 3872 resisti
600 3819 766 3878 annalibus,
786 3819 832 3888 qui
850 3835 901 3888 pu·
943 3824 995 3878 est,
1007 3815 1090 3869 dehet
1106 3816 1132 3868 in
1143 3815 1289 3868 latrocinio
1303 3833 1477 3886 permanere.
1490 3818 1671 3889 lIyperbaton
1685 3828 1737 3885 est,

101 3908 199 3962 bibant
213 3908 320 3978 aliquid
328 3908 403 3978 ipsos
415 3925 485 3972 esse,
501 3915 529 3961 ct
542 3925 599 3962 non
612 3908 705 3978 potius
714 3908 856 3961 Christum
873 3908 902 3960 in
944 3912 972 3957 et
986 3904 1081 3958 multis
1095 3921 1155 3974 quae
1171 3904 1199 3957 in
1214 3904 1306 3957 medio
1320 3911 1386 3959 sunt
1400 3906 1549 3976 interjecta
1559 3907 1687 3974 sublatis,
1702 3911 1741 3965 sic

101 3998 140 4050 eis
157 4016 163 4048 z
177 3980 356 4066 multumque
368 3997 531 4067 gaudebant
544 4014 608 4051 cum
623 3997 841 4067 persuaderetur
852 3997 902 4049 ho·
946 3993 1317 4064 breriterlegipotest:illibi
1325 3999 1398 4048 crrim
1407 3998 1743 4068 paim'dcbanluruliquid

101 4087 226 4140 minibus
240 4086 383 4156 etseipsos
394 4103 576 4157 precessores
587 4086 675 4151 Pauli,
690 4086 763 4139 sicat
772 4086 902 4139 eumdem
944 4100 996 4135 esse
1008 4083 1078 4136 atmt
1093 4087 1286 4137 cerrlnlrranl:
1298 4085 1344 4136 sed
1358 4090 1468 4139 econtra
1482 4088 1591 4140 electros
1609 4089 1743 4144 dederant

101 4176 232 4239 Paulum,
249 4190 283 4227 ex
293 4175 484 4245 peccatoribus
495 4174 663 4244 justificatos
676 4175 901 4239 esseaDomino,
944 4177 967 4224 cl
979 4173 1111 4225 barnabe
1126 4174 1270 4226 sacietatis.
1285 4173 1382 4242 (Aug.)
1398 4173 1471 4227 Dicit
1486 4175 1592 4229 uenisse
1607 4193 1637 4230 se
1648 4177 1745 4234 Hiero·

102 4265 147 4334 qui
159 4280 312 4335 personam
322 4264 445 4318 hominis
459 4280 514 4318 non
526 4264 635 4334 accipit,
649 4263 774 4334 quiallei
784 4263 902 4332 gloriani
944 4261 1090 4329 solymam,
1108 4268 1137 4314 et
1152 4261 1332 4330 Erartgelium
1353 4278 1417 4316 cum
1433 4264 1566 4334 apiostolis
1581 4265 1741 4332 contulisse,

102 4352 277 4422 quaerebant.
295 4369 350 4406 non
362 4369 453 4407 suam.
466 4353 520 4406 Sed
527 4353 593 4422 quia
608 4353 733 4406 carnales
749 4358 778 4406 et
792 4351 902 4423 superbi
945 4349 1057 4403 ‹lextras
1072 4348 1124 4402 sibi
1140 4350 1221 4403 datas
1235 4350 1330 4415 fnisse,
1344 4351 1372 4403 id
1388 4357 1439 4409 est,
1453 4352 1565 4421 signum
1579 4354 1743 4419 concordiae,

103 4443 242 4504 homines
255 4441 358 4511 siquid
372 4443 406 4496 de
425 4441 482 4495 rita
496 4443 620 4512 ipsorum
637 4441 778 4511 praeterita
792 4441 903 4505 dicitur,
946 4438 1056 4507 signum
1064 4439 1262 4500 consonantiae,
1272 4439 1345 4510 quod
1355 4439 1389 4493 ab
1398 4440 1438 4492 eis
1448 4456 1508 4509 qam
1516 4441 1569 4509 ipsi
1578 4441 1742 4508 didicerant,

104 4532 274 4597 irascuntur,
287 4537 316 4585 et
332 4531 360 4585 in
371 4531 571 4586 contumeliam
586 4530 735 4601 accipiunt,
752 4547 783 4584 cx
811 4530 905 4583 ariimo
947 4527 1073 4581 innihilo
1083 4528 1268 4598 discrepabat.
1281 4529 1485 4587 illicienti-lut
1495 4537 1570 4582 certe
1580 4529 1626 4583 ille
1640 4530 1746 4602 absque

104 4638 153 4674 sno
167 4620 326 4689 conjiciunt
340 4621 480 4691 apostolos
495 4639 501 4673 :
519 4621 618 4674 Petrus
632 4627 725 4673 autem
738 4619 902 4684 etlacobus,
941 4617 1094 4684 jactatione
1109 4618 1152 4671 sui
1172 4617 1296 4670 occultus
1315 4622 1357 4669 est
1377 4633 1484 4680 sensae,
1509 4617 1578 4672 mihi
1598 4619 1645 4691 qui
1665 4619 1742 4674 vide-

104 4716 131 4762 et
143 4710 269 4763 loannes
279 4708 512 4763 honoratioresin
523 4709 656 4779 apostolis
667 4708 905 4778 erant,quiaipsis
948 4704 1051 4759 liuntur
1066 4705 1171 4775 aliquid
1188 4722 1248 4758 esse
1264 4705 1333 4758 nihil
1349 4707 1530 4761 contulerunt
1546 4724 1551 4758 :
1568 4709 1617 4763 sed
1632 4716 1746 4765 econtra

105 4798 193 4852 tribus
202 4814 232 4852 se
241 4798 272 4858 in
282 4804 377 4853 monte
385 4798 522 4852 Dominus
534 4798 657 4851 ostendit
666 4799 694 4850 in
702 4797 906 4866 significatione
948 4811 965 4847 a
980 4794 1075 4847 meeis
1090 4794 1222 4847 collatum
1233 4800 1284 4857 est,
1297 4794 1364 4847 dum
1376 4797 1448 4848 liunt
1459 4796 1487 4848 in
1504 4797 1645 4868 Evangelii
1655 4798 1747 4869 gratia

106 4887 183 4956 mgni
194 4887 251 4941 sui.
267 4903 332 4940 cum
346 4893 413 4941 ante
427 4903 473 4940 sex
488 4887 685 4940 diesdixisset:
700 4884 771 4939 Sura
784 4887 828 4939 bic
843 4888 906 4954 qui·
949 4883 1096 4936 linniores.
1120 4884 1221 4951 Totum
1235 4888 1329 4936 autem
1345 4884 1420 4952 quod
1439 4885 1516 4952 dicit,
1538 4886 1589 4940 hoc
1605 4892 1655 4951 est,
1675 4903 1748 4941 unus

106 4978 213 5029 derude
227 4977 483 5041 eireurastaalibus,
495 4979 544 5043 qui
559 4992 615 5029 aori
629 4976 778 5042 prestabant
792 4980 905 5028 ritortem
947 4978 1031 5042 atqne
1046 4971 1121 5024 idem
1132 4971 1200 5025 mihi
1216 4972 1397 5040 Evangelimn
1407 4975 1545 5044 praeputii,
1554 4981 1583 5028 et
1595 4975 1679 5029 Petro
1692 4976 1747 5032 cir-

107 5066 404 5131 deaeceidcuatlllium
411 5065 531 5119 bortrinis
538 5067 567 5117 iu
575 5081 657 5130 repam
665 5066 755 5117 Patris
761 5062 905 5129 sudllattb
948 5060 1125 5114 curricisionis
1140 5060 1271 5119 eredidit:
1284 5078 1328 5114 me
1343 5061 1421 5116 misit
1435 5063 1593 5131 adgentes,
1607 5064 1685 5118 illurn
1701 5082 1749 5136 po·

108 5169 160 5213 xri,
178 5154 268 5207 llere.
286 5160 325 5220 rx)
340 5170 346 5218 ;
361 5168 411 5205 nec
430 5152 483 5223 ipsi
503 5159 584 5206 erant
604 5153 748 5213 columine,
767 5151 815 5203 sed
830 5151 907 5203 ride·
949 5150 1005 5202 suit
1016 5150 1045 5202 in
1055 5150 1152 5203 ludica
1164 5168 1169 5200 z
1182 5167 1232 5203 nec
1243 5156 1341 5219 gentes
1352 5158 1482 5221 poterant
1492 5153 1588 5206 adulta
1595 5154 1655 5223 jam
1666 5159 1748 5209 aetate

110 5241 449 5296 trasmunoreratenim
459 5241 740 5311 Paulussapientiam
758 5241 908 5294 aedificasse
951 5256 1005 5292 non
1032 5240 1178 5308 protutura
1202 5239 1421 5292 circumcisionis
1445 5241 1539 5294 dolore
1565 5243 1693 5302 cruciari,
1721 5251 1749 5298 ct

109 5329 159 5383 sibi
173 5331 304 5395 domum,
322 5337 351 5383 et
361 5345 416 5383 non
431 5334 487 5382 tres
497 5330 641 5382 columnas
656 5329 843 5392 constituisse,
861 5329 908 5380 sed
949 5327 1088 5380 abstinere
1103 5346 1132 5380 se
1147 5328 1182 5380 ab
1196 5329 1264 5381 escis
1276 5329 1377 5399 quibus
1391 5346 1501 5399 scalper
1511 5331 1705 5397 nilsnerernnt,
1719 5342 1747 5387 et

82 5462 83 5467 ,
109 5424 216 5488 septem
234 5439 240 5470 :
260 5418 309 5488 qui
325 5434 460 5471 numerus
474 5418 515 5470 vel
526 5417 561 5469 ad
578 5417 714 5470 unitatem
727 5417 910 5470 Ecclesiarum
953 5433 1022 5487 quas
1034 5419 1106 5470 licus
1120 5423 1263 5471 rrearmat
1272 5418 1307 5471 ad
1323 5418 1457 5471 utendum
1471 5437 1476 5481 ;
1488 5436 1536 5471 nec
1547 5421 1583 5484 hi,
1597 5423 1643 5491 qni
1656 5440 1687 5475 cr
1698 5424 1748 5476 Ja-

109 5508 241 5562 rel'ertur.
271 5506 350 5562 Solet
374 5505 451 5559 enim
474 5523 524 5576 pro
547 5505 677 5560 urtirerso
696 5506 771 5575 poni.
793 5506 864 5558 sicut
884 5506 913 5558 in
955 5506 1020 5560 «tais
1036 5506 1214 5560 crediderant
1228 5514 1256 5561 et
1270 5507 1426 5560 circumcisi
1443 5515 1532 5562 ciant.
1546 5518 1574 5562 ct
1589 5529 1620 5563 ex
1637 5529 1752 5567 aerisue·
