3786 6128
57 276 137 347 litt·
481 278 529 345 ΒΕ
547 280 825 343 montaneam
843 280 1059 343 DISCIPLINA.
1077 309 1109 321 -·
1128 282 1197 343 tto.
1218 281 1267 343 tn.
1627 282 1693 347 ltat

55 418 115 467 noa
134 401 262 469 iniitmoa
287 402 410 469 entare,
432 403 473 465 rel
493 403 663 465 errluruniaru
690 403 888 479 patientibust
899 405 1033 469 illustrat,
1050 411 1080 461 et
1093 404 1130 459 ab
1144 405 1222 463 ornni
1233 404 1418 461 delectatione
1429 406 1518 463 ironiae
1526 406 1699 469 curiositatis

53 490 204 555 subvenire
219 492 364 553 contendit
378 510 384 545 :
397 493 446 549 sed
459 498 509 553 aut
523 492 552 550 in
566 499 697 549 renatum
707 493 781 550 foras
795 510 859 567 per·
901 510 1011 547 euersos
1021 494 1160 547 ‹tesiderio
1170 494 1391 565 contemplandae
1406 495 1531 551 raritatis
1545 495 1696 564 illuminat,

52 581 108 653 gil,
125 586 175 643 tut
189 581 265 645 dorni
279 580 344 641 Iites
358 590 388 635 et
397 582 592 643 contentiones
602 582 714 647 excitat,
729 588 779 639 aut
792 583 860 639 aloa
901 588 935 641 ut
946 583 1134 643 bunranaruru
1149 583 1464 653 rerunrdiriuo1·uruque
1474 584 1620 643 scientiam
1633 602 1698 641 oon·

52 670 99 731 vel
120 668 222 731 tabulis
244 675 272 727 ct
290 670 362 747 jocis
385 688 414 727 se
434 669 581 733 inutilibus
601 671 747 742 Impendit,
772 672 860 729 donec
901 673 1000 739 senati,
1013 674 1165 743 prudentes
1178 692 1211 727 ac
1224 672 1365 743 samarites
1379 674 1515 731 ueraciter
1528 676 1606 729 liant.
1627 676 1698 733 Pro.

53 756 182 825 manure
205 774 288 821 suurn
311 759 434 819 acerris
459 759 653 817 laborantibus
675 765 858 835 preparetur.
901 760 1021 832 spiciunt
1050 761 1228 819 imminentia
1254 763 1338 825 ruala,
1362 762 1447 821 sinaut
1462 767 1491 817 et
1505 772 1629 829 careant,
1646 780 1697 819 nec

53 845 116 911 Etsi
137 846 244 925 aliquid
269 848 363 911 minus
385 864 435 927 per
456 848 713 921 impossibilitatem
736 849 859 920 aliquam
901 857 1002 920 putent
1015 840 1144 905 ullaesse
1160 851 1234 905 mala
1253 851 1308 906 uisi
1328 868 1361 905 ea
1374 868 1436 921 quae
1451 852 1695 909 nraloselliciant:

53 940 188 1006 paratum
211 953 228 995 a
251 936 435 995 servitoribus
456 937 492 995 ad
513 954 596 995 suurn
615 936 727 999 libitum
749 938 854 993 suerit:
901 938 971 999 nibil
986 939 1015 994 in
1030 940 1082 993 hae
1095 940 1341 1004 rrrurrrlaoasu,aut
1353 940 1467 1009 injusto,
1480 942 1697 999 serlomuialioo

53 1022 150 1091 subito
168 1025 333 1091 exardescit,
350 1030 379 1083 et
392 1026 427 1080 ad
442 1025 592 1085 uindictam
608 1026 747 1099 agendam
762 1026 858 1085 statim
899 1027 1013 1083 rolorrte
1026 1028 1067 1081 rol
1080 1027 1260 1099 pcrruittentr
1282 1029 1343 1083 licri
1369 1029 1523 1098 prudenter
1537 1030 1694 1100 accipiant:

54 1112 184 1184 prosint:
205 1112 300 1185 sicque
314 1114 381 1173 dum
395 1114 441 1173 ille
456 1115 486 1173 ia
499 1115 623 1171 corrririo
633 1116 858 1183 laeurtur·,sc1·rus
899 1116 983 1173 aliter
992 1116 1696 1189 intelligontosuutdoecrnrtsopientorautarguant,

54 1200 125 1265 soris
140 1202 324 1265 excrucientur.
342 1204 397 1259 Sed
417 1204 474 1259 hae
494 1205 568 1263 unde
591 1205 706 1271 faciunt,
722 1205 776 1263 nisi
792 1204 859 1277 quia
899 1220 951 1265 nac
965 1205 1019 1276 ipsi
1038 1205 1100 1261 aliis
1123 1212 1250 1271 noceant,
1266 1224 1316 1261 nec
1329 1206 1381 1262 sibi
1403 1224 1502 1261 nocere
1518 1208 1694 1278 promittunt.

54 1288 91 1353 de
112 1290 216 1353 futuris
239 1308 296 1353 non
318 1293 453 1363 cogitant,
477 1293 679 1367 mejudicium
693 1293 744 1353 Dei
763 1299 858 1349 ruente
898 1294 980 1349 Tartar
993 1295 1128 1353 Dorulaus
1144 1294 1172 1355 in
1192 1295 1342 1363 Eramrelio
1358 1296 1419 1349 lieri
1435 1297 1694 1367 praecepitdicens:

53 1384 240 1451 meracam.
257 1379 286 1439 Si
299 1381 375 1443 enim
390 1381 465 1443 diem
479 1382 578 1437 mortis
592 1400 649 1443 suar
665 1382 718 1437 rita
729 1382 857 1457 provide·
901 1401 914 1433 a
927 1383 1189 1454 Estoteprurlentos,
1199 1384 1467 1454 siarrrsapanaaet
1477 1386 1697 1456 eirnpliceasicut

54 1474 286 1549 rentmuequan
296 1470 346 1527 mli
361 1470 504 1527 dementia
512 1489 542 1525 sc
558 1471 710 1527 irretirent.
721 1470 856 1545 Nunquid
897 1471 1145 1539 colonicatrraun.
1155 1488 1182 1532 x,
1204 1471 1278 1541 ltine
1293 1473 1560 1544 rpuirrneesirnplicer
1575 1476 1695 1533 eircum-

55 1572 114 1617 non
132 1557 243 1633 sapiens
261 1558 391 1619 similiter
412 1560 532 1617 moritur
555 1565 587 1619 ut
601 1561 713 1623 stultus,
731 1559 806 1615 diues
826 1566 857 1617 nt
898 1561 992 1617 venire
1006 1561 1115 1631 aliquas
1136 1572 1262 1631 pressum,
1285 1578 1335 1615 nor:
1352 1563 1502 1631 prurientes
1528 1582 1556 1617 so
1577 1564 1697 1619 circurn-

53 1646 279 1725 pauper,nobilis
289 1652 321 1705 ut
331 1647 482 1719 ignobilis?
497 1648 629 1725 Nunquid
645 1658 702 1707 non
715 1665 779 1705 caro
790 1647 855 1703 diri·
897 1648 986 1703 veniri
999 1650 1323 1719 prerrnittunt.Cartenna
1338 1651 1361 1705 si
1378 1650 1406 1705 in
1420 1658 1565 1708 contractu
1573 1652 1699 1722 quolibet

55 1734 95 1797 tis
105 1734 237 1799 similiter
247 1735 388 1797 rer-nitus
403 1743 493 1793 scatet
506 1744 538 1795 ut
547 1737 688 1793 mendici?
700 1737 768 1795 Ecce
779 1731 953 1795 diresBsira
964 1738 1103 1809 colloquia
1117 1739 1160 1797 aral
1175 1739 1204 1795 in
1216 1739 1272 1797 ertia
1287 1756 1398 1810 quaque
1414 1757 1444 1793 re
1458 1757 1488 1794 se
1507 1740 1598 1810 decipi
1618 1741 1696 1811 qais-

54 1839 121 1889 cunr
136 1841 239 1899 pompa
248 1825 283 1883 ad
299 1827 458 1899 sepulu'urn
471 1826 603 1885 ducitur·;
620 1827 670 1881 sed
685 1842 767 1889 neruo
781 1826 859 1881 obse·
900 1842 955 1895 qno
969 1843 1024 1887 non
1037 1827 1120 1893 sinat,
1136 1834 1165 1881 ot
1175 1828 1262 1885 alium
1277 1836 1372 1883 tarnen
1387 1828 1575 1899 ipsadecipiat
1588 1849 1594 1881 :
1609 1829 1631 1885 is
1642 1847 1698 1887 non

56 1912 206 1991 quentinin
220 1930 284 1975 curu
295 1931 328 1969 co
338 1914 368 1969 in
380 1915 508 1989 sepulcro
521 1931 636 1977 martene
647 1915 780 1985 dignatur·
791 1934 798 1979 ;
809 1915 858 1971 sed
901 1915 984 1973 lrabot
994 1916 1183 1986 prudentiam,
1194 1934 1256 1986 quau
1266 1917 1365 1972 salutis
1377 1918 1467 1986 inagis
1475 1918 1699 1988 quamperditio·

55 2000 131 2063 sicot
143 2002 220 2063 aolus
235 2002 282 2063 iiic
294 2010 379 2064 natus
394 2010 446 2071 est,
464 2004 503 2061 sic
518 2005 595 2062 solus
614 2004 680 2061 binc
703 2005 785 2061 exiet.
802 2006 859 2059 atur
900 2004 1097 2070 uisestcausa,
1107 2006 1155 2061 aad
1166 2005 1290 2068 sinmlat,
1300 2005 1433 2075 quoniam
1451 2006 1565 2076 quidem
1576 2008 1629 2061 hoc
1639 2007 1696 2061 uir-

56 2090 207 2153 hoctnnoe
218 2092 392 2165 separarem
407 2100 506 2164 sponte
516 2111 533 2153 a
543 2093 709 2153 incrtalibns
723 2110 780 2149 nou
792 2110 857 2165 pro·
899 2100 945 2149 tus
960 2112 977 2149 a
993 2094 1057 2151 nitio
1073 2094 1168 2159 distat,
1184 2095 1257 2164 quod
1281 2094 1351 2150 illud
1364 2094 1520 2164 corrumpit
1537 2111 1615 2157 sana,
1640 2096 1697 2153 brec

56 2179 186 2253 enititur,
193 2180 267 2253 qnod
273 2187 337 2252 post
346 2188 465 2243 retortam
480 2183 542 2241 lieri
558 2182 688 2243 orrrrribus
701 2181 859 2241 necessario
899 2188 982 2243 serrat
996 2183 1056 2239 uitii
1075 2182 1239 2239 accensione
1261 2188 1402 2253 corrupta.
1420 2183 1492 2237 Nam
1506 2182 1531 2237 si
1545 2183 1650 2251 rogitat
1662 2185 1698 2241 do

56 2274 183 2343 metor.
191 2268 261 2329 acce
272 2269 396 2343 quotidie
406 2271 531 2333 rolerttes
543 2272 725 2343 nolentesque
736 2271 770 2329 ad
785 2287 859 2328 uror·
899 2272 1056 2341 pontitioue
1067 2271 1223 2343 cuiuspiam
1236 2272 1279 2327 rel
1287 2272 1321 2327 de
1337 2288 1402 2327 orrsu
1413 2272 1556 2342 pereuntis
1566 2272 1696 2333 exsultat,

55 2363 114 2419 tem
128 2373 313 2439 properamus
327 2377 333 2413 2
350 2365 379 2415 et
394 2359 456 2429 quis
475 2359 540 2421 linis
553 2366 649 2419 noster
660 2359 697 2416 sit
706 2365 771 2431 post
782 2376 857 2415 inor·
900 2377 1012 2417 neccsse
1027 2368 1071 2417 eat
1085 2367 1118 2415 ut
1127 2360 1236 2431 primus
1246 2361 1419 2431 pereatipso,
1433 2376 1519 2430 quant
1529 2346 1616 2417 aliurn
1631 2377 1696 2431 per·

55 2449 182 2507 lemnon
191 2447 410 2507 consideramus.
424 2448 528 2509 Orrrnes
538 2449 614 2507 enirn
628 2449 793 2523 praesentari
807 2465 858 2505 nos
899 2449 957 2515 dat,
974 2455 1003 2506 et
1017 2449 1052 2509 ab
1066 2450 1127 2520 ipso
1142 2466 1175 2505 ea
1190 2449 1310 2519 perditio
1325 2466 1386 2520 queo
1403 2449 1495 2520 perire
1510 2450 1596 2505 aliurn
1621 2449 1698 2519 cupit

57 2539 172 2605 operta
180 2543 246 2595 ante
257 2535 381 2597 tribunal
395 2537 509 2605 Christi,
527 2543 558 2595 nt
573 2538 691 2613 recipiat
709 2538 859 2607 unusquis·
901 2538 1026 2609 incipiat.
1042 2539 1236 2597 laetitiarum
1251 2555 1313 2607 crure
1328 2539 1522 2608 secundopnrs
1536 2538 1697 2609 principalis

58 2638 115 2693 qlts
135 2622 251 2703 propria
268 2625 392 2705 corporis
411 2633 495 2697 prom
507 2626 595 2697 gessit
608 2627 664 2684 sire
683 2626 787 2683 bonum
802 2626 860 2681 sire
902 2627 1011 2681 virtutis
1018 2633 1070 2693 ost,
1078 2628 1139 2698 ipsa
1147 2626 1309 2685 estlarbitus
1319 2626 1573 2696 animi,rruicoiqne
1585 2626 1626 2681 rei
1636 2642 1698 2696 pro-

13 2750 23 2759 .
59 2698 182 2781 rirelntni
196 2712 245 2767 scd
257 2713 323 2789 quia
333 2731 416 2771 nemo
427 2720 525 2773 contra
539 2715 607 2771 uitia
616 2715 801 2787 ritepugnarc
812 2733 859 2791 po·
901 2715 992 2785 priam
1007 2715 1133 2771 tribuens
1142 2715 1354 2785 diprritatonriu
1370 2715 1421 2771 trac
1435 2714 1696 2777 divinitatiscultus,

57 2799 188 2869 testeisi
197 2801 396 2873 liniamentum
408 2804 737 2879 rirtutumoprrrnlrabere
743 2805 838 2859 studet
850 2822 855 2855 ε
899 2803 1191 2874 othumanitatisjura
1199 2811 1227 2858 ot
1236 2803 1353 2873 aquitae
1364 2802 1451 2857 totius
1459 2803 1695 2859 ritreconservan-

898 2899 955 2949 tur.
976 2893 1153 2963 Quapropter
1171 2892 1194 2947 si
1210 2892 1240 2946 in
1261 2893 1314 2947 bec
1328 2891 1385 2947 uita
1405 2891 1547 2961 justitiam
1562 2907 1698 2947 conamur

899 2981 1026 3051 implero,
1050 2983 1131 3051 ouius
1150 2981 1270 3050 justitiae
1284 2998 1354 3051 opus
1374 2987 1417 3034 est
1436 2980 1582 3051 proprium
1597 2980 1698 3050 cuique

11 3100 16 3107 ·
93 3066 245 3131 Sciendum
260 3071 391 3140 estquod
406 3073 448 3127 ne
463 3080 585 3143 quatuor
599 3072 705 3143 species
719 3048 886 3147 principa-C
898 3070 1022 3125 tribuere
1040 3086 1045 3122 :
1062 3070 1120 3125 Dea
1131 3086 1181 3123 nos
1197 3087 1214 3125 a
1229 3086 1283 3140 quo
1294 3069 1699 3135 sumastacttraddamasnoc

55 3152 126 3217 lium
140 3154 277 3217 l'itltttnru
291 3175 361 3229 quas
375 3175 462 3235 supra
483 3160 717 3225 enumerantibus,
736 3161 788 3217 troc
804 3167 856 3227 est,
899 3158 1274 3229 dorrrinarinobiseaquilrns
1284 3159 1694 3229 saurusnaturaliterpraeposi·

55 3241 218 3313 Prudentia,
227 3245 348 3317 justitia,
360 3247 504 3309 fortitudo,
516 3254 545 3303 ct
555 3249 750 3323 temperantia,
766 3267 783 3305 a
795 3248 858 3321 qui·
900 3248 931 3313 ti,
942 3248 1148 3318 perunittarnus.
1162 3248 1329 3303 llrnuinetur·
1338 3248 1411 3303 uitiis
1421 3248 1509 3307 ratio:
1532 3247 1699 3317 subjiciatur

54 3328 109 3393 bus
123 3337 200 3395 totus
211 3334 280 3389 ordo
290 3342 319 3391 ct
328 3335 415 3393 serica
430 3337 564 3393 rirtuturn
575 3337 674 3401 oritur,
682 3338 759 3393 ornni
768 3338 858 3393 homi·
899 3354 1000 3407 corpus
1014 3336 1119 3401 aniruo,
1136 3335 1247 3395 animus
1262 3337 1329 3400 Der),
1343 3344 1371 3391 ot
1391 3336 1506 3407 impleta
1520 3342 1563 3393 ost
1576 3336 1697 3393 hominis

57 3419 86 3473 ni
98 3420 261 3485 Christiano
276 3424 439 3484 necessariae
453 3431 528 3491 sunt,
542 3426 672 3497 quianon
687 3427 769 3488 aliter
778 3443 859 3497 supe-
899 3431 959 3479 tota
968 3426 1111 3495 perlectio.
1122 3426 1182 3479 Duo
1190 3432 1257 3480 aurit
1266 3425 1424 3481 econtrario
1432 3424 1695 3494 injustitioegenera,

56 3514 159 3573 rantur
181 3510 271 3571 morbi
296 3513 421 3587 pontitiani
446 3514 586 3575 uitiorum,
601 3514 656 3573 nisi
670 3531 720 3585 per
734 3515 859 3573 remedia
899 3511 1697 3585 unuarquodirrjurtastaagaaan.altorumquouatann

51 3593 859 3669 spiritualiummedicamentorum.Sanctarurnerrianrui·
898 3599 1697 3671 irrogatoscunrpossumuspropulsarenegligimusquau·

54 3692 206 3757 pturarum
231 3690 384 3751 auctoritas
398 3691 476 3747 raldo
490 3690 571 3745 nobis
585 3692 763 3751 crnnmendat
776 3691 857 3747 celsi-
899 3690 935 3743 do
945 3706 1093 3761 oppressos
1101 3688 1251 3745 defendere
1258 3704 1321 3745 curri
1329 3672 1469 3757 positurus
1475 3686 1510 3741 ab
1517 3687 1697 3757 oppressione

55 3774 185 3837 tudinem
200 3782 229 3831 et
242 3776 418 3841 nobilitatem
434 3780 596 3839 airusalem
612 3797 754 3839 sacrarum
768 3780 858 3837 rirtu-
899 3777 1107 3835 contemnimus
1124 3794 1129 3828 :
1148 3792 1198 3831 nee
1214 3775 1282 3831 inibi
1294 3775 1401 3849 aliquid
1411 3776 1534 3845 prodest,
1551 3775 1625 3844 quorl
1640 3792 1697 3831 non

173 2944 211 2997 de
224 2950 345 3012 nominor
357 2949 561 3015 principalibus
575 2949 734 3001 antennas.

54 3868 128 3930 turn,
139 3869 336 3936 quatenusper
345 3884 441 3922 earum
452 3869 624 3947 opulentiam
634 3869 742 3927 militiae
751 3868 857 3929 Christi
898 3865 1086 3923 circumvenio
1099 3864 1220 3935 aliquem
1249 3880 1341 3934 neque
1362 3864 1480 3935 decipio,
1495 3864 1519 3917 Si
1543 3863 1634 3934 (latini
1648 3869 1699 3919 aul
1788 3860 1791 3867 ¹

55 3952 114 4025 apti
143 3970 206 4011 esse
233 3955 406 4017 studeamus.
432 3958 508 4020 Quas
523 3957 636 4027 quidem
660 3964 782 4031 quatuor
795 3975 857 4021 esse
898 3953 1094 4013 eirerrmreuiri
1109 3953 1252 4024 perrnitur.
1270 3953 1329 4007 lloc
1353 3952 1426 4009 idam
1442 3953 1477 4007 de
1498 3953 1619 4022 pec-omn
1633 3952 1699 4009 licet

56 4040 227 4123 principales
241 4048 270 4105 et
284 4044 364 4115 quasi
378 4046 515 4119 quosdrun
525 4047 616 4101 tontes
630 4063 647 4105 a
660 4046 761 4117 quihus
774 4054 856 4103 oete·
899 4043 1031 4113 intclligi:
1049 4042 1147 4113 quiesi
1157 4048 1320 4112 peccantem
1333 4042 1458 4107 rirleo,et
1467 4059 1523 4099 non
1534 4043 1626 4101 solum
1641 4058 1698 4099 nou

54 4145 93 4184 rae
103 4129 223 4185 uirtutes
233 4133 384 4203 proltuant,
393 4134 548 4195 nonsoturu
556 4134 855 4212 pbilosoplrisentiunt,
899 4147 996 4203 arguo,
1011 4130 1060 4186 sed
1071 4131 1157 4187 etiarn
1172 4129 1198 4184 oi
1221 4129 1348 4200 peccanti
1367 4130 1520 4193 corrsentio,
1533 4129 1698 4201 prutieipern

55 4217 104 4273 sed
116 4217 204 4283 etiam
219 4220 309 4283 nostri
324 4221 511 4283 consentiunt.
529 4224 655 4287 Quarum
679 4240 791 4297 ‹puoque
810 4240 858 4281 no-
899 4218 1249 4285 medamnstioniscllicio,
1259 4218 1324 4275 etin
1336 4217 1697 4290 omnibuspeccatispmeoo,

57 4306 247 4383 mittsssuljnm
255 4309 438 4377 ostendimus
449 4310 789 4385 prudentampustinaa,
800 4312 857 4367 for·
900 4308 1013 4378 quando
1025 4324 1072 4363 eos
1085 4324 1155 4380 quos
1165 4307 1223 4362 scio
1233 4324 1360 4378 pernosse
1375 4307 1432 4361 sire
1447 4324 1561 4376 peccaro
1577 4308 1699 4378 quadam

58 4394 220 4463 titudinem,
237 4403 266 4451 et
286 4398 502 4469 temperantiam
525 4398 579 4459 dici
600 4400 770 4459 noluerunt:
796 4417 857 4470 quae
898 4395 1701 4465 erudelisauimiritalignitateamrincrepo.l'or·titudoergo

56 4485 336 4547 tantumsanctitatis
346 4487 772 4555 conteruntanirnoCbristiano,
783 4489 857 4563 quod
900 4485 1105 4556 analecticem
1119 4484 1148 4537 in
1164 4483 1623 4554 ordineprincipaliumvirtutum,
1641 4484 1699 4539 beo

58 4571 129 4641 nihil
142 4573 323 4646 perfectionis
337 4592 426 4651 usque
440 4576 485 4644 sit,
503 4577 578 4657 qnod
592 4576 623 4635 in
632 4576 694 4635 istis
706 4577 859 4635 uirtutibus
900 4592 1003 4647 rnagno
1013 4573 1106 4631 ammo
1118 4572 1307 4643 periculorum
1322 4571 1536 4627 otlaborurnest
1544 4572 1698 4643 perpessio,

59 4677 116 4727 uon
131 4660 179 4715 sit.
193 4662 267 4727 Nam
286 4663 310 4719 si
334 4662 401 4727 lacit
414 4665 566 4745 prudentia
580 4665 759 4739 prudentem,
772 4665 856 4739 justi-
900 4664 1189 4735 ejusquepartessunt
1199 4663 1413 4729 rrroprrr'fipcntr'o,
1421 4662 1697 4730 lidrrrtr‘eprutr'ontin,

58 4749 97 4805 tia
116 4750 238 4827 justam,
265 4751 399 4813 tinitudo
412 4754 525 4823 fortean,
542 4754 771 4828 attemperata
785 4761 856 4811 aar.
896 4754 1110 4822 perseuerantio-
1127 4752 1338 4819 Maporiltorntr'o
1351 4755 1471 4819 or·gocst
1481 4766 1575 4805 rerum
1584 4767 1699 4821 niagno·

56 4846 215 4909 perentam,
232 4857 264 4905 eo
283 4840 331 4915 qni
348 4842 512 4919 prudenter,
523 4845 610 4919 juste,
626 4843 774 4907 teramnae
787 4848 858 4903 tern-
900 4857 963 4897 rum
979 4847 1008 4897 et
1036 4839 1219 4905 exocbnruur,
1233 4854 1298 4895 cunr
1323 4837 1412 4899 animi
1425 4838 1520 4908 ampla
1535 4838 1656 4909 quadam
1672 4846 1700 4893 ot

56 4927 265 5011 tacuerant.
274 4929 368 4995 nescio
376 4930 443 5009 quid
454 4931 611 5005 possitesse
619 4932 780 5007 perfectius.
792 4932 857 4991 t'ir·
900 4928 1046 5000 splendida
1054 4926 1244 5000 propositione
1254 4925 1699 4997 cogitatioatqueadruiuistratio.

57 5017 101 5070 ωδ·
118 5015 196 5085 enirn
211 5023 254 5081 etl
268 5017 356 5081 anisii
369 5017 493 5085 babitus,
511 5027 620 5079 natura
632 5022 726 5083 decus,
744 5021 807 5077 ritae
816 5038 858 5075 ra·
900 5019 1027 5073 Fidentia
1034 5024 1084 5077 est,
1095 5032 1146 5089 per
1155 5031 1238 5087 quarn
1255 5014 1366 5085 rnsgnis
1381 5021 1409 5069 ot
1418 5015 1564 5072 borroratis
1574 5016 1604 5071 in
1617 5014 1701 5073 rebus

57 5104 104 5171 liu,
121 5120 156 5167 ac
167 5122 278 5171 morum
291 5106 433 5169 nobilitas.
451 5108 538 5187 crpus
552 5110 637 5169 ctiam
648 5115 742 5185 partes
758 5109 859 5185 prisci·
903 5106 1025 5163 multum
1041 5105 1154 5161 arriruus
1169 5105 1198 5159 in
1207 5122 1237 5158 sa
1253 5104 1444 5159 fiduciaecerta
1452 5105 1699 5175 cumspccollom·

57 5193 134 5263 putee
144 5200 213 5261 sunt
227 5200 359 5277 quatuor,
370 5203 404 5259 ut
412 5213 486 5271 sape
496 5197 601 5258 dictum
611 5203 663 5264 est,
672 5215 793 5275 quarum
800 5197 859 5273 pri·
901 5195 951 5250 rit.
964 5197 1103 5249 Particntr‘o
1108 5199 1152 5249 est
1157 5193 1312 5251 honestatis
1317 5200 1368 5247 aut
1375 5192 1595 5249 utibtatiscausa
1604 5209 1700 5249 rerum

58 5296 102 5347 ma
112 5282 535 5361 estnmdendatniadananone
544 5285 638 5345 veriet
652 5286 682 5346 in
697 5286 859 5345 inventione
901 5281 1444 5339 arduarumautdltlicitiurnroluntorie
1454 5297 1486 5337 ac
1496 5281 1701 5352 diuturusper·

56 5369 470 5437 remittentiiaecntemoriarn
479 5374 859 5447 animoexcitatnntelligen-
901 5372 1003 5444 passio.
1027 5374 1234 5429 Pcraerarantr'o
1257 5370 1344 5427 estin
1364 5369 1473 5425 ratione
1487 5369 1558 5425 bene
1572 5370 1701 5425 conside·

56 5458 596 5543 bamnmeptoprestatproridentiain
604 5462 859 5525 oonsilioexornat.
901 5468 965 5521 rata
981 5460 1089 5523 subiba
1112 5477 1145 5517 ac
1167 5464 1304 5530 perpetua
1319 5459 1489 5531 permansio.
1507 5460 1572 5515 llaec
1588 5476 1699 5530 quoque

58 5546 123 5613 Ilva
133 5546 294 5629 spirituale
304 5550 434 5617 tornines
443 5552 709 5615 soarnalibnsritiis
720 5552 861 5611 rlolecatoa
902 5568 953 5605 oon
960 5548 1195 5615 manimebabere
1207 5547 1346 5617 mutent,
1362 5547 1412 5620 qui
1424 5547 1532 5609 bonore
1547 5548 1691 5611 Chbdsrr
