3786 6128
198 324 248 384 idi
397 342 407 369 ε
495 326 528 380 Β.
547 322 684 380 RABANI
702 322 819 380 unum
837 322 1008 383 ARCHIEP.
1026 319 1190 378 MOGUNT.
1210 321 1360 379 OPERUM
1378 321 1471 379 PARS
1490 322 1540 379 111.
1641 358 1646 373 ι
1786 321 1839 382 43⁶2

198 451 354 524 baptizaret
370 452 439 521 (Act.
462 454 531 519 mu),
551 464 643 520 neque
654 447 797 518 jejunium
812 449 981 521 interposuit
992 466 999 501 z
1006 450 1179 514 Amortuus,
1195 448 1238 501 vel
1248 447 1341 503 fuerat
1353 447 1542 515 habiturus,si
1554 453 1598 504 est
1611 452 1677 503 ante
1689 448 1840 504 defunctus

198 555 291 615 neque
304 539 409 597 Paulus
417 545 448 593 et
456 538 529 593 Silas
535 543 648 610 tempus
656 537 827 593 distulerunt
837 554 892 611 quo
904 545 996 593 custo-
1036 553 1121 608 quam
1135 538 1171 591 ad
1185 536 1351 607 dignitatem
1370 537 1414 592 sui
1429 536 1554 609 corporis
1568 537 1743 609 pervenerit:
1752 543 1804 593 aut
1814 537 1838 593 si

199 628 389 686 demearceris
396 627 570 700 baptizarent
579 627 781 682 cumomnibus
789 627 993 698 ejusdum),
1036 626 1154 681 huonon
1165 626 1376 698 placetpropter
1387 626 1595 698 perfectionem,
1611 627 1698 682 totius
1714 625 1839 699 corporis

197 734 290 791 neque
308 717 409 773 Petrus
431 716 547 771 clericos
570 714 678 781 habuit,
694 721 744 770 aut
762 715 838 771 diem
857 715 994 787 quaesivit.
1039 714 1142 769 Christi
1163 714 1354 786 intelligamus
1371 732 1433 770 esse
1447 715 1564 782 dictum,
1581 716 1611 770 in
1632 732 1718 787 quam
1741 731 1839 771 omnes

197 804 995 879 quandoCcmeliumcumomnidomosuabaptizavittlct.
1038 804 1127 858 sancti
1141 820 1307 860 concurrere
1326 805 1438 872 debent,
1460 810 1492 859 ut
1514 805 1553 859 sit
1566 820 1656 860 unum
1674 821 1776 877 corpus
1789 821 1840 876 per

197 895 236 961 ι),
257 912 309 952 nec
322 896 392 968 ipse,
404 896 453 950 sed
469 894 611 966 baptizare
620 894 706 965 jussit
719 893 853 949 iratribus
868 893 917 965 qui
932 910 997 948 cum
1038 893 1147 948 diversa
1156 891 1292 947 membra.
1303 892 1434 948 Officium
1444 893 1688 966 uniuscapitisest
1697 893 1836 959 Christus,

197 982 245 1040 illo
254 984 557 1040 ierantadCornelium
564 982 599 1037 ad
605 984 702 1054 Joppe:
712 983 803 1038 adhuc
812 983 888 1038 enim
896 989 998 1055 praeter
1038 981 1100 1037 ideo
1115 982 1276 1053 praestruxit
1285 982 1315 1036 in
1330 981 1469 1037 unitatem
1481 981 1546 1037 ndei
1561 990 1590 1036 et
1602 982 1756 1054 agnitionis
1772 982 1836 1037 Filii

181 1077 184 1080 ’
196 1079 305 1146 septem
326 1073 458 1128 diaconos
480 1073 574 1127 nullus
595 1071 687 1126 suerat
707 1072 863 1127 ordinatus.
879 1072 917 1127 Ut
931 1088 998 1143 ergo
1039 1070 1098 1124 Dei.
1107 1071 1171 1124 Haec
1181 1071 1274 1125 unitas
1284 1070 1408 1142 corporis
1419 1070 1523 1125 Christi
1536 1086 1593 1125 non
1604 1070 1748 1137 est,nisiin
1760 1071 1839 1142 agni-

197 1168 335 1219 cresceret
343 1161 421 1234 plebs
430 1167 459 1217 et
468 1161 712 1233 multiplicaretur,
720 1160 851 1216 omnibus
861 1161 936 1215 inter
946 1160 999 1215 ini·
1038 1159 1115 1214 tione
1131 1159 1245 1225 Christi,
1270 1165 1298 1214 et
1312 1159 1341 1214 in
1361 1160 1470 1214 unitate
1485 1160 1550 1214 ndei
1573 1159 1733 1215 Catholieae.
1759 1160 1840 1216 Unde

181 1312 184 1317 Α
198 1251 238 1307 tia
252 1268 415 1308 conoessum
429 1256 482 1317 est,
497 1255 527 1305 et
546 1249 736 1321 evangelizare
755 1255 785 1305 et
802 1249 951 1322 baptizare,
970 1255 999 1304 et
1039 1247 1116 1302 omni
1126 1248 1221 1303 studio
1233 1247 1417 1303 laborandum
1428 1254 1480 1316 est,
1491 1248 1615 1320 primum
1625 1248 1654 1303 in
1664 1248 1729 1303 fidei
1745 1265 1841 1304 occur-

198 1339 358 1412 Scripturas
376 1340 406 1394 in
419 1340 537 1394 ecclesia
548 1339 715 1411 explanare:
732 1344 762 1393 at
776 1337 824 1393 ubi
835 1339 1000 1393 omnialoca
1039 1353 1102 1392 rere
1116 1337 1265 1403 unitatem,
1282 1337 1384 1393 deinde
1404 1337 1476 1392 etin
1490 1337 1589 1392 cadem
1608 1337 1718 1392 unitate
1735 1336 1840 1393 babere

199 1430 389 1503 circumplexa
413 1435 457 1484 est
484 1427 615 1494 Ecclesia,
631 1428 825 1482 conventicula
847 1427 1000 1482 constituta
1040 1425 1211 1496 agnitionem
1221 1426 1285 1481 Filii
1297 1426 1357 1493 Dei,
1370 1443 1490 1498 quorum
1500 1442 1565 1481 cum
1577 1426 1663 1481 fuerit
1671 1442 1841 1498 securapos·

196 1523 300 1575 suntet
308 1524 430 1574 rectores
438 1522 467 1573 et
475 1523 576 1572 caetera
583 1516 675 1571 cilicia
684 1517 714 1571 in
722 1516 918 1572 ecclesiissunt
926 1515 1000 1570 ordi·
1040 1516 1137 1582 sessio,
1149 1515 1258 1587 parvuli
1273 1531 1334 1570 esse
1346 1521 1488 1570 cessantes
1498 1521 1527 1570 et
1544 1531 1707 1570 mensuram
1721 1515 1840 1570 interio-

199 1613 276 1674 nata,
288 1613 321 1663 ut
335 1607 430 1662 nullus
441 1606 477 1661 de
491 1606 566 1661 clero
575 1607 701 1667 auderet,
718 1605 766 1678 qui
783 1606 929 1660 ordinatus
941 1620 998 1659 non
1040 1604 1079 1658 ris
1090 1603 1211 1659 hominis
1230 1603 1406 1676 recipientes,
1424 1620 1486 1676 quae
1507 1620 1640 1659 mensura
1656 1604 1840 1675 plenitudinis

197 1700 284 1763 esset,
294 1712 465 1768 presumere
479 1695 613 1762 officium,
629 1696 703 1766 quod
717 1694 801 1750 sciret
811 1710 867 1749 non
878 1693 932 1748 sibi
942 1710 999 1748 cre·
1040 1709 1173 1748 mensura
1187 1692 1291 1747 Christi
1301 1698 1353 1759 cst,
1366 1692 1481 1765 perfecti
1495 1693 1547 1748 viri
1562 1692 1726 1748 nabulum
1736 1693 1841 1749 sortic-

196 1784 290 1840 ditum
296 1785 339 1839 vel
348 1789 554 1850 concessum,et
560 1784 704 1855 coepitalio
710 1783 808 1838 ordine
816 1788 845 1839 et
853 1770 1029 1855 provides-B
1038 1798 1118 1849 mur,
1128 1782 1168 1836 ita
1181 1788 1288 1849 tamen,
1299 1788 1332 1837 ut
1345 1782 1380 1836 ad
1390 1788 1614 1837 consummatam
1625 1787 1737 1837 atatem
1751 1782 1841 1854 pleni-

196 1871 395 1946 tiagubernari
405 1873 537 1928 Ecclesia.
550 1873 622 1937 Quia
630 1873 654 1927 si
665 1889 764 1927 omnes
774 1873 873 1927 eadem
884 1877 999 1944 possent
1038 1870 1145 1925 tudinis
1159 1869 1263 1926 Christi
1281 1870 1372 1925 omnis
1387 1871 1563 1925 credentium
1580 1869 1664 1926 turba
1682 1871 1838 1942 perveniat,

196 1959 478 2028 irrationabileesset,
486 1966 515 2016 et
523 1960 647 2032 vulgaris
654 1978 699 2016 res
709 1960 878 2015 etvilissima
889 1961 998 2015 videre-
1039 1959 1293 2015 deindeconiestim
1302 1959 1562 2031 subjunxitdicens:
1576 1961 1675 2029 Utjcm
1684 1976 1741 2015 non
1750 1963 1841 2015 stirias

195 2057 253 2106 tur.
265 2049 338 2106 Hinc
345 2066 412 2122 ergo
422 2050 546 2105 estunde
556 2066 728 2121 nuneneque
738 2050 849 2105 diaconi
858 2050 887 2105 in
895 2049 998 2121 populo
1036 2052 1153 2118 parvuli
1160 2052 1335 2119 fiuctuantes,
1344 2055 1369 2103 et
1378 2051 1615 2118 circumferamur
1622 2050 1700 2103 miani
1709 2050 1842 2103 ventado-

196 2137 358 2211 pmfflcant,
376 2155 468 2211 neque
482 2139 576 2195 clerici
591 2139 634 2193 vel
649 2137 712 2194 laici
734 2138 890 2211 baptizant,
907 2154 999 2210 neque
1040 2140 1175 2192 ctriaain
1182 2138 1504 2206 aquicinctensium
1513 2140 1619 2191 astutia
1628 2138 1844 2191 adcircumccn·

197 2243 364 2300 quocunque
378 2227 425 2283 die
438 2229 585 2284 credentes
599 2227 757 2299 tinguntur,
773 2227 827 2282 nisi
837 2227 915 2299 aegri.
933 2227 999 2282 Ideo
1042 2229 1143 2280 tionem
1153 2229 1266 2281 erroris.
1281 2224 1768 2298 (Ambr.)Fundamsetstabilesnon
1778 2241 1843 2281 esse

196 2331 253 2373 non
276 2333 329 2390 per
351 2315 446 2372 omnia
468 2316 641 2372 conveniunt
659 2317 764 2389 scripta
777 2316 905 2388 Apostoli
926 2315 1000 2370 ordi·
1039 2314 1844 2388 vultindisciplinalldeiCatholicae,quamPetrusapostc-

196 2403 393 2478 actionique
414 2423 489 2462 nunc
510 2405 540 2461 in
555 2406 678 2462 Ecclesia
702 2412 754 2472 est,
771 2406 840 2477 quia
852 2406 912 2460 haec
925 2404 1000 2459 inter
1039 2403 1238 2470 lus,revelante
1248 2404 1465 2476 Deo,prosessus
1476 2411 1528 2470 est,
1543 2420 1595 2459 nec
1602 2403 1844 2458 ventilarinoser-

196 2493 258 2566 ipsa
277 2494 433 2566 primordia
456 2502 525 2550 sunt
543 2496 657 2567 scripta.
678 2496 751 2550 Nam
771 2499 800 2549 ct
821 2494 999 2550 Timotheum
1040 2499 1136 2548 rantes
1146 2509 1196 2564 per
1209 2493 1384 2548 diversarum
1393 2493 1541 2549 haeresium
1554 2492 1846 2564 pestilentiosasasse-

198 2581 393 2655 presbyterum
411 2600 430 2638 a
443 2600 475 2638 sc
488 2589 617 2639 creatum
636 2583 801 2656 episcopum
825 2589 914 2648 vocat,
934 2583 1001 2655 quia
1040 2583 1198 2638 venationes
1210 2582 1338 2653 nequitia
1349 2583 1476 2637 humana
1485 2583 1621 2647 inventas,
1632 2588 1721 2652 utper
1733 2582 1788 2636 has
1795 2581 1846 2636 fal·

199 2669 444 2744 primipresbyteri
454 2672 807 2744 episcopiappellabantur,
816 2676 848 2726 ut
854 2671 1000 2727 recedente
1041 2671 1125 2726 lentis
1140 2671 1244 2725 inimici
1264 2671 1316 2725 suh
1335 2671 1393 2725 veri
1409 2671 1522 2726 nomine
1541 2688 1619 2725 emor
1634 2670 1722 2742 possit
1735 2670 1843 2725 adoni.

199 2774 267 2826 uno,
276 2775 398 2831 sequens
413 2761 439 2815 ei
453 2760 625 2828 succederet,
634 2760 755 2831 demque
765 2761 840 2831 apud
848 2761 1001 2832 AEgyptum
1043 2760 1102 2814 Hoc
1115 2760 1191 2814 enim
1205 2759 1362 2814 remedium
1378 2765 1421 2815 est
1435 2759 1575 2826 salsitatis,
1594 2766 1627 2814 ut
1640 2758 1691 2816 sub
1705 2764 1845 2830 pretextu

199 2845 356 2921 presbyteri
367 2848 542 2920 consignant,
555 2848 578 2904 si
589 2864 712 2921 praesens
726 2849 830 2904 nonsit
842 2849 999 2921 episcopus.
1041 2848 1168 2904 veritatis
1181 2848 1296 2903 inducat
1311 2865 1447 2914 errorem,
1463 2854 1552 2903 ctnon
1562 2849 1654 2904 solum
1664 2847 1715 2902 sub
1724 2847 1786 2902 teri
1796 2864 1847 2904 no·

199 2936 328 3010 Scdquia
336 2944 482 3010 coeperunt
490 2943 641 3010 sequentes
646 2937 804 3010 presbyteri
812 2937 921 3008 indigni
926 2938 1002 2992 inve-
1042 2938 1128 3005 mine,
1140 2938 1227 2992 sedet
1237 2955 1282 3003 ne,
1295 2938 1441 2993 sicutante
1450 2943 1593 3010 acceptam
1603 2938 1688 2993 fidem
1697 2953 1784 2993 sensu
1793 2938 1847 2993 hu·

198 3024 255 3082 uiri
268 3024 305 3082 ad
314 3027 453 3100 primatus
462 3027 609 3094 tenendos,
622 3027 772 3082 immutata
784 3034 828 3083 est
837 3027 920 3093 ratio,
934 3044 1000 3099 pro·
1041 3027 1123 3081 miles
1136 3025 1309 3098 vagabamur
1322 3044 1374 3099 per
1386 3026 1510 3082 diversos
1530 3043 1648 3094 ermres,
1663 3026 1761 3081 fideles
1776 3025 1846 3082 sacti

198 3115 334 3187 spiciente
343 3115 470 3182 concilio,
480 3121 578 3172 utnon
593 3116 671 3182 ordo,
684 3117 733 3172 sed
749 3115 882 3172 meritum
891 3092 1264 3171 crearetfldiscurreremus
1285 3116 1398 3188 fragiles
1418 3122 1448 3171 et
1467 3115 1545 3172 dubii
1565 3116 1600 3170 de
1617 3132 1666 3187 spe
1689 3115 1843 3189 promissa,

199 3203 372 3277 episcopum,
387 3203 543 3260 multorum
553 3205 732 3260 sacerdotum
744 3205 851 3276 judicio
861 3205 998 3261 constitu·
1040 3204 1284 3276 commonet,'quia
1288 3206 1349 3276 jam
1357 3204 1510 3259 Christiani
1520 3204 1596 3271 facti,
1607 3204 1715 3260 fundati
1725 3204 1846 3260 essede-

199 3297 271 3360 mm,
283 3309 319 3348 ne
332 3292 465 3364 indignus
477 3297 584 3348 temere
596 3299 755 3365 usurparet,
772 3299 801 3350 et
814 3301 889 3349 esset
902 3295 999 3349 multis
1039 3291 1116 3360 bent,
1129 3294 1196 3365 quia
1211 3292 1381 3365 ambiguitas
1395 3294 1425 3347 in
1446 3294 1501 3349 fide
1513 3299 1610 3348 nostra
1623 3310 1680 3349 non
1694 3298 1746 3359 cst,
1763 3309 1845 3349 com-

199 3382 374 3437 scandalum.
386 3382 419 3438 lu
426 3381 488 3454 lege
497 3380 849 3439 nascebantursacerdotes
856 3398 998 3454 exgenere
1039 3383 1191 3438 mandatur
1200 3382 1276 3438 onim
1284 3383 1387 3438 virtute
1402 3382 1605 3454 prodigiorum.
1621 3383 1757 3451 (Hieron.)
1768 3381 1846 3448 Quia

200 3471 295 3528 damn
310 3470 411 3527 Levitae
427 3488 432 3523 :
453 3478 640 3527 nuncautem
654 3488 752 3527 omnes
766 3489 916 3543 exgenere
931 3478 999 3527 sunt
1039 3488 1105 3526 vero
1118 3471 1167 3536 ait,
1184 3476 1260 3527 ultra
1275 3488 1332 3526 non
1341 3475 1429 3526 situas
1439 3475 1556 3542 pomuli
1564 3475 1739 3542 fluctuantes,
1756 3476 1787 3526 et
1796 3488 1846 3527 re-

199 3558 488 3628 sacerdotalissimo
496 3560 580 3616 Petro
588 3549 724 3632 apostolo:
736 3562 886 3629 Quinctiis,
895 3561 996 3634 inquit,
1038 3560 1117 3633 liqua
1128 3577 1174 3614 :se
1188 3577 1300 3632 quoque
1310 3562 1494 3616 fluctuantem
1509 3561 1764 3632 etparvulumesse
1773 3576 1846 3616 con-

199 3653 383 3719 pcausrcpclc
395 3650 628 3719 etsccerdotcte(l
638 3653 710 3706 Pctr.
721 3654 764 3719 n),
777 3649 897 3723 ideoque
904 3667 937 3704 ex
947 3666 998 3722 po·
1038 3654 1155 3714 testans,
1170 3650 1378 3705 retractandum
1393 3650 1514 3717 videtur,
1530 3654 1663 3705 utrumne
1676 3649 1728 3704 hoc
1744 3665 1847 3705 secum

198 3738 267 3811 pulo
280 3741 374 3811 potest
383 3737 445 3793 nari
455 3738 596 3794 sacerdos.
608 3740 643 3794 In
655 3740 863 3807 edificationem
876 3742 997 3808 corporis
1038 3738 1106 3792 dum
1115 3738 1305 3793 humilitatem
1315 3740 1427 3794 locutus
1437 3738 1524 3805 sitan
1535 3744 1610 3794 certe
1618 3755 1651 3792 ex
1659 3737 1847 3809 partevidens

200 3827 313 3882 Christi.
325 3826 453 3883 Ecclesia
461 3826 668 3884 ordinationem
680 3827 716 3882 ad
727 3827 999 3899 compaginationem
1041 3832 1070 3880 et
1082 3843 1116 3880 ex
1128 3834 1207 3898 parte
1219 3843 1400 3898 cognoscens,
1412 3827 1581 3883 intellexerit
1595 3833 1732 3899 quantum
1747 3845 1766 3883 a
1780 3844 1848 3900 per·

200 3914 317 3970 humani
322 3916 447 3988 corporis
452 3917 482 3971 in
487 3916 667 3987 professionis
673 3916 883 3971 unitatemdicit
890 3933 1001 3988 compc-
1041 3914 1114 3970 fecta
1125 3915 1198 3972 absit
1206 3916 1331 3984 scientia,
1340 3923 1369 3972 ct
1382 3917 1411 3972 in
1426 3934 1493 3972 vera
1507 3917 1684 3973 conscientia
1695 3933 1755 3973 suae
1760 3916 1852 3973 verba

200 4001 328 4071 sitam,ut
333 4003 612 4075 diversidignitatein
618 4004 729 4060 Christo
735 4021 833 4060 omnes
838 4021 926 4060 unum
932 4005 998 4073 sint,
1041 4006 1211 4077 pramperit.
1219 4006 1247 4060 Si
1258 4006 1321 4077 quis
1331 4006 1484 4078 igiturvult
1494 4006 1720 4061 eumsecundum
1731 4006 1851 4062 humili-

200 4090 998 4163 unumcaputhabentcsChristum,hocestauctoremritae.
1041 4094 1849 4167 tatemlocutum,illeuteturexemplo:Ouandoerampur·

237 4181 325 4234 Donec
334 4195 514 4235 accumulatus
524 4196 616 4235 omncs
626 4184 658 4235 in
668 4185 804 4236 unitatem
814 4183 879 4250 fidat
887 4187 912 4236 ct
921 4185 1001 4250 opni-
1041 4185 1847 4254 octuatoqaebcrutpcroulus,scpubcmatpcroutuseo-

201 4269 285 4323 tionis
300 4268 367 4324 Filii
381 4269 436 4325 cai.
453 4267 575 4341 (Ambe.)
589 4267 699 4325 Tandiu
713 4269 781 4325 dicit
790 4286 905 4325 manere
924 4269 1000 4325 ordi·
1040 4273 1164 4339 pilatum
1175 4277 1205 4326 ut
1213 4277 1363 4342 paruulus:
1374 4274 1846 4342 quandoverosactassumoir,cuc·

199 4357 354 4425 naconem,
365 4356 490 4430 quandiu
509 4356 602 4413 cuncti
616 4354 750 4413 destinati
765 4358 801 4413 ad
814 4358 902 4414 uitam
917 4359 1000 4415 unius
1041 4363 1122 4414 circui
1131 4365 1278 4430 quaerunt
1290 4364 1416 4432 pomuli.
1429 4361 1510 4417 Alius
1523 4376 1589 4417 vero
1603 4360 1639 4415 ad
1652 4361 1707 4416 ista
1721 4378 1844 4435 respon·

199 4447 258 4502 sint
266 4445 366 4502 iideiin
374 4444 563 4519 cognitionem
569 4446 684 4503 Christi.
694 4449 828 4503 invirum
836 4450 998 4518 perfectum,
1007 4451 1032 4510 D
1041 4448 1107 4503 dent
1115 4450 1325 4522 comparatione
1336 4452 1490 4506 multorum
1500 4451 1530 4506 in
1538 4455 1651 4506 atatem
1661 4449 1779 4524 perlecti
1789 4450 1844 4506 riri

199 4539 231 4591 in
244 4552 407 4592 recasuram
421 4539 508 4592 atatis
519 4537 708 4606 plenitudinis
722 4537 836 4592 Christi.
849 4537 893 4591 lta
905 4536 1000 4592 elabo·
1040 4539 1206 4610 Apostolum
1222 4539 1435 4611 pervenisse,ad
1446 4557 1479 4594 ea
1493 4555 1558 4594 vero
1568 4556 1631 4611 qum
1647 4539 1772 4613 reposita
1778 4555 1844 4596 sau·

200 4624 321 4679 randum
334 4624 475 4692 hortatur,
487 4629 520 4681 ut
533 4622 667 4696 perfectio
681 4623 747 4679 iidei
761 4625 998 4696 apprehendatur,
1041 4626 1093 4682 ctis
1101 4626 1844 4700 suntadhucparvulumnuncupari.Siquidemomnes

200 4712 281 4782 cujus
289 4712 348 4767 hac
358 4712 675 4782 ratioest,uth1istum
684 4711 838 4786 perlectum
848 4718 877 4767 et
885 4714 1000 4786 plenum
1041 4717 1190 4788 apostolos,
1203 4717 1250 4789 qui
1261 4717 1290 4772 in
1300 4717 1412 4772 Christo
1420 4717 1544 4785 credent,
1556 4717 1688 4788 parvulos
1702 4717 1844 4790 propheta

201 4800 290 4855 Deum
304 4799 374 4855 tides
383 4804 487 4870 teneat,
500 4820 552 4859 nec
566 4819 700 4860 mensura
714 4801 839 4857 hnmana
855 4802 998 4871 metiatur,
1040 4812 1250 4874 commemorat,
1262 4805 1357 4861 dicem
1367 4825 1372 4860 :
1381 4807 1445 4861 Ecce
1457 4822 1503 4874 epo
1522 4810 1548 4859 ct
1554 4808 1680 4876 porculi,
1691 4822 1758 4876 quos
1769 4807 1844 4861 mitt

200 4889 250 4944 sed
265 4887 294 4944 in
308 4889 483 4962 plenitudine
495 4890 659 4961 divinitatis,
672 4890 753 4964 quasi
767 4892 907 4964 perlectus
924 4894 1000 4948 Deus
1040 4896 1114 4950 dedit
1128 4895 1342 4963 Doininasfflcn.
1361 4898 1464 4964 xxxm).
1477 4893 1545 4949 Post
1561 4894 1621 4949 lues
1633 4893 1771 4950 attentius
1783 4894 1843 4950 dis·

200 4977 346 5035 habeatur.
363 4979 421 5035 Nec
432 4981 508 5036 enim
518 4979 879 5053 perfectumdicensrirum
889 4987 999 5054 tempo·
1040 4983 1200 5050 serendum,
1217 5001 1252 5038 ne
1269 4983 1342 5039 sorte
1355 4984 1438 5054 juxta
1458 4982 1658 5050 humilitatem,
1679 4998 1736 5038 non
1750 4982 1844 5039 solum

200 5067 253 5125 ruli
262 5074 346 5126 astate
361 5074 390 5124 et
402 5085 537 5125 mensura
547 5069 697 5142 significat,
708 5068 759 5124 sed
769 5085 820 5142 per
830 5068 883 5124 hoc
893 5071 1000 5126 dictum
1040 5073 1188 5143 parvulum
1208 5072 1358 5145 Apostolus
1373 5088 1434 5127 esse
1448 5089 1478 5128 se
1492 5071 1604 5140 dixerit,
1612 5072 1661 5128 sed
1673 5072 1845 5129 flumantcm

199 5158 337 5228 perfectos
346 5175 398 5215 nos
406 5159 467 5214 vult
474 5158 538 5214 fieri
548 5158 577 5214 in
591 5158 767 5232 plenitudine
781 5158 940 5216 intellectus
954 5160 999 5215 di·
1040 5162 1155 5217 etomni
1164 5161 1356 5217 doctrinarum
1367 5160 1455 5217 lluctu
1467 5161 1497 5216 in
1507 5161 1619 5218 diversa
1626 5160 1846 5234 raptaminfal·

198 5246 324 5305 vinitatis
337 5247 402 5305 Filii
416 5247 477 5304 Ilei.
493 5247 577 5317 (Alb.)
598 5248 672 5303 Sunt
691 5247 768 5303 enim
787 5248 835 5322 qui
849 5254 951 5320 putant
965 5267 999 5304 ex
1040 5250 1141 5306 luciam
1150 5250 1306 5318 hominum,
1316 5236 1346 5305 iu
1356 5249 1514 5322 nequitiam
1524 5251 1560 5307 ad
1573 5250 1844 5307 circumventionem

200 5334 285 5407 hujus
299 5336 445 5393 sententia
459 5334 618 5409 apostoliea
631 5336 750 5404 ratione,
767 5352 865 5393 omncs
879 5339 915 5393 ad
933 5344 998 5395 eta·
1040 5339 1153 5395 erroris.
1178 5340 1234 5405 Qui
1259 5344 1354 5395 autem
1373 5339 1435 5395 rult
1447 5339 1507 5396 haee
1528 5356 1594 5396 eum
1607 5356 1665 5396 non
1678 5339 1715 5395 de
1726 5338 1844 5396 humili·

199 5429 258 5480 tem
273 5425 388 5493 Christi,
400 5415 485 5498 quam
493 5423 602 5493 habuit,
611 5426 723 5498 quando
733 5441 833 5499 passus
842 5431 895 5492 cst,
905 5444 998 5484 resur·
1039 5434 1107 5495 tate,
1130 5429 1180 5484 sed
1197 5429 1233 5484 de
1249 5428 1420 5484 conscientia
1434 5428 1594 5501 protulisse,
1610 5428 1680 5485 dicit
1699 5446 1706 5483 :
1732 5428 1842 5486 Paulus

200 5519 336 5582 recturus,
349 5520 383 5569 ut
395 5514 459 5571 usui
478 5514 603 5589 corporis
617 5513 736 5588 quisquc
750 5513 869 5588 recipiat
882 5533 996 5573 mensu·
1037 5518 1181 5589 apostolus
1195 5518 1280 5574 bomo
1298 5523 1360 5573 erat
1378 5517 1454 5574 acuti
1474 5524 1504 5573 et
1524 5518 1598 5574 acris
1610 5516 1727 5591 ingenii,
1746 5522 1779 5575 ct
1790 5516 1857 5592 qui·

200 5602 941 5677 ram,qnamvslhabuitin1'usentuteetiamsisonex
953 5613 998 5663 est
1037 5606 1074 5663 ad
1099 5607 1206 5680 primos
1227 5620 1353 5680 quosque
1380 5606 1589 5679 disputantium
1608 5609 1729 5665 oonams
1741 5605 1841 5680 sagaci
