3772 6120
125 277 174 337 cas
329 279 618 338 mnamnonun
637 281 676 336 nv
695 280 773 336 arr.
794 280 902 337 rium
922 280 991 337 me.
1011 280 1112 337 xmn.
1129 310 1162 322 -
1183 281 1222 337 nv
1241 281 1353 338 nrrsr.
1375 283 1397 338 r.
1414 283 1464 339 nu
1482 270 1596 341 rm(
1711 283 1764 343 eas

124 423 136 456 ι
148 406 273 476 peccatis
288 406 397 462 alienis.
415 408 480 475 vsi,
496 407 598 479 inquit,
610 411 649 476 te,
666 412 698 462 ut
711 408 849 475 convenit,
861 411 957 481 pro-A
969 406 1072 479 (Grec.)
1084 409 1143 463 Nec
1157 409 1244 463 ullam
1258 426 1291 464 ex
1305 409 1349 464 his
1359 409 1538 465 nocivitatem
1551 409 1763 479 sustinebimus,
1865 416 1872 433 '

122 493 212 559 hante,
229 494 279 550 ille
293 496 451 568 deliquerit,
467 513 525 551 non
539 503 583 551 est
597 502 678 551 tuum
692 498 811 551 crimen:
824 497 923 553 sivero
964 497 1030 551 licet
1042 496 1191 553 videantur
1204 498 1286 552 multi
1301 504 1381 554 actus
1391 499 1481 553 nostri
1494 516 1510 553 a
1521 498 1616 554 multis
1627 499 1764 570 ignorari.

121 588 151 638 tu
164 583 247 638 facila
261 591 292 639 et
305 602 362 640 non
378 603 442 640 cum
456 591 539 641 cauta
549 586 713 657 probatione
725 586 760 640 ad
774 587 924 641 ordinatio-
963 586 1068 641 Paulus
1078 602 1201 658 namque
1209 589 1360 658 Apostolus
1375 604 1439 642 cum
1452 589 1586 643 dilectum
1594 588 1764 662 discipulum

121 688 184 728 nem
190 674 334 744 producis,
341 675 482 747 particeps
491 675 610 730 efficeris
621 676 683 746 ejus
690 675 868 730 delictorum:
876 675 923 730 ille
963 674 999 728 de
1012 674 1192 730 instituendis
1205 676 1327 743 ecclesia
1341 676 1440 731 officiis
1455 677 1630 745 admoneret,
1642 694 1678 733 ne
1693 696 1764 751 quoa

121 762 260 834 euim,pro
267 762 517 835 quibus[peccavit]
526 765 606 835 Justa
614 764 724 818 ratione
730 764 879 835 punietur;
890 769 922 820 tu
962 762 1034 818 sorte
1048 764 1084 818 ad
1097 780 1191 819 sacros
1205 765 1317 820 ordines
1327 766 1485 821 inordinate
1494 767 1669 838 proveheret,
1677 768 1764 828 dixit:

121 869 183 907 sero
193 869 246 923 pro
256 852 358 923 quibus
367 869 425 908 non
434 846 516 908 caute
524 853 614 924 egisti,
628 869 679 907 nec
688 853 840 924 perfectam
849 852 921 908 arbi·
964 871 977 904 v
992 853 1092 908 Manus
1110 853 1167 908 cito
1181 854 1287 909 nemini
1307 856 1484 926 imposueris,
1501 872 1592 927 neque
1605 858 1763 913 communi·

120 941 165 995 trii
173 943 238 1013 ejus
247 942 382 1013 colligens
396 942 590 1013 probationem
604 942 640 996 ad
654 942 842 997 ministerium
855 959 921 997 eum
961 942 1067 997 caveris
1080 943 1201 1014 peccatis
1214 944 1323 1011 alienis,
1339 950 1368 998 te
1383 944 1476 1018 ipsum
1490 950 1600 1001 castum
1613 946 1731 1015 custodi,
1746 966 1760 1002 δ

120 1031 285 1103 produxisti,
293 1038 322 1087 et
338 1031 430 1086 adium
443 1032 473 1086 in
485 1032 615 1086 umorem
626 1048 691 1085 eum
701 1031 839 1102 redigens,
852 1031 921 1102 adii-
961 1031 1009 1103 qui
1030 1031 1066 1085 ad
1085 1031 1280 1088 infirmitatem
1299 1034 1361 1104 eJus
1384 1034 1508 1106 corporis
1530 1034 1659 1106 protinus
1677 1035 1763 1092 verba

120 1120 155 1174 cit
172 1138 178 1172 :
197 1138 211 1171 a
227 1121 268 1174 Te
287 1120 380 1192 ipsum
404 1120 513 1176 custodi
536 1126 654 1185 castum,
670 1120 797 1174 »deinde
820 1127 849 1174 et
872 1120 921 1176 illa
960 1125 1134 1188 convertens,
1151 1121 1212 1175 ait:
1232 1138 1245 1173 δ
1264 1122 1329 1177 Noli
1348 1123 1439 1177 adhuc
1464 1139 1567 1194 aquam
1590 1123 1695 1193 bibere,
1711 1126 1761 1182 ssd

120 1209 228 1280 quade
243 1226 277 1264 eo
292 1216 383 1276 erant,
395 1209 477 1264 dicit:
491 1228 505 1261 δ
518 1210 583 1265 Noli
597 1210 688 1263 adhuc
701 1226 804 1280 aquam
813 1208 917 1278 bibere,
960 1209 1070 1263 modico
1090 1210 1155 1265 vino
1177 1217 1256 1265 utere
1281 1216 1396 1283 propter
1422 1212 1598 1268 stomachum
1621 1218 1704 1269 tuum
1732 1221 1762 1270 et

120 1299 198 1352 «sed
210 1298 277 1354 vino
292 1299 400 1353 modico
416 1303 496 1353 utere
512 1305 628 1370 propter
644 1299 820 1353 stomachum
837 1304 919 1354 tuum
959 1296 1120 1369 frequentes
1134 1304 1199 1353 tuas
1213 1299 1402 1368 infirmitates,
1413 1319 1427 1353 c
1438 1301 1591 1372 statimque
1604 1301 1760 1374 subjungit,

121 1393 177 1441 «et
198 1387 363 1458 frequentes
389 1393 454 1442 tuas
481 1387 669 1442 infirmitates.
689 1406 702 1439 v
719 1387 837 1442 Evidens
865 1393 917 1455 est,
960 1387 1311 1452 dicens:«Quorumdam
1324 1389 1473 1444 hominum
1487 1395 1603 1463 peccata
1611 1392 1761 1448 manifesta

120 1476 253 1548 quoniam
276 1481 305 1530 et
328 1493 412 1548 super
428 1477 480 1530 hoc
498 1476 647 1532 consilium
668 1476 779 1542 illidat,
795 1492 829 1531 eo
845 1477 920 1547 quod
959 1481 1028 1531 sunt
1038 1477 1225 1547 praecedentia
1239 1478 1275 1532 ad
1292 1478 1442 1548 judicium,
1459 1480 1646 1550 quorumdam
1663 1485 1761 1537 autem

119 1566 199 1620 valde
224 1565 371 1620 infirmum
395 1582 460 1620 eum
485 1582 600 1637 corpore
625 1582 686 1620 esse
708 1565 916 1636 perspiciebat:
960 1570 989 1621 et
1001 1565 1218 1636 subsequuntur.
1232 1586 1245 1618 o
1261 1566 1334 1631 Quid
1344 1568 1457 1638 ergoad
1471 1567 1541 1623 illud
1552 1569 1675 1640 pertinet
1685 1570 1761 1641 quod

116 1655 353 1726 contemplatione
382 1660 477 1709 autem
499 1654 678 1709 continentie
702 1654 794 1709 adhuc
816 1671 919 1726 aquam
959 1654 994 1709 ab
1008 1655 1120 1709 infirmo
1135 1672 1238 1726 aquam
1261 1654 1319 1710 bibi
1333 1656 1542 1727 prohibuithoc
1556 1658 1630 1729 quod
1645 1657 1680 1713 de
1694 1675 1761 1730 pec-

117 1742 209 1799 bibere
222 1744 408 1815 persistebam
419 1751 449 1798 et
457 1743 524 1814 quia
534 1744 697 1814 frequenter
704 1743 824 1798 aliorum
833 1760 919 1800 causa
927 1733 951 1795 B
960 1744 1030 1798 catis
1043 1743 1213 1799 absconditis
1227 1746 1414 1816 quorumdam
1427 1746 1576 1802 hominum
1588 1747 1759 1802 manifestis·

116 1834 181 1888 talia
190 1834 315 1904 agimus,
329 1837 404 1887 utne
418 1833 566 1887 videamur
575 1832 767 1887 indifferentes
782 1849 842 1887 esse
851 1850 919 1904 erga
959 1848 1013 1905 que
1023 1832 1184 1904 subjunxit?
1193 1833 1248 1888 nisi
1259 1835 1333 1904 quod
1347 1834 1479 1906 imposita
1493 1836 1528 1890 de
1537 1837 1760 1907 ejusindrmita-

116 1922 366 1988 conversationem,
382 1938 439 1975 non
460 1921 622 1991 ignorantes
644 1922 776 1992 quoniam
792 1921 918 1993 illaque
957 1926 987 1976 te
1000 1922 1141 1976 sententia
1154 1922 1252 1977 adhoc
1266 1922 1296 1976 in
1313 1929 1437 1978 extremo
1451 1924 1533 1991 redit,
1546 1926 1621 1996 quod
1629 1926 1760 1998 superius

117 2011 148 2066 ad
168 2026 257 2065 usum
279 2010 360 2065 nobis
373 2011 416 2064 vel
434 2011 507 2064 lacta
530 2016 597 2065 sunt
609 2010 652 2064 vel
678 2010 793 2077 tributa,
811 2027 918 2081 nequa·
959 2011 1052 2065 dixit:
1080 2011 1231 2066 «Manum
1255 2012 1311 2066 cito
1337 2012 1444 2067 nemini
1467 2013 1644 2084 imposueris,
1666 2031 1759 2087 neque

120 2116 201 2172 quam
212 2116 267 2154 nos
276 2100 419 2171 insumpta
431 2104 565 2169 poterunt
578 2116 688 2154 nocere.
706 2100 805 2168 (tirso.)
815 2101 919 2155 Paulus
959 2100 1208 2155 communicaveris
1231 2100 1351 2172 peccatis
1375 2102 1484 2156 alienis.
1511 2103 1579 2159 »Ut
1601 2103 1677 2158 euim
1699 2104 1759 2161 haec

119 2206 241 2261 namque
261 2189 391 2260 egregius
407 2189 573 2260 praedicator
587 2189 749 2260 Mitylenem
764 2188 878 2243 veniens
891 2195 919 2244 et
960 2189 1058 2243 eadem
1076 2194 1200 2260 peccata,
1226 2194 1333 2260 quanta
1356 2190 1544 2246 solhcitudine
1568 2192 1760 2263 perquirenda

120 2280 230 2351 plenam
251 2278 412 2332 infidelibus
432 2278 554 2332 insulam
579 2278 679 2344 sciens,
695 2283 805 2348 patrem
827 2278 920 2333 Publii
960 2282 1062 2345 essent,
1092 2277 1424 2350 ostenderet,'imposita
1450 2284 1548 2334 contra
1584 2279 1759 2337 infirmitatis

121 2368 282 2441 dysenteria
309 2366 487 2439 febribusque
511 2372 641 2421 vexatum
668 2366 774 2421 orando
803 2367 920 2422 salvavit
960 2366 1300 2421 molestiamdiscretionis
1308 2368 1509 2436 admonitione,
1516 2368 1756 2440 protinusintulit,

122 2458 185 2526 (Act.
196 2460 344 2526 xxvxu)‚et
352 2462 449 2511 tamen
458 2460 613 2527 egrotante
619 2455 766 2511 Timotheo
775 2457 918 2528 praecepit,
959 2455 1034 2528 quod
1047 2456 1076 2510 in
1100 2456 1163 2511 aliis
1177 2461 1362 2527 patescerent,
1377 2457 1406 2512 in
1421 2457 1484 2513 aliis
1502 2458 1633 2526 laterent,
1651 2458 1757 2529 dicens,

121 2546 212 2601 dicens
237 2565 244 2599 :
268 2545 377 2601 Modico
404 2545 468 2600 vino
493 2551 572 2600 utere
600 2551 715 2616 propter
744 2546 920 2600 stomachum
962 2545 1602 2617 «quommdamhominumpeccatamanifesta
1610 2553 1758 2620 suntpra-

122 2640 197 2691 bum
220 2640 252 2690 et
274 2635 436 2706 frequentes
458 2641 523 2688 tuas
544 2633 734 2689 infirmitates.
748 2652 761 2686 δ
777 2634 850 2698 Quid
865 2638 918 2703 est,
961 2633 1089 2688 cedentia
1102 2634 1296 2704 adjudicium,
1314 2637 1502 2706 quorumdam
1515 2641 1611 2692 autem
1626 2642 1655 2692 et
1663 2636 1759 2693 subse·

123 2726 213 2787 Paule,
228 2725 305 2796 quod
319 2730 456 2794 aegrotum
469 2724 611 2778 infidelem
628 2723 734 2778 orando
750 2723 786 2777 ad
800 2724 920 2779 salutem
962 2730 1100 2794 quantun
1123 2741 1136 2776 δ
1154 2723 1228 2778 sicut
1244 2740 1311 2794 ergo
1326 2741 1376 2796 per
1389 2726 1462 2780 hanc
1471 2726 1642 2781 sententiam
1653 2726 1758 2783 Paulus

123 2830 241 2879 revocas,
249 2820 280 2867 et
286 2817 398 2867 tantum
409 2813 567 2884 adjutorem
577 2811 719 2882 Evangelii
731 2828 810 2867 more
817 2812 918 2867 medici
959 2829 1015 2867 non
1029 2812 1135 2866 eisdam
1148 2811 1241 2867 verbis
1255 2815 1385 2885 congruit
1398 2814 1500 2886 quibus
1511 2816 1572 2887 jam
1586 2816 1705 2888 loquens
1722 2816 1760 2872 de

124 2920 168 2975 per
179 2903 319 2957 alimenta
338 2901 438 2956 curas?
457 2901 511 2955 nisi
536 2901 610 2973 quod
634 2901 737 2955 idcirco
760 2902 833 2957 flunt
845 2906 919 2957 erte·
957 2901 1099 2957 Timothei
1112 2901 1278 2956 infirmitate
1292 2902 1446 2974 subjunxit,
1460 2910 1524 2977 post
1543 2905 1605 2972 hoe,
1617 2904 1716 2976 adjicit
1728 2909 1758 2960 et

124 2993 192 3047 n'ora
213 2991 362 3055 miracula,
377 2997 410 3045 ut
428 2995 537 3045 mentes
556 2990 704 3045 hominum
724 2990 760 3044 ad
783 2990 917 3046 interiora
958 2990 993 3045 de
1008 2990 1104 3044 servis.

126 3081 304 3147 adducantur,
321 3085 460 3151 quatenus
482 3096 534 3151 per
555 3079 608 3133 boc
629 3079 704 3150 quod
729 3079 833 3133 mirum
851 3079 950 3140 visi-G
1263 3081 1381 3138 CAPUT
1398 3082 1447 3140 Vl.

128 3169 209 3225 biliter
226 3168 396 3234 ostenditur,
405 3185 438 3222 ea
456 3185 517 3239 quae
534 3167 745 3222 admirabiliora
755 3173 830 3234 sunt,
843 3167 916 3223 invi-
958 3187 1069 3241 Indum
1082 3187 1224 3254 Apostolu,
1237 3191 1369 3257 episcopo,
1383 3190 1421 3243 ad
1434 3191 1586 3245 Modiam
1596 3204 1755 3259 mmm

129 3258 208 3314 sibilia
220 3259 384 3314 credantur.
396 3258 482 3327 Signo
493 3257 596 3329 quippe
607 3256 718 3311 virtutis
731 3262 813 3328 pater
825 3257 918 3312 Publii
993 3260 1026 3311 in
1039 3260 1153 3314 aemilio
1166 3259 1356 3327 dominorum,
1367 3266 1448 3329 atque
1463 3263 1582 3328 indunt,
1597 3262 1636 3316 od
1649 3265 1755 3316 emtori-

131 3348 259 3403 sanandus
272 3349 374 3413 tuerat,
391 3351 424 3401 ut
436 3351 531 3401 mente
547 3345 732 3412 revivisceret,
746 3345 815 3400 dum
830 3346 917 3401 mira-
993 3329 1058 3383 dam
1072 3329 1271 3396 hlfflllfmssmv
1284 3333 1415 3399 Pl'sslfllem
1427 3335 1453 3385 tl
1466 3338 1575 3387 &vim-l
1584 3333 1710 3387 ”frium-

134 3437 226 3491 cuload
240 3437 361 3492 salutem
375 3435 655 3491 rediret:Timotheo
669 3439 766 3489 autem
780 3434 916 3490 adbiben·
995 3434 1188 3506 «Quicunque
1207 3443 1274 3492 sunt
1287 3436 1339 3491 sub
1355 3439 1425 3508 jugo
1446 3438 1529 3506 servi,
1543 3438 1672 3493 dominos
1689 3453 1756 3494 suos
1855 3462 1859 3469 ¹

136 3524 190 3580 tun
199 3526 267 3581 foris
282 3525 450 3580 miraculum
469 3540 526 3578 non
539 3529 609 3588 erat,
626 3523 693 3594 quia
705 3524 765 3594 jam
778 3528 855 3578 totus
877 3524 918 3579 in·
960 3541 973 3576 c
989 3523 1064 3578 omni
1077 3523 1183 3578 honore
1197 3525 1296 3595 dignos
1310 3525 1491 3594 arbitrentur,
1511 3543 1547 3581 ne
1570 3542 1673 3582 nomen
1696 3526 1754 3582 Do·

137 3614 295 3670 haerebat.
307 3613 380 3679 Quid
392 3620 434 3668 est
446 3613 533 3683 igitur
542 3613 655 3679 mirum,
665 3612 689 3666 si
698 3619 854 3685 propagata
863 3614 917 3668 lide
960 3631 974 3665 c
989 3613 1059 3669 mini
1072 3618 1102 3668 et
1119 3614 1247 3668 doctrina
1260 3613 1495 3685 blasphemetur»
1507 3616 1624 3686 (Ambe.)
1640 3615 1706 3670 Hae
1718 3615 1755 3669 de

139 3701 216 3759 crebro
231 3704 369 3758 miracula
377 3719 434 3757 non
447 3702 528 3768 fiunt,
537 3701 650 3772 quaudo
661 3701 720 3755 haec
728 3701 782 3772 ipsi
791 3702 917 3772 Apostoli
958 3701 1014 3756 illis
1022 3702 1128 3770 scribit,
1139 3703 1187 3774 qui
1196 3702 1325 3757 infideles
1334 3702 1439 3758 habent
1445 3703 1584 3771 dominos,
1591 3703 1756 3775 praecipiens

139 3787 331 3864 inquibusdam
342 3793 402 3863 jam
417 3790 545 3845 lidehbus
559 3806 616 3845 non
630 3789 778 3845 lecerunt?
791 3790 918 3845 benend-
959 3791 1009 3857 eis,
1029 3796 1062 3846 ut
1083 3808 1167 3846 omne
1187 3790 1353 3863 obsequium
1375 3791 1433 3847 suis
1456 3777 1600 3863 prebeant
1620 3791 1753 3861 dominis,

139 3876 195 3944 ilcit:
957 3879 1024 3934 licet
1035 3880 1093 3936 sint
1113 3897 1131 3935 a
1147 3881 1252 3953 pietate
1266 3880 1361 3948 alieni,
1378 3888 1482 3936 utnon
1496 3881 1563 3936 binc
1580 3879 1754 3951 blasphemia

166 3970 379 4036 «Quorumdam
394 3969 540 4024 hominum
556 3976 670 4041 peccata
689 3970 838 4024 manifesta
851 3974 918 4024 sunt
957 3968 1107 4039 aliquando
1127 3975 1178 4024 aut
1197 3969 1368 4041 vituperium
1388 3970 1502 4042 pietatis
1518 3969 1652 4025 doctrina
1671 3968 1754 4024 affin-

142 4059 523 4129 ¹pracedentiaadjudieium
536 4076 541 4111 :
555 4058 692 4129 quosdam
701 4065 796 4112 autem
811 4064 840 4112 et
849 4057 915 4112 sub·
955 4062 1049 4128 gatur,
1071 4058 1294 4114 existimantibus
1317 4059 1383 4127 illis,
1400 4059 1475 4131 quod
1497 4059 1538 4114 ita
1559 4076 1608 4114 eos
1626 4058 1755 4114 institua·

142 4154 314 4220 «mouetur.
326 4148 462 4203 Similiter
469 4152 499 4201 et
506 4146 580 4202 lacta
589 4147 663 4201 hona
678 4146 825 4201 manifesta
838 4151 914 4211 sunt,
956 4163 1020 4201 mus
1034 4151 1067 4201 ut
1076 4153 1257 4203 contemnant
1271 4149 1400 4204 dominos
1414 4166 1489 4204 suos.
1505 4149 1645 4215 Quoniam
1659 4152 1754 4203 autem

142 4242 251 4309 ‹dquae
265 4238 350 4292 aliter
362 4252 393 4291 se
411 4236 525 4303 babent,
538 4235 672 4290 abscondi
686 4252 743 4290 non
756 4241 883 4306 possunt.
901 4254 914 4288 δ
957 4236 992 4290 de
1007 4236 1063 4290 illis
1083 4237 1170 4291 servis
1193 4237 1261 4292 dicit
1279 4238 1327 4309 qui
1342 4238 1469 4293 infideles
1488 4238 1617 4294 dominos
1639 4236 1753 4304 habent,

142 4319 235 4388 (lma.)
246 4326 315 4380 Vult
333 4326 434 4390 dicere,
459 4325 593 4396 quoniam
615 4325 839 4395 delinquentium
863 4324 1070 4425 heDavidens
1087 4331 1138 4390 est,
1158 4331 1187 4381 et
1212 4344 1245 4381 ex
1266 4327 1367 4398 quibus
1389 4328 1468 4393 dixit,
1486 4346 1499 4381 δ
1515 4334 1548 4382 ut
1570 4344 1606 4382 ne
1626 4325 1755 4381 docmina

141 4410 225 4470 uuum
247 4420 277 4470 et
301 4430 356 4468 non
380 4420 454 4468 recte
467 4413 622 4468 viventium
642 4413 743 4468 delicta
766 4413 916 4468 manifesta
956 4414 1006 4468 Dei
1015 4414 1081 4468 hinc
1095 4413 1314 4485 blasphemetur.
1328 4434 1341 4468 δ
1356 4414 1649 4471 Manifestiusveroid
1663 4419 1756 4468 osten·
1791 4474 1799 4487 ,

141 4508 195 4569 cut,
209 4520 269 4575 quae
283 4503 457 4558 necessarias
471 4502 527 4557 illis
542 4503 572 4556 in
589 4502 684 4558 futuro
701 4503 802 4558 saeculo
818 4518 915 4574 poenas
956 4503 1032 4557 ditur
1047 4509 1076 4557 et
1090 4520 1123 4557 ex
1137 4503 1192 4557 illis
1206 4519 1267 4575 quae
1281 4510 1447 4575 sequuntur,
1457 4503 1555 4575 adjicit
1569 4502 1644 4558 enim
1654 4520 1685 4556 :c
1699 4501 1754 4567 Qui

141 4598 189 4644 not
196 4594 347 4664 provisura,
359 4591 426 4646 licet
434 4591 458 4645 si
474 4597 502 4646 et
515 4591 621 4646 faciant
633 4592 729 4663 aliqua
739 4608 800 4663 quae
810 4592 914 4646 multos
957 4609 971 4643 c
986 4597 1082 4646 autem
1101 4591 1198 4646 fideles
1216 4590 1322 4646 habent
1335 4592 1474 4659 dominos,
1490 4607 1547 4647 non
1561 4595 1752 4657 contemnant,

142 4673 208 4735 latere
220 4688 361 4754 poterunt.
378 4681 424 4736 Sic
439 4685 468 4734 et
481 4681 516 4735 de
535 4680 591 4734 illis
610 4681 658 4752 qui
680 4686 756 4735 recte
769 4681 860 4735 vivere
874 4681 915 4735 in·
958 4698 971 4733 c
987 4680 1054 4751 quia
1062 4679 1164 4734 fratres
1176 4684 1252 4748 sunt,
1259 4680 1308 4734 sed
1323 4681 1415 4752 magis
1427 4679 1562 4748 serviunt,
1577 4680 1645 4752 quia
1657 4680 1755 4736 fideles

142 4765 272 4826 stituerunt
291 4770 414 4842 plurima
429 4769 543 4841 quidem
559 4769 674 4824 illorum
688 4769 837 4824 manifesta
850 4773 916 4824 sunt
958 4787 972 4821 c
986 4774 1091 4824 suntet
1103 4768 1209 4835 dilecti,
1225 4769 1272 4840 qui
1283 4768 1483 4825 beneficiorum
1491 4775 1559 4826 sunt
1566 4770 1726 4843 participes.
1739 4789 1754 4824 s

142 4852 287 4927 homnibus,
302 4866 370 4914 sunt
390 4859 477 4913 etiam
496 4863 526 4913 et
539 4858 634 4930 aliqua
648 4876 709 4930 quae
724 4860 832 4913 lateant
841 4860 917 4914 mul·
956 4859 1078 4923 lustum,
1093 4858 1195 4929 inquit,
1212 4863 1264 4925 est,
1280 4863 1313 4913 ut
1325 4864 1354 4913 et
1373 4859 1426 4914 hos
1444 4876 1501 4915 non
1519 4859 1755 4932 contemplatione

142 4950 180 5011 lto,
192 4948 246 5005 hac
255 4949 334 5004 enim
345 4947 494 5019 significat,
510 4947 605 5002 dicens
623 4948 753 5003 similiter
767 4954 797 5002 et
809 4964 870 5019 quta
886 4964 917 5003 se
956 4947 1071 5018 pietatis
1080 4962 1146 5002 suos
1154 4953 1337 5003 contemnant
1345 4948 1483 5017 dominos,
1496 4949 1546 5021 qui
1556 4948 1676 5018 benigne
1690 4963 1755 5003 cum

141 5030 338 5103 darhetem,
364 5053 415 5092 nec
442 5037 518 5091 enim
544 5042 662 5108 possunt
687 5037 783 5091 omnia
810 5037 918 5092 incerta
957 5036 1013 5091 illis
1038 5043 1137 5107 agunt,
1158 5037 1207 5092 sed
1227 5026 1315 5092 multo
1337 5038 1428 5109 magis
1451 5037 1555 5093 debent
1576 5037 1617 5091 eis
1639 5035 1754 5103 servire,

141 5136 193 5179 me.
209 5127 306 5199 ltaque
326 5142 378 5181 nec
396 5126 448 5180 boc
471 5124 663 5196 pertimescas,
680 5142 716 5180 ne
735 5126 847 5196 quando
861 5142 918 5180 non
959 5126 1039 5197 quasi
1057 5125 1196 5192 fidelibus,
1211 5125 1259 5197 qui
1274 5132 1303 5180 et
1321 5126 1401 5197 diligi
1418 5132 1533 5198 propter
1546 5125 1638 5197 ipsum
1652 5122 1757 5181 debent

140 5206 221 5269 bonam
243 5216 309 5271 hinc
332 5213 494 5285 opinionem
514 5214 651 5285 acquiras,
675 5215 816 5285 teipsum
839 5231 918 5286 aqua
959 5213 994 5268 ab
1009 5214 1059 5279 eis,
1076 5219 1105 5269 et
1126 5215 1176 5269 illa
1190 5216 1233 5269 vel
1254 5215 1375 5270 maxime
1389 5214 1424 5270 de
1445 5231 1539 5281 causa,
1557 5230 1614 5286 qua
1634 5212 1757 5286 benigna

138 5307 191 5370 potu
204 5305 376 5376 expendens;
392 5308 472 5358 utere
490 5319 556 5358 vero
580 5304 679 5375 exiguo
697 5304 761 5358 vino
783 5320 833 5375 pro
857 5304 920 5375 ipsa
959 5302 1014 5358 illis
1028 5308 1157 5359 utuntur.
1166 5304 1225 5358 Hoc
1232 5304 1308 5358 enim
1315 5304 1393 5363 dicit,
1404 5302 1681 5375 «quibeneticiorum
1690 5308 1759 5359 sunt

138 5387 293 5448 infirmitatis
320 5393 497 5459 necessitate,
519 5392 598 5447 valde
621 5392 712 5447 sciens
734 5392 865 5464 quoniam
891 5398 921 5448 et
960 5391 1119 5465 participes,
1138 5393 1219 5448 »hoc
1241 5400 1293 5461 est,
1309 5394 1358 5465 qui
1380 5392 1523 5448 beneflciis
1543 5408 1591 5448 eos
1612 5391 1758 5448 sublevare

137 5476 176 5534 illa
192 5498 253 5554 quae
266 5482 396 5537 homines
410 5482 572 5552 conjiciunt,
587 5482 612 5536 si
626 5487 722 5536 tamen
744 5488 820 5537 recte
844 5482 920 5537 viva·
960 5486 1113 5554 properant
1127 5482 1361 5553 contemplatione
1374 5481 1488 5554 pietatis
1501 5498 1587 5553 quam
1599 5497 1757 5554 essequam

135 5583 196 5639 mus,
214 5570 289 5629 bona
313 5587 375 5626 esse
397 5571 519 5643 plurima
544 5587 577 5627 ex
602 5576 682 5643 parte
705 5571 919 5644 prospicientur.
960 5576 1017 5626 tur.
1032 5570 1124 5642 Igitur
1140 5571 1319 5627 dominorum
1337 5570 1497 5642 benignitas
1512 5587 1569 5627 non
1583 5570 1668 5626 debet
1684 5569 1756 5625 servi
