3772 6120
141 246 176 306 sa
248 222 255 231 “
438 246 470 301 u.
491 246 626 301 usunm
646 243 760 300 muru
780 244 947 303 lasciuae.
968 244 1130 301 noeuur.
1151 244 1299 303 censen
1317 244 1409 300 enus
1428 244 1477 300 111.
1741 242 1774 298 n

143 373 227 441 lectites
241 373 343 424 saccelli.
353 371 439 425 Recte
447 370 488 424 ait
498 371 664 439 sapientiem
675 384 730 423 non
741 369 825 437 lessius
834 370 935 431 seculi,
946 369 1096 440 Aimpiam
1109 369 1257 437 faciebant,
1268 388 1324 425 non
1334 376 1415 426 erant
1424 371 1519 425 nescii.
1535 370 1672 424 Dominus
1681 376 1777 422 tamen

143 459 192 515 sed
202 459 300 527 futuri,
311 459 340 513 in
353 476 408 531 quo
419 459 522 513 reniteas
531 457 582 512 Dei
595 456 763 527 negantibus
777 456 934 528 apparebit:
979 459 1135 530 majestatis
1152 459 1256 515 dicitur
1265 460 1494 527 crucifixus,eum
1510 459 1582 512 niori
1592 457 1710 512 nesciat:
1728 457 1776 510 scd

143 549 196 604 hoc
209 547 286 603 enirn
298 549 431 603 seeculum
452 547 590 601 rationem
613 547 686 601 hanc
698 562 756 599 non
770 545 844 617 capit
858 545 937 599 inlir-
979 547 1047 619 quia
1061 549 1175 603 Verba—ru
1192 565 1256 603 earo
1266 551 1373 617 facturn
1388 554 1435 613 est,
1451 548 1478 601 id
1498 555 1549 613 θεῖ,
1567 546 1618 601 Ι)θί
1633 546 1722 600 Filius
1733 545 1776 600 in·

142 637 241 692 mitatc
255 637 432 708 cogitationis
440 641 569 690 terrente.
581 636 671 705 Neque
677 639 840 704 principum
855 636 938 703 liujus
979 642 1111 692 carnatus
1133 638 1216 692 homo
1240 637 1330 692 sactus
1348 642 1400 705 θεῖ,
1422 636 1475 709 ipsi
1493 636 1616 707 ascripto
1632 642 1676 689 est
1689 651 1775 699 mors,

142 729 235 782 seculi
247 730 297 795 qui
306 728 500 780 destruuntur.
516 724 695 780 Manifestum
706 731 814 779 estnon
825 740 885 777 esse
897 740 939 778 sa·
980 725 1047 796 quia
1062 725 1151 779 Judaei
1170 742 1226 779 non
1244 725 1341 796 utique
1357 741 1470 778 earnem
1484 723 1623 796 persecuti
1637 729 1713 788 sunt,
1729 723 1777 777 sed

143 813 940 887 pientiamliancprincipurnhujusrutundi,quiadest1uun-
980 830 1045 868 eum
1057 815 1104 885 qui
1115 813 1284 886 operabatur
1294 831 1344 885 per
1353 830 1522 880 carnem;ac
1531 830 1581 884 per
1590 812 1642 865 hoc
1651 812 1778 882 quarnris

142 902 937 968 cornhilla:christianitasenimomnesdestruiserrorcs,
980 903 1117 958 Dominus
1142 904 1298 976 majestatis
1324 907 1444 958 mortem
1459 903 1579 972 ignoret,
1596 901 1778 972 quantumad

144 1008 214 1064 quos
234 991 300 1046 alibi
312 993 462 1064 Apostolus
475 993 663 1059 enumerat,id
674 998 725 1059 est,
739 990 937 1058 idololatriam,
981 992 1141 1047 iudeorum
1156 999 1251 1047 tamen
1265 999 1362 1047 votum
1381 993 1512 1064 pertinet,
1529 999 1557 1045 et
1570 991 1605 1044 ad
1621 989 1779 1061 principum

144 1081 292 1136 avaritiam
307 1086 336 1136 et
350 1087 451 1137 cetera
464 1081 541 1148 vitia,
567 1082 639 1136 sicut
651 1081 719 1136 dicit
737 1081 858 1136 loannes
872 1098 940 1152 apo·
982 1082 1066 1153 hujus
1085 1082 1188 1147 saeculi,
1217 1082 1369 1136 Dominum
1394 1081 1555 1135 occiderunt
1570 1080 1602 1134 in
1627 1094 1719 1132 carne.
1742 1079 1779 1132 Ex

143 1170 232 1225 stolus
244 1189 249 1224 :
261 1173 375 1241 Propter
384 1172 514 1226 licceem't
524 1173 613 1225 Filius
626 1173 676 1226 Dei
694 1177 725 1225 ut
738 1174 850 1226 solrcrct
859 1186 940 1239 opera
981 1170 1072 1225 forma
1087 1171 1162 1225 enim
1186 1171 1257 1225 servi
1273 1170 1420 1225 crucifixus
1436 1177 1479 1224 cst
1493 1174 1521 1224 θῖ
1533 1175 1630 1222 tamen
1643 1168 1780 1222 Dominus

146 1260 251 1314 diaboli
260 1258 371 1336 [licon.
380 1260 517 1327 inl-Sed
527 1263 669 1329 lcpuirnur
678 1261 728 1314 Ilei
736 1262 942 1329 sapientiarum
982 1259 1078 1331 gloriae
1094 1261 1243 1315 crucifixus
1258 1265 1317 1315 est:
1332 1260 1397 1314 talis
1412 1259 1488 1313 enim
1504 1264 1565 1313 erat
1579 1257 1628 1312 illa
1641 1257 1781 1328 susceptio

145 1351 356 1419 alimentaque
368 1349 527 1404 abscondita
541 1354 587 1403 est.
600 1349 746 1404 Occultum
756 1364 870 1402 sensum
883 1364 942 1401 ma·
983 1366 1045 1420 quse
1064 1350 1154 1405 Deum
1173 1350 1315 1404 hominem
1340 1349 1452 1417 diceret,
1468 1354 1497 1402 et
1515 1347 1659 1402 hominem
1678 1348 1779 1401 Deum.

146 1436 278 1492 nifestare
289 1437 585 1503 missumsetestatur,
598 1455 681 1509 quem
691 1454 782 1509 neque
792 1436 940 1508 principes,
987 1441 1076 1508 litua.)
1107 1439 1180 1503 Quid
1205 1445 1301 1493 tamen
1327 1445 1442 1510 propter
1469 1438 1546 1508 quid,
1575 1442 1604 1491 ct
1627 1435 1781 1490 secundum

146 1542 236 1597 neque
252 1531 404 1598 potestates
421 1527 535 1593 scirent,
551 1544 642 1598 neque
658 1527 780 1580 mundus
793 1525 921 1580 audierat
934 1543 940 1591 ;
986 1528 1053 1600 quid
1066 1528 1184 1591 dicatur,
1197 1528 1347 1599 adjurante
1358 1526 1616 1598 Domino,prudens
1625 1524 1782 1593 etdiligens

146 1631 180 1669 ac
190 1632 240 1686 per
249 1615 301 1669 hoc
311 1616 429 1671 stultum
439 1616 542 1688 putari,
552 1617 619 1689 quia
628 1616 802 1686 incognitum
813 1622 869 1681 est,
882 1631 942 1668 esse
984 1618 1071 1672 lector
1087 1617 1228 1687 intelligit.
1244 1618 1316 1672 Nam
1332 1634 1394 1671 ecee
1403 1617 1535 1677 diximus
1548 1615 1614 1686 quia
1627 1614 1782 1668 secundum

146 1710 242 1759 autem
253 1705 390 1760 rationale
404 1712 433 1760 et
447 1706 570 1760 salutare
584 1711 655 1760 teste
665 1706 778 1767 virtute,
794 1704 838 1759 cui
849 1695 974 1757 omnisB
985 1706 1014 1760 id
1029 1707 1103 1778 quod
1118 1707 1193 1761 Deus
1209 1712 1252 1761 θεῖ
1260 1706 1399 1776 glorificat
1412 1722 1487 1764 suos.
1502 1703 1657 1758 secundum
1666 1703 1718 1756 lroc
1728 1702 1783 1756 uti-

145 1793 264 1849 intcntio
274 1793 348 1848 cedit
356 1794 473 1849 rationis
484 1795 623 1850 humanm.
634 1794 805 1849 Abscondita
819 1799 863 1847 θεῖ
877 1809 943 1863 ergo
985 1812 1039 1866 que
1050 1795 1124 1866 quod
1132 1796 1269 1850 Dominus
1279 1796 1375 1865 gloriae
1385 1801 1437 1861 est,
1445 1800 1473 1848 et
1481 1791 1783 1861 tamanominusglo-

147 1882 199 1937 Dei
217 1883 364 1954 supientia,
385 1883 452 1938 dum
476 1900 532 1938 non
555 1884 584 1938 in
608 1883 709 1951 verbis,
733 1884 783 1939 sed
798 1883 827 1936 in
841 1883 944 1936 virtute
985 1885 1033 1940 rlae
1041 1885 1189 1940 crucifixus
1203 1892 1254 1951 est,
1275 1886 1342 1956 quia
1355 1893 1429 1939 recte
1442 1883 1554 1948 dieitur,
1565 1888 1594 1935 θῖ
1607 1880 1782 1936 Deuscruci-

147 1976 203 2039 est3
221 1987 277 2026 non
290 1972 416 2027 humana
429 1973 538 2028 ratione
548 1973 696 2045 possibilis,
711 1972 761 2027 scd
775 1972 897 2044 Spiritus
908 1970 945 2025 es·
986 1975 1056 2028 fixus
1073 1990 1130 2028 non
1145 1991 1177 2028 ex
1191 1974 1294 2028 virtute
1312 1973 1477 2039 divinimtiS,
1501 1972 1550 2025 sed
1570 1987 1603 2024 ex
1617 1969 1784 2024 infirmitate

148 2060 243 2116 llcacia
256 2060 405 2116 credibilis.
425 2062 508 2129 Quem
520 2064 726 2132 praedestinavit
737 2062 807 2116 Deus
817 2066 881 2115 ante
896 2077 944 2115 se·
986 2064 1087 2117 carnis.

149 2152 213 2204 calc
223 2152 256 2204 in
266 2153 386 2219 ploeicnt
396 2156 529 2205 nostras-r.
538 2151 631 2222 Usque
642 2152 712 2205 adeo
723 2167 788 2205 vcra
797 2149 945 2221 sapientia,
1023 2151 1076 2207 Sed
1088 2155 1160 2206 sicut
1175 2155 1310 2220 seriptum
1324 2157 1361 2205 est
1374 2171 1382 2205 :
1393 2152 1469 2217 (lond
1478 2153 1572 2205 curlus
1582 2165 1638 2204 non
1648 2150 1728 2216 cidit,
1740 2165 1788 2203 nec

151 2244 256 2294 etcum
270 2239 328 2295 Deo
339 2256 451 2311 semper
459 2240 545 2295 tuisse
555 2241 723 2307 declaratur,
731 2246 763 2294 ut
772 2245 837 2294 ante
847 2239 948 2292 saecula
989 2244 1069 2295 curis
1078 2243 1196 2305 audivit,
1207 2257 1256 2295 nce
1266 2243 1296 2295 in
1311 2256 1357 2295 cor
1371 2241 1492 2294 bortrinis
1507 2240 1639 2301 aseendit,
1649 2253 1788 2307 qccpre·

149 2327 386 2400 predestinatam
396 2329 517 2399 gloriam
527 2336 653 2384 nostram
664 2329 782 2391 dicatur,
798 2328 846 2399 qui
858 2327 948 2381 credi·
987 2333 1101 2400 pararit
1110 2331 1180 2383 Deus
1190 2330 1447 2397 dilipcntr'busenrn.
1459 2328 1555 2392 (Arisbe
1567 2330 1574 2397 l
1585 2328 1644 2382 Hoc
1654 2327 1791 2397 scriptum

151 2433 224 2472 mus.
232 2417 368 2473 Praescius
379 2418 456 2473 enim
465 2419 540 2473 Deus
551 2435 660 2473 errores
669 2419 779 2473 futuros
792 2417 822 2471 in
833 2416 947 2483 mundo,
991 2425 1035 2473 θεῖ
1047 2419 1077 2472 in
1086 2418 1254 2490 Apocalypsi
1262 2418 1337 2485 Elim,
1346 2419 1376 2472 in
1385 2418 1570 2490 Apocryphis.
1578 2416 1791 2471 Perhocexern-
1845 2408 1847 2412 ’

152 2522 237 2578 quem
255 2513 316 2562 erat
337 2506 471 2573 facturus,
496 2508 548 2562 hoc
567 2507 689 2562 decrevit
709 2507 743 2561 ad
759 2506 951 2561 confusionem
992 2508 1071 2579 plum
1080 2507 1255 2578 inopinatam
1264 2507 1434 2562 remlactam
1444 2507 1521 2574 dicit,
1533 2513 1692 2577 etqueenon
1700 2505 1791 2559 solum

88 2597 94 2609 “
152 2594 265 2649 illorum
281 2596 330 2667 qui
342 2595 394 2649 sibi
405 2596 555 2650 stultitiam
570 2595 950 2667 sapientiamsacturierant,
993 2597 1023 2651 in
1042 2597 1198 2651 humanum
1213 2612 1328 2651 sensum
1355 2613 1412 2650 non
1427 2597 1548 2659 caderet,
1564 2594 1652 2650 sedet
1666 2594 1793 2648 celestes

152 2683 189 2739 ad
203 2689 328 2738 nostram
343 2691 439 2738 autem
452 2684 571 2754 gloriam
586 2685 634 2754 qui
649 2684 783 2739 credituri
797 2700 910 2738 eramus
924 2688 953 2737 et
994 2685 1134 2756 potentias
1150 2685 1259 2751 lateret,
1272 2685 1322 2740 Dei
1336 2685 1749 2747 scilicetFiliumincamatum,
1759 2689 1792 2736 ut

150 2771 300 2827 credimus.
310 2773 396 2838 Quam
409 2788 486 2826 neeric
493 2774 747 2842 principcrnbujus
756 2776 849 2827 seculi
858 2789 952 2840 ccpno-
993 2774 1067 2845 quod
1079 2791 1166 2845 supra
1179 2773 1286 2829 dixerat
1294 2775 1429 2840 firmaret,
1438 2774 1537 2845 quiasi
1551 2773 1691 2845 principes
1705 2772 1791 2843 hujus

151 2862 206 2915 cit:
216 2863 242 2914 si
251 2864 325 2914 enim
335 2864 527 2930 meticulosam,
540 2878 696 2931 nurrrqucm
706 2865 857 2917 llcrninum
868 2864 952 2929 rrrojc-
993 2863 1086 2918 saeculi
1097 2863 1248 2917 Dominum
1254 2864 1397 2918 hominem
1405 2863 1509 2918 sactum
1517 2879 1572 2917 non
1580 2862 1787 2925 intellexerunt,

152 2951 233 3004 statis
246 2952 456 3018 crucifixissent.
472 2951 616 3022 Principes
631 2952 715 3023 hujus
730 2951 822 3006 saeculi
836 2967 892 3005 non
905 2966 950 3005 so·
994 2958 1099 3024 quanto
1118 2953 1208 3022 magis
1225 2953 1364 3007 homines.
1381 2954 1435 3007 Sed
1449 2953 1473 3007 si
1488 2950 1573 3006 rerba
1591 2950 1789 3006 offendiculum

152 3039 213 3094 lum
221 3038 350 3094 homines
359 3039 739 3110 accipiendosJudaeorumac
748 3041 949 3100 Romanorum,
961 3015 983 3075 C
993 3042 1036 3095 rel
1046 3042 1210 3097 scandalum
1223 3041 1371 3108 faciebant,
1387 3041 1537 3097 virtutibus
1550 3047 1648 3095 tamen
1659 3045 1689 3093 et
1702 3038 1791 3108 signis

154 3127 203 3183 sed
217 3133 246 3182 et
259 3127 311 3182 hos
325 3127 465 3199 principes
479 3136 507 3183 et
522 3135 674 3201 potestates
687 3146 757 3200 quos
770 3146 853 3200 supra
871 3129 949 3194 dixit,
993 3131 1062 3186 fides
1082 3148 1138 3185 non
1157 3130 1294 3186 debuerat
1313 3130 1463 3202 denegari:
1486 3128 1645 3184 infirmitati
1667 3128 1742 3182 enim
1762 3138 1791 3181 et

154 3216 269 3287 adquos
283 3232 346 3270 vere
359 3217 483 3287 pertinet
493 3217 598 3272 dictum
614 3219 816 3285 ltoc,adversus
826 3234 895 3288 quos
905 3233 953 3271 no·
994 3221 1159 3291 ignorantiae
1182 3221 1312 3276 humanm
1338 3221 1427 3275 virtus
1456 3219 1592 3274 debuerat
1614 3217 1739 3290 prmponi
1763 3225 1791 3272 et

155 3304 200 3360 bis
213 3304 372 3361 colluctatio
388 3312 431 3360 θεῖ
450 3310 593 3376 spiritalia
615 3311 744 3377 nequitie
759 3311 789 3362 in
806 3308 953 3361 celestibus
994 3309 1069 3364 credi
1091 3310 1165 3380 quod
1183 3310 1314 3364 humanae
1327 3310 1430 3364 rationi
1447 3307 1620 3379 impossibile
1633 3306 1789 3369 videbatur,

157 3393 234 3464 (pr.
249 3397 297 3464 iv),
322 3395 388 3465 quia
402 3395 517 3450 consilio
532 3412 564 3450 ac
578 3397 721 3452 voluntate
736 3396 849 3450 illorum
867 3395 955 3449 cruci·
995 3399 1114 3469 ideoque
1128 3398 1309 3469 diligentibus
1324 3397 1486 3464 Dominum,
1502 3398 1531 3452 id
1547 3402 1599 3463 θεῖ,
1614 3395 1793 3451 credentibus

157 3484 229 3538 llxus
241 3487 284 3537 θεῖ
298 3483 435 3538 Christus.
448 3485 575 3556 Denique
585 3491 649 3556 post
657 3484 826 3540 tentationes
837 3487 952 3552 recessit,
996 3488 1164 3559 preparavit
1185 3487 1291 3542 donum
1305 3488 1365 3544 hoc.
1383 3491 1475 3556 (dep.)
1491 3486 1590 3553 Aliter,
1607 3486 1681 3557 quod
1696 3484 1794 3539 oculus

156 3571 207 3638 ait,
222 3573 348 3627 diabolus
363 3576 499 3642 usquead
514 3579 617 3644 ternpus
626 3576 704 3642 (Luc.
720 3578 767 3645 rr),
784 3573 884 3645 etipse
899 3574 956 3627 Do·
998 3593 1054 3631 non
1066 3576 1144 3641 vidit,
1154 3576 1221 3647 quia
1230 3594 1286 3632 non
1296 3584 1339 3631 cst
1349 3578 1434 3643 color,
1446 3594 1497 3631 nec
1510 3577 1588 3631 auris
1601 3574 1717 3640 audiuit,
1727 3574 1794 3644 quia

157 3659 268 3715 minus:
283 3663 423 3731 Princeps,
437 3661 538 3734 inquit,
551 3665 635 3732 lrujns
644 3664 746 3717 retundi
754 3666 830 3718 venir
838 3668 862 3717 el
874 3666 903 3717 in
916 3680 957 3717 rue
998 3682 1055 3720 non
1071 3671 1114 3720 θεῖ
1123 3682 1219 3731 sonus,
1231 3682 1283 3720 nec
1296 3667 1325 3720 in
1340 3683 1387 3720 cor
1396 3666 1519 3721 hominis
1527 3664 1663 3729 ascendit,
1674 3663 1796 3734 quiacor

157 3752 266 3806 incenit
279 3752 451 3824 piciniaco.
460 3751 752 3824 xiv).Principesergo
766 3753 852 3823 hujus
863 3751 956 3807 saeculi
997 3755 1120 3811 hominis
1134 3755 1200 3810 illue
1213 3754 1296 3809 debet
1310 3754 1468 3810 ascendere.
1485 3756 1567 3810 Nobis
1584 3769 1647 3809 caro
1666 3755 1795 3807 revelarit

156 3854 208 3910 per
215 3838 406 3910 ignorantiam
417 3841 570 3896 Dominum
580 3841 737 3913 majestatis
747 3841 953 3897 crucifixerunt.
997 3847 1132 3900 Pontinus
1143 3845 1347 3915 perspiritum
1362 3860 1455 3899 sueini.
1474 3845 1573 3913 (llice.)
1584 3843 1614 3898 Si
1629 3842 1725 3897 oculus
1738 3858 1794 3895 non

159 3927 232 3983 Nam
241 3929 402 3984 Judaeorum
409 3931 557 4002 principes,
570 3931 710 4002 quomodo
721 3931 861 4003 principes
871 3932 957 4003 hujus
997 3933 1068 3988 vidit
1080 3950 1132 3988 nec
1145 3934 1222 3989 auris
1238 3934 1347 3988 audivit
1356 3951 1417 4005 quse
1429 3933 1596 4005 praeparavit
1604 3934 1679 3987 Deus
1686 3931 1731 3985 his
1747 3931 1794 4002 qui

158 4016 253 4071 saeculi
275 4024 394 4088 possunt
412 4019 540 4090 intelligi,
565 4020 710 4089 quierant
730 4020 848 4091 subjecti
871 4037 956 4090 regno
997 4023 1120 4093 diligunt
1133 4023 1441 4094 eum,quomodoidem
1453 4022 1602 4094 Apostolus
1614 4021 1707 4083 insert,
1718 4022 1795 4074 nobis

158 4103 295 4172 Romano,
312 4112 340 4161 et
354 4123 444 4178 neque
459 4108 651 4162 Romanorum
664 4108 803 4179 principes
815 4109 957 4163 crucifixe·
996 4117 1089 4166 cutem
1106 4115 1236 4166 rceelceit
1248 4114 1316 4166 Deris
1327 4128 1377 4180 per
1386 4111 1526 4180 Spiritum
1535 4117 1639 4165 saurir?
1651 4110 1678 4164 Si
1692 4110 1794 4162 revela·

160 4198 227 4248 runt
241 4194 384 4250 Christum
397 4196 515 4267 ;quippe
525 4212 589 4250 cunr
600 4196 703 4250 dixerit
711 4197 954 4253 PilatuszNallcrn
997 4206 1059 4255 turn
1083 4205 1126 4255 cst
1145 4201 1279 4271 Apostolo
1293 4199 1545 4271 intelligendumne
1559 4205 1603 4254 est
1617 4199 1690 4270 quod
1705 4204 1734 4253 et
1748 4197 1795 4251 illc

159 4286 1061 4357 causammortisincenioineo(lccn.ri1x),undeetma·1)uliis
1081 4289 1260 4357 revelaverit,
1279 4295 1364 4359 atquc
1384 4288 1476 4343 brevis
1497 4289 1641 4359 responsio
1662 4294 1713 4353 est,
1739 4303 1795 4340 non

160 4370 294 4440 nuslavit,
301 4373 396 4428 dicens
406 4374 420 4428 J
423 4374 524 4430 udaeis:
536 4377 669 4430 Innocens
679 4379 957 4445 cpcsurncsanpuinc
997 4378 1099 4434 debere
1114 4379 1268 4449 requirere,
1283 4378 1350 4449 quid
1365 4379 1402 4432 sit
1416 4377 1485 4432 illud
1501 4378 1575 4448 quod
1586 4394 1637 4432 ncc
1645 4376 1741 4430 oculus
1757 4375 1796 4427 ri-

154 4461 626 4537 J'astrliujus,cosrr'dcritis(Mcttb.
635 4467 733 4530 xuvnl:
745 4464 847 4535 hiergc
856 4465 958 4536 princi·
998 4469 1049 4535 dit,
1058 4486 1109 4522 noc
1124 4468 1200 4521 auris
1214 4467 1331 4533 audivit,
1349 4484 1399 4521 ncc
1413 4466 1443 4520 in
1456 4484 1504 4521 cor
1513 4467 1635 4521 bominis
1649 4464 1793 4520 ascendit:

161 4564 210 4620 pes
222 4551 420 4608 crucifixerunt
429 4552 591 4619 Dominum,
604 4569 674 4624 quos
682 4553 957 4625 triumphauitlibere
999 4556 1023 4611 si
1035 4556 1111 4611 enim
1119 4556 1412 4626 ignoraturquomodo
1421 4555 1487 4609 sciri
1497 4560 1590 4625 potest
1599 4554 1672 4626 quod
1681 4553 1797 4624 promit

160 4635 356 4709 insemetipso.
368 4641 851 4713 QuamvisdicatLucasevangelista
862 4643 958 4699 dedec—
999 4646 1070 4700 titur
1082 4644 1113 4699 in
1126 4644 1230 4709 sutum,
1239 4661 1296 4699 non
1311 4644 1436 4698 cernitur
1444 4644 1473 4697 in
1485 4644 1631 4715 prasenti,
1642 4660 1705 4714 spes
1720 4641 1795 4695 enim

160 4724 307 4780 monibus:
323 4727 449 4784 Sciebant
462 4735 537 4786 enirn
548 4732 690 4787 Obristum
700 4735 792 4802 ipsum
805 4749 857 4787 csse
865 4735 959 4787 lenem
1000 4752 1061 4807 quse
1076 4734 1196 4802 ridetur,
1206 4750 1263 4787 non
1276 4738 1320 4787 θεῖ
1333 4750 1406 4804 spes,
1418 4734 1467 4787 sed
1477 4735 1538 4805 jam
1551 4739 1628 4787 certa
1638 4730 1777 4802 possessio

159 4814 299 4884 (locun
324 4817 449 4873 scierunt
462 4821 575 4890 quidem
587 4821 680 4892 ipsum
694 4838 764 4887 esse,
789 4822 837 4894 qui
853 4822 883 4876 in
898 4823 958 4893 lege
1000 4824 1139 4897 quomodo
1164 4823 1188 4876 si
1211 4822 1277 4876 velit
1296 4822 1435 4894 quispiam
1456 4822 1557 4889 dicere,
1586 4819 1702 4876 ostende
1728 4818 1798 4873 mihi

160 4903 316 4975 promissus
339 4912 409 4975 erat,
436 4909 602 4980 mysterium
623 4915 719 4965 tamen
738 4912 799 4982 ejus
814 4928 869 4982 quo
884 4912 959 4966 lilius
1000 4914 1074 4987 quod
1089 4911 1262 4983 impossibile
1281 4917 1333 4977 est,
1353 4912 1467 4983 loquere
1481 4912 1555 4982 quod
1570 4909 1662 4965 audiri
1678 4924 1735 4962 non
1748 4925 1799 4979 pc·

160 4991 212 5048 Dei
230 4999 273 5050 est
295 4995 466 5051 nesciebant.
482 4998 541 5051 lloc
556 4998 642 5052 etiam
656 5005 685 5054 et
699 5000 799 5055 Petrus
817 5001 960 5073 apostolus
1000 5008 1065 5069 test,
1075 5017 1182 5073 expone
1192 5002 1266 5072 quod
1276 5018 1333 5057 non
1342 4999 1556 5072 comprehendit
1565 4996 1800 5067 bumanacogitu-

161 5080 198 5136 ad
210 5084 346 5156 populum
359 5084 507 5139 Judaicunr
522 5085 590 5140 dicit
603 5088 670 5156 piet.
684 5092 738 5160 nil:
755 5090 825 5154 Seio,
842 5092 954 5158 fratres,
998 5094 1049 5149 tic.
1060 5092 1132 5161 Ergo
1146 5091 1198 5145 boe
1211 5107 1295 5145 sensu
1309 5090 1460 5161 Apostolus
1468 5089 1571 5143 dixisse
1580 5088 1735 5143 credendus
1746 5096 1799 5151 est,

160 5174 227 5240 quic
238 5188 290 5242 per
305 5177 497 5242 iccorcnlicm
511 5178 629 5244 cessistis
646 5175 695 5230 lrcc
714 5182 832 5245 ericium,
848 5181 919 5233 siccet
934 5185 959 5233 et
1001 5182 1076 5254 quod
1085 5180 1244 5235 carnalibus
1253 5179 1340 5234 oculis
1349 5186 1378 5232 et
1387 5194 1455 5232 cure
1464 5177 1580 5245 carnali,
1591 5183 1620 5232 ot
1628 5175 1799 5231 cubitatione

158 5263 300 5330 principes
314 5266 407 5329 vestri,
420 5269 581 5319 nontamen
594 5264 696 5320 sacculi.
708 5265 738 5320 Si
746 5282 814 5339 crgo
823 5284 875 5340 per
881 5268 959 5339 ignc-
1001 5271 1124 5336 mortali,
1139 5286 1197 5323 non
1211 5269 1319 5340 possint
1333 5266 1472 5338 spiritalia
1485 5266 1694 5337 comprehendi.
1716 5266 1763 5320 Et:
1773 5267 1799 5318 si

161 5348 283 5405 santiam
305 5352 379 5407 servi
397 5352 560 5408 occiderunt
576 5353 738 5422 Dominum,
759 5363 904 5426 peccatum
917 5359 958 5414 eis
999 5362 1074 5415 enirn
1090 5357 1401 5426 noveramusquocdcm
1411 5357 1662 5410 lesmnsecundaru
1674 5371 1797 5421 carnem,

160 5434 262 5494 ascribi
274 5455 332 5496 non
344 5439 444 5496 debet:
469 5444 517 5498 sed
535 5459 592 5498 non
610 5442 677 5498 licet
691 5444 743 5498 hcc
759 5443 899 5516 ignorare.
924 5448 960 5503 Et
1000 5450 1045 5502 scd
1057 5464 1133 5502 ncric
1142 5452 1270 5516 jamnon
1282 5447 1409 5498 covinias
1424 5461 1502 5507 cocu
1518 5449 1547 5499 et
1556 5444 1585 5500 iu
1599 5444 1716 5500 loannis
1730 5443 1797 5514 Epi·

160 5528 289 5598 quamvis
298 5528 451 5588 Dominum
460 5549 521 5589 csse
531 5533 692 5601 nescierint,
703 5539 809 5600 tamem
821 5536 888 5611 quia
898 5552 958 5593 rem
1000 5537 1073 5592 stola
1084 5535 1233 5591 scribitur:
1251 5535 1425 5597 doctissimi,
1443 5549 1520 5590 ncnc
1529 5536 1585 5602 filii
1593 5536 1756 5598 Passienus,
1774 5540 1798 5586 ct
