3772 6120
117 271 168 335 283
412 274 442 334 B.
464 270 600 333 RABANI
618 262 733 332 hliiURl
752 276 920 332 ARCHIEP.
941 277 1101 333 ldOGUNT.
1123 278 1272 333 OPERUM
1290 276 1383 333 Plias
1403 276 1451 333 lii.
1702 276 1752 335 28⁴

118 406 244 470 scientia,
256 406 391 460 debemus
405 419 543 476 exponere
558 422 564 456 :
582 418 637 458 non
653 404 727 474 quod
744 404 838 458 scierit
853 405 1032 463 esseddum.
1050 405 1232 472 (elargitum
1252 408 1347 458 autem
1372 404 1488 459 dixisset
1506 423 1511 457 ε
1530 407 1607 460 lesus
1630 406 1757 460 tibristas

117 493 703 566 fascinum,quivulgoputaturnocere:sed
713 509 915 547 usussermone
955 496 1125 561 proscriptas
1139 499 1186 556 cst,
1203 493 1319 553 addidit,
1337 495 1495 560 cramflaus,
1510 498 1541 547 ut
1556 493 1622 547 hinc
1633 511 1681 547 cos
1697 510 1758 548 ma·

118 584 154 637 sit
168 583 244 643 trito.
260 590 288 636 et
303 584 374 637 utin
389 583 553 645 caeterisitn
563 583 591 636 in
601 583 653 635 hoc
664 599 774 652 quoquo
786 583 915 636 locoror-
956 582 1030 634 xinm
1047 587 1179 642 moveret,
1196 598 1259 634 cum
1274 582 1483 636 considerarent
1499 599 1553 651 quo
1574 583 1665 653 pretio
1680 599 1758 636 erne-

120 672 187 725 bum
203 672 373 742 quotidianae
389 670 631 726 sermocinationis
641 672 917 742 assumpserit.Legi-
959 671 997 723 rit
1010 670 1224 741 possessionem,
1241 686 1325 741 quam
1341 671 1369 724 in
1384 671 1424 725 eis
1438 670 1596 735 amittebat,
1614 678 1647 725 ut
1657 684 1758 744 parum

121 762 218 815 masin
226 758 383 831 Sapientia:
395 763 501 815 Dantem
509 762 601 815 incidi
606 764 809 814 craci'alocuios
822 761 915 828 (lircil.
960 765 1033 813 esset
1040 759 1129 828 gratis
1143 776 1206 813 eum
1223 766 1376 819 mortuum,
1396 760 1469 829 quod
1489 760 1618 831 superius
1638 760 1757 814 dixerat.

122 858 180 919 xxl3
197 850 245 920 qui
260 850 333 920 apud
350 864 401 903 nos
412 850 573 913 incideram
585 848 690 916 Graeco,
702 848 917 919 significantius,
960 848 1031 902 lllud
1044 848 1119 902 enim
1143 848 1182 902 ita
1203 854 1292 914 sonat,
1310 855 1447 918 tanquam
1467 864 1523 903 non
1544 850 1704 920 praevenerit
1723 850 1757 903 ad

120 939 235 1009 ponitur
257 940 420 1005 sarcinator.
438 936 471 992 lit
493 938 520 990 in
540 938 684 1010 Sapientia
708 955 770 1008 quae
795 938 919 993 Salomo·
960 938 1225 1008 possessioncrnpro
1240 938 1472 1007 quasanguinem
1491 938 1577 991 dedit.
1596 939 1756 1009 Proscripto

119 1027 163 1080 nis
177 1026 309 1080 scribitur
321 1045 327 1078 :
339 1028 494 1081 Fasrinutio
511 1029 698 1093 invaliqnilclr's
709 1028 834 1080 olscrnut
850 1030 919 1081 linito
961 1030 1065 1088 sautem,
1082 1026 1167 1079 etiam
1181 1043 1242 1096 qua
1254 1025 1376 1087 tenebat,
1394 1027 1536 1090 teuledum
1553 1028 1602 1080 sed
1618 1028 1678 1081 hac
1693 1044 1759 1099 pro-

121 1108 195 1184 (Sap.
211 1118 259 1184 rvi.
277 1113 384 1179 Quibus
400 1116 533 1168 docemur
547 1115 690 1184 exemplis,
703 1116 776 1185 qnod
791 1116 832 1168 sel
849 1116 919 1170 inri-
961 1115 1075 1185 scriptio
1090 1130 1145 1168 non
1161 1115 1240 1168 obest
1254 1115 1366 1168 Christo
1381 1115 1428 1184 qui
1443 1116 1529 1169 etiam
1543 1116 1582 1169 sic
1597 1133 1646 1186 per
1658 1116 1760 1173 divini-

119 1204 172 1258 dus
188 1204 280 1259 aliena
299 1203 431 1258 felicitate
451 1204 598 1268 crucietur,
616 1204 657 1256 rel
682 1204 706 1257 is
726 1205 754 1258 in
774 1220 829 1274 quo
844 1205 916 1258 bona
958 1210 1046 1257 tatem
1066 1203 1201 1257 Dominus
1222 1210 1265 1256 est
1283 1203 1418 1267 omnium,
1432 1205 1480 1257 sed
1501 1205 1552 1275 ipsi
1579 1206 1758 1274 possessioni.

120 1293 178 1347 sint
190 1284 294 1364 aliqua,
312 1294 367 1346 alio
380 1293 545 1357 fascinante,
558 1292 586 1345 id
601 1298 653 1354 est,
665 1293 806 1347 invidente
817 1310 917 1348 nocea·
959 1309 1020 1363 qum
1035 1293 1119 1362 hujus
1126 1292 1224 1359 gratiae
1235 1293 1344 1346 cultura
1353 1297 1438 1345 caret.
1448 1292 1518 1346 ilinc
1526 1295 1586 1362 jam
1599 1294 1699 1364 incipit
1708 1294 1758 1347 de-

120 1388 176 1436 tur.
194 1382 303 1438 Dicitur
323 1382 445 1436 fascinus
460 1382 572 1453 proprie
591 1380 744 1436 infantibus
763 1398 863 1436 nocere
891 1390 918 1438 et
961 1387 1126 1446 monstrare,
1144 1381 1380 1451 quemadmodum
1393 1382 1487 1451 gratia
1499 1382 1563 1435 lidei
1583 1382 1706 1436 sufficiat
1725 1384 1758 1436 ad

121 1471 196 1526 retati
204 1470 420 1542 parvulae,etbis
431 1470 478 1541 qui
489 1470 608 1525 necdum
617 1469 698 1524 firmo
708 1471 824 1541 vestigio
832 1473 920 1541 ligant
958 1470 1168 1540 justificandum
1184 1471 1244 1523 sine
1268 1469 1398 1540 operibus
1419 1471 1497 1538 legis,
1515 1487 1550 1524 ne
1571 1471 1634 1541 quis
1655 1471 1760 1525 diceret

120 1561 250 1630 gradum.
264 1558 344 1615 Unde
356 1563 384 1614 et
399 1560 513 1630 quidam
527 1575 542 1613 e
555 1559 726 1629 gentilibus:
960 1574 1016 1612 non
1026 1576 1055 1611 se
1066 1559 1180 1628 quidem
1194 1558 1325 1630 operibus
1341 1559 1410 1628 legis
1430 1564 1540 1612 tanturn
1564 1565 1653 1614 totam
1667 1561 1759 1613 horni-

199 1646 284 1695 llescio
297 1647 350 1710 quis
363 1651 457 1695 teneros
470 1648 553 1695 oculus
566 1646 627 1695 mihi
641 1646 739 1696 lasciuit
751 1661 833 1708 agnos.
961 1648 1004 1701 nis
1011 1647 1242 1717 justificationem
1256 1647 1391 1713 tribuere,
1403 1648 1450 1701 sed
1467 1664 1558 1718 neque
1570 1653 1681 1702 tantum
1692 1664 1758 1718 gra·

122 1738 181 1794 lioc
189 1746 285 1793 utrum
293 1753 388 1791 rerum
400 1752 487 1791 necne
498 1736 622 1799 sit,Deus
632 1736 1006 1809 viderit3quiapotestsstiae
1021 1736 1095 1799 fidei,
1114 1753 1148 1789 ex
1166 1741 1286 1807 utroque
1309 1741 1404 1790 autem
1428 1735 1538 1806 perfeci
1558 1736 1689 1790 salutem.
1707 1737 1760 1791 Sed

123 1829 182 1882 lieri
191 1834 223 1882 ut
233 1833 261 1881 et
271 1828 411 1881 daemones
419 1826 600 1897 huicpcccato
606 1827 738 1881 serviant.
748 1832 776 1880 et
784 1844 917 1898 quoscun-
959 1823 1017 1878 haec
1027 1825 1144 1895 quaestio
1154 1830 1185 1878 ut
1199 1825 1349 1894 diligenter
1362 1830 1507 1891 tractetur,
1520 1842 1554 1879 ne
1570 1825 1633 1895 quis
1647 1826 1761 1879 fallatur
1797 1828 1802 1835 ”

122 1934 176 1987 quc
189 1917 217 1971 in
228 1916 278 1970 Dei
289 1932 373 1985 opere
383 1914 559 1985 coepisse,vel
569 1915 718 1985 profecisse
728 1917 917 1985 cognoverint.
960 1913 1101 1982 ambiguo.
1109 1914 1179 1967 scire
1194 1913 1271 1984 prius
1282 1913 1364 1968 debet
1370 1929 1455 1984 opera
1466 1914 1534 1982 legis
1542 1913 1679 1985 bipartita
1687 1931 1756 1967 esse.

122 2004 556 2075 eosabonisoperibusavertant.
566 2005 646 2059 Nunc
658 2004 728 2058 illud
739 2005 768 2059 in
778 2013 917 2065 causaest,
961 2004 1034 2056 Nam
1045 2004 1147 2074 partim
1163 2003 1192 2056 in
1206 2003 1398 2060 sacramentis,
1406 2003 1509 2072 partim
1520 2019 1586 2055 sero
1596 2002 1625 2055 in
1636 2003 1761 2057 moribus

17 2086 23 2095 ⁶
122 2093 371 2164 quodexopinionc
380 2094 454 2163 vulgi
462 2095 918 2164 sumptumputamusexemplum,
961 2091 1153 2162 accipiuntur:
1171 2092 1206 2145 ad
1231 2096 1407 2145 sacramenta
1424 2092 1566 2162 pertinent
1585 2091 1759 2145 circumcisio

123 2189 154 2238 ut
169 2184 308 2254 quomodo
322 2187 421 2236 tenera
435 2188 502 2236 atas
517 2182 611 2236 noceri
628 2182 731 2236 dicitur
749 2180 864 2248 fascino,
881 2184 921 2237 sie
961 2181 1063 2247 caruis,
1089 2180 1234 2234 sabbatum
1259 2181 1424 2251 temporale,
1436 2181 1600 2242 neomeniae,
1623 2181 1760 2234 sacrilicia

124 2272 210 2327 etiam
225 2272 331 2325 Galatae
352 2272 380 2324 in
400 2271 504 2325 Christi
521 2271 574 2324 lide
593 2286 683 2340 nuper
705 2271 764 2325 nati
779 2277 806 2325 et
820 2272 920 2325 nutriti
963 2267 1759 2339 atqueomneshujusmodiinnumerabilesobservationes.

123 2362 194 2416 lacte
209 2368 238 2414 et
256 2366 313 2414 non
327 2359 416 2412 solido
436 2358 506 2413 ribo.
523 2359 607 2413 veluti
628 2360 747 2429 quodam
769 2360 922 2415 fascinante
963 2358 1006 2411 Ad
1021 2374 1112 2411 mores
1123 2362 1227 2419 autem,
1239 2374 1295 2411 non
1305 2357 1485 2416 occidesnon
1498 2357 1690 2423 moechaberis,
1704 2374 1759 2411 non

123 2451 181 2504 sint
203 2450 299 2509 nociti,
319 2457 348 2503 et
372 2449 516 2502 stomacho
535 2449 599 2501 lidei
624 2453 787 2514 nauseante,
806 2450 922 2519 spiritus
962 2446 1064 2501 falsum
1078 2446 1271 2500 testimonium
1287 2446 1370 2512 dices,
1383 2452 1412 2500 et
1425 2446 1493 2499 talia
1504 2451 1613 2499 caetera.
1629 2447 1761 2516 Nunquid

124 2539 216 2592 sancti
232 2537 324 2591 cibum
339 2537 522 2591 evomuerint.
539 2536 618 2600 Quod
631 2537 653 2589 si
668 2536 771 2607 aliquis
781 2538 922 2592 contradi·
964 2552 1029 2590 narn
1055 2552 1121 2606 ergo
1142 2536 1292 2606 Apostolus
1306 2535 1345 2588 ita
1363 2541 1455 2606 potest
1469 2550 1525 2588 non
1547 2551 1645 2588 curare
1668 2541 1763 2588 utrum

124 2628 171 2691 cit,
183 2631 304 2696 exponat
314 2626 454 2696 quomodo
464 2626 498 2678 de
508 2625 649 2678 communi
660 2625 792 2695 opinione
802 2627 840 2679 sit
849 2639 923 2681 sum·
964 2624 1140 2678 Christianus
1162 2624 1311 2683 homicida,
1327 2632 1375 2678 aut
1398 2625 1522 2677 rrimcbus
1543 2624 1588 2689 sit,
1606 2640 1642 2676 an
1658 2630 1761 2685 castus,

125 2721 213 2786 ptum,
230 2715 309 2768 vallis
336 2713 501 2767 Titanorum
511 2713 540 2767 in
555 2714 715 2783 Regnorum
725 2713 804 2767 libris
816 2716 854 2771 lll
861 2717 920 2782 lira.
964 2720 1047 2783 atque
1066 2713 1209 2773 innocens,
1235 2713 1469 2783 quemadmodum
1490 2728 1546 2766 nou
1561 2717 1640 2766 curat
1666 2717 1761 2766 utrum

125 2813 211 2868 xxiii),
239 2802 338 2856 sirenae
366 2807 394 2854 et
416 2801 596 2854 onocentauri
621 2801 651 2854 in
674 2801 747 2855 lsaia
772 2804 836 2863 (isa.
865 2816 920 2869 xm,
962 2802 1144 2855 circumcisus
1159 2817 1251 2864 carne,
1268 2818 1304 2854 an
1321 2802 1504 2873 praeputiatus
1524 2801 1584 2855 sit?
1599 2803 1679 2854 Nunc
1694 2817 1760 2871 ergo

126 2899 234 2958 xxxiv),
250 2893 385 2945 Arcturus
404 2897 434 2943 et
447 2889 534 2945 Orion
549 2896 578 2943 et
594 2889 721 2944 Pleiades
740 2891 768 2943 in
784 2890 836 2944 Job
854 2892 921 2955 (lob.
963 2891 998 2943 de
1014 2890 1056 2944 his
1066 2890 1197 2960 operibus
1211 2892 1333 2944 maxime
1348 2896 1452 2944 tractat
1465 2904 1526 2960 quae
1539 2897 1606 2943 sunt
1622 2891 1651 2944 in
1666 2904 1760 2944 sacra·

125 2990 250 3049 xxrvrtr).
264 2985 294 3034 et
311 2985 411 3035 cetera
425 2979 469 3032 his
479 2978 592 3041 similia,
610 2994 671 3049 quie
680 2980 778 3050 utique
791 2979 924 3034 vocabula
964 2979 1076 3043 mentis,
1096 2994 1258 3051 quanquam
1282 2985 1311 3032 et
1333 2980 1381 3033 illa
1396 2979 1535 3032 interdum
1556 2996 1585 3032 se
1607 2979 1761 3032 admiscere

123 3069 271 3139 gentilium
286 3067 444 3122 fabularum
465 3073 493 3121 et
508 3084 606 3122 causas
621 3074 649 3121 et
663 3068 786 3138 origines
807 3068 920 3123 hahent.
933 3062 1110 3138 Csignilicet.
1128 3068 1218 3139 Prope
1227 3070 1312 3121 finem
1323 3073 1417 3122 autern
1428 3068 1552 3138 epistolae
1571 3069 1605 3121 de
1622 3069 1665 3121 his
1680 3083 1761 3137 sepa-

125 3160 194 3211 Aate
211 3173 331 3226 quoiam
351 3161 440 3210 odilus
454 3160 530 3211 lesus
546 3157 669 3210 Christus
684 3161 858 3227 proscriptas
872 3165 918 3211 cst.
961 3156 1045 3209 ratim
1059 3155 1200 3222 tractabit,
1216 3168 1278 3226 quae
1291 3157 1397 3210 suntin
1413 3156 1579 3221 moribus,et
1590 3157 1659 3210 illud
1670 3155 1761 3210 brevi-

125 3243 227 3311 (Ambl.
244 3245 423 3299 Manifestum
438 3250 480 3298 est
494 3245 561 3314 quia
570 3245 722 3298 stultorum
737 3246 824 3299 oculis
838 3246 920 3300 Chri·
960 3249 1012 3311 ter,
1033 3246 1085 3298 hoc
1100 3249 1194 3299 autem
1204 3244 1319 3299 diutius.
1337 3245 1402 3299 llaec
1417 3246 1493 3299 enim
1503 3261 1590 3299 onera
1603 3245 1697 3316 potius
1707 3246 1760 3298 im-

123 3339 184 3388 atus
194 3334 364 3405 proscriptus
374 3333 493 3397 videtur,
510 3333 598 3397 idest,
612 3334 791 3404 exspoliatae,
799 3335 841 3389 vel
856 3352 919 3389 con·
961 3333 1040 3404 ponit
1048 3333 1190 3404 gentibus,
1201 3350 1321 3404 quorum
1329 3334 1436 3388 utilitas
1447 3335 1474 3387 in
1486 3335 1629 3388 intellectu
1639 3340 1760 3399 est,nam

123 3423 272 3476 damnatus
288 3440 294 3475 :
310 3422 491 3493 prudentium
501 3433 566 3476 vero
581 3423 669 3477 oculis
683 3428 711 3477 et
725 3422 853 3478 sensibus
863 3436 920 3479 non
960 3422 1019 3476 haec
1029 3423 1124 3476 omnia
1137 3429 1316 3494 exponuntur
1330 3422 1506 3488 Christianis,
1523 3429 1555 3477 ut
1569 3423 1636 3495 quid
1650 3423 1760 3477 valeam

123 3502 214 3566 solum
238 3518 293 3565 non
315 3511 525 3565 condemnatus.
541 3512 590 3564 sed
613 3511 673 3582 ipse
696 3519 815 3566 mortem
839 3528 920 3567 cruce
961 3515 1071 3566 tantum
1087 3511 1254 3582 intelligant,
1277 3513 1363 3566 etiam
1381 3512 1471 3566 facore
1489 3529 1544 3566 non
1563 3520 1710 3582 cogantur.
1727 3512 1758 3565 ln

123 3616 175 3655 sua
188 3602 337 3655 damnasse
347 3600 465 3655 videtur.
479 3600 576 3654 Passio
590 3601 666 3654 enim
681 3601 792 3655 Domini
808 3603 921 3656 vitano·
963 3598 1201 3654 observationibus
1216 3608 1320 3658 autern,
1337 3601 1360 3653 si
1377 3618 1433 3655 non
1458 3602 1660 3672 intelligantur,
1676 3600 1758 3653 semi-

72 3707 76 3712 *
123 3694 182 3744 stra
196 3698 246 3754 est,
259 3696 287 3743 et
296 3689 448 3743 destructio
456 3689 555 3743 mortis
562 3693 614 3743 est.
622 3689 677 3743 Sed
687 3690 791 3760 quiahi
806 3691 921 3761 indigne
960 3693 1007 3743 tus
1022 3688 1082 3742 sola
1095 3695 1146 3744 ost.
1163 3690 1253 3759 qualis
1264 3694 1325 3743 erat
1340 3691 1368 3743 in
1383 3690 1485 3760 populo
1500 3691 1707 3749 ludaeorumet
1717 3694 1758 3742 est

123 3783 265 3849 caperent
278 3778 382 3832 sentire
394 3778 525 3832 translati
539 3778 574 3831 ad
586 3778 687 3848 legem,
704 3778 806 3833 idcirco
820 3779 920 3834 menti·
961 3792 1050 3848 usque
1059 3777 1158 3832 adhuc.
1177 3778 1205 3831 Si
1216 3782 1349 3832 autemst
1363 3778 1545 3833 observentur
1560 3779 1607 3832 illa
1628 3783 1656 3832 et
1673 3778 1757 3832 intel·

123 3865 175 3921 bus
189 3883 287 3921 eorum
298 3867 442 3920 Christum
453 3868 669 3921 condemnatum
680 3867 767 3922 videri
776 3869 921 3941 conqueri·
961 3865 1094 3936 ligantur,
1110 3882 1166 3920 non
1176 3867 1259 3921 modo
1273 3867 1343 3921 nihil
1355 3867 1466 3931 obsunt,
1482 3868 1530 3921 sed
1546 3868 1630 3922 etiani
1640 3871 1758 3938 prosunt

125 3955 248 4018 tur,ideb
255 3960 284 4008 et
291 3954 425 4024 subjecit:
440 3957 470 4008 la
486 3957 716 4022 eobisrrnritirus
732 3962 778 4010 est.
796 3956 853 4011 lloe
867 3963 918 4021 est,
962 3954 1067 4025 aliquid
1082 3955 1105 4009 si
1121 3955 1239 4026 tempori
1253 3963 1417 4025 congruant,
1441 3957 1512 4011 sicut
1526 3956 1560 4010 ab
1578 3957 1637 4027 ipso
1651 3956 1757 4027 Moyse,

123 4058 207 4096 sensu
232 4046 323 4096 restro
346 4043 492 4097 crucifixus
510 4050 553 4097 est
581 4044 661 4114 quasi
690 4044 782 4110 hoino,
809 4046 837 4099 in
866 4062 920 4116 quo
962 4044 1105 4115 prophetis
1119 4060 1230 4114 quoquc
1247 4043 1393 4098 observata
1406 4052 1472 4099 sunt
1483 4044 1703 4114 congruentibus
1719 4044 1756 4097 illi

122 4129 198 4184 enim
211 4146 274 4200 spes
288 4130 371 4200 plena
383 4139 500 4195 nonest,
516 4131 600 4185 homo
611 4138 662 4197 est,
678 4132 740 4186 ideo
756 4133 785 4185 hi
796 4150 852 4188 non
868 4152 919 4205 pu·
962 4133 1073 4203 populo,
1091 4133 1134 4186 cui
1149 4134 1240 4187 adhuc
1253 4134 1317 4188 talis
1327 4135 1446 4188 servitus
1456 4132 1533 4188 utilis
1543 4140 1612 4194 erat,
1622 4142 1653 4187 ut
1662 4133 1759 4187 subti-

123 4217 222 4272 tabant
237 4219 348 4289 plenam
363 4218 482 4272 salutem
498 4235 559 4272 esse
572 4220 601 4274 in
616 4220 737 4285 Christo,
750 4221 816 4291 quia
829 4223 919 4292 legem
962 4237 1039 4274 more
1045 4221 1241 4275 custodiretur.
1249 4220 1470 4277 Nihilenimtam
1477 4223 1616 4294 pietsrret
1625 4223 1758 4276 animam.

124 4308 165 4362 illi
175 4307 332 4379 aequabant.
349 4308 381 4362 ln
397 4307 440 4361 his
461 4323 525 4361 vero
550 4308 597 4377 qui
622 4322 743 4378 congrue
759 4310 921 4382 intelligunt
962 4326 1047 4380 quam
1070 4316 1277 4365 sacramentnm
1295 4328 1350 4365 non
1371 4312 1562 4366 intellectum:
1587 4312 1759 4365 intellectum

125 4396 352 4461 Christum,virit
362 4397 391 4450 iu
405 4397 445 4450 eis
456 4396 592 4451 Christus.
601 4398 633 4451 ln
648 4397 922 4455 Photinocrucilrxus
932 4384 1069 4464 Dautem,
1085 4400 1220 4467 gaudium
1240 4401 1318 4470 pium
1333 4401 1415 4471 parit,
1428 4406 1457 4455 et
1469 4401 1625 4455 celebratur
1635 4399 1722 4453 libere
1737 4400 1759 4452 si

125 4491 176 4550 est,
193 4487 238 4540 hic
249 4486 324 4541 enim
339 4502 402 4540 rere
417 4491 544 4540 rnortuus
555 4490 597 4540 est
610 4486 637 4539 in
649 4501 704 4556 quo
715 4482 843 4543 Christus
853 4489 922 4543 diei-
964 4503 1034 4559 opus
1044 4494 1087 4541 est
1097 4490 1227 4559 tempori,
1241 4489 1265 4543 si
1276 4494 1371 4542 autem
1387 4506 1442 4542 non
1458 4494 1501 4544 est
1516 4505 1595 4560 opus,
1617 4499 1681 4543 cum
1695 4506 1760 4542 sua-

125 4580 172 4628 tur
185 4576 416 4647 crucifixus,quia
424 4576 499 4630 istud
514 4576 574 4629 loeo
584 4574 769 4630 accusationis
780 4577 920 4648 objicitur.
963 4576 1761 4649 vitatesplritalitautummodolegiturettractatur.(lmne

124 4656 225 4731 (eser.)
241 4663 361 4723 Aliter-,e
377 4665 405 4717 in
415 4664 491 4718 robis
501 4665 648 4719 crucifixus
657 4671 700 4718 est
716 4683 721 4717 :
737 4665 921 4721 »nobisenim
962 4670 1057 4719 autern
1073 4671 1278 4720 sacramentum
1300 4680 1363 4720 cunr
1382 4666 1559 4738 intelligitur,
1579 4675 1627 4720 aut
1643 4667 1677 4719 ad
1695 4683 1761 4720 con-

125 4752 199 4802 necte
214 4750 391 4820 prescriptae
407 4759 449 4806 est
465 4754 601 4819 Christus,
615 4753 650 4807 de
665 4755 744 4823 eujus
754 4755 879 4825 patibulo
893 4762 921 4809 et
960 4755 1173 4826 templationem
1186 4755 1312 4809 ueritatis
1320 4755 1449 4813 retertur,
1456 4756 1545 4811 autad
1556 4755 1643 4809 bonos
1658 4768 1760 4809 mores.

125 4837 391 4908 passione‚alapiset
401 4840 529 4910 ilagellis,
540 4842 632 4896 omnis
642 4842 841 4913 prophetarum
850 4860 920 4914 prae·
965 4844 1170 4915 Contemplatio
1183 4845 1309 4898 ueritatis
1322 4846 1350 4898 in
1366 4845 1452 4899 solius
1472 4845 1522 4899 Del
1543 4845 1691 4898 dilectione
1702 4844 1762 4897 liun-

125 4925 193 4980 ditit
206 4926 316 4987 chorus,
339 4933 370 4980 ut
394 4944 503 4982 crucem
524 4931 621 5000 ipsius,
647 4940 702 4985 non
719 4924 753 4985 de
774 4933 923 5004 Evangelio
964 4933 1031 4988 data
1046 4940 1097 4995 est,
1114 4933 1179 4988 boni
1197 4950 1289 4988 mores
1309 4935 1337 4987 in
1357 4934 1506 4988 dilectione
1520 4934 1571 4988 Dei
1589 4938 1616 4987 et
1631 4935 1762 5003 proximi.

125 5020 237 5071 tantum
250 5015 279 5068 in
293 5021 349 5084 qtto
371 5016 517 5070 oruciilxus
533 5019 662 5083 retertur,
675 5020 724 5074 sed
740 5022 829 5092 multo
847 5028 924 5077 ante·
965 5023 994 5077 in
1008 5023 1226 5094 quibusduobus
1241 5023 1387 5095 praeceptis
1401 5028 1461 5076 tota
1476 5023 1518 5075 lex
1534 5023 1636 5094 pendet
1654 5028 1683 5075 et
1697 5036 1762 5092 pro·

127 5115 212 5174 quarn
223 5102 391 5158 descendere
404 5104 569 5173 dignaretur
581 5108 921 5177 adterras,ethominem,
965 5112 1153 5183 phetanunc
1167 5113 1254 5181 igitur
1268 5112 1503 5182 quemadmodum
1517 5112 1690 5166 circumcisio
1705 5126 1764 5165 cer-

126 5193 174 5262 qui
188 5197 231 5247 est
245 5193 392 5247 crucillxus
406 5200 571 5260 assumeret,
583 5197 751 5250 noverimus.
768 5200 826 5253 Nec
840 5215 925 5269 parra
965 5201 1008 5255 nis
1018 5207 1046 5255 et
1057 5207 1158 5255 caetera
1169 5201 1331 5271 hujusmodi
1346 5201 1416 5271 legis
1431 5217 1525 5272 opera,
1542 5200 1587 5254 ubi
1598 5202 1658 5270 jam
1670 5201 1764 5270 gratia

127 5281 188 5334 laus
198 5281 363 5335 Galatarum
383 5288 435 5348 est,
452 5283 525 5352 quod
547 5283 586 5337 ita
600 5285 771 5341 crediderint
784 5287 813 5340 in
834 5289 923 5341 crucl-
967 5290 1030 5343 fidei
1047 5294 1097 5355 est,
1111 5306 1165 5344 non
1183 5290 1240 5343 siut
1250 5291 1415 5348 necessaria,
1433 5290 1587 5344 videamus.
1604 5291 1659 5343 Hoc
1673 5293 1762 5343 solum

127 5369 223 5434 lixum,
240 5375 272 5423 ut
286 5370 326 5423 eis·
339 5369 424 5424 suerit
440 5376 505 5424 anto
521 5374 708 5443 praescriptus,
725 5377 798 5444 quod
818 5376 924 5431 scilicet
964 5381 1023 5431 roto
1036 5395 1053 5432 a
1065 5381 1137 5433 cobis
1151 5381 1252 5432 discere
1263 5397 1271 5431 :
1282 5381 1449 5446 caesoribus
1464 5383 1530 5447 legis
1545 5380 1679 5446 spiritam
1692 5390 1765 5431 arer-

126 5457 284 5512 lsctitantes
295 5459 458 5531 Prophetas,
475 5465 504 5514 et
517 5460 612 5514 omnia
630 5463 732 5516 veteris
745 5464 814 5534 legis
829 5480 922 5519 sacra·
961 5470 1052 5535 pistis,
1068 5485 1106 5522 aii
1128 5484 1161 5520 ca·
1181 5468 1281 5520 eredita
1296 5469 1381 5533 fidei?
1401 5467 1597 5538 Respondetur
1619 5466 1716 5537 utique
1730 5482 1765 5520 ex

127 5552 223 5601 menta
233 5553 388 5614 nomentan,
406 5549 450 5602 tia
464 5555 491 5602 et
505 5549 602 5604 ordine
616 5550 744 5604 uenerint
759 5553 795 5606 ad
810 5552 924 5606 creden-
964 5555 1415 5627 auditulideitabdpostoloenim
1425 5556 1672 5626 pradicataesteis
1681 5556 1763 5613 tides.
