<?xml version="1.0" encoding="UTF-8"?>
<!DOCTYPE html PUBLIC "-//W3C//DTD XHTML 1.0 Transitional//EN"
    "http://www.w3.org/TR/xhtml1/DTD/xhtml1-transitional.dtd">
<html xmlns="http://www.w3.org/1999/xhtml" xml:lang="en" lang="en">
 <head>
  <title>
</title>
<meta http-equiv="Content-Type" content="text/html;charset=utf-8" />
  <meta name='ocr-system' content='tesseract 3.04.00' />
  <meta name='ocr-capabilities' content='ocr_page ocr_carea ocr_par ocr_line ocrx_word'/>
</head>
<body>
  <div class='ocr_page' id='page_1' title='image "./patrologiaecurs22goog_0614.png"; bbox 0 0 3772 6120; ppageno 0'>
   <div class='ocr_carea' id='block_1_1' title="bbox 109 285 1768 351">
    <p class='ocr_par' dir='ltr' id='par_1_1' title="bbox 109 285 1768 351">
     <span class='ocr_line' id='line_1_1' title="bbox 109 285 1768 351; baseline 0.002 -9"><span class='ocrx_word' id='word_1_1' title='bbox 109 285 188 344; x_wconf 76' lang='lat' dir='ltr'><strong>&#39;i‘Zlb</strong></span> <span class='ocrx_word' id='word_1_2' title='bbox 429 290 460 344; x_wconf 89' lang='lat' dir='ltr'><strong>B.</strong></span> <span class='ocrx_word' id='word_1_3' title='bbox 478 291 614 346; x_wconf 78' lang='lat' dir='ltr'><strong>RABANI</strong></span> <span class='ocrx_word' id='word_1_4' title='bbox 629 291 744 348; x_wconf 85' lang='lat' dir='ltr'><strong>MAURl</strong></span> <span class='ocrx_word' id='word_1_5' title='bbox 757 292 926 348; x_wconf 83' lang='lat' dir='ltr'><strong>ARCHIEP.</strong></span> <span class='ocrx_word' id='word_1_6' title='bbox 941 293 1103 351; x_wconf 83' lang='lat' dir='ltr'><strong>llOGUNT.</strong></span> <span class='ocrx_word' id='word_1_7' title='bbox 1121 291 1271 349; x_wconf 76' lang='lat' dir='ltr'>OPERUM</span> <span class='ocrx_word' id='word_1_8' title='bbox 1284 290 1377 347; x_wconf 81' lang='lat' dir='ltr'>PARS</span> <span class='ocrx_word' id='word_1_9' title='bbox 1391 291 1441 347; x_wconf 92' lang='lat' dir='ltr'><strong>Ill.</strong></span> <span class='ocrx_word' id='word_1_10' title='bbox 1691 287 1768 346; x_wconf 77' lang='grc'><strong>1211</strong></span> 
     </span>
    </p>
   </div>
   <div class='ocr_carea' id='block_1_2' title="bbox 61 411 1768 5391">
    <p class='ocr_par' dir='ltr' id='par_1_2' title="bbox 61 411 1768 5391">
     <span class='ocr_line' id='line_1_2' title="bbox 118 411 1768 490; baseline 0.003 -24"><span class='ocrx_word' id='word_1_11' title='bbox 118 416 147 466; x_wconf 90' lang='grc'><strong>11</strong></span> <span class='ocrx_word' id='word_1_12' title='bbox 161 429 211 484; x_wconf 88' lang='lat' dir='ltr'><strong>per</strong></span> <span class='ocrx_word' id='word_1_13' title='bbox 223 412 330 483; x_wconf 86' lang='lat' dir='ltr'><strong>liguum</strong></span> <span class='ocrx_word' id='word_1_14' title='bbox 345 415 434 468; x_wconf 87' lang='lat' dir='ltr'><strong>crucis</strong></span> <span class='ocrx_word' id='word_1_15' title='bbox 454 416 557 471; x_wconf 79' lang='lat' dir='ltr'>Christi</span> <span class='ocrx_word' id='word_1_16' title='bbox 573 435 590 471; x_wconf 88' lang='lat' dir='ltr'><strong>a</strong></span> <span class='ocrx_word' id='word_1_17' title='bbox 604 416 796 471; x_wconf 76' lang='lat' dir='ltr'>submersione</span> <span class='ocrx_word' id='word_1_18' title='bbox 810 417 913 473; x_wconf 88' lang='lat' dir='ltr'><strong>libcra—</strong></span> <span class='ocrx_word' id='word_1_19' title='bbox 922 419 1001 479; x_wconf 81' lang='lat' dir='ltr'><strong>Aoos</strong></span> <span class='ocrx_word' id='word_1_20' title='bbox 1016 419 1064 490; x_wconf 91' lang='lat' dir='ltr'><strong>qui</strong></span> <span class='ocrx_word' id='word_1_21' title='bbox 1080 424 1159 473; x_wconf 82' lang='lat' dir='ltr'><strong>extra</strong></span> <span class='ocrx_word' id='word_1_22' title='bbox 1176 415 1328 472; x_wconf 77' lang='lat' dir='ltr'><strong>Ecclesiam</strong></span> <span class='ocrx_word' id='word_1_23' title='bbox 1345 421 1421 483; x_wconf 88' lang='lat' dir='ltr'><strong>sunt,</strong></span> <span class='ocrx_word' id='word_1_24' title='bbox 1434 416 1492 470; x_wconf 87' lang='lat' dir='ltr'><strong>sive</strong></span> <span class='ocrx_word' id='word_1_25' title='bbox 1508 414 1626 486; x_wconf 85' lang='lat' dir='ltr'><strong>pagani,</strong></span> <span class='ocrx_word' id='word_1_26' title='bbox 1643 411 1704 468; x_wconf 87' lang='lat' dir='ltr'><strong>sive</strong></span> <span class='ocrx_word' id='word_1_27' title='bbox 1716 413 1768 471; x_wconf 84' lang='lat' dir='ltr'><strong>Ju-</strong></span> 
     </span>
     <span class='ocr_line' id='line_1_3' title="bbox 119 503 1766 571; baseline 0.002 -16"><span class='ocrx_word' id='word_1_28' title='bbox 119 518 191 555; x_wconf 89' lang='lat' dir='ltr'><strong>mur.</strong></span> <span class='ocrx_word' id='word_1_29' title='bbox 211 503 379 557; x_wconf 77' lang='lat' dir='ltr'><strong>Praedictum</strong></span> <span class='ocrx_word' id='word_1_30' title='bbox 403 511 446 558; x_wconf 90' lang='lat' dir='ltr'><strong>est</strong></span> <span class='ocrx_word' id='word_1_31' title='bbox 468 504 586 560; x_wconf 71' lang='lat' dir='ltr'><strong>Abrahae</strong></span> <span class='ocrx_word' id='word_1_32' title='bbox 602 506 677 560; x_wconf 84' lang='lat' dir='ltr'><strong>fideli</strong></span> <span class='ocrx_word' id='word_1_33' title='bbox 694 522 774 561; x_wconf 88' lang='lat' dir='ltr'><strong>servo</strong></span> <span class='ocrx_word' id='word_1_34' title='bbox 790 506 849 569; x_wconf 87' lang='lat' dir='ltr'><strong>Dei,</strong></span> <span class='ocrx_word' id='word_1_35' title='bbox 866 508 915 562; x_wconf 91' lang='lat' dir='ltr'><strong>uni</strong></span> <span class='ocrx_word' id='word_1_36' title='bbox 956 507 1018 571; x_wconf 69' lang='lat' dir='ltr'><strong>daei,</strong></span> <span class='ocrx_word' id='word_1_37' title='bbox 1035 508 1091 562; x_wconf 90' lang='lat' dir='ltr'><strong>sive</strong></span> <span class='ocrx_word' id='word_1_38' title='bbox 1106 507 1240 569; x_wconf 83' lang='lat' dir='ltr'><strong>haeretici,</strong></span> <span class='ocrx_word' id='word_1_39' title='bbox 1259 522 1315 560; x_wconf 92' lang='lat' dir='ltr'><strong>non</strong></span> <span class='ocrx_word' id='word_1_40' title='bbox 1329 513 1358 559; x_wconf 89' lang='lat' dir='ltr'><strong>te</strong></span> <span class='ocrx_word' id='word_1_41' title='bbox 1384 504 1474 558; x_wconf 89' lang='lat' dir='ltr'><strong>hostis</strong></span> <span class='ocrx_word' id='word_1_42' title='bbox 1498 505 1547 558; x_wconf 92' lang='lat' dir='ltr'><strong>ille</strong></span> <span class='ocrx_word' id='word_1_43' title='bbox 1569 503 1701 569; x_wconf 79' lang='lat' dir='ltr'><strong>seducet,</strong></span> <span class='ocrx_word' id='word_1_44' title='bbox 1718 503 1766 559; x_wconf 79' lang='lat' dir='ltr'><strong>sod</strong></span> 
     </span>
     <span class='ocr_line' id='line_1_4' title="bbox 118 590 1766 667; baseline 0.004 -24"><span class='ocrx_word' id='word_1_45' title='bbox 118 590 234 656; x_wconf 86' lang='lat' dir='ltr'><strong>homini,</strong></span> <span class='ocrx_word' id='word_1_46' title='bbox 248 592 321 662; x_wconf 92' lang='lat' dir='ltr'><strong>quod</strong></span> <span class='ocrx_word' id='word_1_47' title='bbox 336 593 370 646; x_wconf 85' lang='lat' dir='ltr'><strong>de</strong></span> <span class='ocrx_word' id='word_1_48' title='bbox 384 593 431 648; x_wconf 94' lang='lat' dir='ltr'><strong>illo</strong></span> <span class='ocrx_word' id='word_1_49' title='bbox 455 601 528 648; x_wconf 86' lang='lat' dir='ltr'><strong>esset</strong></span> <span class='ocrx_word' id='word_1_50' title='bbox 552 594 671 666; x_wconf 91' lang='lat' dir='ltr'><strong>populus</strong></span> <span class='ocrx_word' id='word_1_51' title='bbox 691 594 849 650; x_wconf 88' lang='lat' dir='ltr'><strong>nasciturus</strong></span> <span class='ocrx_word' id='word_1_52' title='bbox 868 596 916 667; x_wconf 91' lang='lat' dir='ltr'><strong>qui</strong></span> <span class='ocrx_word' id='word_1_53' title='bbox 957 596 1042 650; x_wconf 75' lang='lat' dir='ltr'><strong>ctione</strong></span> <span class='ocrx_word' id='word_1_54' title='bbox 1057 614 1126 667; x_wconf 89' lang='lat' dir='ltr'><strong>quos</strong></span> <span class='ocrx_word' id='word_1_55' title='bbox 1141 597 1199 667; x_wconf 88' lang='lat' dir='ltr'><strong>ipse</strong></span> <span class='ocrx_word' id='word_1_56' title='bbox 1221 595 1251 648; x_wconf 94' lang='lat' dir='ltr'><strong>in</strong></span> <span class='ocrx_word' id='word_1_57' title='bbox 1269 593 1391 649; x_wconf 80' lang='lat' dir='ltr'><strong>Ecclesia</strong></span> <span class='ocrx_word' id='word_1_58' title='bbox 1410 593 1555 647; x_wconf 82' lang='lat' dir='ltr'><strong>Catholica</strong></span> <span class='ocrx_word' id='word_1_59' title='bbox 1568 592 1677 648; x_wconf 77' lang='lat' dir='ltr'><strong>rideris</strong></span> <span class='ocrx_word' id='word_1_60' title='bbox 1693 592 1766 649; x_wconf 75' lang='lat' dir='ltr'><strong>mala</strong></span> 
     </span>
     <span class='ocr_line' id='line_1_5' title="bbox 118 679 1765 755; baseline 0.002 -22"><span class='ocrx_word' id='word_1_61' title='bbox 118 679 223 735; x_wconf 89' lang='lat' dir='ltr'><strong>coleret</strong></span> <span class='ocrx_word' id='word_1_62' title='bbox 237 696 325 734; x_wconf 92' lang='lat' dir='ltr'><strong>unum</strong></span> <span class='ocrx_word' id='word_1_63' title='bbox 339 683 429 736; x_wconf 90' lang='lat' dir='ltr'><strong>Deum</strong></span> <span class='ocrx_word' id='word_1_64' title='bbox 444 683 517 737; x_wconf 90' lang='lat' dir='ltr'><strong>inter</strong></span> <span class='ocrx_word' id='word_1_65' title='bbox 532 691 646 738; x_wconf 84' lang='lat' dir='ltr'><strong>caeteras</strong></span> <span class='ocrx_word' id='word_1_66' title='bbox 654 691 753 754; x_wconf 85' lang='lat' dir='ltr'><strong>gentes</strong></span> <span class='ocrx_word' id='word_1_67' title='bbox 766 702 828 755; x_wconf 76' lang='lat' dir='ltr'><strong>quae</strong></span> <span class='ocrx_word' id='word_1_68' title='bbox 843 685 917 739; x_wconf 90' lang='lat' dir='ltr'><strong>idola</strong></span> <span class='ocrx_word' id='word_1_69' title='bbox 958 684 1091 751; x_wconf 86' lang='lat' dir='ltr'><strong>viventes,</strong></span> <span class='ocrx_word' id='word_1_70' title='bbox 1105 692 1155 738; x_wconf 92' lang='lat' dir='ltr'><strong>aut</strong></span> <span class='ocrx_word' id='word_1_71' title='bbox 1176 683 1369 739; x_wconf 80' lang='lat' dir='ltr'><strong>immoderatis</strong></span> <span class='ocrx_word' id='word_1_72' title='bbox 1393 681 1587 754; x_wconf 89' lang='lat' dir='ltr'><strong>voluptatibus</strong></span> <span class='ocrx_word' id='word_1_73' title='bbox 1604 682 1721 748; x_wconf 87' lang='lat' dir='ltr'><strong>ventris,</strong></span> <span class='ocrx_word' id='word_1_74' title='bbox 1737 687 1765 737; x_wconf 86' lang='lat' dir='ltr'><strong>et</strong></span> 
     </span>
     <span class='ocr_line' id='line_1_6' title="bbox 119 767 1761 846; baseline 0.003 -24"><span class='ocrx_word' id='word_1_75' title='bbox 119 767 262 824; x_wconf 89' lang='lat' dir='ltr'><strong>colebant:</strong></span> <span class='ocrx_word' id='word_1_76' title='bbox 275 772 405 825; x_wconf 85' lang='lat' dir='ltr'><strong>ctomnia</strong></span> <span class='ocrx_word' id='word_1_77' title='bbox 415 788 476 842; x_wconf 71' lang='lat' dir='ltr'><strong>quae</strong></span> <span class='ocrx_word' id='word_1_78' title='bbox 487 773 528 827; x_wconf 92' lang='lat' dir='ltr'><strong>illi</strong></span> <span class='ocrx_word' id='word_1_79' title='bbox 542 773 645 844; x_wconf 92' lang='lat' dir='ltr'><strong>populo</strong></span> <span class='ocrx_word' id='word_1_80' title='bbox 660 774 918 844; x_wconf 77' lang='lat' dir='ltr'><strong>venturapraedicta</strong></span> <span class='ocrx_word' id='word_1_81' title='bbox 957 775 1089 846; x_wconf 82' lang='lat' dir='ltr'><strong>gutturis,</strong></span> <span class='ocrx_word' id='word_1_82' title='bbox 1105 773 1328 845; x_wconf 90' lang='lat' dir='ltr'><strong>autimpudicos,</strong></span> <span class='ocrx_word' id='word_1_83' title='bbox 1340 778 1390 827; x_wconf 91' lang='lat' dir='ltr'><strong>aut</strong></span> <span class='ocrx_word' id='word_1_84' title='bbox 1404 771 1481 826; x_wconf 81' lang='lat' dir='ltr'><strong>vanis</strong></span> <span class='ocrx_word' id='word_1_85' title='bbox 1495 770 1712 827; x_wconf 78' lang='lat' dir='ltr'><strong>curiositatibus</strong></span> <span class='ocrx_word' id='word_1_86' title='bbox 1722 771 1761 827; x_wconf 82' lang='lat' dir='ltr'><strong>vel</strong></span> 
     </span>
     <span class='ocr_line' id='line_1_7' title="bbox 118 858 1761 935; baseline 0.002 -22"><span class='ocrx_word' id='word_1_87' title='bbox 118 863 194 925; x_wconf 87' lang='lat' dir='ltr'><strong>sunt,</strong></span> <span class='ocrx_word' id='word_1_88' title='bbox 211 858 413 915; x_wconf 86' lang='lat' dir='ltr'><strong>sicevencrunt</strong></span> <span class='ocrx_word' id='word_1_89' title='bbox 433 867 464 914; x_wconf 88' lang='lat' dir='ltr'><strong>nt</strong></span> <span class='ocrx_word' id='word_1_90' title='bbox 479 862 608 933; x_wconf 71' lang='lat' dir='ltr'><strong>praedicta</strong></span> <span class='ocrx_word' id='word_1_91' title='bbox 632 869 707 916; x_wconf 86' lang='lat' dir='ltr'><strong>sunt.</strong></span> <span class='ocrx_word' id='word_1_92' title='bbox 732 863 918 935; x_wconf 84' lang='lat' dir='ltr'><strong>Prophetatus</strong></span> <span class='ocrx_word' id='word_1_93' title='bbox 960 862 1063 917; x_wconf 85' lang='lat' dir='ltr'><strong>illicitis</strong></span> <span class='ocrx_word' id='word_1_94' title='bbox 1078 863 1198 929; x_wconf 88' lang='lat' dir='ltr'><strong>deditos,</strong></span> <span class='ocrx_word' id='word_1_95' title='bbox 1214 863 1271 916; x_wconf 86' lang='lat' dir='ltr'><strong>sive</strong></span> <span class='ocrx_word' id='word_1_96' title='bbox 1295 861 1527 933; x_wconf 79' lang='lat' dir='ltr'><strong>spectaculorum,</strong></span> <span class='ocrx_word' id='word_1_97' title='bbox 1544 862 1604 916; x_wconf 86' lang='lat' dir='ltr'><strong>sive</strong></span> <span class='ocrx_word' id='word_1_98' title='bbox 1624 860 1761 916; x_wconf 88' lang='lat' dir='ltr'><strong>remedio-</strong></span> 
     </span>
     <span class='ocr_line' id='line_1_8' title="bbox 119 947 1760 1024; baseline 0.002 -23"><span class='ocrx_word' id='word_1_99' title='bbox 119 953 162 1001; x_wconf 86' lang='lat' dir='ltr'><strong>cst</strong></span> <span class='ocrx_word' id='word_1_100' title='bbox 176 947 206 1002; x_wconf 92' lang='lat' dir='ltr'><strong>in</strong></span> <span class='ocrx_word' id='word_1_101' title='bbox 218 948 267 1001; x_wconf 93' lang='lat' dir='ltr'><strong>illo</strong></span> <span class='ocrx_word' id='word_1_102' title='bbox 281 951 384 1020; x_wconf 91' lang='lat' dir='ltr'><strong>populo</strong></span> <span class='ocrx_word' id='word_1_103' title='bbox 401 951 486 1004; x_wconf 88' lang='lat' dir='ltr'><strong>etiam</strong></span> <span class='ocrx_word' id='word_1_104' title='bbox 503 952 630 1005; x_wconf 83' lang='lat' dir='ltr'><strong>Christus</strong></span> <span class='ocrx_word' id='word_1_105' title='bbox 645 969 692 1006; x_wconf 90' lang='lat' dir='ltr'><strong>rex</strong></span> <span class='ocrx_word' id='word_1_106' title='bbox 706 952 833 1007; x_wconf 92' lang='lat' dir='ltr'><strong>omnium</strong></span> <span class='ocrx_word' id='word_1_107' title='bbox 851 969 917 1008; x_wconf 87' lang='lat' dir='ltr'><strong>san·</strong></span> <span class='ocrx_word' id='word_1_108' title='bbox 958 968 1021 1006; x_wconf 87' lang='lat' dir='ltr'><strong>rum</strong></span> <span class='ocrx_word' id='word_1_109' title='bbox 1036 958 1086 1006; x_wconf 90' lang='lat' dir='ltr'><strong>aut</strong></span> <span class='ocrx_word' id='word_1_110' title='bbox 1100 952 1305 1007; x_wconf 82' lang='lat' dir='ltr'><strong>divinationum</strong></span> <span class='ocrx_word' id='word_1_111' title='bbox 1317 951 1529 1017; x_wconf 89' lang='lat' dir='ltr'><strong>diabolicarum,</strong></span> <span class='ocrx_word' id='word_1_112' title='bbox 1546 950 1607 1005; x_wconf 91' lang='lat' dir='ltr'><strong>sive</strong></span> <span class='ocrx_word' id='word_1_113' title='bbox 1622 950 1652 1006; x_wconf 93' lang='lat' dir='ltr'><strong>in</strong></span> <span class='ocrx_word' id='word_1_114' title='bbox 1662 966 1760 1024; x_wconf 78' lang='lat' dir='ltr'><strong>pompa</strong></span> 
     </span>
     <span class='ocr_line' id='line_1_9' title="bbox 119 1037 1760 1113; baseline 0.003 -23"><span class='ocrx_word' id='word_1_115' title='bbox 119 1041 229 1091; x_wconf 90' lang='lat' dir='ltr'><strong>ctorum</strong></span> <span class='ocrx_word' id='word_1_116' title='bbox 245 1042 273 1090; x_wconf 90' lang='lat' dir='ltr'><strong>et</strong></span> <span class='ocrx_word' id='word_1_117' title='bbox 287 1037 362 1093; x_wconf 90' lang='lat' dir='ltr'><strong>Deus</strong></span> <span class='ocrx_word' id='word_1_118' title='bbox 377 1047 509 1093; x_wconf 85' lang='lat' dir='ltr'><strong>venturus</strong></span> <span class='ocrx_word' id='word_1_119' title='bbox 526 1057 558 1094; x_wconf 84' lang='lat' dir='ltr'><strong>ex</strong></span> <span class='ocrx_word' id='word_1_120' title='bbox 574 1041 680 1095; x_wconf 90' lang='lat' dir='ltr'><strong>semine</strong></span> <span class='ocrx_word' id='word_1_121' title='bbox 689 1041 776 1111; x_wconf 93' lang='lat' dir='ltr'><strong>ipsius</strong></span> <span class='ocrx_word' id='word_1_122' title='bbox 787 1041 914 1109; x_wconf 73' lang='lat' dir='ltr'><strong>Abrahae,</strong></span> <span class='ocrx_word' id='word_1_123' title='bbox 958 1046 987 1095; x_wconf 92' lang='lat' dir='ltr'><strong>ot</strong></span> <span class='ocrx_word' id='word_1_124' title='bbox 998 1042 1085 1113; x_wconf 87' lang='lat' dir='ltr'><strong>typho</strong></span> <span class='ocrx_word' id='word_1_125' title='bbox 1095 1041 1219 1095; x_wconf 74' lang='lat' dir='ltr'><strong>avaritia</strong></span> <span class='ocrx_word' id='word_1_126' title='bbox 1234 1045 1318 1112; x_wconf 89' lang='lat' dir='ltr'><strong>atque</strong></span> <span class='ocrx_word' id='word_1_127' title='bbox 1328 1040 1473 1112; x_wconf 75' lang='lat' dir='ltr'><strong>superbia,</strong></span> <span class='ocrx_word' id='word_1_128' title='bbox 1485 1040 1544 1093; x_wconf 86' lang='lat' dir='ltr'><strong>sive</strong></span> <span class='ocrx_word' id='word_1_129' title='bbox 1553 1040 1584 1094; x_wconf 91' lang='lat' dir='ltr'><strong>in</strong></span> <span class='ocrx_word' id='word_1_130' title='bbox 1595 1039 1693 1112; x_wconf 87' lang='lat' dir='ltr'><strong>aliqua</strong></span> <span class='ocrx_word' id='word_1_131' title='bbox 1706 1039 1760 1095; x_wconf 73' lang='lat' dir='ltr'><strong>aa</strong></span> 
     </span>
     <span class='ocr_line' id='line_1_10' title="bbox 120 1126 1757 1201; baseline 0.004 -22"><span class='ocrx_word' id='word_1_132' title='bbox 120 1126 274 1181; x_wconf 86' lang='lat' dir='ltr'><strong>secundum</strong></span> <span class='ocrx_word' id='word_1_133' title='bbox 288 1144 401 1182; x_wconf 86' lang='lat' dir='ltr'><strong>carnem</strong></span> <span class='ocrx_word' id='word_1_134' title='bbox 416 1146 500 1199; x_wconf 85' lang='lat' dir='ltr'><strong>quom</strong></span> <span class='ocrx_word' id='word_1_135' title='bbox 520 1131 681 1201; x_wconf 78' lang='lat' dir='ltr'><strong>assumpsit,</strong></span> <span class='ocrx_word' id='word_1_136' title='bbox 698 1136 729 1184; x_wconf 92' lang='lat' dir='ltr'><strong>ut</strong></span> <span class='ocrx_word' id='word_1_137' title='bbox 750 1147 846 1186; x_wconf 89' lang='lat' dir='ltr'><strong>omncs</strong></span> <span class='ocrx_word' id='word_1_138' title='bbox 866 1131 917 1186; x_wconf 85' lang='lat' dir='ltr'><strong>filii</strong></span> <span class='ocrx_word' id='word_1_139' title='bbox 957 1145 1042 1200; x_wconf 90' lang='lat' dir='ltr'><strong>quam</strong></span> <span class='ocrx_word' id='word_1_140' title='bbox 1056 1131 1100 1184; x_wconf 82' lang='lat' dir='ltr'><strong>lex</strong></span> <span class='ocrx_word' id='word_1_141' title='bbox 1115 1130 1232 1185; x_wconf 88' lang='lat' dir='ltr'><strong>damnet</strong></span> <span class='ocrx_word' id='word_1_142' title='bbox 1251 1136 1280 1185; x_wconf 90' lang='lat' dir='ltr'><strong>et</strong></span> <span class='ocrx_word' id='word_1_143' title='bbox 1303 1129 1394 1201; x_wconf 89' lang='lat' dir='ltr'><strong>punit,</strong></span> <span class='ocrx_word' id='word_1_144' title='bbox 1410 1145 1467 1184; x_wconf 92' lang='lat' dir='ltr'><strong>non</strong></span> <span class='ocrx_word' id='word_1_145' title='bbox 1481 1145 1530 1183; x_wconf 89' lang='lat' dir='ltr'><strong>eos</strong></span> <span class='ocrx_word' id='word_1_146' title='bbox 1551 1129 1676 1184; x_wconf 82' lang='lat' dir='ltr'><strong>imiteris</strong></span> <span class='ocrx_word' id='word_1_147' title='bbox 1691 1148 1697 1183; x_wconf 93' lang='lat'>:</span> <span class='ocrx_word' id='word_1_148' title='bbox 1712 1129 1757 1185; x_wconf 80' lang='lat' dir='ltr'><strong>sed</strong></span> 
     </span>
     <span class='ocr_line' id='line_1_11' title="bbox 120 1215 1756 1291; baseline 0.004 -23"><span class='ocrx_word' id='word_1_149' title='bbox 120 1220 214 1268; x_wconf 90' lang='lat' dir='ltr'><strong>essent</strong></span> <span class='ocrx_word' id='word_1_150' title='bbox 227 1215 355 1283; x_wconf 67' lang='lat' dir='ltr'><strong>Abrahae,</strong></span> <span class='ocrx_word' id='word_1_151' title='bbox 373 1218 420 1287; x_wconf 89' lang='lat' dir='ltr'><strong>qui</strong></span> <span class='ocrx_word' id='word_1_152' title='bbox 435 1219 520 1272; x_wconf 87' lang='lat' dir='ltr'><strong>tidem</strong></span> <span class='ocrx_word' id='word_1_153' title='bbox 534 1220 595 1290; x_wconf 87' lang='lat' dir='ltr'><strong>ejus</strong></span> <span class='ocrx_word' id='word_1_154' title='bbox 617 1219 813 1285; x_wconf 78' lang='lat' dir='ltr'><strong>imitarentur3</strong></span> <span class='ocrx_word' id='word_1_155' title='bbox 834 1220 916 1275; x_wconf 87' lang='lat' dir='ltr'><strong>etsie</strong></span> <span class='ocrx_word' id='word_1_156' title='bbox 956 1219 1049 1290; x_wconf 91' lang='lat' dir='ltr'><strong>potius</strong></span> <span class='ocrx_word' id='word_1_157' title='bbox 1063 1219 1244 1290; x_wconf 87' lang='lat' dir='ltr'><strong>conjungaris</strong></span> <span class='ocrx_word' id='word_1_158' title='bbox 1259 1217 1339 1273; x_wconf 89' lang='lat' dir='ltr'><strong>bonis</strong></span> <span class='ocrx_word' id='word_1_159' title='bbox 1364 1235 1433 1291; x_wconf 90' lang='lat' dir='ltr'><strong>quos</strong></span> <span class='ocrx_word' id='word_1_160' title='bbox 1447 1218 1655 1274; x_wconf 85' lang='lat' dir='ltr'><strong>inventuruses</strong></span> <span class='ocrx_word' id='word_1_161' title='bbox 1671 1217 1756 1287; x_wconf 73' lang='grc'><strong>111111,</strong></span> 
     </span>
     <span class='ocr_line' id='line_1_12' title="bbox 120 1303 1756 1379; baseline 0.005 -23"><span class='ocrx_word' id='word_1_162' title='bbox 120 1308 163 1357; x_wconf 89' lang='lat' dir='ltr'><strong>est</strong></span> <span class='ocrx_word' id='word_1_163' title='bbox 184 1303 288 1359; x_wconf 83' lang='lat' dir='ltr'><strong>factum</strong></span> <span class='ocrx_word' id='word_1_164' title='bbox 306 1323 311 1358; x_wconf 95' lang='lat'>:</span> <span class='ocrx_word' id='word_1_165' title='bbox 326 1312 409 1361; x_wconf 88' lang='lat' dir='ltr'><strong>natus</strong></span> <span class='ocrx_word' id='word_1_166' title='bbox 429 1313 472 1362; x_wconf 90' lang='lat' dir='ltr'><strong>est</strong></span> <span class='ocrx_word' id='word_1_167' title='bbox 491 1308 620 1362; x_wconf 83' lang='lat' dir='ltr'><strong>Christus</strong></span> <span class='ocrx_word' id='word_1_168' title='bbox 643 1309 677 1361; x_wconf 89' lang='lat' dir='ltr'><strong>de</strong></span> <span class='ocrx_word' id='word_1_169' title='bbox 701 1309 790 1363; x_wconf 85' lang='lat' dir='ltr'><strong>llario</strong></span> <span class='ocrx_word' id='word_1_170' title='bbox 808 1309 916 1379; x_wconf 84' lang='lat' dir='ltr'><strong>virgine</strong></span> <span class='ocrx_word' id='word_1_171' title='bbox 956 1307 980 1361; x_wconf 88' lang='lat' dir='ltr'><strong>si</strong></span> <span class='ocrx_word' id='word_1_172' title='bbox 993 1314 1061 1362; x_wconf 88' lang='lat' dir='ltr'><strong>cttu</strong></span> <span class='ocrx_word' id='word_1_173' title='bbox 1075 1308 1140 1363; x_wconf 87' lang='lat' dir='ltr'><strong>talis</strong></span> <span class='ocrx_word' id='word_1_174' title='bbox 1156 1308 1253 1373; x_wconf 87' lang='lat' dir='ltr'><strong>fueris,</strong></span> <span class='ocrx_word' id='word_1_175' title='bbox 1271 1313 1304 1361; x_wconf 93' lang='lat' dir='ltr'><strong>ut</strong></span> <span class='ocrx_word' id='word_1_176' title='bbox 1313 1307 1397 1362; x_wconf 92' lang='lat' dir='ltr'><strong>simul</strong></span> <span class='ocrx_word' id='word_1_177' title='bbox 1410 1308 1510 1363; x_wconf 88' lang='lat' dir='ltr'><strong>colatis</strong></span> <span class='ocrx_word' id='word_1_178' title='bbox 1526 1313 1555 1363; x_wconf 88' lang='lat' dir='ltr'><strong>et</strong></span> <span class='ocrx_word' id='word_1_179' title='bbox 1568 1307 1694 1378; x_wconf 82' lang='lat' dir='ltr'><strong>diligatis</strong></span> <span class='ocrx_word' id='word_1_180' title='bbox 1705 1308 1756 1364; x_wconf 84' lang='lat' dir='ltr'><strong>no-</strong></span> 
     </span>
     <span class='ocr_line' id='line_1_13' title="bbox 121 1394 1757 1469; baseline 0.003 -22"><span class='ocrx_word' id='word_1_181' title='bbox 121 1408 182 1463; x_wconf 75' lang='lat' dir='ltr'><strong>qute</strong></span> <span class='ocrx_word' id='word_1_182' title='bbox 197 1411 231 1447; x_wconf 84' lang='lat' dir='ltr'><strong>ex</strong></span> <span class='ocrx_word' id='word_1_183' title='bbox 243 1394 291 1448; x_wconf 94' lang='lat' dir='ltr'><strong>illo</strong></span> <span class='ocrx_word' id='word_1_184' title='bbox 304 1412 407 1467; x_wconf 87' lang='lat' dir='ltr'><strong>genere</strong></span> <span class='ocrx_word' id='word_1_185' title='bbox 421 1396 488 1461; x_wconf 71' lang='lat' dir='ltr'><strong>tuit,</strong></span> <span class='ocrx_word' id='word_1_186' title='bbox 505 1397 669 1467; x_wconf 71' lang='lat' dir='ltr'><strong>pucilletum</strong></span> <span class='ocrx_word' id='word_1_187' title='bbox 682 1403 725 1451; x_wconf 89' lang='lat' dir='ltr'><strong>est</strong></span> <span class='ocrx_word' id='word_1_188' title='bbox 734 1415 785 1469; x_wconf 90' lang='lat' dir='ltr'><strong>per</strong></span> <span class='ocrx_word' id='word_1_189' title='bbox 795 1399 916 1469; x_wconf 91' lang='lat' dir='ltr'><strong>prophe·</strong></span> <span class='ocrx_word' id='word_1_190' title='bbox 958 1395 1065 1452; x_wconf 92' lang='lat' dir='ltr'><strong>minum</strong></span> <span class='ocrx_word' id='word_1_191' title='bbox 1078 1397 1186 1467; x_wconf 84' lang='lat' dir='ltr'><strong>gratis:</strong></span> <span class='ocrx_word' id='word_1_192' title='bbox 1203 1397 1270 1467; x_wconf 92' lang='lat' dir='ltr'><strong>quia</strong></span> <span class='ocrx_word' id='word_1_193' title='bbox 1283 1403 1375 1451; x_wconf 86' lang='lat' dir='ltr'><strong>toturn</strong></span> <span class='ocrx_word' id='word_1_194' title='bbox 1400 1397 1547 1468; x_wconf 74' lang='lat' dir='ltr'><strong>premium</strong></span> <span class='ocrx_word' id='word_1_195' title='bbox 1564 1396 1757 1469; x_wconf 77' lang='lat' dir='ltr'><strong>nosnumipoe</strong></span> 
     </span>
     <span class='ocr_line' id='line_1_14' title="bbox 120 1483 1756 1559; baseline 0.004 -24"><span class='ocrx_word' id='word_1_196' title='bbox 120 1487 164 1536; x_wconf 90' lang='lat' dir='ltr'><strong>tas</strong></span> <span class='ocrx_word' id='word_1_197' title='bbox 178 1483 253 1553; x_wconf 91' lang='lat' dir='ltr'><strong>quod</strong></span> <span class='ocrx_word' id='word_1_198' title='bbox 265 1484 295 1537; x_wconf 97' lang='lat' dir='ltr'><strong>in</strong></span> <span class='ocrx_word' id='word_1_199' title='bbox 309 1501 390 1538; x_wconf 88' lang='lat' dir='ltr'><strong>cruce</strong></span> <span class='ocrx_word' id='word_1_200' title='bbox 406 1502 540 1557; x_wconf 89' lang='lat' dir='ltr'><strong>passurus</strong></span> <span class='ocrx_word' id='word_1_201' title='bbox 559 1492 633 1540; x_wconf 89' lang='lat' dir='ltr'><strong>esset</strong></span> <span class='ocrx_word' id='word_1_202' title='bbox 652 1486 687 1540; x_wconf 86' lang='lat' dir='ltr'><strong>ab</strong></span> <span class='ocrx_word' id='word_1_203' title='bbox 702 1487 800 1541; x_wconf 90' lang='lat' dir='ltr'><strong>codem</strong></span> <span class='ocrx_word' id='word_1_204' title='bbox 815 1489 917 1559; x_wconf 91' lang='lat' dir='ltr'><strong>populo</strong></span> <span class='ocrx_word' id='word_1_205' title='bbox 957 1486 1021 1547; x_wconf 80' lang='lat' dir='ltr'><strong>erit,</strong></span> <span class='ocrx_word' id='word_1_206' title='bbox 1036 1491 1067 1540; x_wconf 96' lang='lat' dir='ltr'><strong>ut</strong></span> <span class='ocrx_word' id='word_1_207' title='bbox 1082 1486 1169 1540; x_wconf 88' lang='lat' dir='ltr'><strong>inilia</strong></span> <span class='ocrx_word' id='word_1_208' title='bbox 1183 1492 1289 1541; x_wconf 87' lang='lat' dir='ltr'><strong>aeterna</strong></span> <span class='ocrx_word' id='word_1_209' title='bbox 1308 1487 1366 1540; x_wconf 85' lang='lat' dir='ltr'><strong>vita</strong></span> <span class='ocrx_word' id='word_1_210' title='bbox 1380 1485 1506 1541; x_wconf 86' lang='lat' dir='ltr'><strong>bonitate</strong></span> <span class='ocrx_word' id='word_1_211' title='bbox 1520 1487 1584 1556; x_wconf 88' lang='lat' dir='ltr'><strong>ejus</strong></span> <span class='ocrx_word' id='word_1_212' title='bbox 1602 1492 1633 1539; x_wconf 91' lang='lat' dir='ltr'><strong>et</strong></span> <span class='ocrx_word' id='word_1_213' title='bbox 1645 1485 1756 1558; x_wconf 83' lang='lat' dir='ltr'><strong>pulchri·</strong></span> 
     </span>
     <span class='ocr_line' id='line_1_15' title="bbox 120 1570 1755 1647; baseline 0.004 -23"><span class='ocrx_word' id='word_1_214' title='bbox 120 1570 292 1637; x_wconf 84' lang='lat' dir='ltr'><strong>Judaeorum,</strong></span> <span class='ocrx_word' id='word_1_215' title='bbox 306 1573 341 1626; x_wconf 86' lang='lat' dir='ltr'><strong>de</strong></span> <span class='ocrx_word' id='word_1_216' title='bbox 355 1575 434 1645; x_wconf 88' lang='lat' dir='ltr'><strong>cujus</strong></span> <span class='ocrx_word' id='word_1_217' title='bbox 455 1592 558 1645; x_wconf 89' lang='lat' dir='ltr'><strong>genere</strong></span> <span class='ocrx_word' id='word_1_218' title='bbox 570 1576 722 1630; x_wconf 89' lang='lat' dir='ltr'><strong>secundum</strong></span> <span class='ocrx_word' id='word_1_219' title='bbox 746 1592 860 1630; x_wconf 89' lang='lat' dir='ltr'><strong>carnem</strong></span> <span class='ocrx_word' id='word_1_220' title='bbox 874 1594 918 1632; x_wconf 86' lang='lat' dir='ltr'><strong>ve·</strong></span> <span class='ocrx_word' id='word_1_221' title='bbox 957 1575 1055 1629; x_wconf 91' lang='lat' dir='ltr'><strong>tudine</strong></span> <span class='ocrx_word' id='word_1_222' title='bbox 1072 1576 1260 1647; x_wconf 84' lang='lat' dir='ltr'><strong>perfruamur.</strong></span> <span class='ocrx_word' id='word_1_223' title='bbox 1278 1575 1333 1631; x_wconf 85' lang='lat' dir='ltr'><strong>Sed</strong></span> <span class='ocrx_word' id='word_1_224' title='bbox 1349 1575 1487 1629; x_wconf 87' lang='lat' dir='ltr'><strong>amandus</strong></span> <span class='ocrx_word' id='word_1_225' title='bbox 1500 1582 1622 1642; x_wconf 67' lang='grc'><strong>111111</strong></span> <span class='ocrx_word' id='word_1_226' title='bbox 1635 1575 1755 1630; x_wconf 83' lang='lat' dir='ltr'><strong>sicutali-</strong></span> 
     </span>
     <span class='ocr_line' id='line_1_16' title="bbox 122 1659 1751 1737; baseline 0.004 -25"><span class='ocrx_word' id='word_1_227' title='bbox 122 1659 225 1727; x_wconf 86' lang='lat' dir='ltr'><strong>aiebat,</strong></span> <span class='ocrx_word' id='word_1_228' title='bbox 245 1668 273 1715; x_wconf 91' lang='lat' dir='ltr'><strong>et</strong></span> <span class='ocrx_word' id='word_1_229' title='bbox 290 1662 330 1715; x_wconf 92' lang='lat' dir='ltr'><strong>sic</strong></span> <span class='ocrx_word' id='word_1_230' title='bbox 347 1670 387 1717; x_wconf 88' lang='lat' dir='ltr'><strong>est</strong></span> <span class='ocrx_word' id='word_1_231' title='bbox 405 1664 525 1718; x_wconf 84' lang='lat' dir='ltr'><strong>laetum:</strong></span> <span class='ocrx_word' id='word_1_232' title='bbox 542 1665 722 1736; x_wconf 69' lang='lat' dir='ltr'><strong>praedicatum</strong></span> <span class='ocrx_word' id='word_1_233' title='bbox 737 1665 861 1737; x_wconf 82' lang='lat' dir='ltr'><strong>estquod</strong></span> <span class='ocrx_word' id='word_1_234' title='bbox 876 1684 918 1720; x_wconf 90' lang='lat' dir='ltr'><strong>re-</strong></span> <span class='ocrx_word' id='word_1_235' title='bbox 959 1664 1026 1734; x_wconf 92' lang='lat' dir='ltr'><strong>quid</strong></span> <span class='ocrx_word' id='word_1_236' title='bbox 1038 1664 1112 1734; x_wconf 93' lang='lat' dir='ltr'><strong>quod</strong></span> <span class='ocrx_word' id='word_1_237' title='bbox 1123 1664 1232 1719; x_wconf 87' lang='lat' dir='ltr'><strong>videtur</strong></span> <span class='ocrx_word' id='word_1_238' title='bbox 1240 1663 1394 1729; x_wconf 88' lang='lat' dir='ltr'><strong>oculis,sed</strong></span> <span class='ocrx_word' id='word_1_239' title='bbox 1403 1664 1476 1717; x_wconf 88' lang='lat' dir='ltr'><strong>sicut</strong></span> <span class='ocrx_word' id='word_1_240' title='bbox 1489 1668 1606 1718; x_wconf 86' lang='lat' dir='ltr'><strong>amatur</strong></span> <span class='ocrx_word' id='word_1_241' title='bbox 1614 1663 1751 1735; x_wconf 76' lang='lat' dir='ltr'><strong>sapientis,</strong></span> 
     </span>
     <span class='ocr_line' id='line_1_17' title="bbox 121 1737 1751 1827; baseline 0.003 -25"><span class='ocrx_word' id='word_1_242' title='bbox 121 1755 298 1805; x_wconf 89' lang='lat' dir='ltr'><strong>surrecturus</strong></span> <span class='ocrx_word' id='word_1_243' title='bbox 308 1760 392 1806; x_wconf 90' lang='lat' dir='ltr'><strong>esset:</strong></span> <span class='ocrx_word' id='word_1_244' title='bbox 406 1754 568 1819; x_wconf 83' lang='lat' dir='ltr'><strong>resurrexit,</strong></span> <span class='ocrx_word' id='word_1_245' title='bbox 576 1760 604 1808; x_wconf 92' lang='lat' dir='ltr'><strong>ot</strong></span> <span class='ocrx_word' id='word_1_246' title='bbox 618 1754 772 1808; x_wconf 90' lang='lat' dir='ltr'><strong>secundum</strong></span> <span class='ocrx_word' id='word_1_247' title='bbox 781 1755 842 1827; x_wconf 86' lang='lat' dir='ltr'><strong>ipsa</strong></span> <span class='ocrx_word' id='word_1_248' title='bbox 851 1772 919 1826; x_wconf 88' lang='lat' dir='ltr'><strong>prae·</strong></span> <span class='ocrx_word' id='word_1_249' title='bbox 929 1737 988 1808; x_wconf 81' lang='lat' dir='ltr'><strong>Bet</strong></span> <span class='ocrx_word' id='word_1_250' title='bbox 1001 1753 1111 1819; x_wconf 83' lang='lat' dir='ltr'><strong>veritas,</strong></span> <span class='ocrx_word' id='word_1_251' title='bbox 1128 1758 1157 1807; x_wconf 88' lang='lat' dir='ltr'><strong>et</strong></span> <span class='ocrx_word' id='word_1_252' title='bbox 1170 1752 1314 1820; x_wconf 87' lang='lat' dir='ltr'><strong>sanctitas,</strong></span> <span class='ocrx_word' id='word_1_253' title='bbox 1331 1757 1359 1806; x_wconf 93' lang='lat' dir='ltr'><strong>et</strong></span> <span class='ocrx_word' id='word_1_254' title='bbox 1370 1752 1491 1823; x_wconf 85' lang='lat' dir='ltr'><strong>justitia,</strong></span> <span class='ocrx_word' id='word_1_255' title='bbox 1503 1758 1532 1806; x_wconf 90' lang='lat' dir='ltr'><strong>et</strong></span> <span class='ocrx_word' id='word_1_256' title='bbox 1550 1750 1751 1818; x_wconf 67' lang='grc' dir='ltr'><strong>11111111,άά</strong></span> 
     </span>
     <span class='ocr_line' id='line_1_18' title="bbox 121 1837 1749 1916; baseline 0.002 -25"><span class='ocrx_word' id='word_1_257' title='bbox 121 1837 195 1892; x_wconf 89' lang='lat' dir='ltr'><strong>dicta</strong></span> <span class='ocrx_word' id='word_1_258' title='bbox 210 1840 409 1912; x_wconf 84' lang='lat' dir='ltr'><strong>prophetarum</strong></span> <span class='ocrx_word' id='word_1_259' title='bbox 425 1842 550 1896; x_wconf 85' lang='lat' dir='ltr'><strong>ascendit</strong></span> <span class='ocrx_word' id='word_1_260' title='bbox 561 1843 589 1897; x_wconf 93' lang='lat' dir='ltr'><strong>in</strong></span> <span class='ocrx_word' id='word_1_261' title='bbox 602 1843 713 1909; x_wconf 65' lang='lat' dir='ltr'><strong>caelum,</strong></span> <span class='ocrx_word' id='word_1_262' title='bbox 735 1849 763 1897; x_wconf 85' lang='lat' dir='ltr'><strong>et</strong></span> <span class='ocrx_word' id='word_1_263' title='bbox 775 1843 919 1916; x_wconf 87' lang='lat' dir='ltr'><strong>discipulis</strong></span> <span class='ocrx_word' id='word_1_264' title='bbox 959 1841 1027 1912; x_wconf 92' lang='lat' dir='ltr'><strong>quid</strong></span> <span class='ocrx_word' id='word_1_265' title='bbox 1051 1841 1128 1895; x_wconf 92' lang='lat' dir='ltr'><strong>aliud</strong></span> <span class='ocrx_word' id='word_1_266' title='bbox 1152 1841 1208 1896; x_wconf 90' lang='lat' dir='ltr'><strong>tale</strong></span> <span class='ocrx_word' id='word_1_267' title='bbox 1237 1841 1349 1906; x_wconf 86' lang='lat' dir='ltr'><strong>dicitur,</strong></span> <span class='ocrx_word' id='word_1_268' title='bbox 1366 1856 1421 1895; x_wconf 93' lang='lat' dir='ltr'><strong>non</strong></span> <span class='ocrx_word' id='word_1_269' title='bbox 1437 1840 1678 1912; x_wconf 84' lang='lat' dir='ltr'><strong>quemadmodum</strong></span> <span class='ocrx_word' id='word_1_270' title='bbox 1695 1844 1749 1896; x_wconf 84' lang='lat' dir='ltr'><strong>sunt</strong></span> 
     </span>
     <span class='ocr_line' id='line_1_19' title="bbox 121 1927 1748 2004; baseline 0.004 -24"><span class='ocrx_word' id='word_1_271' title='bbox 121 1927 178 1980; x_wconf 87' lang='lat' dir='ltr'><strong>suis</strong></span> <span class='ocrx_word' id='word_1_272' title='bbox 202 1927 337 1999; x_wconf 90' lang='lat' dir='ltr'><strong>Spiritum</strong></span> <span class='ocrx_word' id='word_1_273' title='bbox 362 1937 489 1986; x_wconf 89' lang='lat' dir='ltr'><strong>sanctum</strong></span> <span class='ocrx_word' id='word_1_274' title='bbox 509 1932 593 1986; x_wconf 87' lang='lat' dir='ltr'><strong>misit.</strong></span> <span class='ocrx_word' id='word_1_275' title='bbox 617 1933 781 1987; x_wconf 64' lang='lat' dir='ltr'><strong>Praedictum</strong></span> <span class='ocrx_word' id='word_1_276' title='bbox 801 1938 844 1987; x_wconf 93' lang='lat' dir='ltr'><strong>est</strong></span> <span class='ocrx_word' id='word_1_277' title='bbox 863 1950 919 1987; x_wconf 92' lang='lat' dir='ltr'><strong>non</strong></span> <span class='ocrx_word' id='word_1_278' title='bbox 959 1930 1012 1986; x_wconf 89' lang='lat' dir='ltr'><strong>ista</strong></span> <span class='ocrx_word' id='word_1_279' title='bbox 1024 1931 1055 2004; x_wconf 90' lang='lat' dir='ltr'><strong>in</strong></span> <span class='ocrx_word' id='word_1_280' title='bbox 1069 1930 1237 1997; x_wconf 90' lang='lat' dir='ltr'><strong>hominibus,</strong></span> <span class='ocrx_word' id='word_1_281' title='bbox 1254 1931 1302 1985; x_wconf 88' lang='lat' dir='ltr'><strong>sed</strong></span> <span class='ocrx_word' id='word_1_282' title='bbox 1319 1929 1559 2002; x_wconf 89' lang='lat' dir='ltr'><strong>quemadmodum</strong></span> <span class='ocrx_word' id='word_1_283' title='bbox 1578 1935 1646 1986; x_wconf 90' lang='lat' dir='ltr'><strong>sunt</strong></span> <span class='ocrx_word' id='word_1_284' title='bbox 1659 1930 1748 2002; x_wconf 79' lang='lat' dir='ltr'><strong>inipso</strong></span> 
     </span>
     <span class='ocr_line' id='line_1_20' title="bbox 121 2016 1744 2092; baseline 0.002 -23"><span class='ocrx_word' id='word_1_285' title='bbox 121 2016 211 2070; x_wconf 92' lang='lat' dir='ltr'><strong>solum</strong></span> <span class='ocrx_word' id='word_1_286' title='bbox 226 2034 243 2070; x_wconf 89' lang='lat' dir='ltr'><strong>a</strong></span> <span class='ocrx_word' id='word_1_287' title='bbox 256 2019 409 2090; x_wconf 83' lang='lat' dir='ltr'><strong>prophetis,</strong></span> <span class='ocrx_word' id='word_1_288' title='bbox 423 2021 570 2075; x_wconf 87' lang='lat' dir='ltr'><strong>sedetiam</strong></span> <span class='ocrx_word' id='word_1_289' title='bbox 592 2020 626 2074; x_wconf 88' lang='lat' dir='ltr'><strong>ah</strong></span> <span class='ocrx_word' id='word_1_290' title='bbox 642 2021 702 2092; x_wconf 91' lang='lat' dir='ltr'><strong>ipso</strong></span> <span class='ocrx_word' id='word_1_291' title='bbox 717 2023 836 2075; x_wconf 90' lang='lat' dir='ltr'><strong>Domino</strong></span> <span class='ocrx_word' id='word_1_292' title='bbox 851 2023 918 2077; x_wconf 88' lang='lat' dir='ltr'><strong>Josu</strong></span> <span class='ocrx_word' id='word_1_293' title='bbox 958 2018 1035 2073; x_wconf 84' lang='lat' dir='ltr'><strong>sonte</strong></span> <span class='ocrx_word' id='word_1_294' title='bbox 1050 2018 1269 2089; x_wconf 82' lang='lat' dir='ltr'><strong>incorruptibilis</strong></span> <span class='ocrx_word' id='word_1_295' title='bbox 1292 2023 1320 2072; x_wconf 89' lang='lat' dir='ltr'><strong>et</strong></span> <span class='ocrx_word' id='word_1_296' title='bbox 1341 2017 1583 2072; x_wconf 87' lang='lat' dir='ltr'><strong>incommutabilis</strong></span> <span class='ocrx_word' id='word_1_297' title='bbox 1602 2018 1744 2090; x_wconf 81' lang='lat' dir='ltr'><strong>sapientia.</strong></span> 
     </span>
     <span class='ocr_line' id='line_1_21' title="bbox 122 2105 1746 2180; baseline 0.003 -22"><span class='ocrx_word' id='word_1_298' title='bbox 122 2105 242 2172; x_wconf 87' lang='lat' dir='ltr'><strong>Christo,</strong></span> <span class='ocrx_word' id='word_1_299' title='bbox 260 2109 333 2177; x_wconf 88' lang='lat' dir='ltr'><strong>quod</strong></span> <span class='ocrx_word' id='word_1_300' title='bbox 353 2109 476 2163; x_wconf 85' lang='lat' dir='ltr'><strong>Ecclesia</strong></span> <span class='ocrx_word' id='word_1_301' title='bbox 491 2110 552 2179; x_wconf 91' lang='lat' dir='ltr'><strong>ejus</strong></span> <span class='ocrx_word' id='word_1_302' title='bbox 565 2125 623 2180; x_wconf 88' lang='lat' dir='ltr'><strong>per</strong></span> <span class='ocrx_word' id='word_1_303' title='bbox 641 2109 801 2164; x_wconf 89' lang='lat' dir='ltr'><strong>universum</strong></span> <span class='ocrx_word' id='word_1_304' title='bbox 822 2110 918 2164; x_wconf 90' lang='lat' dir='ltr'><strong>orbem</strong></span> <span class='ocrx_word' id='word_1_305' title='bbox 960 2107 1145 2180; x_wconf 83' lang='lat' dir='ltr'><strong>Quoscunque</strong></span> <span class='ocrx_word' id='word_1_306' title='bbox 1160 2125 1227 2179; x_wconf 85' lang='lat' dir='ltr'><strong>ergo</strong></span> <span class='ocrx_word' id='word_1_307' title='bbox 1246 2108 1348 2163; x_wconf 85' lang='lat' dir='ltr'><strong>videris</strong></span> <span class='ocrx_word' id='word_1_308' title='bbox 1371 2109 1429 2163; x_wconf 80' lang='lat' dir='ltr'><strong>haec</strong></span> <span class='ocrx_word' id='word_1_309' title='bbox 1450 2124 1548 2162; x_wconf 85' lang='lat' dir='ltr'><strong>amare</strong></span> <span class='ocrx_word' id='word_1_310' title='bbox 1575 2107 1632 2163; x_wconf 89' lang='lat' dir='ltr'><strong>illis</strong></span> <span class='ocrx_word' id='word_1_311' title='bbox 1649 2108 1746 2179; x_wconf 83' lang='lat' dir='ltr'><strong>conjun·</strong></span> 
     </span>
     <span class='ocr_line' id='line_1_22' title="bbox 61 2197 1745 2272; baseline 0.002 -23"><span class='ocrx_word' id='word_1_312' title='bbox 61 2221 63 2227; x_wconf 36' lang='grc' dir='ltr'><em>ν</em></span> <span class='ocrx_word' id='word_1_313' title='bbox 121 2199 263 2250; x_wconf 77' lang='lat' dir='ltr'><strong>terrarum</strong></span> <span class='ocrx_word' id='word_1_314' title='bbox 278 2203 351 2251; x_wconf 85' lang='lat' dir='ltr'><strong>esset</strong></span> <span class='ocrx_word' id='word_1_315' title='bbox 367 2199 530 2269; x_wconf 81' lang='lat' dir='ltr'><strong>futuraper</strong></span> <span class='ocrx_word' id='word_1_316' title='bbox 543 2205 704 2253; x_wconf 89' lang='lat' dir='ltr'><strong>sanctorum</strong></span> <span class='ocrx_word' id='word_1_317' title='bbox 717 2200 919 2272; x_wconf 82' lang='lat' dir='ltr'><strong>martyriapas-</strong></span> <span class='ocrx_word' id='word_1_318' title='bbox 959 2197 1745 2270; x_wconf 66' lang='grc'><strong>3111,11111011111111,1111111111111111111111</strong></span> 
     </span>
     <span class='ocr_line' id='line_1_23' title="bbox 123 2284 1744 2360; baseline 0.002 -23"><span class='ocrx_word' id='word_1_319' title='bbox 123 2284 271 2355; x_wconf 88' lang='lat' dir='ltr'><strong>sionesque</strong></span> <span class='ocrx_word' id='word_1_320' title='bbox 288 2287 490 2342; x_wconf 89' lang='lat' dir='ltr'><strong>disseminata:</strong></span> <span class='ocrx_word' id='word_1_321' title='bbox 506 2296 534 2342; x_wconf 92' lang='lat' dir='ltr'><strong>et</strong></span> <span class='ocrx_word' id='word_1_322' title='bbox 547 2295 615 2343; x_wconf 91' lang='lat' dir='ltr'><strong>tunc</strong></span> <span class='ocrx_word' id='word_1_323' title='bbox 628 2288 792 2359; x_wconf 80' lang='lat' dir='ltr'><strong>pradictum</strong></span> <span class='ocrx_word' id='word_1_324' title='bbox 808 2289 919 2360; x_wconf 92' lang='lat' dir='ltr'><strong>quando</strong></span> <span class='ocrx_word' id='word_1_325' title='bbox 961 2288 1099 2342; x_wconf 90' lang='lat' dir='ltr'><strong>mediator</strong></span> <span class='ocrx_word' id='word_1_326' title='bbox 1108 2289 1159 2343; x_wconf 90' lang='lat' dir='ltr'><strong>Dei</strong></span> <span class='ocrx_word' id='word_1_327' title='bbox 1174 2293 1203 2342; x_wconf 90' lang='lat' dir='ltr'><strong>et</strong></span> <span class='ocrx_word' id='word_1_328' title='bbox 1217 2287 1374 2354; x_wconf 91' lang='lat' dir='ltr'><strong>hominum,</strong></span> <span class='ocrx_word' id='word_1_329' title='bbox 1386 2285 1575 2343; x_wconf 87' lang='lat' dir='ltr'><strong>reconcilieris</strong></span> <span class='ocrx_word' id='word_1_330' title='bbox 1595 2285 1744 2342; x_wconf 75' lang='lat' dir='ltr'><strong>Deelloni</strong></span> 
     </span>
     <span class='ocr_line' id='line_1_24' title="bbox 122 2372 1742 2449; baseline 0.003 -23"><span class='ocrx_word' id='word_1_331' title='bbox 122 2372 214 2428; x_wconf 90' lang='lat' dir='ltr'><strong>adhuc</strong></span> <span class='ocrx_word' id='word_1_332' title='bbox 229 2390 331 2430; x_wconf 87' lang='lat' dir='ltr'><strong>nomen</strong></span> <span class='ocrx_word' id='word_1_333' title='bbox 346 2378 408 2446; x_wconf 88' lang='lat' dir='ltr'><strong>ejus</strong></span> <span class='ocrx_word' id='word_1_334' title='bbox 421 2383 450 2431; x_wconf 90' lang='lat' dir='ltr'><strong>et</strong></span> <span class='ocrx_word' id='word_1_335' title='bbox 474 2377 579 2432; x_wconf 87' lang='lat' dir='ltr'><strong>latebat</strong></span> <span class='ocrx_word' id='word_1_336' title='bbox 592 2384 699 2449; x_wconf 81' lang='lat' dir='ltr'><strong>gentes,</strong></span> <span class='ocrx_word' id='word_1_337' title='bbox 717 2383 745 2431; x_wconf 90' lang='lat' dir='ltr'><strong>et</strong></span> <span class='ocrx_word' id='word_1_338' title='bbox 759 2376 807 2431; x_wconf 91' lang='lat' dir='ltr'><strong>ubi</strong></span> <span class='ocrx_word' id='word_1_339' title='bbox 822 2384 920 2432; x_wconf 89' lang='lat' dir='ltr'><strong>notum</strong></span> <span class='ocrx_word' id='word_1_340' title='bbox 962 2393 1010 2431; x_wconf 91' lang='lat' dir='ltr'><strong>nes</strong></span> <span class='ocrx_word' id='word_1_341' title='bbox 1035 2392 1180 2448; x_wconf 88' lang='lat' dir='ltr'><strong>perversos</strong></span> <span class='ocrx_word' id='word_1_342' title='bbox 1206 2378 1292 2433; x_wconf 91' lang='lat' dir='ltr'><strong>etiam</strong></span> <span class='ocrx_word' id='word_1_343' title='bbox 1309 2376 1429 2448; x_wconf 87' lang='lat' dir='ltr'><strong>parietes</strong></span> <span class='ocrx_word' id='word_1_344' title='bbox 1456 2376 1481 2430; x_wconf 89' lang='lat' dir='ltr'><strong>si</strong></span> <span class='ocrx_word' id='word_1_345' title='bbox 1504 2376 1613 2432; x_wconf 85' lang='lat' dir='ltr'><strong>intrent</strong></span> <span class='ocrx_word' id='word_1_346' title='bbox 1631 2375 1742 2442; x_wconf 72' lang='lat' dir='ltr'><strong>sedete,</strong></span> 
     </span>
     <span class='ocr_line' id='line_1_25' title="bbox 122 2464 1740 2537; baseline 0.002 -21"><span class='ocrx_word' id='word_1_347' title='bbox 122 2468 183 2517; x_wconf 86' lang='lat' dir='ltr'><strong>erat</strong></span> <span class='ocrx_word' id='word_1_348' title='bbox 198 2464 384 2521; x_wconf 87' lang='lat' dir='ltr'><strong>irridebatur:</strong></span> <span class='ocrx_word' id='word_1_349' title='bbox 406 2471 435 2520; x_wconf 92' lang='grc'><strong>11</strong></span> <span class='ocrx_word' id='word_1_350' title='bbox 448 2472 542 2520; x_wconf 90' lang='lat' dir='ltr'><strong>tamen</strong></span> <span class='ocrx_word' id='word_1_351' title='bbox 565 2467 594 2521; x_wconf 91' lang='lat' dir='ltr'><strong>in</strong></span> <span class='ocrx_word' id='word_1_352' title='bbox 611 2466 761 2521; x_wconf 79' lang='lat' dir='ltr'><strong>virtutibus</strong></span> <span class='ocrx_word' id='word_1_353' title='bbox 775 2467 921 2522; x_wconf 90' lang='lat' dir='ltr'><strong>miraculo-</strong></span> <span class='ocrx_word' id='word_1_354' title='bbox 961 2482 1017 2521; x_wconf 92' lang='lat' dir='ltr'><strong>non</strong></span> <span class='ocrx_word' id='word_1_355' title='bbox 1032 2482 1079 2520; x_wconf 91' lang='lat' dir='ltr'><strong>eos</strong></span> <span class='ocrx_word' id='word_1_356' title='bbox 1093 2465 1238 2522; x_wconf 87' lang='lat' dir='ltr'><strong>arbitreris</strong></span> <span class='ocrx_word' id='word_1_357' title='bbox 1260 2466 1414 2520; x_wconf 85' lang='lat' dir='ltr'><strong>intraturos</strong></span> <span class='ocrx_word' id='word_1_358' title='bbox 1439 2465 1467 2520; x_wconf 92' lang='lat' dir='ltr'><strong>in</strong></span> <span class='ocrx_word' id='word_1_359' title='bbox 1482 2482 1605 2537; x_wconf 85' lang='lat' dir='ltr'><strong>regnum</strong></span> <span class='ocrx_word' id='word_1_360' title='bbox 1618 2464 1740 2530; x_wconf 75' lang='lat' dir='ltr'><strong>coeloron,</strong></span> 
     </span>
     <span class='ocr_line' id='line_1_26' title="bbox 122 2554 1741 2627; baseline 0.002 -22"><span class='ocrx_word' id='word_1_361' title='bbox 122 2568 186 2606; x_wconf 91' lang='lat' dir='ltr'><strong>rum</strong></span> <span class='ocrx_word' id='word_1_362' title='bbox 197 2555 267 2623; x_wconf 79' lang='lat' dir='ltr'><strong>eJ&#39;us,</strong></span> <span class='ocrx_word' id='word_1_363' title='bbox 280 2554 337 2609; x_wconf 86' lang='lat' dir='ltr'><strong>sive</strong></span> <span class='ocrx_word' id='word_1_364' title='bbox 349 2572 399 2626; x_wconf 89' lang='lat' dir='ltr'><strong>per</strong></span> <span class='ocrx_word' id='word_1_365' title='bbox 414 2572 444 2609; x_wconf 91' lang='lat' dir='ltr'><strong>sc</strong></span> <span class='ocrx_word' id='word_1_366' title='bbox 459 2556 527 2627; x_wconf 86' lang='lat' dir='ltr'><strong>ipse,</strong></span> <span class='ocrx_word' id='word_1_367' title='bbox 544 2556 600 2610; x_wconf 87' lang='lat' dir='ltr'><strong>sive</strong></span> <span class='ocrx_word' id='word_1_368' title='bbox 615 2572 676 2627; x_wconf 71' lang='lat' dir='ltr'><strong>quse</strong></span> <span class='ocrx_word' id='word_1_369' title='bbox 690 2573 740 2627; x_wconf 91' lang='lat' dir='ltr'><strong>per</strong></span> <span class='ocrx_word' id='word_1_370' title='bbox 748 2573 843 2611; x_wconf 83' lang='lat' dir='ltr'><strong>servos</strong></span> <span class='ocrx_word' id='word_1_371' title='bbox 855 2573 921 2611; x_wconf 89' lang='lat' dir='ltr'><strong>suos</strong></span> <span class='ocrx_word' id='word_1_372' title='bbox 963 2555 1089 2626; x_wconf 89' lang='lat' dir='ltr'><strong>quiasuo</strong></span> <span class='ocrx_word' id='word_1_373' title='bbox 1102 2559 1230 2627; x_wconf 87' lang='lat' dir='ltr'><strong>tempore</strong></span> <span class='ocrx_word' id='word_1_374' title='bbox 1245 2554 1459 2627; x_wconf 84' lang='lat' dir='ltr'><strong>separabuntur,</strong></span> <span class='ocrx_word' id='word_1_375' title='bbox 1469 2555 1495 2610; x_wconf 91' lang='lat' dir='ltr'><strong>si</strong></span> <span class='ocrx_word' id='word_1_376' title='bbox 1508 2571 1540 2610; x_wconf 87' lang='lat' dir='ltr'><strong>se</strong></span> <span class='ocrx_word' id='word_1_377' title='bbox 1554 2555 1584 2610; x_wconf 93' lang='lat' dir='ltr'><strong>in</strong></span> <span class='ocrx_word' id='word_1_378' title='bbox 1596 2554 1741 2610; x_wconf 84' lang='lat' dir='ltr'><strong>meliusnon</strong></span> 
     </span>
     <span class='ocr_line' id='line_1_27' title="bbox 122 2640 1740 2715; baseline 0.001 -21"><span class='ocrx_word' id='word_1_379' title='bbox 122 2640 196 2695; x_wconf 85' lang='lat' dir='ltr'><strong>lecit.</strong></span> <span class='ocrx_word' id='word_1_380' title='bbox 213 2642 280 2697; x_wconf 86' lang='lat' dir='ltr'><strong>dum</strong></span> <span class='ocrx_word' id='word_1_381' title='bbox 295 2645 502 2700; x_wconf 87' lang='lat' dir='ltr'><strong>annuntiantur</strong></span> <span class='ocrx_word' id='word_1_382' title='bbox 516 2646 574 2700; x_wconf 83' lang='lat' dir='ltr'><strong>haec</strong></span> <span class='ocrx_word' id='word_1_383' title='bbox 589 2650 617 2699; x_wconf 91' lang='lat' dir='ltr'><strong>et</strong></span> <span class='ocrx_word' id='word_1_384' title='bbox 632 2645 794 2709; x_wconf 89' lang='lat' dir='ltr'><strong>creduntur,</strong></span> <span class='ocrx_word' id='word_1_385' title='bbox 809 2646 870 2715; x_wconf 84' lang='lat' dir='ltr'><strong>jam</strong></span> <span class='ocrx_word' id='word_1_386' title='bbox 882 2646 922 2700; x_wconf 83' lang='lat' dir='ltr'><strong>ri·</strong></span> <span class='ocrx_word' id='word_1_387' title='bbox 962 2644 1195 2700; x_wconf 80' lang='lat' dir='ltr'><strong>commutaverint</strong></span> <span class='ocrx_word' id='word_1_388' title='bbox 1207 2644 1343 2699; x_wconf 86' lang='lat' dir='ltr'><strong>homines.</strong></span> <span class='ocrx_word' id='word_1_389' title='bbox 1361 2645 1433 2715; x_wconf 87' lang='lat' dir='ltr'><strong>Ergo</strong></span> <span class='ocrx_word' id='word_1_390' title='bbox 1443 2643 1533 2700; x_wconf 91' lang='lat' dir='ltr'><strong>bonos</strong></span> <span class='ocrx_word' id='word_1_391' title='bbox 1543 2643 1662 2710; x_wconf 87' lang='lat' dir='ltr'><strong>imitare,</strong></span> <span class='ocrx_word' id='word_1_392' title='bbox 1671 2642 1740 2697; x_wconf 79' lang='lat' dir='ltr'><strong>maloc</strong></span> 
     </span>
     <span class='ocr_line' id='line_1_28' title="bbox 122 2729 1739 2806; baseline 0.002 -24"><span class='ocrx_word' id='word_1_393' title='bbox 122 2729 221 2784; x_wconf 90' lang='lat' dir='ltr'><strong>demus</strong></span> <span class='ocrx_word' id='word_1_394' title='bbox 235 2732 308 2801; x_wconf 84' lang='lat' dir='ltr'><strong>quod</strong></span> <span class='ocrx_word' id='word_1_395' title='bbox 324 2733 487 2803; x_wconf 78' lang='lat' dir='ltr'><strong>pradictum</strong></span> <span class='ocrx_word' id='word_1_396' title='bbox 502 2740 544 2787; x_wconf 86' lang='lat' dir='ltr'><strong>est</strong></span> <span class='ocrx_word' id='word_1_397' title='bbox 557 2750 617 2788; x_wconf 90' lang='lat' dir='ltr'><strong>osse</strong></span> <span class='ocrx_word' id='word_1_398' title='bbox 629 2735 809 2806; x_wconf 89' lang='lat' dir='ltr'><strong>completum,</strong></span> <span class='ocrx_word' id='word_1_399' title='bbox 827 2751 922 2806; x_wconf 85' lang='lat' dir='ltr'><strong>reges-</strong></span> <span class='ocrx_word' id='word_1_400' title='bbox 962 2733 1053 2788; x_wconf 89' lang='lat' dir='ltr'><strong>tolera</strong></span> <span class='ocrx_word' id='word_1_401' title='bbox 1068 2753 1073 2787; x_wconf 93' lang='lat'>:</span> <span class='ocrx_word' id='word_1_402' title='bbox 1087 2749 1183 2789; x_wconf 88' lang='lat' dir='ltr'><strong>omnes</strong></span> <span class='ocrx_word' id='word_1_403' title='bbox 1203 2751 1277 2799; x_wconf 85' lang='lat' dir='ltr'><strong>ama,</strong></span> <span class='ocrx_word' id='word_1_404' title='bbox 1293 2733 1426 2806; x_wconf 90' lang='lat' dir='ltr'><strong>quoniam</strong></span> <span class='ocrx_word' id='word_1_405' title='bbox 1446 2733 1538 2789; x_wconf 89' lang='lat' dir='ltr'><strong>nescis</strong></span> <span class='ocrx_word' id='word_1_406' title='bbox 1552 2733 1620 2806; x_wconf 92' lang='lat' dir='ltr'><strong>quid</strong></span> <span class='ocrx_word' id='word_1_407' title='bbox 1641 2749 1695 2788; x_wconf 84' lang='lat' dir='ltr'><strong>cras</strong></span> <span class='ocrx_word' id='word_1_408' title='bbox 1708 2731 1739 2786; x_wconf 81' lang='grc'><strong>11</strong></span> 
     </span>
     <span class='ocr_line' id='line_1_29' title="bbox 122 2819 1737 2894; baseline 0.002 -23"><span class='ocrx_word' id='word_1_409' title='bbox 122 2834 176 2888; x_wconf 91' lang='lat' dir='ltr'><strong>que</strong></span> <span class='ocrx_word' id='word_1_410' title='bbox 192 2819 266 2889; x_wconf 90' lang='lat' dir='ltr'><strong>ipsos</strong></span> <span class='ocrx_word' id='word_1_411' title='bbox 276 2826 357 2875; x_wconf 81' lang='grc'><strong>11111</strong></span> <span class='ocrx_word' id='word_1_412' title='bbox 374 2822 421 2892; x_wconf 92' lang='lat' dir='ltr'><strong>qui</strong></span> <span class='ocrx_word' id='word_1_413' title='bbox 429 2827 513 2876; x_wconf 85' lang='lat' dir='ltr'><strong>antea</strong></span> <span class='ocrx_word' id='word_1_414' title='bbox 527 2822 769 2894; x_wconf 86' lang='lat' dir='ltr'><strong>persequebantur</strong></span> <span class='ocrx_word' id='word_1_415' title='bbox 783 2824 921 2879; x_wconf 88' lang='lat' dir='ltr'><strong>Christia-</strong></span> <span class='ocrx_word' id='word_1_416' title='bbox 962 2828 1043 2877; x_wconf 91' lang='lat' dir='ltr'><strong>turus</strong></span> <span class='ocrx_word' id='word_1_417' title='bbox 1058 2821 1095 2876; x_wconf 92' lang='lat' dir='ltr'><strong>sit</strong></span> <span class='ocrx_word' id='word_1_418' title='bbox 1117 2823 1166 2893; x_wconf 90' lang='lat' dir='ltr'><strong>qui</strong></span> <span class='ocrx_word' id='word_1_419' title='bbox 1195 2823 1278 2877; x_wconf 90' lang='lat' dir='ltr'><strong>hodie</strong></span> <span class='ocrx_word' id='word_1_420' title='bbox 1300 2823 1391 2878; x_wconf 89' lang='lat' dir='ltr'><strong>malus</strong></span> <span class='ocrx_word' id='word_1_421' title='bbox 1405 2828 1470 2877; x_wconf 91' lang='lat' dir='ltr'><strong>est:</strong></span> <span class='ocrx_word' id='word_1_422' title='bbox 1495 2839 1547 2877; x_wconf 91' lang='lat' dir='ltr'><strong>uec</strong></span> <span class='ocrx_word' id='word_1_423' title='bbox 1570 2839 1664 2877; x_wconf 82' lang='lat' dir='ltr'><strong>comm</strong></span> <span class='ocrx_word' id='word_1_424' title='bbox 1680 2836 1737 2875; x_wconf 74' lang='lat' dir='ltr'><strong>aus</strong></span> 
     </span>
     <span class='ocr_line' id='line_1_30' title="bbox 123 2909 1737 2984; baseline 0.003 -24"><span class='ocrx_word' id='word_1_425' title='bbox 123 2924 173 2961; x_wconf 89' lang='lat' dir='ltr'><strong>nos</strong></span> <span class='ocrx_word' id='word_1_426' title='bbox 181 2909 241 2977; x_wconf 89' lang='lat' dir='ltr'><strong>jam</strong></span> <span class='ocrx_word' id='word_1_427' title='bbox 253 2910 357 2964; x_wconf 88' lang='lat' dir='ltr'><strong>Christi</strong></span> <span class='ocrx_word' id='word_1_428' title='bbox 373 2912 479 2966; x_wconf 90' lang='lat' dir='ltr'><strong>nomini</strong></span> <span class='ocrx_word' id='word_1_429' title='bbox 491 2912 673 2983; x_wconf 85' lang='lat' dir='ltr'><strong>subjugatos;</strong></span> <span class='ocrx_word' id='word_1_430' title='bbox 695 2913 859 2984; x_wconf 76' lang='lat' dir='ltr'><strong>pradictum</strong></span> <span class='ocrx_word' id='word_1_431' title='bbox 878 2919 922 2967; x_wconf 87' lang='lat' dir='ltr'><strong>est</strong></span> <span class='ocrx_word' id='word_1_432' title='bbox 962 2909 1141 2981; x_wconf 84' lang='lat' dir='ltr'><strong>injustitiam,</strong></span> <span class='ocrx_word' id='word_1_433' title='bbox 1158 2912 1207 2967; x_wconf 91' lang='lat' dir='ltr'><strong>sed</strong></span> <span class='ocrx_word' id='word_1_434' title='bbox 1234 2912 1309 2984; x_wconf 92' lang='lat' dir='ltr'><strong>ipsos</strong></span> <span class='ocrx_word' id='word_1_435' title='bbox 1328 2912 1390 2967; x_wconf 90' lang='lat' dir='ltr'><strong>ideo</strong></span> <span class='ocrx_word' id='word_1_436' title='bbox 1416 2917 1528 2968; x_wconf 89' lang='lat' dir='ltr'><strong>amant</strong></span> <span class='ocrx_word' id='word_1_437' title='bbox 1550 2910 1737 2984; x_wconf 77' lang='lat' dir='ltr'><strong>apprehendent</strong></span> 
     </span>
     <span class='ocr_line' id='line_1_31' title="bbox 122 2996 1736 3072; baseline 0.002 -22"><span class='ocrx_word' id='word_1_438' title='bbox 122 2996 208 3051; x_wconf 88' lang='lat' dir='ltr'><strong>ctiam</strong></span> <span class='ocrx_word' id='word_1_439' title='bbox 223 2998 296 3068; x_wconf 92' lang='lat' dir='ltr'><strong>quod</strong></span> <span class='ocrx_word' id='word_1_440' title='bbox 312 3000 463 3054; x_wconf 86' lang='lat' dir='ltr'><strong>schismata</strong></span> <span class='ocrx_word' id='word_1_441' title='bbox 485 3008 513 3055; x_wconf 90' lang='lat' dir='ltr'><strong>ot</strong></span> <span class='ocrx_word' id='word_1_442' title='bbox 536 3002 655 3056; x_wconf 74' lang='lat' dir='ltr'><strong>haereses</strong></span> <span class='ocrx_word' id='word_1_443' title='bbox 669 3019 702 3056; x_wconf 81' lang='grc'><strong>11</strong></span> <span class='ocrx_word' id='word_1_444' title='bbox 724 3004 785 3072; x_wconf 83' lang='lat' dir='ltr'><strong>ejus</strong></span> <span class='ocrx_word' id='word_1_445' title='bbox 800 3002 921 3057; x_wconf 88' lang='lat' dir='ltr'><strong>Ecclesia</strong></span> <span class='ocrx_word' id='word_1_446' title='bbox 958 3000 1099 3071; x_wconf 85' lang='lat' dir='ltr'><strong>justitiam</strong></span> <span class='ocrx_word' id='word_1_447' title='bbox 1117 3018 1122 3053; x_wconf 93' lang='lat'><strong>:</strong></span> <span class='ocrx_word' id='word_1_448' title='bbox 1143 3001 1210 3071; x_wconf 86' lang='lat' dir='ltr'><strong>quia</strong></span> <span class='ocrx_word' id='word_1_449' title='bbox 1230 3017 1287 3056; x_wconf 89' lang='lat' dir='ltr'><strong>non</strong></span> <span class='ocrx_word' id='word_1_450' title='bbox 1300 3000 1391 3056; x_wconf 91' lang='lat' dir='ltr'><strong>solum</strong></span> <span class='ocrx_word' id='word_1_451' title='bbox 1406 3000 1518 3055; x_wconf 90' lang='lat' dir='ltr'><strong>dilectio</strong></span> <span class='ocrx_word' id='word_1_452' title='bbox 1533 3001 1585 3056; x_wconf 88' lang='lat' dir='ltr'><strong>Dei</strong></span> <span class='ocrx_word' id='word_1_453' title='bbox 1598 3000 1674 3055; x_wconf 87' lang='lat' dir='ltr'><strong>nobis</strong></span> <span class='ocrx_word' id='word_1_454' title='bbox 1686 3015 1736 3071; x_wconf 73' lang='lat' dir='ltr'><strong>pra·</strong></span> 
     </span>
     <span class='ocr_line' id='line_1_32' title="bbox 123 3087 1736 3163; baseline 0.002 -25"><span class='ocrx_word' id='word_1_455' title='bbox 123 3091 216 3139; x_wconf 90' lang='lat' dir='ltr'><strong>essent</strong></span> <span class='ocrx_word' id='word_1_456' title='bbox 230 3087 355 3153; x_wconf 73' lang='lat' dir='ltr'><strong>exiturae,</strong></span> <span class='ocrx_word' id='word_1_457' title='bbox 372 3096 400 3143; x_wconf 91' lang='lat' dir='ltr'><strong>et</strong></span> <span class='ocrx_word' id='word_1_458' title='bbox 409 3089 460 3144; x_wconf 83' lang='lat' dir='ltr'><strong>suh</strong></span> <span class='ocrx_word' id='word_1_459' title='bbox 476 3091 536 3159; x_wconf 76' lang='lat' dir='ltr'><strong>ejus</strong></span> <span class='ocrx_word' id='word_1_460' title='bbox 550 3090 662 3144; x_wconf 88' lang='lat' dir='ltr'><strong>nomine</strong></span> <span class='ocrx_word' id='word_1_461' title='bbox 675 3107 725 3161; x_wconf 91' lang='lat' dir='ltr'><strong>per</strong></span> <span class='ocrx_word' id='word_1_462' title='bbox 735 3091 794 3145; x_wconf 90' lang='lat' dir='ltr'><strong>loca</strong></span> <span class='ocrx_word' id='word_1_463' title='bbox 803 3090 921 3163; x_wconf 92' lang='lat' dir='ltr'><strong>ubipos·</strong></span> <span class='ocrx_word' id='word_1_464' title='bbox 961 3094 1042 3161; x_wconf 80' lang='lat' dir='ltr'><strong>cepta</strong></span> <span class='ocrx_word' id='word_1_465' title='bbox 1056 3096 1108 3156; x_wconf 88' lang='lat' dir='ltr'><strong>est,</strong></span> <span class='ocrx_word' id='word_1_466' title='bbox 1124 3090 1268 3145; x_wconf 87' lang='lat' dir='ltr'><strong>sedetiam</strong></span> <span class='ocrx_word' id='word_1_467' title='bbox 1279 3090 1392 3145; x_wconf 91' lang='lat' dir='ltr'><strong>dilectio</strong></span> <span class='ocrx_word' id='word_1_468' title='bbox 1404 3090 1534 3162; x_wconf 83' lang='lat' dir='ltr'><strong>proximi,</strong></span> <span class='ocrx_word' id='word_1_469' title='bbox 1545 3090 1574 3146; x_wconf 92' lang='lat' dir='ltr'><strong>in</strong></span> <span class='ocrx_word' id='word_1_470' title='bbox 1586 3088 1736 3162; x_wconf 74' lang='lat' dir='ltr'><strong>quibusdan</strong></span> 
     </span>
     <span class='ocr_line' id='line_1_33' title="bbox 122 3176 1736 3251; baseline 0.001 -23"><span class='ocrx_word' id='word_1_471' title='bbox 122 3181 193 3239; x_wconf 87' lang='lat' dir='ltr'><strong>sent,</strong></span> <span class='ocrx_word' id='word_1_472' title='bbox 211 3192 301 3241; x_wconf 78' lang='lat' dir='ltr'><strong>suani,</strong></span> <span class='ocrx_word' id='word_1_473' title='bbox 317 3193 372 3231; x_wconf 92' lang='lat' dir='ltr'><strong>non</strong></span> <span class='ocrx_word' id='word_1_474' title='bbox 389 3177 501 3240; x_wconf 80' lang='lat' dir='ltr'><strong>Christi,</strong></span> <span class='ocrx_word' id='word_1_475' title='bbox 517 3179 636 3248; x_wconf 78' lang='lat' dir='ltr'><strong>gloriam</strong></span> <span class='ocrx_word' id='word_1_476' title='bbox 652 3179 812 3250; x_wconf 82' lang='lat' dir='ltr'><strong>quaesitura,</strong></span> <span class='ocrx_word' id='word_1_477' title='bbox 824 3185 852 3234; x_wconf 92' lang='lat' dir='ltr'><strong>ot</strong></span> <span class='ocrx_word' id='word_1_478' title='bbox 866 3180 920 3234; x_wconf 83' lang='lat' dir='ltr'><strong>ista</strong></span> <span class='ocrx_word' id='word_1_479' title='bbox 960 3176 1013 3232; x_wconf 91' lang='lat' dir='ltr'><strong>bus</strong></span> <span class='ocrx_word' id='word_1_480' title='bbox 1028 3179 1174 3250; x_wconf 69' lang='lat' dir='ltr'><strong>praeceptis</strong></span> <span class='ocrx_word' id='word_1_481' title='bbox 1188 3185 1248 3234; x_wconf 88' lang='lat' dir='ltr'><strong>tota</strong></span> <span class='ocrx_word' id='word_1_482' title='bbox 1268 3180 1311 3233; x_wconf 84' lang='lat' dir='ltr'><strong>lex</strong></span> <span class='ocrx_word' id='word_1_483' title='bbox 1333 3179 1438 3251; x_wconf 87' lang='lat' dir='ltr'><strong>pendet</strong></span> <span class='ocrx_word' id='word_1_484' title='bbox 1452 3182 1482 3233; x_wconf 89' lang='grc'><strong>11</strong></span> <span class='ocrx_word' id='word_1_485' title='bbox 1499 3179 1642 3251; x_wconf 79' lang='lat' dir='ltr'><strong>propheta</strong></span> <span class='ocrx_word' id='word_1_486' title='bbox 1656 3191 1736 3249; x_wconf 83' lang='lat' dir='ltr'><strong>:quan</strong></span> 
     </span>
     <span class='ocr_line' id='line_1_34' title="bbox 121 3265 1736 3340; baseline 0.002 -23"><span class='ocrx_word' id='word_1_487' title='bbox 121 3265 259 3335; x_wconf 78' lang='lat' dir='ltr'><strong>complete</strong></span> <span class='ocrx_word' id='word_1_488' title='bbox 273 3271 347 3320; x_wconf 89' lang='lat' dir='ltr'><strong>sunt.</strong></span> <span class='ocrx_word' id='word_1_489' title='bbox 365 3267 497 3338; x_wconf 89' lang='lat' dir='ltr'><strong>Nunquid</strong></span> <span class='ocrx_word' id='word_1_490' title='bbox 513 3284 579 3338; x_wconf 88' lang='lat' dir='ltr'><strong>ergo</strong></span> <span class='ocrx_word' id='word_1_491' title='bbox 594 3268 643 3322; x_wconf 88' lang='lat' dir='ltr'><strong>illa</strong></span> <span class='ocrx_word' id='word_1_492' title='bbox 661 3285 722 3339; x_wconf 72' lang='lat' dir='ltr'><strong>quae</strong></span> <span class='ocrx_word' id='word_1_493' title='bbox 737 3274 845 3323; x_wconf 82' lang='lat' dir='ltr'><strong>restant</strong></span> <span class='ocrx_word' id='word_1_494' title='bbox 863 3287 919 3325; x_wconf 90' lang='lat' dir='ltr'><strong>non</strong></span> <span class='ocrx_word' id='word_1_495' title='bbox 961 3284 1017 3321; x_wconf 93' lang='lat' dir='ltr'><strong>non</strong></span> <span class='ocrx_word' id='word_1_496' title='bbox 1032 3267 1131 3339; x_wconf 87' lang='lat' dir='ltr'><strong>implet</strong></span> <span class='ocrx_word' id='word_1_497' title='bbox 1144 3269 1198 3323; x_wconf 89' lang='lat' dir='ltr'><strong>nisi</strong></span> <span class='ocrx_word' id='word_1_498' title='bbox 1209 3269 1257 3340; x_wconf 91' lang='lat' dir='ltr'><strong>qui</strong></span> <span class='ocrx_word' id='word_1_499' title='bbox 1272 3270 1378 3323; x_wconf 91' lang='lat' dir='ltr'><strong>donum</strong></span> <span class='ocrx_word' id='word_1_500' title='bbox 1389 3268 1530 3339; x_wconf 91' lang='lat' dir='ltr'><strong>acceperit</strong></span> <span class='ocrx_word' id='word_1_501' title='bbox 1550 3267 1679 3340; x_wconf 89' lang='lat' dir='ltr'><strong>Spiritum</strong></span> <span class='ocrx_word' id='word_1_502' title='bbox 1690 3281 1736 3321; x_wconf 80' lang='lat' dir='ltr'><strong>san</strong></span> 
     </span>
     <span class='ocr_line' id='line_1_35' title="bbox 121 3352 1737 3430; baseline 0.002 -24"><span class='ocrx_word' id='word_1_503' title='bbox 121 3360 188 3407; x_wconf 92' lang='lat' dir='ltr'><strong>sunt</strong></span> <span class='ocrx_word' id='word_1_504' title='bbox 202 3360 320 3408; x_wconf 84' lang='lat' dir='ltr'><strong>ventura</strong></span> <span class='ocrx_word' id='word_1_505' title='bbox 333 3356 344 3408; x_wconf 81' lang='lat' dir='ltr'><strong>t</strong></span> <span class='ocrx_word' id='word_1_506' title='bbox 355 3355 532 3411; x_wconf 83' lang='lat' dir='ltr'><strong>Manifestum</strong></span> <span class='ocrx_word' id='word_1_507' title='bbox 547 3364 590 3411; x_wconf 88' lang='lat' dir='ltr'><strong>est</strong></span> <span class='ocrx_word' id='word_1_508' title='bbox 605 3358 671 3427; x_wconf 87' lang='lat' dir='ltr'><strong>quia</strong></span> <span class='ocrx_word' id='word_1_509' title='bbox 691 3357 765 3412; x_wconf 91' lang='lat' dir='ltr'><strong>sicut</strong></span> <span class='ocrx_word' id='word_1_510' title='bbox 779 3357 834 3412; x_wconf 88' lang='lat' dir='ltr'><strong>ista</strong></span> <span class='ocrx_word' id='word_1_511' title='bbox 847 3375 918 3430; x_wconf 78' lang='lat' dir='ltr'><strong>pre·</strong></span> <span class='ocrx_word' id='word_1_512' title='bbox 960 3363 1045 3423; x_wconf 91' lang='lat' dir='ltr'><strong>ctum,</strong></span> <span class='ocrx_word' id='word_1_513' title='bbox 1058 3357 1135 3413; x_wconf 88' lang='lat' dir='ltr'><strong>Patri</strong></span> <span class='ocrx_word' id='word_1_514' title='bbox 1150 3363 1178 3414; x_wconf 90' lang='lat' dir='ltr'><strong>et</strong></span> <span class='ocrx_word' id='word_1_515' title='bbox 1192 3357 1263 3412; x_wconf 84' lang='lat' dir='ltr'><strong>Filio</strong></span> <span class='ocrx_word' id='word_1_516' title='bbox 1274 3358 1371 3429; x_wconf 89' lang='lat' dir='ltr'><strong>utique</strong></span> <span class='ocrx_word' id='word_1_517' title='bbox 1383 3358 1520 3428; x_wconf 71' lang='lat' dir='ltr'><strong>aequalem</strong></span> <span class='ocrx_word' id='word_1_518' title='bbox 1537 3375 1543 3410; x_wconf 92' lang='lat'>:</span> <span class='ocrx_word' id='word_1_519' title='bbox 1560 3357 1627 3429; x_wconf 90' lang='lat' dir='ltr'><strong>quia</strong></span> <span class='ocrx_word' id='word_1_520' title='bbox 1636 3352 1737 3428; x_wconf 67' lang='lat' dir='ltr'><strong>ipsura</strong></span> 
     </span>
     <span class='ocr_line' id='line_1_36' title="bbox 121 3441 1734 3519; baseline 0.001 -24"><span class='ocrx_word' id='word_1_521' title='bbox 121 3441 197 3496; x_wconf 89' lang='lat' dir='ltr'><strong>dicta</strong></span> <span class='ocrx_word' id='word_1_522' title='bbox 207 3449 353 3511; x_wconf 88' lang='lat' dir='ltr'><strong>venerunt,</strong></span> <span class='ocrx_word' id='word_1_523' title='bbox 363 3445 402 3499; x_wconf 88' lang='lat' dir='ltr'><strong>sic</strong></span> <span class='ocrx_word' id='word_1_524' title='bbox 417 3445 501 3500; x_wconf 89' lang='lat' dir='ltr'><strong>etiam</strong></span> <span class='ocrx_word' id='word_1_525' title='bbox 512 3446 687 3501; x_wconf 89' lang='lat' dir='ltr'><strong>illaventura</strong></span> <span class='ocrx_word' id='word_1_526' title='bbox 698 3454 777 3501; x_wconf 90' lang='lat' dir='ltr'><strong>sunt:</strong></span> <span class='ocrx_word' id='word_1_527' title='bbox 792 3464 920 3519; x_wconf 69' lang='lat' dir='ltr'><strong>quaecun-</strong></span> <span class='ocrx_word' id='word_1_528' title='bbox 962 3446 1035 3500; x_wconf 89' lang='lat' dir='ltr'><strong>nitas</strong></span> <span class='ocrx_word' id='word_1_529' title='bbox 1046 3447 1120 3501; x_wconf 90' lang='lat' dir='ltr'><strong>Deus</strong></span> <span class='ocrx_word' id='word_1_530' title='bbox 1134 3451 1186 3512; x_wconf 88' lang='lat' dir='ltr'><strong>est,</strong></span> <span class='ocrx_word' id='word_1_531' title='bbox 1203 3447 1233 3500; x_wconf 96' lang='lat' dir='ltr'><strong>in</strong></span> <span class='ocrx_word' id='word_1_532' title='bbox 1249 3463 1303 3518; x_wconf 94' lang='lat' dir='ltr'><strong>quo</strong></span> <span class='ocrx_word' id='word_1_533' title='bbox 1319 3447 1377 3501; x_wconf 90' lang='lat' dir='ltr'><strong>Deo</strong></span> <span class='ocrx_word' id='word_1_534' title='bbox 1391 3463 1454 3517; x_wconf 88' lang='lat' dir='ltr'><strong>spes</strong></span> <span class='ocrx_word' id='word_1_535' title='bbox 1465 3446 1558 3500; x_wconf 91' lang='lat' dir='ltr'><strong>omnis</strong></span> <span class='ocrx_word' id='word_1_536' title='bbox 1570 3445 1734 3518; x_wconf 81' lang='lat' dir='ltr'><strong>ponendaest</strong></span> 
     </span>
     <span class='ocr_line' id='line_1_37' title="bbox 122 3533 1736 3609; baseline 0 -24"><span class='ocrx_word' id='word_1_537' title='bbox 122 3547 176 3603; x_wconf 92' lang='lat' dir='ltr'><strong>que</strong></span> <span class='ocrx_word' id='word_1_538' title='bbox 183 3533 324 3602; x_wconf 84' lang='lat' dir='ltr'><strong>justorum</strong></span> <span class='ocrx_word' id='word_1_539' title='bbox 340 3533 535 3589; x_wconf 88' lang='lat' dir='ltr'><strong>tribulationes</strong></span> <span class='ocrx_word' id='word_1_540' title='bbox 549 3535 639 3590; x_wconf 87' lang='lat' dir='ltr'><strong>adhuc</strong></span> <span class='ocrx_word' id='word_1_541' title='bbox 659 3540 775 3601; x_wconf 86' lang='lat' dir='ltr'><strong>restant,</strong></span> <span class='ocrx_word' id='word_1_542' title='bbox 792 3543 820 3590; x_wconf 90' lang='lat' dir='ltr'><strong>et</strong></span> <span class='ocrx_word' id='word_1_543' title='bbox 842 3537 920 3606; x_wconf 84' lang='lat' dir='ltr'><strong>judi·</strong></span> <span class='ocrx_word' id='word_1_544' title='bbox 962 3537 994 3589; x_wconf 91' lang='lat' dir='ltr'><strong>ln</strong></span> <span class='ocrx_word' id='word_1_545' title='bbox 1011 3535 1122 3590; x_wconf 90' lang='lat' dir='ltr'><strong>homine</strong></span> <span class='ocrx_word' id='word_1_546' title='bbox 1137 3552 1194 3590; x_wconf 92' lang='lat' dir='ltr'><strong>non</strong></span> <span class='ocrx_word' id='word_1_547' title='bbox 1214 3541 1257 3590; x_wconf 87' lang='lat' dir='ltr'><strong>est</strong></span> <span class='ocrx_word' id='word_1_548' title='bbox 1271 3535 1401 3608; x_wconf 89' lang='lat' dir='ltr'><strong>ponenda</strong></span> <span class='ocrx_word' id='word_1_549' title='bbox 1422 3536 1626 3609; x_wconf 87' lang='lat' dir='ltr'><strong>qualiscunque</strong></span> <span class='ocrx_word' id='word_1_550' title='bbox 1643 3533 1736 3590; x_wconf 83' lang='grc'><strong>1111111</strong></span> 
     </span>
     <span class='ocr_line' id='line_1_38' title="bbox 122 3619 1734 3696; baseline 0.001 -22"><span class='ocrx_word' id='word_1_551' title='bbox 122 3619 156 3674; x_wconf 92' lang='lat' dir='ltr'><strong>cii</strong></span> <span class='ocrx_word' id='word_1_552' title='bbox 172 3620 231 3676; x_wconf 92' lang='lat' dir='ltr'><strong>dies</strong></span> <span class='ocrx_word' id='word_1_553' title='bbox 246 3622 292 3693; x_wconf 90' lang='lat' dir='ltr'><strong>qni</strong></span> <span class='ocrx_word' id='word_1_554' title='bbox 304 3623 444 3694; x_wconf 88' lang='lat' dir='ltr'><strong>separabit</strong></span> <span class='ocrx_word' id='word_1_555' title='bbox 460 3640 557 3678; x_wconf 90' lang='lat' dir='ltr'><strong>omnes</strong></span> <span class='ocrx_word' id='word_1_556' title='bbox 572 3625 672 3695; x_wconf 90' lang='lat' dir='ltr'><strong>impios</strong></span> <span class='ocrx_word' id='word_1_557' title='bbox 694 3643 711 3679; x_wconf 90' lang='lat' dir='ltr'><strong>a</strong></span> <span class='ocrx_word' id='word_1_558' title='bbox 727 3625 811 3696; x_wconf 88' lang='lat' dir='ltr'><strong>justis</strong></span> <span class='ocrx_word' id='word_1_559' title='bbox 833 3626 862 3679; x_wconf 92' lang='lat' dir='ltr'><strong>in</strong></span> <span class='ocrx_word' id='word_1_560' title='bbox 877 3642 920 3679; x_wconf 90' lang='lat' dir='ltr'><strong>re·</strong></span> <span class='ocrx_word' id='word_1_561' title='bbox 960 3624 1017 3678; x_wconf 91' lang='lat' dir='ltr'><strong>rit:</strong></span> <span class='ocrx_word' id='word_1_562' title='bbox 1035 3625 1112 3679; x_wconf 83' lang='lat' dir='ltr'><strong>aliud</strong></span> <span class='ocrx_word' id='word_1_563' title='bbox 1127 3631 1170 3679; x_wconf 92' lang='lat' dir='ltr'><strong>est</strong></span> <span class='ocrx_word' id='word_1_564' title='bbox 1184 3625 1259 3680; x_wconf 91' lang='lat' dir='ltr'><strong>enim</strong></span> <span class='ocrx_word' id='word_1_565' title='bbox 1282 3625 1330 3679; x_wconf 89' lang='lat' dir='ltr'><strong>ille</strong></span> <span class='ocrx_word' id='word_1_566' title='bbox 1352 3642 1369 3678; x_wconf 89' lang='lat' dir='ltr'><strong>a</strong></span> <span class='ocrx_word' id='word_1_567' title='bbox 1395 3641 1450 3696; x_wconf 94' lang='lat' dir='ltr'><strong>quo</strong></span> <span class='ocrx_word' id='word_1_568' title='bbox 1470 3619 1734 3696; x_wconf 61' lang='lat' dir='ltr'><strong>justinamque</strong></span> 
     </span>
     <span class='ocr_line' id='line_1_39' title="bbox 122 3711 1734 3785; baseline 0.004 -24"><span class='ocrx_word' id='word_1_569' title='bbox 122 3711 295 3766; x_wconf 88' lang='lat' dir='ltr'><strong>surrectione</strong></span> <span class='ocrx_word' id='word_1_570' title='bbox 305 3718 494 3779; x_wconf 81' lang='lat' dir='ltr'><strong>mo1tnorum3</strong></span> <span class='ocrx_word' id='word_1_571' title='bbox 512 3721 541 3768; x_wconf 90' lang='lat' dir='ltr'><strong>et</strong></span> <span class='ocrx_word' id='word_1_572' title='bbox 551 3730 606 3768; x_wconf 92' lang='lat' dir='ltr'><strong>non</strong></span> <span class='ocrx_word' id='word_1_573' title='bbox 618 3714 709 3768; x_wconf 92' lang='lat' dir='ltr'><strong>solum</strong></span> <span class='ocrx_word' id='word_1_574' title='bbox 723 3731 770 3768; x_wconf 89' lang='lat' dir='ltr'><strong>eos</strong></span> <span class='ocrx_word' id='word_1_575' title='bbox 786 3715 833 3785; x_wconf 93' lang='lat' dir='ltr'><strong>qui</strong></span> <span class='ocrx_word' id='word_1_576' title='bbox 854 3720 920 3769; x_wconf 90' lang='lat' dir='ltr'><strong>sunt</strong></span> <span class='ocrx_word' id='word_1_577' title='bbox 959 3712 1000 3766; x_wconf 91' lang='lat' dir='ltr'><strong>illi</strong></span> <span class='ocrx_word' id='word_1_578' title='bbox 1015 3728 1078 3767; x_wconf 92' lang='lat' dir='ltr'><strong>cum</strong></span> <span class='ocrx_word' id='word_1_579' title='bbox 1095 3713 1196 3784; x_wconf 91' lang='lat' dir='ltr'><strong>quibus</strong></span> <span class='ocrx_word' id='word_1_580' title='bbox 1203 3714 1402 3784; x_wconf 77' lang='lat' dir='ltr'><strong>justificamur.</strong></span> <span class='ocrx_word' id='word_1_581' title='bbox 1416 3714 1481 3767; x_wconf 83' lang='lat' dir='ltr'><strong>Non</strong></span> <span class='ocrx_word' id='word_1_582' title='bbox 1493 3718 1591 3769; x_wconf 87' lang='lat' dir='ltr'><strong>autem</strong></span> <span class='ocrx_word' id='word_1_583' title='bbox 1606 3713 1688 3768; x_wconf 88' lang='lat' dir='ltr'><strong>solum</strong></span> <span class='ocrx_word' id='word_1_584' title='bbox 1698 3725 1734 3782; x_wconf 83' lang='lat' dir='ltr'><strong>pet</strong></span> 
     </span>
     <span class='ocr_line' id='line_1_40' title="bbox 121 3800 1732 3875; baseline 0.001 -24"><span class='ocrx_word' id='word_1_585' title='bbox 121 3804 199 3853; x_wconf 77' lang='lat' dir='ltr'><strong>extra</strong></span> <span class='ocrx_word' id='word_1_586' title='bbox 213 3800 372 3868; x_wconf 85' lang='lat' dir='ltr'><strong>Ecclesiam,</strong></span> <span class='ocrx_word' id='word_1_587' title='bbox 389 3803 438 3856; x_wconf 88' lang='lat' dir='ltr'><strong>sed</strong></span> <span class='ocrx_word' id='word_1_588' title='bbox 454 3803 540 3857; x_wconf 86' lang='lat' dir='ltr'><strong>etiam</strong></span> <span class='ocrx_word' id='word_1_589' title='bbox 556 3803 643 3874; x_wconf 89' lang='lat' dir='ltr'><strong>ipsius</strong></span> <span class='ocrx_word' id='word_1_590' title='bbox 664 3804 916 3875; x_wconf 83' lang='lat' dir='ltr'><strong>Ecclesiaepaleas,</strong></span> <span class='ocrx_word' id='word_1_591' title='bbox 961 3801 1128 3875; x_wconf 88' lang='lat' dir='ltr'><strong>cupiditates</strong></span> <span class='ocrx_word' id='word_1_592' title='bbox 1138 3802 1267 3858; x_wconf 89' lang='lat' dir='ltr'><strong>diabolus</strong></span> <span class='ocrx_word' id='word_1_593' title='bbox 1281 3808 1380 3868; x_wconf 85' lang='lat' dir='ltr'><strong>tentat,</strong></span> <span class='ocrx_word' id='word_1_594' title='bbox 1404 3803 1554 3857; x_wconf 89' lang='lat' dir='ltr'><strong>sedetiam</strong></span> <span class='ocrx_word' id='word_1_595' title='bbox 1569 3819 1620 3874; x_wconf 89' lang='lat' dir='ltr'><strong>per</strong></span> <span class='ocrx_word' id='word_1_596' title='bbox 1636 3809 1732 3857; x_wconf 79' lang='lat' dir='ltr'><strong>tenores</strong></span> 
     </span>
     <span class='ocr_line' id='line_1_41' title="bbox 121 3887 1731 3964; baseline 0.003 -22"><span class='ocrx_word' id='word_1_597' title='bbox 121 3895 313 3960; x_wconf 86' lang='lat' dir='ltr'><strong>quasoportet</strong></span> <span class='ocrx_word' id='word_1_598' title='bbox 334 3908 423 3962; x_wconf 90' lang='lat' dir='ltr'><strong>usque</strong></span> <span class='ocrx_word' id='word_1_599' title='bbox 450 3892 485 3946; x_wconf 93' lang='lat' dir='ltr'><strong>ad</strong></span> <span class='ocrx_word' id='word_1_600' title='bbox 507 3893 686 3947; x_wconf 88' lang='lat' dir='ltr'><strong>novissimam</strong></span> <span class='ocrx_word' id='word_1_601' title='bbox 708 3893 919 3948; x_wconf 79' lang='lat' dir='ltr'><strong>ventilationem</strong></span> <span class='ocrx_word' id='word_1_602' title='bbox 961 3889 1184 3957; x_wconf 86' lang='lat' dir='ltr'><strong>insultationum,</strong></span> <span class='ocrx_word' id='word_1_603' title='bbox 1202 3898 1231 3946; x_wconf 90' lang='lat' dir='ltr'><strong>ct</strong></span> <span class='ocrx_word' id='word_1_604' title='bbox 1242 3891 1380 3958; x_wconf 90' lang='lat' dir='ltr'><strong>dolorum,</strong></span> <span class='ocrx_word' id='word_1_605' title='bbox 1396 3898 1425 3947; x_wconf 88' lang='lat' dir='ltr'><strong>et</strong></span> <span class='ocrx_word' id='word_1_606' title='bbox 1438 3892 1527 3964; x_wconf 89' lang='lat' dir='ltr'><strong>ipsius</strong></span> <span class='ocrx_word' id='word_1_607' title='bbox 1550 3887 1731 3956; x_wconf 71' lang='lat' dir='ltr'><strong>mortisque</strong></span> 
     </span>
     <span class='ocr_line' id='line_1_42' title="bbox 121 3977 1730 4053; baseline 0.002 -23"><span class='ocrx_word' id='word_1_608' title='bbox 121 3978 324 4047; x_wconf 88' lang='lat' dir='ltr'><strong>patientissime</strong></span> <span class='ocrx_word' id='word_1_609' title='bbox 339 3980 462 4047; x_wconf 85' lang='lat' dir='ltr'><strong>sullerat,</strong></span> <span class='ocrx_word' id='word_1_610' title='bbox 477 3982 513 4034; x_wconf 89' lang='lat' dir='ltr'><strong>ad</strong></span> <span class='ocrx_word' id='word_1_611' title='bbox 528 3981 622 4051; x_wconf 83' lang='lat' dir='ltr'><strong>ignem</strong></span> <span class='ocrx_word' id='word_1_612' title='bbox 642 3981 768 4036; x_wconf 87' lang='lat' dir='ltr'><strong>debitum</strong></span> <span class='ocrx_word' id='word_1_613' title='bbox 790 3999 919 4053; x_wconf 84' lang='lat' dir='ltr'><strong>segrega·</strong></span> <span class='ocrx_word' id='word_1_614' title='bbox 959 3980 1026 4052; x_wconf 91' lang='lat' dir='ltr'><strong>quid</strong></span> <span class='ocrx_word' id='word_1_615' title='bbox 1041 3987 1135 4035; x_wconf 85' lang='lat' dir='ltr'><strong>autem</strong></span> <span class='ocrx_word' id='word_1_616' title='bbox 1149 3981 1233 4035; x_wconf 92' lang='lat' dir='ltr'><strong>homo</strong></span> <span class='ocrx_word' id='word_1_617' title='bbox 1245 3998 1344 4052; x_wconf 87' lang='lat' dir='ltr'><strong>passus</strong></span> <span class='ocrx_word' id='word_1_618' title='bbox 1366 3982 1451 4036; x_wconf 78' lang='lat' dir='ltr'><strong>tiverit</strong></span> <span class='ocrx_word' id='word_1_619' title='bbox 1472 3998 1522 4053; x_wconf 86' lang='lat' dir='ltr'><strong>pro</strong></span> <span class='ocrx_word' id='word_1_620' title='bbox 1544 3981 1655 4036; x_wconf 90' lang='lat' dir='ltr'><strong>nomine</strong></span> <span class='ocrx_word' id='word_1_621' title='bbox 1674 3977 1730 4034; x_wconf 80' lang='lat' dir='ltr'><strong>Chri</strong></span> 
     </span>
     <span class='ocr_line' id='line_1_43' title="bbox 121 4063 1729 4141; baseline 0.002 -24"><span class='ocrx_word' id='word_1_622' title='bbox 121 4063 171 4118; x_wconf 91' lang='lat' dir='ltr'><strong>bit.</strong></span> <span class='ocrx_word' id='word_1_623' title='bbox 188 4066 241 4129; x_wconf 83' lang='lat' dir='ltr'><strong>Qui</strong></span> <span class='ocrx_word' id='word_1_624' title='bbox 266 4072 360 4121; x_wconf 80' lang='lat' dir='ltr'><strong>autem</strong></span> <span class='ocrx_word' id='word_1_625' title='bbox 379 4068 497 4122; x_wconf 89' lang='lat' dir='ltr'><strong>irrident</strong></span> <span class='ocrx_word' id='word_1_626' title='bbox 518 4070 761 4135; x_wconf 80' lang='lat' dir='ltr'><strong>resurrectionem,</strong></span> <span class='ocrx_word' id='word_1_627' title='bbox 786 4075 918 4141; x_wconf 85' lang='lat' dir='ltr'><strong>putantes</strong></span> <span class='ocrx_word' id='word_1_628' title='bbox 959 4070 1005 4137; x_wconf 92' lang='lat' dir='ltr'><strong>sti,</strong></span> <span class='ocrx_word' id='word_1_629' title='bbox 1019 4076 1048 4124; x_wconf 91' lang='lat' dir='ltr'><strong>et</strong></span> <span class='ocrx_word' id='word_1_630' title='bbox 1061 4086 1112 4141; x_wconf 89' lang='lat' dir='ltr'><strong>pro</strong></span> <span class='ocrx_word' id='word_1_631' title='bbox 1135 4087 1183 4141; x_wconf 90' lang='lat' dir='ltr'><strong>spe</strong></span> <span class='ocrx_word' id='word_1_632' title='bbox 1196 4071 1259 4125; x_wconf 76' lang='lat' dir='ltr'><strong>vitae</strong></span> <span class='ocrx_word' id='word_1_633' title='bbox 1286 4074 1397 4125; x_wconf 68' lang='lat' dir='ltr'><strong>veternae</strong></span> <span class='ocrx_word' id='word_1_634' title='bbox 1420 4076 1449 4124; x_wconf 91' lang='grc'><strong>11</strong></span> <span class='ocrx_word' id='word_1_635' title='bbox 1474 4087 1642 4141; x_wconf 86' lang='lat' dir='ltr'><strong>permanens</strong></span> <span class='ocrx_word' id='word_1_636' title='bbox 1654 4069 1729 4124; x_wconf 76' lang='lat' dir='ltr'><strong>alere</strong></span> 
     </span>
     <span class='ocr_line' id='line_1_44' title="bbox 122 4154 1728 4231; baseline 0.001 -23"><span class='ocrx_word' id='word_1_637' title='bbox 122 4154 197 4225; x_wconf 90' lang='lat' dir='ltr'><strong>quod</strong></span> <span class='ocrx_word' id='word_1_638' title='bbox 210 4171 274 4209; x_wconf 90' lang='lat' dir='ltr'><strong>caro</strong></span> <span class='ocrx_word' id='word_1_639' title='bbox 286 4155 340 4208; x_wconf 91' lang='lat' dir='ltr'><strong>ista</strong></span> <span class='ocrx_word' id='word_1_640' title='bbox 365 4157 431 4226; x_wconf 85' lang='lat' dir='ltr'><strong>quia</strong></span> <span class='ocrx_word' id='word_1_641' title='bbox 445 4158 579 4228; x_wconf 89' lang='lat' dir='ltr'><strong>putrescit</strong></span> <span class='ocrx_word' id='word_1_642' title='bbox 593 4175 739 4229; x_wconf 84' lang='lat' dir='ltr'><strong>resurgere</strong></span> <span class='ocrx_word' id='word_1_643' title='bbox 749 4176 804 4214; x_wconf 89' lang='grc'><strong>111</strong></span> <span class='ocrx_word' id='word_1_644' title='bbox 814 4166 915 4231; x_wconf 88' lang='lat' dir='ltr'><strong>potest,</strong></span> <span class='ocrx_word' id='word_1_645' title='bbox 958 4158 1038 4224; x_wconf 89' lang='lat' dir='ltr'><strong>verit,</strong></span> <span class='ocrx_word' id='word_1_646' title='bbox 1054 4161 1145 4229; x_wconf 87' lang='lat' dir='ltr'><strong>maj0r</strong></span> <span class='ocrx_word' id='word_1_647' title='bbox 1159 4158 1184 4213; x_wconf 89' lang='lat' dir='ltr'><strong>ei</strong></span> <span class='ocrx_word' id='word_1_648' title='bbox 1194 4175 1301 4213; x_wconf 86' lang='lat' dir='ltr'><strong>merces</strong></span> <span class='ocrx_word' id='word_1_649' title='bbox 1316 4158 1438 4213; x_wconf 88' lang='lat' dir='ltr'><strong>dabitur.</strong></span> <span class='ocrx_word' id='word_1_650' title='bbox 1446 4158 1526 4224; x_wconf 90' lang='lat' dir='ltr'><strong>Quod</strong></span> <span class='ocrx_word' id='word_1_651' title='bbox 1542 4159 1565 4213; x_wconf 92' lang='lat' dir='ltr'><strong>si</strong></span> <span class='ocrx_word' id='word_1_652' title='bbox 1577 4154 1728 4214; x_wconf 75' lang='lat' dir='ltr'><strong>oesseritde</strong></span> 
     </span>
     <span class='ocr_line' id='line_1_45' title="bbox 122 4242 1726 4320; baseline 0 -23"><span class='ocrx_word' id='word_1_653' title='bbox 122 4243 157 4297; x_wconf 88' lang='lat' dir='ltr'><strong>ad</strong></span> <span class='ocrx_word' id='word_1_654' title='bbox 167 4243 337 4314; x_wconf 82' lang='lat' dir='ltr'><strong>poenasinea</strong></span> <span class='ocrx_word' id='word_1_655' title='bbox 348 4247 531 4302; x_wconf 88' lang='lat' dir='ltr'><strong>resurrecturi</strong></span> <span class='ocrx_word' id='word_1_656' title='bbox 542 4248 833 4313; x_wconf 86' lang='lat' dir='ltr'><strong>sunt,etostendcteis</strong></span> <span class='ocrx_word' id='word_1_657' title='bbox 843 4249 918 4303; x_wconf 85' lang='lat' dir='ltr'><strong>Deus</strong></span> <span class='ocrx_word' id='word_1_658' title='bbox 959 4245 1031 4302; x_wconf 89' lang='lat' dir='ltr'><strong>bolo:</strong></span> <span class='ocrx_word' id='word_1_659' title='bbox 1046 4263 1110 4301; x_wconf 88' lang='lat' dir='ltr'><strong>cum</strong></span> <span class='ocrx_word' id='word_1_660' title='bbox 1125 4247 1172 4301; x_wconf 94' lang='lat' dir='ltr'><strong>illo</strong></span> <span class='ocrx_word' id='word_1_661' title='bbox 1185 4246 1373 4302; x_wconf 85' lang='lat' dir='ltr'><strong>damnabitur.</strong></span> <span class='ocrx_word' id='word_1_662' title='bbox 1388 4247 1442 4302; x_wconf 86' lang='lat' dir='ltr'><strong>Sed</strong></span> <span class='ocrx_word' id='word_1_663' title='bbox 1457 4264 1544 4320; x_wconf 88' lang='lat' dir='ltr'><strong>opera</strong></span> <span class='ocrx_word' id='word_1_664' title='bbox 1560 4242 1726 4303; x_wconf 79' lang='lat' dir='ltr'><strong>misericordie</strong></span> 
     </span>
     <span class='ocr_line' id='line_1_46' title="bbox 121 4331 1725 4434; baseline -0.001 -49"><span class='ocrx_word' id='word_1_665' title='bbox 121 4331 188 4403; x_wconf 90' lang='lat' dir='ltr'><strong>quia</strong></span> <span class='ocrx_word' id='word_1_666' title='bbox 200 4333 248 4403; x_wconf 92' lang='lat' dir='ltr'><strong>qui</strong></span> <span class='ocrx_word' id='word_1_667' title='bbox 263 4333 356 4404; x_wconf 89' lang='lat' dir='ltr'><strong>potuit</strong></span> <span class='ocrx_word' id='word_1_668' title='bbox 378 4334 435 4388; x_wconf 85' lang='lat' dir='ltr'><strong>haec</strong></span> <span class='ocrx_word' id='word_1_669' title='bbox 456 4351 572 4405; x_wconf 87' lang='lat' dir='ltr'><strong>corpora</strong></span> <span class='ocrx_word' id='word_1_670' title='bbox 593 4336 683 4390; x_wconf 82' lang='lat' dir='ltr'><strong>facere</strong></span> <span class='ocrx_word' id='word_1_671' title='bbox 707 4342 857 4407; x_wconf 87' lang='lat' dir='ltr'><strong>antequam</strong></span> <span class='ocrx_word' id='word_1_672' title='bbox 877 4335 1257 4434; x_wconf 74' lang='lat' dir='ltr'><strong>es·Dcu1npiahumilitate</strong></span> <span class='ocrx_word' id='word_1_673' title='bbox 1284 4337 1437 4408; x_wconf 89' lang='lat' dir='ltr'><strong>impetrant</strong></span> <span class='ocrx_word' id='word_1_674' title='bbox 1465 4353 1481 4391; x_wconf 89' lang='lat' dir='ltr'><strong>a</strong></span> <span class='ocrx_word' id='word_1_675' title='bbox 1503 4337 1632 4404; x_wconf 86' lang='lat' dir='ltr'><strong>Domino,</strong></span> <span class='ocrx_word' id='word_1_676' title='bbox 1647 4342 1672 4390; x_wconf 91' lang='lat' dir='ltr'><strong>nt</strong></span> <span class='ocrx_word' id='word_1_677' title='bbox 1686 4345 1725 4386; x_wconf 86' lang='lat' dir='ltr'><strong>non</strong></span> 
     </span>
     <span class='ocr_line' id='line_1_47' title="bbox 123 4423 1724 4500; baseline 0.001 -26"><span class='ocrx_word' id='word_1_678' title='bbox 123 4427 194 4485; x_wconf 89' lang='lat' dir='ltr'><strong>sent,</strong></span> <span class='ocrx_word' id='word_1_679' title='bbox 206 4428 299 4492; x_wconf 88' lang='lat' dir='ltr'><strong>potest</strong></span> <span class='ocrx_word' id='word_1_680' title='bbox 312 4439 346 4477; x_wconf 88' lang='lat' dir='ltr'><strong>ea</strong></span> <span class='ocrx_word' id='word_1_681' title='bbox 359 4423 388 4478; x_wconf 92' lang='lat' dir='ltr'><strong>in</strong></span> <span class='ocrx_word' id='word_1_682' title='bbox 404 4430 547 4479; x_wconf 89' lang='lat' dir='ltr'><strong>momento</strong></span> <span class='ocrx_word' id='word_1_683' title='bbox 562 4426 710 4480; x_wconf 89' lang='lat' dir='ltr'><strong>restituere</strong></span> <span class='ocrx_word' id='word_1_684' title='bbox 725 4426 797 4480; x_wconf 90' lang='lat' dir='ltr'><strong>sicut</strong></span> <span class='ocrx_word' id='word_1_685' title='bbox 817 4431 914 4480; x_wconf 90' lang='lat' dir='ltr'><strong>erant:</strong></span> <span class='ocrx_word' id='word_1_686' title='bbox 959 4424 1104 4495; x_wconf 86' lang='lat' dir='ltr'><strong>permittat</strong></span> <span class='ocrx_word' id='word_1_687' title='bbox 1117 4441 1212 4480; x_wconf 87' lang='lat' dir='ltr'><strong>servos</strong></span> <span class='ocrx_word' id='word_1_688' title='bbox 1226 4442 1291 4481; x_wconf 88' lang='lat' dir='ltr'><strong>suos</strong></span> <span class='ocrx_word' id='word_1_689' title='bbox 1305 4425 1408 4481; x_wconf 89' lang='lat' dir='ltr'><strong>tentari</strong></span> <span class='ocrx_word' id='word_1_690' title='bbox 1422 4426 1573 4498; x_wconf 86' lang='lat' dir='ltr'><strong>plusquam</strong></span> <span class='ocrx_word' id='word_1_691' title='bbox 1587 4427 1724 4500; x_wconf 81' lang='lat' dir='ltr'><strong>possuntsv·</strong></span> 
     </span>
     <span class='ocr_line' id='line_1_48' title="bbox 121 4512 1072 4584; baseline 0.002 -21"><span class='ocrx_word' id='word_1_692' title='bbox 121 4527 218 4564; x_wconf 88' lang='lat' dir='ltr'><strong>omnes</strong></span> <span class='ocrx_word' id='word_1_693' title='bbox 233 4518 328 4565; x_wconf 88' lang='lat' dir='ltr'><strong>autem</strong></span> <span class='ocrx_word' id='word_1_694' title='bbox 351 4513 447 4567; x_wconf 84' lang='lat' dir='ltr'><strong>fideles</strong></span> <span class='ocrx_word' id='word_1_695' title='bbox 463 4516 606 4584; x_wconf 83' lang='lat' dir='ltr'><strong>regnaturi</strong></span> <span class='ocrx_word' id='word_1_696' title='bbox 621 4532 685 4570; x_wconf 91' lang='lat' dir='ltr'><strong>cum</strong></span> <span class='ocrx_word' id='word_1_697' title='bbox 696 4515 806 4569; x_wconf 84' lang='lat' dir='ltr'><strong>Christo</strong></span> <span class='ocrx_word' id='word_1_698' title='bbox 823 4515 863 4568; x_wconf 90' lang='lat' dir='ltr'><strong>ita</strong></span> <span class='ocrx_word' id='word_1_699' title='bbox 873 4531 918 4569; x_wconf 91' lang='lat' dir='ltr'><strong>re·</strong></span> <span class='ocrx_word' id='word_1_700' title='bbox 959 4512 1072 4567; x_wconf 89' lang='lat' dir='ltr'><strong>stincre.</strong></span> 
     </span>
     <span class='ocr_line' id='line_1_49' title="bbox 121 4595 1722 4674; baseline -0.002 -22"><span class='ocrx_word' id='word_1_701' title='bbox 121 4606 238 4668; x_wconf 87' lang='lat' dir='ltr'><strong>surgent</strong></span> <span class='ocrx_word' id='word_1_702' title='bbox 247 4601 275 4653; x_wconf 90' lang='lat' dir='ltr'><strong>in</strong></span> <span class='ocrx_word' id='word_1_703' title='bbox 288 4601 385 4656; x_wconf 88' lang='lat' dir='ltr'><strong>codem</strong></span> <span class='ocrx_word' id='word_1_704' title='bbox 399 4619 525 4674; x_wconf 89' lang='lat' dir='ltr'><strong>corpore,</strong></span> <span class='ocrx_word' id='word_1_705' title='bbox 540 4611 573 4657; x_wconf 91' lang='lat' dir='ltr'><strong>ut</strong></span> <span class='ocrx_word' id='word_1_706' title='bbox 586 4604 671 4658; x_wconf 88' lang='lat' dir='ltr'><strong>etiam</strong></span> <span class='ocrx_word' id='word_1_707' title='bbox 685 4605 851 4658; x_wconf 87' lang='lat' dir='ltr'><strong>commutari</strong></span> <span class='ocrx_word' id='word_1_708' title='bbox 863 4621 919 4659; x_wconf 88' lang='lat' dir='ltr'><strong>me·</strong></span> <span class='ocrx_word' id='word_1_709' title='bbox 994 4601 1068 4655; x_wconf 89' lang='lat' dir='ltr'><strong>Nam</strong></span> <span class='ocrx_word' id='word_1_710' title='bbox 1084 4600 1216 4671; x_wconf 89' lang='lat' dir='ltr'><strong>quoniam</strong></span> <span class='ocrx_word' id='word_1_711' title='bbox 1230 4603 1265 4657; x_wconf 90' lang='lat' dir='ltr'><strong>de</strong></span> <span class='ocrx_word' id='word_1_712' title='bbox 1276 4603 1327 4656; x_wconf 93' lang='lat' dir='ltr'><strong>hoc</strong></span> <span class='ocrx_word' id='word_1_713' title='bbox 1338 4603 1428 4674; x_wconf 87' lang='lat' dir='ltr'><strong>quiad</strong></span> <span class='ocrx_word' id='word_1_714' title='bbox 1439 4604 1525 4659; x_wconf 85' lang='lat' dir='ltr'><strong>fidem</strong></span> <span class='ocrx_word' id='word_1_715' title='bbox 1535 4595 1722 4661; x_wconf 81' lang='lat' dir='ltr'><strong>Christiscvelle</strong></span> 
     </span>
     <span class='ocr_line' id='line_1_50' title="bbox 123 4684 1721 4764; baseline 0.005 -23"><span class='ocrx_word' id='word_1_716' title='bbox 123 4694 238 4743; x_wconf 88' lang='lat' dir='ltr'><strong>reantur</strong></span> <span class='ocrx_word' id='word_1_717' title='bbox 252 4691 288 4744; x_wconf 86' lang='lat' dir='ltr'><strong>ad</strong></span> <span class='ocrx_word' id='word_1_718' title='bbox 302 4690 541 4764; x_wconf 88' lang='lat' dir='ltr'><strong>incorruptionem</strong></span> <span class='ocrx_word' id='word_1_719' title='bbox 560 4693 726 4763; x_wconf 87' lang='lat' dir='ltr'><strong>angelicam,</strong></span> <span class='ocrx_word' id='word_1_720' title='bbox 745 4699 776 4747; x_wconf 92' lang='lat' dir='ltr'><strong>ut</strong></span> <span class='ocrx_word' id='word_1_721' title='bbox 801 4695 919 4749; x_wconf 57' lang='lat' dir='ltr'><strong>hante«</strong></span> <span class='ocrx_word' id='word_1_722' title='bbox 959 4690 1053 4745; x_wconf 79' lang='lat' dir='ltr'><strong>venire</strong></span> <span class='ocrx_word' id='word_1_723' title='bbox 1080 4695 1200 4745; x_wconf 80' lang='lat' dir='ltr'><strong>testatus</strong></span> <span class='ocrx_word' id='word_1_724' title='bbox 1221 4697 1273 4756; x_wconf 83' lang='lat' dir='ltr'><strong>cst,</strong></span> <span class='ocrx_word' id='word_1_725' title='bbox 1304 4693 1445 4761; x_wconf 86' lang='lat' dir='ltr'><strong>quomodo</strong></span> <span class='ocrx_word' id='word_1_726' title='bbox 1477 4693 1642 4750; x_wconf 85' lang='lat' dir='ltr'><strong>imbuendus</strong></span> <span class='ocrx_word' id='word_1_727' title='bbox 1659 4689 1687 4744; x_wconf 80' lang='lat' dir='ltr'><strong>sit</strong></span> <span class='ocrx_word' id='word_1_728' title='bbox 1702 4684 1721 4736; x_wconf 73' lang='lat' dir='ltr'><strong>il</strong></span> 
     </span>
     <span class='ocr_line' id='line_1_51' title="bbox 123 4776 1719 4854; baseline 0.004 -23"><span class='ocrx_word' id='word_1_729' title='bbox 123 4779 218 4849; x_wconf 90' lang='lat' dir='ltr'><strong>quales</strong></span> <span class='ocrx_word' id='word_1_730' title='bbox 233 4780 340 4849; x_wconf 88' lang='lat' dir='ltr'><strong>angelis</strong></span> <span class='ocrx_word' id='word_1_731' title='bbox 350 4781 410 4847; x_wconf 88' lang='lat' dir='ltr'><strong>Dei,</strong></span> <span class='ocrx_word' id='word_1_732' title='bbox 426 4780 496 4836; x_wconf 87' lang='lat' dir='ltr'><strong>sicut</strong></span> <span class='ocrx_word' id='word_1_733' title='bbox 508 4783 644 4837; x_wconf 90' lang='lat' dir='ltr'><strong>Dominus</strong></span> <span class='ocrx_word' id='word_1_734' title='bbox 655 4783 713 4853; x_wconf 90' lang='lat' dir='ltr'><strong>ipse</strong></span> <span class='ocrx_word' id='word_1_735' title='bbox 726 4783 872 4854; x_wconf 88' lang='lat' dir='ltr'><strong>promisit:</strong></span> <span class='ocrx_word' id='word_1_736' title='bbox 890 4788 919 4838; x_wconf 89' lang='lat' dir='ltr'><strong>ct</strong></span> <span class='ocrx_word' id='word_1_737' title='bbox 958 4779 1125 4852; x_wconf 74' lang='lat' dir='ltr'><strong>praecedenti</strong></span> <span class='ocrx_word' id='word_1_738' title='bbox 1141 4796 1279 4847; x_wconf 88' lang='lat' dir='ltr'><strong>sermone,</strong></span> <span class='ocrx_word' id='word_1_739' title='bbox 1295 4780 1344 4848; x_wconf 86' lang='lat' dir='ltr'><strong>ita,</strong></span> <span class='ocrx_word' id='word_1_740' title='bbox 1360 4786 1393 4835; x_wconf 93' lang='lat' dir='ltr'><strong>ut</strong></span> <span class='ocrx_word' id='word_1_741' title='bbox 1406 4797 1479 4848; x_wconf 91' lang='lat' dir='ltr'><strong>reor,</strong></span> <span class='ocrx_word' id='word_1_742' title='bbox 1494 4783 1564 4838; x_wconf 88' lang='lat' dir='ltr'><strong>satis</strong></span> <span class='ocrx_word' id='word_1_743' title='bbox 1583 4783 1674 4837; x_wconf 77' lang='lat' dir='ltr'><strong>daun</strong></span> <span class='ocrx_word' id='word_1_744' title='bbox 1684 4776 1719 4826; x_wconf 65' lang='grc'><strong>151·</strong></span> 
     </span>
     <span class='ocr_line' id='line_1_52' title="bbox 121 4866 1721 4943; baseline -0.001 -21"><span class='ocrx_word' id='word_1_745' title='bbox 121 4868 238 4923; x_wconf 90' lang='lat' dir='ltr'><strong>laudent</strong></span> <span class='ocrx_word' id='word_1_746' title='bbox 253 4884 316 4923; x_wconf 91' lang='lat' dir='ltr'><strong>cum</strong></span> <span class='ocrx_word' id='word_1_747' title='bbox 331 4870 392 4924; x_wconf 90' lang='lat' dir='ltr'><strong>sine</strong></span> <span class='ocrx_word' id='word_1_748' title='bbox 408 4871 502 4941; x_wconf 89' lang='lat' dir='ltr'><strong>aliquo</strong></span> <span class='ocrx_word' id='word_1_749' title='bbox 519 4871 637 4938; x_wconf 80' lang='lat' dir='ltr'><strong>delectu,</strong></span> <span class='ocrx_word' id='word_1_750' title='bbox 654 4878 683 4926; x_wconf 89' lang='grc'><strong>11</strong></span> <span class='ocrx_word' id='word_1_751' title='bbox 697 4872 757 4926; x_wconf 87' lang='lat' dir='ltr'><strong>sine</strong></span> <span class='ocrx_word' id='word_1_752' title='bbox 771 4873 866 4943; x_wconf 90' lang='lat' dir='ltr'><strong>aliquo</strong></span> <span class='ocrx_word' id='word_1_753' title='bbox 880 4873 919 4927; x_wconf 83' lang='lat' dir='ltr'><strong>sa-</strong></span> <span class='ocrx_word' id='word_1_754' title='bbox 960 4868 1040 4923; x_wconf 82' lang='lat' dir='ltr'><strong>Nunc</strong></span> <span class='ocrx_word' id='word_1_755' title='bbox 1055 4868 1193 4940; x_wconf 88' lang='lat' dir='ltr'><strong>quomodo</strong></span> <span class='ocrx_word' id='word_1_756' title='bbox 1209 4869 1268 4940; x_wconf 87' lang='lat' dir='ltr'><strong>ipsc</strong></span> <span class='ocrx_word' id='word_1_757' title='bbox 1290 4869 1326 4923; x_wconf 89' lang='lat' dir='ltr'><strong>ad</strong></span> <span class='ocrx_word' id='word_1_758' title='bbox 1349 4871 1510 4926; x_wconf 89' lang='lat' dir='ltr'><strong>catechismi</strong></span> <span class='ocrx_word' id='word_1_759' title='bbox 1531 4870 1649 4927; x_wconf 88' lang='lat' dir='ltr'><strong>ordinem</strong></span> <span class='ocrx_word' id='word_1_760' title='bbox 1660 4866 1721 4920; x_wconf 62' lang='lat' dir='ltr'><strong>intre</strong></span> 
     </span>
     <span class='ocr_line' id='line_1_53' title="bbox 121 4958 1719 5033; baseline 0.001 -21"><span class='ocrx_word' id='word_1_761' title='bbox 121 4958 205 5012; x_wconf 87' lang='lat' dir='ltr'><strong>stidio</strong></span> <span class='ocrx_word' id='word_1_762' title='bbox 219 4974 330 5029; x_wconf 88' lang='lat' dir='ltr'><strong>semper</strong></span> <span class='ocrx_word' id='word_1_763' title='bbox 341 4958 463 5013; x_wconf 83' lang='lat' dir='ltr'><strong>viventes</strong></span> <span class='ocrx_word' id='word_1_764' title='bbox 478 4977 541 5014; x_wconf 89' lang='lat' dir='ltr'><strong>cum</strong></span> <span class='ocrx_word' id='word_1_765' title='bbox 556 4961 603 5015; x_wconf 93' lang='lat' dir='ltr'><strong>illo</strong></span> <span class='ocrx_word' id='word_1_766' title='bbox 618 4961 695 5015; x_wconf 88' lang='lat' dir='ltr'><strong>etde</strong></span> <span class='ocrx_word' id='word_1_767' title='bbox 716 4961 773 5027; x_wconf 87' lang='lat' dir='ltr'><strong>illo,</strong></span> <span class='ocrx_word' id='word_1_768' title='bbox 789 4978 853 5016; x_wconf 90' lang='lat' dir='ltr'><strong>cum</strong></span> <span class='ocrx_word' id='word_1_769' title='bbox 868 4962 918 5017; x_wconf 86' lang='lat' dir='ltr'><strong>tali</strong></span> <span class='ocrx_word' id='word_1_770' title='bbox 960 4959 1078 5013; x_wconf 88' lang='lat' dir='ltr'><strong>ducatur</strong></span> <span class='ocrx_word' id='word_1_771' title='bbox 1089 4961 1122 5013; x_wconf 93' lang='lat' dir='ltr'><strong>ut</strong></span> <span class='ocrx_word' id='word_1_772' title='bbox 1133 4959 1351 5014; x_wconf 87' lang='lat' dir='ltr'><strong>catechumenus</strong></span> <span class='ocrx_word' id='word_1_773' title='bbox 1366 4961 1424 5025; x_wconf 84' lang='lat' dir='ltr'><strong>fiat,</strong></span> <span class='ocrx_word' id='word_1_774' title='bbox 1441 4966 1470 5015; x_wconf 90' lang='lat' dir='ltr'><strong>ct</strong></span> <span class='ocrx_word' id='word_1_775' title='bbox 1484 4961 1525 5016; x_wconf 90' lang='lat' dir='ltr'><strong>sic</strong></span> <span class='ocrx_word' id='word_1_776' title='bbox 1540 4962 1575 5017; x_wconf 86' lang='lat' dir='ltr'><strong>nd</strong></span> <span class='ocrx_word' id='word_1_777' title='bbox 1586 4959 1719 5033; x_wconf 70' lang='lat' dir='ltr'><strong>septimun</strong></span> 
     </span>
     <span class='ocr_line' id='line_1_54' title="bbox 121 5040 1716 5124; baseline 0.001 -22"><span class='ocrx_word' id='word_1_778' title='bbox 121 5047 224 5117; x_wconf 88' lang='lat' dir='ltr'><strong>gaudio</strong></span> <span class='ocrx_word' id='word_1_779' title='bbox 235 5052 263 5101; x_wconf 92' lang='lat' dir='ltr'><strong>et</strong></span> <span class='ocrx_word' id='word_1_780' title='bbox 275 5046 448 5102; x_wconf 88' lang='lat' dir='ltr'><strong>beatitudine</strong></span> <span class='ocrx_word' id='word_1_781' title='bbox 458 5049 533 5119; x_wconf 87' lang='lat' dir='ltr'><strong>quali</strong></span> <span class='ocrx_word' id='word_1_782' title='bbox 548 5067 599 5103; x_wconf 86' lang='lat' dir='ltr'><strong>nec</strong></span> <span class='ocrx_word' id='word_1_783' title='bbox 607 5050 670 5116; x_wconf 88' lang='lat' dir='ltr'><strong>dici,</strong></span> <span class='ocrx_word' id='word_1_784' title='bbox 688 5067 739 5104; x_wconf 88' lang='lat' dir='ltr'><strong>nec</strong></span> <span class='ocrx_word' id='word_1_785' title='bbox 754 5051 871 5121; x_wconf 88' lang='lat' dir='ltr'><strong>cogitari</strong></span> <span class='ocrx_word' id='word_1_786' title='bbox 882 5050 917 5105; x_wconf 92' lang='lat' dir='ltr'><strong>ab</strong></span> <span class='ocrx_word' id='word_1_787' title='bbox 960 5048 1063 5103; x_wconf 82' lang='lat' dir='ltr'><strong>Christi</strong></span> <span class='ocrx_word' id='word_1_788' title='bbox 1073 5054 1101 5103; x_wconf 91' lang='grc'><strong>11</strong></span> <span class='ocrx_word' id='word_1_789' title='bbox 1115 5054 1291 5104; x_wconf 87' lang='lat' dir='ltr'><strong>sacramenta</strong></span> <span class='ocrx_word' id='word_1_790' title='bbox 1303 5049 1398 5104; x_wconf 88' lang='lat' dir='ltr'><strong>divina</strong></span> <span class='ocrx_word' id='word_1_791' title='bbox 1410 5052 1589 5123; x_wconf 86' lang='lat' dir='ltr'><strong>perpicienda</strong></span> <span class='ocrx_word' id='word_1_792' title='bbox 1601 5040 1716 5124; x_wconf 59' lang='lat' dir='ltr'><strong>penendi</strong></span> 
     </span>
     <span class='ocr_line' id='line_1_55' title="bbox 122 5137 1717 5209; baseline 0 -19"><span class='ocrx_word' id='word_1_793' title='bbox 122 5137 234 5191; x_wconf 89' lang='lat' dir='ltr'><strong>homine</strong></span> <span class='ocrx_word' id='word_1_794' title='bbox 249 5141 349 5208; x_wconf 91' lang='lat' dir='ltr'><strong>potest.</strong></span> <span class='ocrx_word' id='word_1_795' title='bbox 960 5138 1088 5209; x_wconf 85' lang='lat' dir='ltr'><strong>sequenti</strong></span> <span class='ocrx_word' id='word_1_796' title='bbox 1102 5154 1240 5206; x_wconf 88' lang='lat' dir='ltr'><strong>sermone,</strong></span> <span class='ocrx_word' id='word_1_797' title='bbox 1258 5145 1342 5209; x_wconf 90' lang='lat' dir='ltr'><strong>prout</strong></span> <span class='ocrx_word' id='word_1_798' title='bbox 1355 5137 1492 5197; x_wconf 88' lang='lat' dir='ltr'><strong>Dominus</strong></span> <span class='ocrx_word' id='word_1_799' title='bbox 1504 5141 1619 5196; x_wconf 84' lang='lat' dir='ltr'><strong>dederit.</strong></span> <span class='ocrx_word' id='word_1_800' title='bbox 1635 5138 1717 5191; x_wconf 71' lang='lat' dir='ltr'><strong>rlcnssfl·</strong></span> 
     </span>
     <span class='ocr_line' id='line_1_56' title="bbox 157 5226 1121 5300; baseline 0.001 -21"><span class='ocrx_word' id='word_1_801' title='bbox 157 5228 199 5281; x_wconf 88' lang='lat' dir='ltr'><strong>Tu</strong></span> <span class='ocrx_word' id='word_1_802' title='bbox 213 5227 308 5296; x_wconf 85' lang='lat' dir='ltr'><strong>itaquo</strong></span> <span class='ocrx_word' id='word_1_803' title='bbox 326 5227 442 5282; x_wconf 89' lang='lat' dir='ltr'><strong>credens</strong></span> <span class='ocrx_word' id='word_1_804' title='bbox 460 5245 525 5283; x_wconf 85' lang='lat' dir='ltr'><strong>eave</strong></span> <span class='ocrx_word' id='word_1_805' title='bbox 540 5229 719 5296; x_wconf 89' lang='lat' dir='ltr'><strong>tentationes,</strong></span> <span class='ocrx_word' id='word_1_806' title='bbox 740 5230 807 5300; x_wconf 85' lang='lat' dir='ltr'><strong>quia</strong></span> <span class='ocrx_word' id='word_1_807' title='bbox 826 5229 920 5285; x_wconf 90' lang='lat' dir='ltr'><strong>diabo-</strong></span> <span class='ocrx_word' id='word_1_808' title='bbox 961 5226 1121 5284; x_wconf 88' lang='lat' dir='ltr'><strong>strabimus.</strong></span> 
     </span>
     <span class='ocr_line' id='line_1_57' title="bbox 122 5314 920 5391; baseline 0.008 -25"><span class='ocrx_word' id='word_1_809' title='bbox 122 5315 165 5368; x_wconf 87' lang='lat' dir='ltr'><strong>lus</strong></span> <span class='ocrx_word' id='word_1_810' title='bbox 180 5314 337 5384; x_wconf 69' lang='lat' dir='ltr'><strong>‹peveritqui</strong></span> <span class='ocrx_word' id='word_1_811' title='bbox 361 5332 456 5371; x_wconf 91' lang='lat' dir='ltr'><strong>secum</strong></span> <span class='ocrx_word' id='word_1_812' title='bbox 480 5323 617 5390; x_wconf 88' lang='lat' dir='ltr'><strong>pereant:</strong></span> <span class='ocrx_word' id='word_1_813' title='bbox 634 5323 736 5375; x_wconf 88' lang='lat' dir='ltr'><strong>utnon</strong></span> <span class='ocrx_word' id='word_1_814' title='bbox 760 5320 850 5374; x_wconf 90' lang='lat' dir='ltr'><strong>solum</strong></span> <span class='ocrx_word' id='word_1_815' title='bbox 870 5335 920 5391; x_wconf 92' lang='lat' dir='ltr'><strong>per</strong></span> 
     </span>
    </p>
   </div>
   <div class='ocr_carea' id='block_1_3' title="bbox 577 5517 1304 5562">
    <p class='ocr_par' dir='ltr' id='par_1_3' title="bbox 577 5517 1304 5562">
     <span class='ocr_line' id='line_1_58' title="bbox 577 5517 1304 5562; baseline 0.015 -10"><span class='ocrx_word' id='word_1_816' title='bbox 577 5517 1304 5562; x_wconf 44' lang='lat' dir='ltr'><strong>..uam-w—</strong></span> 
     </span>
    </p>
   </div>
   <div class='ocr_carea' id='block_1_4' title="bbox 0 0 1890 6120">
    <p class='ocr_par' dir='ltr' id='par_1_4' title="bbox 0 0 1890 6120">
     <span class='ocr_line' id='line_1_59' title="bbox 0 0 1890 6120; baseline 0 1"><span class='ocrx_word' id='word_1_817' title='bbox 0 0 1890 6120; x_wconf 95' lang='lat' dir='ltr'><strong> </strong></span> 
     </span>
    </p>
   </div>
  </div>
 </body>
</html>
