3772 6120
118 242 168 298 ·293
337 242 626 330 =Eb'ilRRA'l'lONllll
647 247 685 299 ΙΝ
706 246 781 299 ΕΡΡ.
804 246 908 301 PAULI
929 247 996 300 ulo.
1019 246 1092 301 XIV.
1110 247 1190 301 -lN
1212 247 1322 303 EPIST.
1345 249 1369 302 ll
1389 250 1437 302 Ao
1457 249 1537 303 COR.
1707 250 1757 307 tol

119 367 154 419 rit
167 366 204 420 ad
218 366 356 430 litteram,
371 367 444 421 unde
458 368 543 421 etiarn
560 385 623 422 cum
634 368 749 423 sabbato
760 370 916 424 esurientes
926 374 948 430 Α
959 372 1055 425 timuit
1069 372 1171 434 dicem,
1189 389 1237 439 pro
1254 374 1330 425 uobis
1349 374 1477 425 ‹uerre'om
1496 370 1622 428 mortuus
1637 381 1683 427 cst.
1702 376 1758 430 Hoc

116 454 246 525 discipuli
256 456 350 525 spicas
358 456 532 515 evulsissent.
543 458 689 528 respondit
696 457 916 528 indignantibus,
960 468 1002 513 cst
1016 461 1100 525 enim,
1117 467 1302 514 mortuusest.
1315 461 1388 531 quod
1400 461 1589 524 maledictum,
1602 464 1668 533 quia
1684 481 1759 519 mors

117 543 269 597 Dominum
280 561 342 598 esse
354 545 571 600 liliumhominis
580 546 780 600 etiamsebbati
792 550 916 618 (Luem).
960 548 1020 618 ipsu
1035 567 1067 602 ex
1083 550 1231 603 nraledicto
1244 556 1295 603 est.
1310 551 1343 602 Et
1354 549 1533 604 nudedictum
1549 558 1592 603 est
1606 568 1688 606 omne
1698 569 1759 623 pec·

117 634 212 701 ltaque
234 633 284 687 illa
309 634 460 687 carnaliter
480 651 537 689 non
556 635 737 691 observando.
764 637 919 690 carnalium
959 645 1063 703 cotum,
1081 638 1138 693 sive
1154 638 1245 708 ipsum
1264 639 1337 708 (quod
1353 639 1384 691 srt
1399 646 1571 709 utsequetur
1579 640 1757 710 supplicium,

116 722 919 796 conflagraritinridiumetsuscepitquidempoenampro·
960 727 1016 779 sire
1031 728 1123 797 ipsum
1139 727 1316 797 supplicium.
1334 727 1406 797 quod
1417 727 1472 780 alio
1482 728 1565 780 modo
1576 736 1759 800 vocaturpec-

116 810 235 879 positam
252 811 310 864 illis
325 813 373 882 qui
388 829 451 865 eom
467 829 521 866 non
536 812 747 866 observassent:
762 815 810 868 sed
821 823 853 868 ut
861 832 919 867 cre·
960 816 1139 885 ministrmus
1150 818 1224 869 litrx
1240 822 1361 886 peccato.
1380 817 1508 886 Suscepit
1522 824 1615 869 autem
1632 817 1760 888 Christus

115 898 212 952 dentes
225 899 257 952 in
274 917 304 953 se
318 901 383 953 talis
398 917 484 970 poenae
498 901 600 957 timore
615 901 754 964 liberaret,
765 920 819 973 quo
831 904 917 973 pcrti-
960 903 1018 956 sine
1030 912 1108 958 reatu
1119 904 1285 975 supplicium
1299 911 1435 967 nostrum,
1448 912 1479 958 ut
1488 905 1553 958 inde
1567 906 1686 961 solveret
1697 924 1759 961 reu·

117 995 160 1040 nct
172 988 250 1058 quod
266 989 397 1060 adiungit
407 1008 412 1040 :
423 992 547 1044 l'iuu'stus
556 1008 602 1044 nos
612 993 726 1046 redemit
734 994 765 1045 de
775 995 918 1046 rriulrdiclo
961 1000 1021 1047 tum
1037 999 1173 1051 nostrum,
1192 1000 1219 1046 et
1235 993 1328 1046 liniret
1341 994 1425 1047 etium
1437 992 1605 1064 supplicium
1619 1001 1757 1050 nostrum.

118 1080 190 1144 lepis,
201 1079 296 1144 (celiis
303 1095 356 1148 pro
367 1080 444 1132 uobis
455 1082 641 1139 iriolcdictum,
650 1085 859 1150 qm'uscriplum
869 1087 917 1135 cst:
961 1083 1034 1134 Misit
1051 1084 1128 1146 licus,
1138 1081 1243 1152 inquit,
1253 1083 1353 1134 Filium
1365 1099 1445 1134 suum
1463 1085 1493 1134 iu
1504 1085 1690 1138 sicmilitudine
1700 1100 1760 1139 cor-

118 1166 279 1218 Molediclus
294 1171 385 1220 orturis
393 1171 442 1236 qui
454 1170 550 1236 penem
562 1172 590 1221 iu
607 1172 692 1236 lipno,
704 1176 733 1222 ul
746 1174 774 1222 in
793 1171 918 1238 pentibus
961 1173 1004 1222 uis
1013 1174 1114 1238 peccati
1129 1173 1213 1227 (iloni.
1227 1175 1289 1236 rur),
1307 1188 1339 1224 eo
1354 1170 1414 1240 ipso
1431 1187 1485 1240 quo
1496 1171 1624 1224 mortalis
1637 1177 1708 1242 erat,
1725 1172 1760 1227 si·

118 1254 391 1309 benedicuntur-ale
400 1249 475 1322 ficret
486 1260 515 1309 in
528 1258 717 1322 l'luu'stolcsu,
728 1264 759 1312 ut
774 1262 920 1326 reprom-is-
962 1258 1150 1315 militudinem
1175 1258 1295 1312 habebut
1318 1259 1409 1312 carnis
1430 1259 1545 1331 peremi,
1569 1261 1621 1313 hoc
1639 1261 1761 1332 appellat

117 1346 219 1394 sionem
235 1347 353 1410 spiritus
367 1348 535 1412 accipiamus
555 1362 603 1413 prr
617 1348 707 1412 fidem.
730 1347 832 1411 (emb.)
849 1348 919 1400 Cum
960 1346 1045 1400 etiam
1061 1353 1204 1417 peccatum
1220 1355 1423 1418 consequenter
1438 1348 1542 1401 dicens.
1564 1350 1592 1401 lll
1608 1351 1639 1402 dr
1654 1355 1760 1417 peccato

118 1447 198 1485 ncnm
214 1440 328 1500 poterat
341 1433 459 1502 implere
473 1434 574 1504 legem,
586 1435 627 1486 rei
637 1443 718 1488 erunt
728 1453 825 1489 omnes
836 1435 920 1487 rnale·
962 1437 1107 1488 ‹turrinorct
1120 1442 1257 1503 peretum
1277 1440 1304 1490 in
1316 1453 1399 1488 esrrrr
1415 1438 1519 1495 (liniti.
1529 1440 1586 1490 (jur
1600 1454 1666 1506 ergo
1677 1437 1760 1492 time·

117 1520 189 1573 dicto
204 1521 286 1590 legis.
313 1525 345 1573 ut
367 1522 521 1575 vindicaret
543 1522 571 1576 in
597 1540 653 1582 eos,
679 1524 807 1577 Christus
825 1529 920 1578 autem
963 1531 1006 1576 ret
1019 1525 1129 1594 Moyses
1144 1525 1245 1588 dicem,
1263 1526 1444 1578 rualedictum
1459 1527 1532 1595 quod
1548 1527 1652 1580 l’aulus
1662 1544 1717 1581 uon
1728 1527 1762 1583 ti·

118 1609 200 1663 bomo
215 1616 313 1674 natus,
331 1609 441 1664 oblatus
457 1629 474 1663 u
488 1611 571 1665 Patre
579 1628 628 1681 pro
641 1611 729 1676 nobie,
742 1612 862 1666 redemit
870 1628 921 1666 nos
963 1613 1035 1665 muit
1043 1613 1134 1666 dicere
1143 1620 1297 1684 peccatum.
1310 1614 1388 1677 Quod
1399 1620 1493 1666 autem
1505 1613 1633 1667 additum
1644 1621 1695 1679 est,
1706 1632 1762 1668 orir-

117 1696 266 1752 sdiabolo.
276 1699 360 1752 Morti
371 1699 448 1753 enim
458 1700 595 1754 volentem
606 1701 811 1757 oll'erensillum
820 1691 953 1771 probisB
965 1704 1009 1755 nis
1023 1705 1072 1769 qui
1090 1705 1120 1755 io
1135 1705 1209 1768 lipsio
1227 1704 1366 1771 pependit,
1382 1719 1437 1755 non
1453 1719 1521 1756 sune
1540 1704 1649 1772 Moyses
1670 1704 1762 1759 minus

118 1785 162 1856 qui
174 1787 329 1841 maledicto
340 1789 411 1858 legis
423 1794 503 1842 erant
514 1788 635 1842 obnoxii.
649 1790 830 1843 meledictum
842 1790 921 1843 illum
962 1790 1088 1861 praeridit
1098 1790 1183 1844 etiam
1192 1791 1283 1861 Justos
1293 1791 1321 1843 in
1333 1807 1414 1844 cruce
1422 1791 1541 1857 l'uturos,
1549 1791 1597 1844 sed
1610 1791 1679 1844 bene
1690 1809 1761 1862 prce·

119 1875 250 1929 fecithoc
265 1877 359 1937 modo,
380 1877 453 1931 sicut
477 1878 504 1932 in
533 1878 592 1946 loge
617 1879 707 1931 bostis
732 1878 921 1948 propeccatis
960 1879 1031 1932 vidit
1045 1879 1198 1935 haereticos.
1210 1896 1303 1932 reram
1315 1885 1435 1933 mortem
1444 1880 1555 1934 Domini
1567 1887 1764 1948 negaturoset

119 1963 210 2018 oblata
224 1976 373 2035 peccatum
383 1966 606 2037 nuncupabatur,
616 1975 765 2037 propterea
775 1984 824 2037 pro
833 1968 920 2021 male·
963 1968 1024 2020 ideo
1040 1968 1163 2022 uolentes
1176 1968 1211 2021 ab
1223 1968 1274 2022 boc
1286 1968 1434 2022 maledicto
1446 1968 1587 2022 Christum
1603 1970 1761 2039 sejungere,

119 2052 199 2106 dictis
219 2052 342 2113 oblatus,
367 2054 456 2109 sactus
477 2064 519 2109 est
542 2056 731 2115 meledictum,
752 2055 819 2109 dum
841 2056 921 2125 quusi
963 2064 1020 2110 uta
1034 2057 1355 2110 rnortisctiamreritole
1371 2059 1560 2127 sejungerent.
1575 2057 1603 2111 Si
1615 2058 1763 2112 enimccra

119 2152 248 2211 peccator
264 2143 409 2196 occiditur.
429 2144 494 2198 Ideo
509 2161 564 2198 non
579 2143 656 2208 dixit,
674 2144 761 2198 luctus
776 2162 825 2215 pro
842 2144 921 2198 nobis
963 2145 1011 2198 illo
1021 2162 1096 2198 niuis
1105 2163 1159 2199 non
1171 2152 1240 2205 erat,
1251 2146 1359 2199 nullum
1372 2146 1550 2200 maledictum
1558 2145 1669 2199 Christo
1677 2146 1763 2203 cruci·

119 2230 296 2287 maledictus.
318 2232 367 2285 sed
384 2233 573 2302 maledictum.
598 2234 623 2287 ls
643 2233 718 2286 enim
739 2234 785 2304 qui
807 2240 922 2304 propter
963 2235 1016 2286 lixo
1033 2234 1164 2304 pependit
1177 2234 1206 2286 in
1221 2235 1306 2303 ligno,
1323 2233 1390 2303 quia
1405 2251 1455 2287 nec
1470 2251 1532 2286 rere
1544 2234 1691 2288 crucifixus
1702 2240 1761 2288 est:

119 2327 267 2390 peceatum
284 2321 429 2391 proprium
450 2321 533 2375 morti
553 2321 730 2386 offerebatur,
757 2321 921 2376 nudedictus
962 2323 1107 2392 acperlroc
1118 2322 1246 2375 additum
1256 2330 1308 2382 cst,
1321 2325 1421 2387 ornuis,
1434 2339 1468 2374 nr
1481 2322 1608 2375 (lhristus
1619 2322 1654 2374 ad
1668 2339 1762 2376 reram

120 2408 213 2465 tiebat.
231 2409 262 2461 in
277 2410 414 2463 suaenim
426 2426 510 2464 cause
521 2410 701 2481 inoriebatur.
718 2412 753 2464 Et
768 2411 791 2463 si
806 2411 921 2481 propius
962 2418 1084 2465 mortem
1095 2427 1150 2463 non
1162 2411 1301 2480 pertinere
1311 2410 1460 2479 diceretur,
1468 2410 1490 2462 si
1502 2428 1519 2462 a
1529 2410 1677 2464 maledicto
1688 2411 1762 2480 quod

120 2497 249 2568 aspicias,
268 2497 374 2551 ridebis
397 2498 549 2556 Christum.
573 2500 752 2552 maledictum
768 2516 866 2553 eorum
880 2500 921 2553 fu·
964 2500 1048 2553 morti
1059 2501 1239 2569 coniunctum
1251 2498 1449 2568 est,insipienti
1461 2498 1673 2552 honorificentia
1683 2516 1765 2570 sepa-

119 2592 193 2640 rtum
209 2603 228 2639 a
249 2585 353 2657 quibus
369 2587 476 2641 occisus
495 2595 536 2640 est
560 2605 564 2638 :
588 2605 654 2642 crux
675 2588 749 2641 eninr
772 2588 923 2642 Saluitoris
966 2587 1764 2659 1·a1·ctu1·.NumquodquidemnostriminusinScripturis

122 2681 267 2744 peccatum
283 2680 313 2729 et
327 2674 506 2729 maledictum
527 2682 570 2729 est
589 2677 759 2740 Judreorum,
776 2679 842 2744 puio
856 2680 923 2730 scri·
965 2676 1076 2734 eruditi,
1088 2675 1345 2729 sentcntiamistmn
1352 2675 1436 2728 nimis
1447 2677 1587 2736 timentes,
1600 2683 1628 2731 et
1638 2677 1764 2747 Scriptu-

119 2770 198 2830 plum
221 2769 284 2819 est:
305 2765 465 2818 Maledictus
490 2768 578 2818 ursinis
601 2768 649 2833 qui
670 2767 766 2832 pendet
790 2768 817 2817 iu
846 2769 923 2831 liquo
965 2763 1765 2835 rasreteresdebitnpictateapprobantesuonputnntboc

123 2853 208 2906 llleul.
223 2856 297 2917 xxi).
317 2853 374 2906 lloc
390 2853 498 2923 Moyses
514 2853 584 2907 dixit
602 2853 630 2905 in
652 2853 870 2906 Deuteronomio
889 2854 923 2907 de
965 2854 999 2907 de
1014 2855 1071 2906 Deo
1081 2853 1186 2911 dictum
1195 2870 1265 2917 esse,
1276 2853 1324 2905 sed
1334 2852 1368 2905 de
1378 2852 1592 2906 ludotraditore
1603 2855 1673 2924 ejus,
1685 2853 1766 2924 aiunt

123 2941 174 2993 reis
189 2942 309 2994 mortis:
328 2947 360 2994 ut
369 2941 511 2994 sufficeret
519 2942 662 3011 suspensis
672 2941 701 2994 in
712 2942 787 3010 ligno
797 2942 854 2995 illic
863 2958 924 2995 esse
966 2942 1040 2995 enim
1060 2949 1208 3012 propterea
1222 2958 1277 2995 non
1293 2958 1352 2994 esse
1367 2941 1482 3005 dictum,
1501 2943 1659 2996 Maledictus
1674 2945 1765 2996 urriols

122 3030 260 3101 usquead
278 3046 424 3105 vesperem
439 3036 467 3084 et
480 3030 581 3100 deponi
598 3030 632 3082 od
653 3030 836 3099 sepulturam,
858 3006 1013 3100 quiassqui
1030 3030 1126 3101 sigitur
1144 3031 1172 3084 in
1191 3030 1275 3098 liguo,
1293 3030 1342 3083 sed
1360 3033 1410 3099 qui
1428 3032 1526 3098 pendet
1547 3033 1576 3083 iu
1600 3034 1685 3097 liquo,
1701 3030 1766 3099 quio

125 3118 322 3173 nmaledictus
332 3119 433 3188 omnis,
447 3119 547 3189 inquit,
559 3119 606 3188 qui
616 3119 720 3189 pendet
733 3119 761 3172 in
772 3119 857 3187 ligno,
872 3138 882 3169 s
893 3125 924 3172 ut
965 3137 1020 3173 non
1042 3119 1085 3172 hic
1107 3119 1244 3172 Dominus
1264 3119 1437 3188 significatus
1456 3123 1506 3183 est,
1530 3119 1578 3172 sed
1599 3119 1644 3173 ille
1667 3121 1714 3189 qui
1735 3136 1765 3173 se

123 3223 169 3261 reo
182 3207 285 3262 mortis
301 3207 442 3261 sufficeret
454 3209 515 3271 hoc,
536 3207 603 3276 quia
620 3223 773 3278 suspensus
789 3206 924 3260 morieba-
966 3209 1064 3279 laqueo
1087 3207 1241 3278 suspendit,
1267 3207 1351 3262 nimis
1374 3213 1469 3261 ercam
1493 3224 1543 3260 nec
1567 3207 1717 3265 ¹ettendunt
1735 3224 1765 3262 se

123 3305 168 3350 tur
181 3295 212 3351 in
226 3296 316 3366 ligno,
333 3313 367 3350 ne
383 3295 498 3359 diutius,
518 3297 541 3348 si
562 3304 636 3350 esset
654 3313 816 3366 suspensus,
833 3296 924 3367 majus
965 3303 1062 3350 contre
1080 3296 1245 3366 Apostolum
1262 3295 1415 3366 disputare,
1434 3296 1481 3368 qui
1502 3296 1561 3349 ait:
1578 3297 1702 3352 clu-mos
1717 3313 1765 3350 uos

122 3385 237 3439 heberet
251 3385 434 3457 opprobrium
456 3402 531 3440 mors
555 3387 616 3456 ejus
641 3403 725 3456 quam
748 3385 870 3444 deberet,
896 3389 925 3440 ct
965 3388 1079 3439 rcdrurit
1095 3388 1126 3439 dc
1144 3387 1286 3439 irrolcdiclu
1302 3388 1377 3452 lepis,
1389 3388 1479 3452 sociiis·
1492 3401 1542 3453 pro
1558 3386 1633 3438 nobis
1650 3386 1765 3438 ›ricledi-

123 3476 200 3529 lieret
213 3475 328 3528 mocula
341 3474 438 3544 generi
454 3476 524 3545 ejus,
536 3474 560 3528 si
571 3474 691 3544 anrplius
703 3492 779 3529 mors
794 3476 857 3545 ejus
871 3490 923 3544 pu·
966 3480 1040 3528 ctum
1051 3492 1056 3525 :
1067 3474 1133 3543 quia
1141 3474 1276 3544 scriptum
1287 3481 1337 3536 est,
1348 3475 1605 3527 illdldlliclllsollluit
1615 3477 1665 3541 qui
1670 3475 1767 3540 pendet

123 3561 283 3617 blicaretur.
298 3564 337 3616 ilc
347 3579 398 3634 per
413 3563 463 3617 lroc
479 3565 606 3617 Salvator
620 3563 758 3618 innocens
772 3580 925 3634 suspensus
967 3565 996 3615 in
1014 3566 1097 3631 liquo.
1110 3562 1163 3625 Qui
1179 3579 1245 3633 ergo
1259 3578 1308 3632 pro
1325 3561 1405 3615 nobis
1419 3562 1508 3615 lactus
1519 3569 1561 3615 est
1573 3561 1764 3628 maledictum,

124 3650 149 3705 in
160 3651 314 3721 lignomou
325 3659 368 3707 est
378 3652 552 3715 maledictus,
564 3652 803 3706 sedmaledirtum
813 3652 925 3707 illorum
967 3653 1025 3722 ipse
1040 3650 1136 3720 utique
1151 3650 1283 3720 pependit
1299 3650 1328 3704 iu
1344 3650 1428 3718 liguo,
1447 3649 1471 3702 id
1492 3658 1534 3701 est
1556 3650 1693 3706 Christus.
1719 3649 1766 3719 qui

122 3757 138 3793 a
152 3739 256 3810 quibus
270 3757 423 3810 suspensus
437 3749 488 3794 est.
506 3741 648 3805 Quantum
660 3746 755 3795 tamen
766 3741 800 3794 ud
815 3740 925 3794 ludaeos
967 3757 1017 3794 nos
1031 3738 1185 3792 liberorita
1200 3737 1347 3792 ritaledicto
1365 3738 1445 3806 legis,
1462 3745 1493 3790 ut
1512 3753 1567 3791 non
1585 3739 1645 3806 jam
1665 3737 1765 3790 timore

124 3829 255 3897 pertinet,
280 3829 360 3899 quasi
380 3836 554 3899 peccatorem
577 3830 655 3883 illum
676 3830 855 3883 occidendum
878 3827 924 3881 Pi·
965 3824 1433 3898 justilicmemurinoperibuslegis
1446 3844 1451 3876 :
1466 3825 1764 3894 sedlldeepudlleum,

126 3917 178 3973 lato
192 3918 355 3983 offerentes,
372 3918 553 3972 maledictum
568 3919 645 3973 illum
657 3920 792 3981 lecerunt,
804 3927 836 3973 ut
846 3916 925 3988 quasi
967 3933 1028 3987 qum
1038 3932 1093 3968 non
1105 3932 1154 3984 per
1164 3914 1304 3975 timorem,
1317 3914 1365 3966 sed
1377 3913 1613 3982 perdilectionem
1623 3917 1765 3983 operatur.

126 4021 188 4059 reus
200 4006 379 4061 occideretur
394 4024 457 4063 cum
479 4013 552 4060 esset
573 4008 714 4071 innocens,
737 4005 803 4077 quia
822 4006 925 4077 dignus
967 4004 1087 4075 Spiritus
1108 4003 1184 4056 cuim
1206 4008 1318 4055 sanctus
1337 4001 1384 4071 qui
1406 4002 1456 4055 boc
1476 4018 1526 4072 per
1547 4003 1661 4072 Moysen
1682 4000 1762 4067 dixit,

127 4100 215 4150 morte
229 4095 398 4149 maledictus
413 4101 456 4149 est
469 4096 550 4165 juxte
570 4096 671 4165 legem.
692 4095 826 4149 Videntes
849 4096 924 4162 euim
967 4099 1116 4162 utrumque
1130 4091 1258 4160 providit,
1276 4096 1349 4144 utet
1364 4090 1465 4144 timore
1482 4089 1599 4144 risibilis
1614 4107 1701 4162 pmnae
1717 4107 1765 4144 cu·

128 4185 229 4239 multos
245 4184 393 4255 aggregari
403 4184 536 4240 doctrinm
547 4185 616 4255 eius,
624 4183 705 4239 zelati
711 4189 777 4237 sunt
784 4183 922 4238 dicentes:
966 4181 1139 4235 stodirentur
1149 4180 1196 4250 qui
1207 4180 1333 4234 nondum
1344 4184 1514 4250 poterantex
1525 4178 1705 4234 invisibilium
1714 4180 1768 4234 lide

128 4274 188 4328 ὅσοι
197 4278 272 4328 totus
289 4273 410 4326 :ireneus
420 4273 552 4341 obiitpost
565 4277 647 4328 illum
661 4275 750 4338 (locri.
764 4281 820 4337 ru),
832 4288 864 4325 ac
877 4282 958 4344 perp
968 4270 1058 4323 virere
1074 4289 1079 4322 :
1097 4275 1125 4323 et
1139 4269 1198 4340 ipse
1213 4269 1343 4323 timorem
1359 4268 1443 4322 istum
1458 4269 1578 4322 solveret
1591 4268 1768 4340 suscipiendo

128 4361 186 4416 boc.
203 4377 256 4432 pro
270 4359 352 4422 nobis
362 4360 468 4414 occisus
482 4361 593 4425 dicitur,
609 4369 637 4414 et
650 4360 753 4432 duplici
762 4377 865 4431 genere
877 4377 926 4430 pro
969 4359 1042 4428 quod
1057 4359 1220 4424 timebatur,
1244 4359 1291 4428 qui
1313 4357 1413 4411 timore
1434 4356 1553 4422 subluto,
1576 4357 1679 4409 donum
1701 4358 1769 4410 dare

129 4449 509 4520 nobisCumnutemputant
520 4450 599 4504 illum
611 4449 697 4503 occidi
708 4448 810 4508 debere
828 4466 862 4508 ne
877 4450 927 4503 do·
969 4453 1078 4518 poterut
1093 4447 1247 4501 charitatis
1265 4449 1322 4499 Nec
1338 4445 1367 4499 in
1387 4446 1438 4498 hoc
1458 4445 1531 4516 quod
1548 4444 1711 4498 uudedictus
1726 4451 1770 4500 est

129 4546 211 4607 cerel,
222 4539 297 4602 nihil
306 4539 492 4611 profecerunt,
504 4538 571 4610 quia
581 4542 609 4601 et
618 4537 745 4593 doctrina
759 4539 820 4609 eius
832 4537 926 4602 creuit,
969 4536 1134 4609 appellatus.
1151 4536 1199 4606 qui
1213 4535 1316 4606 pendet
1325 4535 1353 4587 in
1365 4534 1449 4602 ligno,
1460 4540 1542 4585 contu
1548 4532 1630 4585 melia
1639 4532 1667 4586 in
1678 4533 1768 4589 Deum

130 4635 156 4683 et
170 4633 292 4683 mortem
314 4628 458 4692 evacuavit
477 4627 507 4681 in
526 4626 654 4697 passione
673 4643 732 4680 sun.
752 4627 928 4680 Descendens
970 4624 1095 4693 putanda
1110 4629 1170 4685 est;
1186 4640 1218 4674 ex
1234 4626 1314 4692 perte
1335 4621 1437 4691 quippe
1458 4618 1570 4673 mortedi
1589 4620 1721 4690 pependit
1739 4621 1768 4677 in

130 4717 202 4777 enim
216 4717 368 4772 adinleros
378 4732 467 4786 genus
478 4714 767 4777 hominumliberevit,
780 4731 929 4785 quaecum
970 4712 1045 4781 ligno
1062 4730 1067 4762 :
1083 4711 1240 4765 mortalitas
1255 4715 1349 4762 rentem
1366 4708 1439 4764 unde
1459 4707 1505 4769 sit,
1529 4715 1627 4762 notum
1647 4718 1689 4764 est
1707 4727 1769 4764 cre·

131 4813 157 4859 et
167 4805 256 4861 occidi
265 4821 296 4859 se
307 4804 445 4876 permisit,
457 4804 549 4857 sciens
559 4820 609 4875 pro
621 4802 701 4856 nobis
715 4820 776 4856 esse
791 4809 819 4857 et
831 4807 929 4857 contre
969 4799 1108 4866 dentibus
1117 4816 1149 4852 ex
1161 4815 1243 4869 prena
1253 4797 1355 4868 quippe
1366 4803 1418 4863 est,
1426 4799 1654 4854 etmaledictione
1662 4799 1770 4870 peccati

131 4892 677 4962 diabolumddup.)lllenegethristum
686 4889 928 4962 maledictum,qui
969 4888 1052 4959 primi
1067 4887 1188 4941 hominis
1208 4905 1212 4938 :
1232 4903 1315 4956 quom
1325 4886 1462 4940 Dominus
1471 4888 1603 4957 suscepit,
1619 4896 1647 4942 et
1656 4886 1771 4958 peccato.

129 4990 210 5053 negat
225 4989 255 5036 et
270 4983 426 5045 mortuum,
441 4982 488 5053 qui
503 4987 598 5035 eutem
614 4981 762 5035 confitetur
774 4985 926 5042 mortuum,
969 4985 1065 5033 nostra
1079 4975 1195 5047 pertulit
1209 4975 1238 5028 in
1249 4992 1364 5045 corpore
1375 4993 1424 5030 suo
1439 4992 1523 5046 super
1533 4976 1650 5045 liguum.
1663 4977 1692 5031 Si
1703 4993 1770 5048 ergo

129 5087 230 5141 negare
240 5087 298 5126 non
308 5077 401 5141 potest
409 5077 529 5125 mortem
539 5070 574 5124 de
582 5074 695 5140 peccato
705 5086 774 5132 esse,
792 5075 821 5123 et
832 5068 867 5122 oh
877 5069 928 5122 hoc
969 5066 1116 5130 diceretur,
1133 5081 1208 5118 mors
1224 5064 1372 5119 maledicte
1386 5072 1437 5124 est,
1455 5082 1537 5118 nemo
1551 5065 1768 5140 exhorresceret,

128 5160 318 5231 mamimum
327 5168 472 5232 peccatum
483 5159 584 5222 vocari,
595 5158 694 5213 audiat
710 5159 802 5229 ipsum
813 5159 929 5226 Aposto·
970 5155 1036 5226 quid
1051 5158 1146 5209 eutem
1161 5153 1215 5207 nisi
1230 5169 1305 5207 mors
1317 5153 1428 5206 Domini
1444 5152 1577 5223 pependit
1593 5152 1621 5205 in
1635 5152 1722 5222 ligno,
1738 5159 1771 5209 ut

130 5249 185 5305 lum
195 5249 348 5313 dicentem,
359 5252 425 5318 quio
436 5253 510 5302 retus
521 5249 599 5301 borno
611 5250 796 5301 nostcrsimul
807 5262 871 5300 curn
881 5248 928 5298 illo
970 5249 1089 5296 mortem
1105 5241 1250 5296 moriendo
1266 5243 1429 5312 superaret?
1451 5241 1553 5294 Eadem
1576 5241 1662 5311 igitur
1684 5243 1770 5298 male·

129 5341 278 5406 rrum‘fixns
293 5344 330 5392 est
350 5339 435 5406 (dorii.
452 5340 496 5404 vil,
512 5343 541 5390 et
556 5336 695 5405 intelliget
710 5351 793 5406 quem
811 5333 928 5388 maledi·
970 5331 1044 5384 dicta
1055 5329 1195 5400 quaevicta
1205 5330 1374 5389 estltemsi
1385 5329 1534 5394 diceretur,
1549 5337 1692 5398 peccalum
1709 5348 1769 5386 me·

129 5435 202 5485 etism
213 5429 327 5499 Moyses
341 5426 452 5482 dixerit.
471 5427 591 5497 Ideoque
602 5430 714 5479 secutus
724 5424 874 5496 Apostolus
890 5422 930 5478 ait
971 5420 1104 5474 ledictum
1118 5424 1170 5481 est,
1186 5435 1242 5473 non
1258 5419 1422 5484 miraretur-3
1443 5418 1510 5487 quid
1525 5424 1620 5472 autem
1637 5421 1771 5489 pependit

130 5517 163 5571 de
177 5517 302 5583 Christo,
319 5519 408 5584 soclus
420 5534 471 5586 pro
486 5518 561 5569 rio-'ns
579 5516 754 5569 uudcdr'clum
767 5533 773 5565 :
786 5512 857 5583 sicut
873 5527 929 5584 non
973 5511 1001 5563 in
1016 5509 1101 5581 ligno.
1119 5507 1172 5563 nisi
1189 5512 1332 5578 peccatum
1349 5506 1449 5562 recens
1469 5507 1600 5578 hominis,
1622 5508 1695 5578 quod
1713 5508 1770 5576 Do-
