3772 6120
118 208 195 311 'litt
417 247 449 305 s.
470 246 606 305 marm
631 244 748 304 usum
765 242 933 301 sacmm.
954 241 1116 303 uocum.
1138 245 1287 304 ornans
1304 245 1398 303 raas
1416 247 1469 305 m.
1697 247 1762 308 raes

120 376 181 449 lam
196 374 329 429 serentur
340 346 447 439 nbtarn,
459 370 508 426 sed
522 388 585 429 curn
596 370 830 444 fiduciaquadam
841 371 1107 449 qussiAconspicit,
1123 374 1170 431 sed
1186 379 1282 431 nmen
1305 375 1378 431 hanc
1399 376 1590 448 praeveniente
1611 377 1705 450 gratia
1727 378 1761 433 ad

121 463 215 521 alisna
224 462 266 519 ita
278 460 393 535 propria
404 461 588 534 pronuntiant
597 463 682 518 mala.
693 462 732 517 'l'e
742 468 836 517 autern
851 460 931 516 nihil.
961 464 1155 538 penitentiam
1171 464 1287 520 emollit.
1305 464 1409 537 Calpas
1423 472 1537 521 nostras
1551 466 1629 523 Deus
1650 483 1762 523 enume-

122 553 225 610 horum
249 551 340 608 iacere
363 552 434 618 volo,
461 568 552 623 nequo
567 550 762 624 desperatione
786 551 822 605 ad
836 552 921 605 consr-
961 558 1015 620 rat,
1031 571 1095 608 cum
1111 555 1245 627 nosipsos
1256 553 1291 608 ad
1304 552 1487 627 singulaque¹
1501 555 1622 611 fecimus
1637 556 1764 611 deflenda

119 642 238 703 tendum
249 640 353 709 venire,
368 639 417 695 scd
428 655 492 694 curn
504 656 553 712 spe
568 640 641 695 bona
657 645 686 694 et
700 638 919 711 presumptione
962 642 1108 710 convertit,
1125 660 1195 715 quas
1210 642 1431 698 misericorditer
1443 644 1562 710 relaxat,
1574 645 1643 716 quia
1657 645 1762 701 eadum

121 730 313 803 indulgentiae,
334 727 538 801 desperationis
557 728 650 784 radice
677 728 789 800 penitus
804 727 896 783 excisa
913 745 919 783 :
962 746 1013 786 nos
1028 731 1160 804 punimus
1174 733 1234 804 ipse
1246 748 1425 804 nequaquam
1441 733 1470 786 in
1485 738 1616 788 extremo
1640 734 1764 791 examine

122 822 203 880 radix
226 825 269 875 cst
289 817 365 874 enirn
388 817 592 889 desperationis
616 816 737 889 ignaria,
753 832 810 872 non
829 817 921 872 solum
959 820 1077 891 judicat,
1095 821 1182 875 Paulo
1198 826 1360 886 attestante,
1374 821 1483 893 quiait:
1502 840 1516 874 a
1533 822 1631 877 Sinos
1646 829 1765 881 nosmet·

123 909 256 969 radixsed
267 907 361 962 nutrix
369 908 430 977 ejus
444 911 474 961 et
487 911 587 961 mater.
606 906 680 961 Nam
690 905 763 960 sicut
776 905 860 959 restis
874 920 922 975 gc·
962 909 1037 983 ipsos
1051 909 1280 980 dijudicaremus,
1296 927 1352 965 non
1380 911 1477 982 utiquc
1498 910 1762 982 dijudicaremur.»

122 1003 205 1058 neret
216 998 308 1053 tineas
322 1001 351 1050 et
364 994 463 1062 nutrit,
478 994 519 1050 ita
539 1000 567 1049 et
581 992 692 1066 maaria
705 1010 762 1049 non
777 995 868 1049 solum
880 992 922 1064 gi·
962 999 1042 1064 Quod
1053 999 1175 1054 exterius
1188 999 1298 1071 agimus
1314 1000 1367 1054 nisi
1380 1000 1548 1072 poenitentia
1560 1000 1763 1057 interveniente

122 1088 186 1163 gnit
198 1084 433 1160 desperationem,
450 1083 499 1140 sed
514 1089 543 1139 et
565 1083 616 1138 alit
629 1088 659 1139 et
672 1082 756 1151 soret,
773 1099 806 1139 ex
820 1084 922 1137 mmet·
961 1084 1112 1155 diluamus,
1126 1087 1154 1142 in
1164 1094 1271 1143 secreto
1279 1088 1449 1159 judiciorum
1464 1088 1579 1145 Deisub
1590 1091 1762 1161 quadanoc-

122 1176 193 1252 ipsis
201 1176 293 1249 igitur
301 1174 465 1229 animantur
478 1172 538 1228 haec
550 1172 658 1246 pariter
673 1176 702 1227 et
715 1177 878 1243 augescunt,
894 1177 924 1226 et
963 1177 1114 1232 cultatione
1130 1182 1267 1244 servatur,
1283 1182 1315 1233 ut
1331 1178 1500 1250 quandoque
1515 1179 1606 1234 etiam
1621 1179 1657 1234 de
1675 1179 1762 1251 sigillo

122 1266 280 1324 sialtcrarn
300 1263 363 1336 quis
384 1263 486 1318 harum
501 1260 637 1330 abscidat,
653 1261 744 1318 altera
757 1260 818 1316 sins
837 1259 922 1317 dubio
962 1265 1062 1321 secreti
1082 1273 1162 1321 exeat
1176 1266 1212 1320 ad
1225 1266 1368 1340 publicum
1379 1267 1537 1337 judicium3
1554 1284 1623 1323 curn
1639 1284 1704 1323 sero
1716 1286 1762 1341 pro

121 1355 240 1414 interitu
254 1353 411 1428 perimetur
424 1351 549 1419 alterius,
562 1357 617 1407 etc.
962 1355 1045 1411 malis
1058 1372 1120 1428 quse
1135 1355 1252 1410 lecimus
1265 1355 1420 1427 disciplinae
1434 1357 1548 1428 flagello
1564 1357 1726 1424 atterimur,
1735 1364 1762 1415 et

468 1498 473 1509 ,
549 1496 554 1508 ,
647 1495 652 1508 ,
717 1496 722 1506 ,
962 1445 1021 1501 hec
1049 1460 1080 1500 er
1105 1443 1426 1500 renitentiamdetlcmus
1445 1445 1486 1501 ini
1507 1446 1677 1502 uitatemno

178 1500 244 1557 ω’·
255 1497 329 1554 m·
341 1526 374 1539 ““
390 1496 516 1565 owl'm
528 1499 565 1549 m
576 1498 739 1564 mmmm
748 1493 867 1562 wem
962 1459 1056 1604 alpib:
1070 1460 1201 1601 cicuras,
1218 1533 1284 1606 quia
1302 1550 1353 1589 nec
1367 1486 1457 1589 inulta
1475 1463 1522 1590 hic
1536 1534 1656 1604 deserit,
1672 1452 1761 1593 m

159 1623 258 1682 Omnis
274 1626 404 1696 peccator
418 1619 447 1675 in
458 1619 624 1693 penitentia
633 1618 750 1691 duplum
760 1616 863 1672 babere
875 1632 923 1687 gc·
959 1623 1066 1693 judicio
1083 1622 1225 1695 punienda
1239 1628 1340 1689 serrat,
1355 1624 1450 1694 rigarat
1458 1624 1535 1680 Deus
1548 1624 1656 1680 delicta
1670 1632 1762 1683 nossa

123 1714 226 1772 mitum
234 1711 328 1779 debet,
344 1709 478 1766 nimirum
487 1708 590 1782 quiaet
598 1707 703 1763 bonum
713 1706 787 1778 quod
797 1704 923 1778 oportuit
931 1690 1028 1785 quia
1040 1711 1084 1766 bic
1096 1728 1130 1767 ca
1140 1710 1281 1768 subtiliter
1293 1712 1422 1780 attendit,
1439 1719 1472 1768 ut
1484 1712 1585 1783 seriat;
1601 1721 1685 1771 curat
1700 1731 1760 1773 reto

124 1816 182 1862 non
194 1802 269 1869 lecit,
285 1806 314 1857 et
328 1799 435 1855 malum
456 1797 530 1870 quod
544 1812 600 1853 non
615 1795 741 1870 oportuit
752 1794 836 1864 secit3
857 1810 920 1850 cum
962 1800 1027 1872 quia
1041 1800 1099 1856 hac
1114 1817 1164 1872 per
1174 1801 1315 1872 flagellum
1326 1800 1452 1856 funditus
1466 1801 1588 1857 relaxat.
1600 1802 1706 1859 Beatus
1714 1802 1760 1861 lob

123 1893 160 1950 sd
175 1892 249 1948 bona
261 1906 348 1963 opera
361 1903 417 1945 non
428 1886 619 1959 adjungimus,
635 1902 748 1942 neccsse
758 1889 801 1940 est
814 1889 847 1938 ut
860 1899 922 1939 nos·
962 1887 1078 1944 humani
1092 1889 1204 1959 generis
1213 1905 1359 1944 assumens
1370 1905 1520 1960 personam
1530 1890 1619 1945 dicit:
1639 1910 1651 1942 r
1669 1892 1763 1964 Signa·

124 1981 258 2055 metipsos
276 1977 426 2050 dupliciter
436 1975 601 2041 defleamus,
618 1975 666 2047 qui
680 1980 710 2029 et
723 1980 800 2029 recta
813 1989 870 2029 non
883 1971 922 2028 fe·
962 1976 1000 2032 sti
1016 1977 1095 2049 quasi
1110 1977 1139 2032 in
1153 1979 1264 2034 sacculo
1280 1978 1381 2033 delicta
1395 1995 1457 2034 rnen
1482 1981 1509 2047 (l
1526 1980 1593 2035 Cor.
1621 1997 1661 2045 ιιι,
1683 1979 1762 2049 ea..

125 2072 344 2140 cimusetprara
354 2065 462 2139 operati
476 2081 583 2121 sumus.
600 2064 654 2119 Per
668 2062 782 2118 beatum
796 2062 922 2135 Moysem
963 2065 1082 2120 Peccata
1096 2072 1192 2122 nostra
1204 2067 1285 2138 quasi
1294 2067 1323 2121 in
1333 2069 1443 2124 sacculo
1453 2067 1617 2139 signantur,
1626 2086 1691 2124 cum
1697 2071 1765 2126 mals

125 2176 199 2220 unus
221 2163 319 2215 turtur
334 2172 385 2229 pro
399 2158 521 2227 peccato,
537 2154 610 2209 alter
624 2169 689 2208 sero
703 2152 795 2208 odoini
805 2152 835 2206 in
846 2151 924 2207 lrolo·
965 2172 1027 2227 quan
1041 2155 1166 2220 fecimus,
1178 2156 1297 2211 sollicito
1307 2157 1507 2228 sempercorde
1517 2174 1689 2229 pensamus:
1701 2158 1760 2231 quid

124 2254 253 2305 caustum
263 2246 380 2319 jubetur
392 2244 586 2299 holocaustum
597 2258 719 2316 namque
729 2247 820 2297 toturn
831 2242 924 2298 incen-
966 2260 1088 2316 namque
1102 2249 1147 2299 est
1158 2245 1342 2312 corhominis,
1356 2245 1408 2300 nisi
1424 2247 1555 2302 sacculus
1563 2247 1635 2302 Dei?
1647 2247 1695 2303 ubi
1704 2247 1763 2303 du

124 2354 189 2395 sum
204 2337 317 2392 dicitur.
342 2334 436 2391 Unum
451 2349 518 2403 crgo
533 2338 675 2387 turturem
690 2348 740 2403 pro
755 2335 868 2403 peccato
884 2329 922 2385 of·
964 2332 1088 2388 studiose
1103 2333 1289 2406 conspicimus
1302 2351 1352 2406 per
1369 2340 1476 2405 quante
1498 2334 1687 2408 deliquimus,
1705 2352 1762 2409 pec·

126 2427 251 2491 ierimus,
268 2440 331 2481 cum
346 2440 398 2495 pro
413 2423 496 2496 culpa
503 2421 641 2491 gemitum
655 2420 770 2475 damus:
786 2419 821 2474 de
834 2419 924 2474 albero
965 2427 1028 2478 caus
1042 2428 1140 2478 nostra
1154 2423 1233 2494 quusi
1248 2423 1277 2478 in
1293 2423 1342 2478 Dei
1352 2425 1463 2479 sacculo
1478 2424 1595 2496 signata
1613 2431 1759 2498 portamus,

21 2499 24 2505 ²
126 2513 320 2572 holocaustum
335 2511 461 2579 facimus,
486 2528 550 2567 curn
564 2522 615 2582 pro
639 2525 682 2575 eo,
699 2508 774 2580 quod
787 2507 861 2562 bona
874 2523 924 2563 ne·
966 2510 1033 2583 quia
1046 2511 1143 2582 culpas
1159 2528 1229 2584 quos
1250 2528 1301 2567 nos
1324 2512 1460 2568 intuendo
1483 2519 1513 2568 et
1537 2514 1704 2585 poenitendo
1722 2530 1760 2571 co-

123 2602 266 2676 gligimus,
278 2599 463 2671 nosmetipsos
472 2598 600 2655 funditus
611 2597 795 2653 accendentes
804 2597 868 2668 igne
877 2596 923 2651 do·
965 2600 1134 2672 gnoscimus,
1150 2601 1214 2672 plus
1228 2601 1310 2656 nobis
1321 2601 1450 2656 conditor
1463 2603 1575 2659 relaxat
1589 2622 1595 2657 :
1612 2610 1689 2659 recte
1709 2610 1760 2676 post

125 2692 194 2750 ioris
209 2691 349 2746 ardemus.
358 2690 461 2744 Beatus
472 2688 486 2744 J
489 2688 524 2743 ob
537 2691 602 2761 post
614 2685 725 2758 flagella
739 2686 887 2758 proficiens
897 2689 926 2740 et
966 2688 1076 2759 signata
1089 2688 1118 2744 in
1133 2690 1243 2745 sacculo
1258 2690 1359 2745 delicte
1374 2690 1516 2746 dicuntur.
1536 2692 1593 2747 Sed
1612 2710 1697 2748 curas
1714 2692 1759 2747 ini·

125 2780 303 2852 asemetipso
309 2778 339 2833 in
346 2792 449 2849 magna
455 2776 653 2847 redargutione
661 2773 922 2841 dissentiensdicit:
967 2777 1104 2850 quitatem
1111 2794 1213 2843 meam,
1224 2795 1257 2832 ac
1265 2777 1393 2849 siapcrte
1405 2779 1482 2833 dicat
1492 2779 1569 2851 quod
1580 2780 1667 2836 modo
1674 2781 1757 2852 signas

128 2890 142 2924 c
159 2868 265 2927 Idcirco
278 2868 339 2939 ipse
355 2884 400 2922 me
414 2866 588 2940 reprehendo
608 2869 637 2920 et
659 2880 712 2936 ago
731 2863 925 2936 penitentiam
966 2873 999 2922 ut
1012 2866 1173 2938 poenitendo
1187 2866 1307 2932 videam,
1322 2866 1381 2938 agis
1395 2868 1584 2939 proculdubio
1598 2886 1636 2924 ne
1649 2870 1678 2925 in
1692 2869 1759 2925 ratri

126 2958 156 3015 m
169 2958 264 3013 favilla
278 2956 412 3012 oscinere
438 2956 504 3027 (aas.
522 2968 587 3021 xes,
603 2952 642 3023 e).
669 2953 729 3009 »In
743 2951 837 3007 savara
850 2950 925 3008 enim
967 2955 1082 3013 aunone
1097 2942 1235 3012 vidntur.

127 3042 927 3142 etcinerepoenitentiomageroest-contemplatasurnma
967 3099 989 3155 c
1050 3099 1127 3156 XXII
1151 3128 1184 3140 -
1254 3098 1285 3154 d,
1389 3102 1394 3112 ,
1424 3100 1455 3155 bo

126 3134 258 3203 essentia,
274 3135 346 3191 nihil
366 3132 443 3189 aliud
462 3148 548 3205 quam
563 3130 685 3186 favillam
701 3148 731 3185 se
744 3146 926 3204 cineremque
990 3117 1033 3154 Μ’·
1132 3140 1138 3153 ·
1203 3101 1240 3156 ⁰⁶
1274 3101 1412 3168 'fimum'
1457 3116 1562 3155 'mrum
1575 3106 1600 3156 θ’
1616 3105 1753 3157 mamm·

125 3240 303 3298 cognoscere.
321 3225 354 3280 ln
368 3221 456 3277 cilicio
470 3220 617 3293 asperitas,
631 3224 660 3275 ct
669 3218 848 3291 compunctio
862 3235 925 3292 pec·
1003 3224 1081 3294 Saepe
1095 3240 1162 3294 ergo
1177 3222 1280 3277 accidit
1291 3227 1325 3278 ut
1333 3239 1383 3294 per
1398 3224 1596 3294 paenitentiam
1613 3224 1677 3297 quis
1683 3224 1757 3279 muln

126 3317 263 3376 catorum,
292 3308 320 3364 in
350 3307 443 3363 cinere
465 3311 560 3363 nutem
575 3305 664 3379 pulvis
680 3304 838 3360 ostenditur
852 3320 926 3359 mor·
968 3315 997 3365 et
1011 3327 1114 3382 magna
1127 3311 1259 3383 corrigat,
1275 3311 1329 3366 iter
1343 3311 1402 3365 lraec
1415 3316 1511 3365 tamen
1526 3312 1612 3379 bona,
1638 3329 1697 3384 quae
1715 3327 1755 3384 per

120 3406 252 3468 'tuorum
264 3404 294 3455 et
311 3398 414 3454 idcirco
439 3402 591 3467 utrumque
601 3393 727 3449 adhiberi
742 3394 778 3448 ad
790 3392 927 3466 poeniten·
968 3399 1162 3473 penitentiam
1176 3400 1306 3466 correxit,
1318 3400 1403 3454 etiam
1412 3407 1528 3470 peecata
1540 3402 1755 3469 commiserit3at

124 3488 196 3547 tiam
208 3489 289 3557 solet,
303 3492 336 3544 ut
349 3487 378 3543 in
391 3484 606 3558 compunctione
622 3482 705 3538 cilicil
726 3498 927 3554 cognoscamus
968 3488 1021 3542 hoe
1032 3493 1076 3543 est
1089 3488 1163 3559 quod
1175 3487 1296 3543 maxime
1305 3487 1532 3558 desperationem
1543 3489 1641 3543 animo
1655 3488 1754 3553 inducit,

128 3578 195 3654 quid
207 3578 378 3651 perculpam
402 3573 564 3643 fecimusct
579 3572 730 3644 inssvgcllo
746 3571 848 3626 cineris
861 3587 927 3643 per·
970 3577 1036 3649 quie
1048 3577 1158 3633 ridetur
1174 3576 1227 3632 sibi
1246 3576 1417 3631 destruxisse
1442 3577 1516 3647 quod
1536 3578 1754 3634 aedificavemtet

127 3669 284 3745 pendamus
303 3665 371 3738 quid
385 3681 436 3737 per
446 3656 660 3736 iudicium'sacti
674 3677 773 3717 sumus
785 3680 792 3715 ε
803 3659 928 3716 conside·
968 3682 1066 3722 omnes
1081 3666 1144 3722 illos
1156 3665 1265 3721 labores
1282 3665 1404 3720 inaniter
1425 3666 1556 3721 eliudisse
1571 3686 1578 3733 ;
1604 3673 1634 3723 et
1653 3667 1707 3722 bac
1720 3670 1753 3721 est

127 3762 208 3815 retur
222 3772 289 3829 ergo
302 3756 333 3811 in
347 3755 442 3810 cinere
456 3768 507 3827 per
529 3751 628 3807 mortis
649 3750 818 3806 sententiam
832 3748 927 3806 subse·
968 3755 1101 3826 cogitatio
1117 3772 1180 3827 quae
1194 3755 1333 3828 precipue
1348 3754 1448 3809 animae
1464 3754 1575 3825 pondus
1596 3753 1752 3828 desperatio·

129 3862 218 3920 quens
239 3847 321 3919 iuxta
342 3859 456 3918 poenam
477 3841 610 3898 citiorum
624 3856 686 3913 quar
701 3844 764 3911 post
780 3844 927 3912 peccatum
968 3844 1013 3900 nis
1028 3844 1156 3915 imponit.
1174 3845 1229 3900 Sed
1243 3843 1313 3899 illud
1327 3859 1426 3899 rursus
1440 3848 1553 3915 oportet
1571 3828 1752 3916 cogitareper

128 3936 222 3994 eomls
231 3933 408 3991 contumelias
418 3934 611 3997 surrexerunt3
622 3929 715 3984 videat
725 3928 927 4001 homoinaspe·
968 3933 1042 4006 quod
1058 3933 1180 4006 pessima
1194 3938 1223 3989 et
1235 3932 1350 3988 inimico
1362 3932 1426 3988 ritas
1440 3938 1545 3989 nostrae
1557 3933 1688 4005 cogitatio
1709 3932 1751 3986 isa

125 4025 210 4081 ritate
224 4023 306 4080 cilicii
321 4020 507 4094 superbiendo
521 4019 588 4091 quid
601 4018 675 4085 iecit,
691 4018 785 4072 videat
795 4017 823 4072 in
834 4017 926 4072 cinere
968 4023 1130 4094 repellatur,
1146 4022 1214 4096 quia
1222 4021 1270 4077 illa
1278 4021 1352 4075 bona
1362 4038 1424 4091 quae
1433 4021 1553 4092 egimus,
1567 4027 1597 4076 et
1608 4019 1749 4077 emendatio

125 4128 272 4186 usquequo
287 4111 427 4185 peccando
440 4108 577 4183 pervenit,
603 4107 682 4181 quasi
701 4105 823 4179 quodam
837 4106 926 4162 cilicio
968 4111 1017 4167 illa
1031 4128 1093 4183 quse
1108 4128 1158 4184 per
1172 4109 1366 4183 poenitentisrn
1381 4111 1501 4181 quaesita
1519 4116 1572 4178 est,
1588 4111 1643 4166 nisi
1658 4110 1747 4173 lisissd,

128 4207 258 4276 peccator
271 4200 416 4274 pungitur,
429 4198 496 4254 dum
510 4198 540 4254 in
554 4202 647 4252 mente
656 4211 709 4251 sua
719 4196 824 4267 asperis
834 4196 927 4250 redar·
969 4206 997 4257 et
1010 4200 1087 4256 velut
1100 4200 1271 4256 contrarium
1287 4198 1395 4271 pondus
1411 4199 1530 4270 ponderi
1546 4199 1622 4266 huic,
1632 4199 1700 4272 quod
1712 4213 1748 4252 ex·

128 4292 276 4365 gutionum
291 4288 413 4344 stimulis
435 4286 639 4358 constringitur
659 4285 709 4352 ;in
725 4285 818 4340 cinere
832 4290 958 4388 auteurD
968 4289 1104 4363 spectatio
1119 4289 1200 4345 nobis
1213 4290 1404 4345 introductum
1429 4295 1482 4357 est,
1503 4288 1673 4355 obstetisset,
1693 4284 1748 4345 nibil

129 4382 189 4453 sgn't
209 4379 412 4454 penitentiam,
436 4376 484 4449 qui
511 4392 543 4431 cx
558 4375 650 4448 primo
664 4378 778 4447 peccato
792 4372 860 4447 quid
877 4390 928 4446 prr
967 4377 1061 4434 luerat
1073 4378 1148 4449 quod
1161 4378 1191 4433 in
1211 4378 1381 4450 profundum
1401 4393 1452 4432 nos
1475 4378 1616 4432 malorum
1640 4374 1746 4431 decidere

126 4473 236 4544 lustum
247 4469 384 4542 judicium
400 4468 489 4525 sactus
504 4467 542 4522 sit
555 4466 672 4521 solerter
687 4464 825 4532 attendit3
844 4465 873 4520 in
883 4470 926 4520 te·
967 4467 1139 4540 prohiberet,
1155 4484 1230 4522 nunc
1244 4473 1338 4523 autem
1353 4466 1426 4521 sicut
1437 4465 1519 4520 sortis
1534 4467 1662 4537 quaedam
1677 4463 1746 4520 lorica

130 4560 232 4617 nebras
258 4558 333 4614 diem
357 4558 492 4614 vertimus
520 4571 585 4611 eum
600 4555 786 4626 nosmetipsos
801 4553 926 4611 districte
964 4557 1090 4628 jaculum
1103 4572 1188 4628 grave
1202 4562 1231 4611 et
1243 4572 1370 4611 anmrum
1378 4570 1434 4611 non
1444 4555 1575 4627 permisit
1583 4571 1670 4629 usque
1681 4548 1744 4608 adri·

129 4649 279 4722 punientes
293 4648 355 4720 ipsa
362 4645 555 4703 delectationis
567 4658 659 4717 pravas
672 4643 867 4700 blandimenta
879 4660 929 4716 per
968 4645 1179 4702 taliarisoerum
1185 4652 1343 4719 penetrare,
1352 4645 1400 4701 sed
1408 4645 1465 4700 rim
1470 4644 1584 4700 lethalis
1594 4641 1744 4700 terirentur

131 4735 437 4810 districtapoenitentiae
448 4733 736 4791 lamentacrueiamus
745 4733 874 4789 etllendo
883 4733 927 4789 in·
969 4734 1053 4807 fregit
1067 4752 1100 4791 ex
1116 4740 1213 4807 parte:
1230 4740 1339 4791 certum
1349 4739 1393 4789 est
1403 4733 1479 4789 enirn
1494 4734 1570 4805 quod
1583 4734 1631 4806 qui
1645 4733 1693 4788 tert
1710 4744 1742 4783 sa·

130 4828 278 4903 sequimur
290 4824 426 4899 quidquid
454 4825 482 4880 in
501 4824 584 4880 corde
597 4821 675 4878 taciti
690 4839 723 4877 en
741 4821 927 4878 delectatione
940 4876 944 4881 .
969 4842 1032 4881 curn
1049 4825 1115 4879 illuc
1130 4824 1212 4898 plura
1226 4824 1301 4879 bona
1314 4828 1343 4879 et
1357 4823 1440 4895 plura
1454 4822 1539 4890 malm
1555 4823 1585 4878 in
1598 4823 1663 4895 ipsis
1674 4816 1742 4894 penu

130 4910 928 4994 peccamus.Fidelisquisqusdumcogitationesinjudicio
967 4912 1083 4970 habebit
1099 4912 1207 4986 aliquid
1218 4911 1371 4984 reirigerii;
1386 4911 1540 4984 quinutem
1550 4911 1681 4967 bonorum
1690 4921 1740 4979 ope·

131 5007 255 5083 exquirit
269 5004 419 5071 subtiliter,
428 5002 605 5074 nonignorat
614 5006 704 5056 semet
718 5001 856 5056 introrsus
869 5002 927 5057 dis-
969 5018 1033 5059 runr
1047 5002 1128 5071 nihil,
1144 5002 1283 5057 malorum
1298 5017 1392 5056 secum
1407 5001 1528 5056 multam
1543 4994 1738 5073 cupientem
1776 5014 1781 5039 ¹

131 5098 249 5165 masne,
265 5111 296 5151 se
312 5100 379 5150 ante
389 5091 528 5165 judicium
542 5090 883 5158 vehementerexsminat,
896 5096 929 5148 ut
969 5092 1036 5166 quid
1051 5109 1115 5148 curn
1130 5097 1244 5146 maneat
1257 5107 1309 5146 nec
1327 5106 1397 5163 opus
1418 5095 1462 5145 est
1480 5089 1573 5146 dicere
1586 5109 1592 5159 ;
1615 5090 1666 5145 erit
1684 5082 1739 5140 euin

131 5187 276 5244 districtus
290 5184 375 5256 judex
390 5199 423 5239 eo
435 5182 496 5253 jam
520 5179 700 5253 tranquillius
714 5180 808 5236 veniat
830 5180 866 5236 ad
880 5197 929 5236 cor
968 5182 1006 5238 ibi
1018 5182 1078 5237 sine
1093 5180 1177 5237 dubio
1192 5179 1382 5252 compensatio
1396 5177 1537 5235 bonorum
1547 5195 1662 5253 operum
1673 5172 1739 5232 nalo·

131 5292 217 5332 snum
234 5290 320 5348 quem
341 5273 481 5329 discutere
498 5269 615 5345 appetit,
631 5286 686 5342 quo
701 5285 765 5324 eum
781 5286 831 5343 pro
846 5270 929 5343 culpa
969 5287 1097 5344 rumque,
1106 5275 1135 5327 et
1146 5271 1220 5325 salut
1232 5269 1260 5325 in
1269 5274 1374 5324 statera
1385 5267 1488 5340 posita,
1497 5272 1618 5342 utraque
1632 5274 1740 5341 parsque

131 5365 263 5437 punitum
286 5362 384 5419 cernit.
401 5362 586 5434 Omnipotens
605 5360 681 5416 Deus
700 5358 840 5415 subtiliter
865 5364 927 5416 scta
969 5360 1125 5423 emerserit,
1141 5360 1188 5414 illa
1202 5358 1254 5414 sibi
1270 5374 1366 5413 eorum
1378 5374 1433 5429 quo
1448 5365 1624 5414 momentum
1643 5350 1741 5425 vergitur

132 5457 231 5508 nostra
244 5452 411 5521 considerat,
427 5456 566 5508 ettamen
588 5450 649 5505 brec
662 5448 862 5522 penitentibus
877 5449 928 5504 mi·
969 5466 1085 5523 operum
1096 5447 1248 5504 vindicabit
1259 5467 1266 5515 3
1276 5448 1300 5503 si
1314 5463 1380 5518 ergo
1391 5446 1533 5502 malorum
1547 5463 1663 5529 operum
1672 5436 1742 5500 mulb-

138 5539 321 5599 sericorditer
347 5543 463 5608 relaxat,
480 5540 572 5615 quiet
592 5538 726 5596 duritiam
749 5538 928 5610 peccantibus
970 5540 1037 5595 tudo
1047 5539 1236 5611 quantitatem
1244 5536 1505 5606 bonorumoperurn
1513 5532 1691 5609 superaverit,
1698 5543 1743 5605 ptr·
