3772 6120
122 256 173 316 367
417 259 449 311 B.
469 255 607 311 RABANI
626 253 740 307 Maus]
760 251 928 306 ARCHIEP.
949 252 1111 308 MOGUNT.
1131 252 1280 310 OPERUM
1299 254 1391 310 PARS
1412 255 1463 311 111.
1575 268 1581 275 ·
1710 258 1763 317 368

120 382 267 437 desideriis
290 400 341 453 per
359 381 457 436 illicita
475 383 658 451 corrumpat:
683 394 717 431 ne
738 377 781 431 ira
802 372 952 448 exaspe-'A
961 377 1145 448 subgantibus
1154 383 1236 432 atate
1251 379 1348 440 oculis,
1358 381 1393 433 ad
1405 380 1524 435 videnda
1533 382 1616 453 longe
1625 390 1690 455 post
1701 400 1766 439 ven-

121 476 173 537 ret,
203 477 232 526 et
253 486 342 542 usque
366 471 401 523 ad
424 469 621 540 proferendam
649 466 848 523 contumeliam
876 465 920 519 in·
961 473 1026 520 tura
1040 464 1166 521 dilatavit
1181 468 1256 531 (Gen.
1280 472 1377 536 xxva).
1394 470 1459 525 llaec
1474 469 1559 525 Jacob
1582 474 1720 544 compulit
1738 480 1769 528 et

120 560 269 614 flammat:
288 576 323 613 ne
342 559 446 613 invidia
466 559 604 622 mordeat,
630 563 659 608 et
680 555 779 609 alienis
802 555 920 609 felicita·
961 543 1102 610 amissum*
1114 555 1216 610 bonum
1231 557 1321 611 filium
1338 558 1500 613 medullitus
1521 576 1645 630 gemere,
1657 568 1686 616 et
1700 580 1768 634 pra-

119 647 194 703 tibus
204 649 314 714 aemula,
326 664 377 702 sua
392 664 421 701 se
439 648 497 701 face
509 650 671 701 consumat:
684 662 719 698 ne
735 645 920 699 immoderate
962 661 1060 698 vorum
1071 645 1192 699 filiorum
1203 645 1381 716 praesentiam
1391 647 1518 719 subjecta
1525 649 1685 705 humilitate
1694 653 1767 706 tole-

118 738 244 807 linguam
253 736 407 808 loquacitas
415 737 570 807 protrahat,
577 751 696 805 eamque
705 750 793 803 usque
801 733 920 787 adlasci-
961 749 1025 787 rare
1041 733 1117 803 (Gen.
1137 738 1249 803 xxxvnl.
1268 735 1334 789 Haec
1352 737 1455 807 Joseph
1474 737 1570 792 docuit
1588 756 1606 792 a
1628 739 1765 796 fratribus

119 827 193 880 viam
201 825 413 880 obtrectationis
422 825 620 879 extendat:ne
630 822 725 877 odium
734 821 921 876 malitiaexci-
961 822 1161 887 venundatum,
1171 829 1200 877 et
1211 823 1341 878 libertate
1365 825 1452 879 anirni
1478 826 1596 880 infracta
1621 829 1767 885 servitium

119 921 170 980 tet,
178 922 207 970 et
214 933 245 970 os
252 915 381 986 usquead
389 914 514 984 jaculum
526 911 840 967 maledictionisirritet.
850 911 920 964 llur-
962 911 1080 982 perpeti,
1101 916 1130 965 et
1144 912 1250 965 eisdem
1272 920 1335 983 post
1350 913 1485 968 fratribus
1505 921 1600 970 mente
1615 934 1672 971 non
1692 918 1766 974 elata

119 1021 182 1059 sum
192 1022 256 1059 cum
265 1004 380 1074 cogitat,
387 1008 419 1057 ut
426 1020 461 1057 ca
469 1001 649 1068 alteiilaciat,
657 1018 718 1072 qua·
726 1000 784 1071 ipse
795 999 847 1053 sibi
859 999 920 1053 heri
962 1000 1112 1071 principari
1126 1000 1203 1069 (dan.
1222 1017 1279 1057 xnn
1293 1006 1317 1054 et
1338 1006 1429 1072 scqql.
1447 1003 1512 1057 Haec
1532 1005 1657 1076 Moysen,
1674 1007 1766 1061 delin-

83 1095 86 1105 '
118 1092 154 1147 ab
160 1093 250 1147 altero
258 1097 408 1164 exspectat,
417 1090 664 1162 pensatnimirnm,
672 1095 705 1143 ut
711 1089 793 1142 vualis
800 1087 883 1152 bona,
892 1092 921 1141 et
962 1096 1064 1160 querite
1072 1090 1184 1160 populo,
1197 1094 1226 1144 et
1236 1091 1370 1161 usquead
1380 1091 1544 1161 petitionem
1556 1110 1613 1148 sum
1623 1096 1765 1151 mortisia

118 1181 512 1252 bonismeliorarespondeat,
523 1184 632 1248 uterga
645 1195 776 1249 procaces
786 1193 918 1231 mansue·
959 1177 1086 1248 precibus
1104 1178 1255 1248 prostravit
1271 1179 1314 1247 (ln
1333 1179 1432 1248 Esod.)
1449 1198 1455 1233 :
1472 1180 1512 1234 sic
1536 1198 1649 1253 quoque
1668 1184 1704 1237 ad
1719 1185 1764 1239 in·

1 1287 4 1295 ·
68 1312 73 1325 .
118 1272 246 1327 tudinem
265 1269 488 1341 longanimitatis
503 1268 649 1323 exhibeat:
666 1272 698 1321 ut
712 1266 826 1320 mahtim
839 1272 918 1337 peste
958 1267 1151 1320 terfectionem
1168 1267 1264 1339 populi
1283 1284 1334 1338 per
1355 1268 1405 1322 zeli
1424 1270 1548 1325 studium
1565 1272 1663 1335 erexit,
1685 1279 1717 1327 ut
1736 1281 1765 1329 et

119 1359 317 1432 languentibus
326 1358 449 1430 gratiam
459 1356 639 1426 benignitatis
652 1356 806 1426 impendat,
819 1361 850 1409 ut
864 1355 918 1409 dis-
960 1373 1011 1426 pro
1028 1361 1164 1427 pereunte
1182 1355 1262 1426 plebe
1277 1373 1337 1411 sese
1357 1359 1441 1411 morti
1462 1357 1604 1428 nbjmeret,
1622 1367 1651 1415 et
1665 1368 1765 1418 contra

118 1451 216 1504 cordes
230 1465 298 1520 pace
309 1447 397 1513 uniat,
411 1452 442 1500 ut
451 1446 602 1501 concordes
616 1445 651 1498 ad
666 1444 919 1516 concupiscentialis
960 1451 1122 1516 peccantem
1147 1444 1274 1515 protinus
1303 1446 1361 1500 vice
1386 1447 1437 1501 Dei
1466 1447 1614 1503 irascentis
1641 1452 1761 1506 saeviret.

118 1538 280 1609 verapacis
295 1536 431 1606 accingat,
447 1541 480 1589 ut
493 1532 682 1604 indigentibus
697 1532 854 1587 necessaria
869 1533 917 1586 tri·
959 1535 1023 1588 llaec
1037 1534 1156 1587 Phineas
1166 1533 1311 1587 brachium
1321 1534 1350 1588 in
1365 1535 1501 1590 ultionem
1511 1538 1688 1607 peccantium
1704 1558 1765 1596 ere·

117 1626 194 1693 buat,
212 1632 245 1679 ut
258 1624 417 1680 errantibus
437 1625 511 1679 viam
534 1623 709 1677 rectitudinis
731 1623 868 1688 ostendat,
886 1627 918 1676 ut
957 1623 1006 1689 xit,
1019 1628 1051 1676 ut
1064 1629 1176 1693 arrepto
1190 1622 1284 1691 gladio
1300 1630 1432 1678 coeuntes
1445 1627 1635 1697 transfigeret,
1652 1628 1762 1685 stiram

117 1715 236 1770 alllictos
249 1713 333 1769 verbo
348 1720 377 1768 et
390 1712 582 1785 compassione
598 1712 728 1778 mulceat,
741 1718 773 1766 ut
786 1694 948 1765 accensosB
960 1712 1071 1766 Domini
1082 1712 1171 1765 iratus
1180 1712 1302 1783 placaret
1313 1713 1408 1781 (niem.
1416 1712 1492 1783 xxv).
1504 1715 1660 1772 HaecJosue
1671 1720 1763 1790 explo-

116 1803 145 1858 in
161 1805 246 1875 hujus
262 1804 358 1858 mundi
378 1802 522 1859 desideriis
542 1801 731 1873 increpatione
755 1800 916 1871 restringat,
958 1808 1083 1855 retorem
1099 1800 1202 1861 docuit,
1216 1807 1248 1855 nt
1262 1807 1291 1855 et
1303 1802 1382 1872 prins
1398 1808 1495 1857 contra
1511 1803 1675 1876 falsiloquos
1690 1808 1762 1863 cives

117 1901 150 1948 ut
165 1894 255 1948 minas
275 1892 432 1965 potentium
452 1891 665 1946 ratiocinatione
686 1890 804 1959 mitiget,
821 1894 853 1944 ut
866 1907 917 1961 op·
958 1891 1105 1945 veritatem
1127 1889 1212 1944 verbo
1240 1890 1412 1956 defenderet,
1435 1898 1464 1946 et
1487 1893 1559 1947 banc
1580 1897 1761 1965 postmodum

118 2000 278 2054 pressorum
290 1981 443 2052 angustias,
462 1986 600 2052 quantum
614 1980 753 2050 praevalet,
772 1979 914 2033 sublevet:
958 1980 1051 2050 gladio
1065 1986 1163 2033 contra
1172 1979 1266 2033 hostes
1275 1980 1421 2050 alllcgaret
1432 1981 1547 2049 (losaen
1556 1987 1685 2053 citrea).
1697 1986 1762 2041 llaec

117 2079 150 2127 ut
163 2073 229 2126 foris
244 2071 439 2126 resistentibus
453 2076 576 2141 opponat
592 2069 775 2140 patientiam3
797 2074 827 2122 nt
842 2067 918 2122 intus
960 2069 1072 2123 Samuel
1089 2075 1118 2122 et
1132 2068 1162 2122 in
1175 2068 1334 2138 principatu
1351 2069 1487 2123 humilem
1503 2071 1631 2142 praebuit,
1644 2080 1673 2127 et
1688 2073 1761 2129 inte·

118 2160 343 2233 superbientibus
358 2160 487 2215 exhibeat
496 2176 559 2212 cum
575 2158 711 2229 patientia
724 2157 916 2229 disciplinam;
958 2174 1040 2228 grum
1051 2158 1080 2211 in
1091 2157 1246 2226 dejectione
1261 2158 1390 2223 servavit,
1406 2159 1453 2230 qui
1468 2175 1533 2213 cum
1544 2170 1761 2232 persequentem

118 2257 151 2305 ut
171 2268 238 2321 ergo
256 2255 351 2304 errata
368 2248 544 2303 subditorum
561 2247 601 2301 sic
619 2247 804 2302 mansuetudo
829 2248 918 2300 zelum
960 2265 990 2301 se
1003 2246 1113 2318 plebem
1131 2246 1269 2317 diligeret,
1285 2247 1344 2321 ipsc
1364 2247 1416 2301 sibi
1430 2249 1625 2303 testimonium
1644 2253 1759 2315 exstitit,
1793 2317 1801 2328 ·

119 2346 266 2412 temperet,
282 2343 421 2410 quatenus
435 2355 453 2391 a
465 2337 581 2407 justitia
597 2336 689 2390 studio
706 2353 762 2390 non
781 2340 894 2390 enervet
910 2355 916 2390 :
960 2336 1026 2406 quia
1034 2336 1153 2401 culmen,
1166 2353 1199 2389 ex
1214 2352 1269 2406 quo
1279 2336 1405 2406 deiectus
1414 2343 1467 2398 est,
1480 2355 1536 2391 non
1548 2340 1653 2393 amavit
1666 2343 1692 2410 (l
1698 2344 1759 2410 Bag.

119 2429 159 2483 sic
168 2430 205 2484 ad
214 2429 349 2483 ultionem
361 2429 436 2481 zelus
446 2426 561 2493 lem'eat,
571 2443 606 2480 nc
616 2432 712 2479 tamen
721 2425 833 2497 pietatis
844 2425 918 2479 limi-
961 2427 1010 2478 111³.
1028 2425 1093 2479 Haec
1107 2424 1194 2479 David
1213 2432 1279 2478 ante
1292 2425 1422 2495 iniquum
1444 2443 1539 2497 regem
1559 2434 1588 2482 et
1601 2428 1761 2485 humilitate

119 2524 175 2571 tem
190 2517 323 2571 fervendo
330 2516 512 2570 transcendat
522 2535 529 2582 ς
540 2522 572 2569 ut
586 2515 712 2583 ingratos
727 2513 868 2568 beneficiis
883 2514 919 2568 nd
959 2514 1108 2568 commovit
1122 2513 1276 2583 adingam,
1294 2519 1322 2568 et
1337 2514 1441 2585 pietate
1455 2516 1573 2586 replevit
1587 2517 1623 2570 ad
1638 2519 1759 2583 veniam,

120 2622 245 2660 amorem
258 2610 398 2676 provocet,
414 2611 446 2658 ut
457 2609 553 2673 gratos
573 2620 698 2675 quosque
714 2603 876 2657 ministeriis
889 2603 918 2658 in
960 2603 1007 2672 qui
1022 2608 1229 2672 persecutorem
1249 2619 1331 2656 suum
1346 2608 1375 2657 et
1389 2604 1515 2658 timendo
1535 2604 1608 2675 fugit
1621 2613 1655 2660 ut
1668 2608 1760 2662 domi·

120 2711 216 2748 amore
243 2700 342 2757 servet,
369 2700 401 2747 ut
421 2693 612 2764 proximorum
635 2692 718 2757 aiala,
743 2709 807 2746 cum
830 2692 917 2745 corri-
959 2707 1037 2755 num,
1051 2697 1080 2745 et
1088 2696 1184 2745 tamen
1195 2708 1258 2745 cum
1269 2698 1438 2762 potestatem
1448 2692 1566 2747 feriendi
1576 2696 1692 2766 reperit,
1704 2714 1761 2751 non

118 2800 185 2854 gere
200 2798 256 2837 non
270 2782 353 2847 valet,
369 2786 471 2848 taceat,
488 2788 574 2851 utque
593 2798 657 2835 cour
681 2781 782 2851 corrigi
801 2781 918 2851 loquen-
959 2780 1071 2850 agnovit
1083 2780 1227 2833 inimicum
1242 2781 1270 2851 (l
1278 2783 1339 2849 llcp.
1352 2798 1416 2835 xxiv
1426 2786 1450 2835 cl
1465 2785 1554 2847 olibel.
1571 2784 1637 2838 Haec
1647 2785 1762 2840 Nathan

119 2870 156 2926 do
170 2876 296 2942 possunt,
313 2870 455 2925 silentium
470 2885 637 2923 consensum
651 2886 711 2923 esse
721 2868 916 2939 pertimescat;
960 2874 989 2923 et
997 2875 1095 2923 contra
1103 2874 1264 2939 peccantem
1271 2886 1366 2939 regem
1376 2869 1405 2923 in
1412 2870 1609 2926 auctoritatem
1619 2873 1763 2929 liberaein-

119 2967 152 3015 ut
169 2961 209 3015 sic
228 2976 271 3025 ea,
293 2977 354 3031 qum
372 2963 457 3025 tacet,
478 2961 588 3023 toleret,
604 2975 640 3012 ne
660 2963 754 3012 tamen
775 2958 804 3012 in
825 2958 919 3012 animo
959 2958 1127 3029 crepationis
1145 2958 1269 3021 sustulit,
1287 2965 1315 3012 et
1329 2975 1392 3012 curri
1407 2958 1480 3029 regis
1495 2961 1578 3030 culpa
1592 2961 1714 3030 deesset,
1731 2965 1762 3018 in

119 3050 195 3104 virus
205 3049 309 3103 doloris
323 3049 504 3103 occultet1ut
520 3047 559 3101 sic
574 3047 717 3101 malevolis
732 3063 834 3102 munus
843 3013 1094 3119 beni-Cpetitione
1114 3047 1260 3100 humihter
1280 3048 1379 3102 stravit
1398 3049 1436 3112 (ΙΙ
1455 3050 1516 3116 llcp.
1537 3066 1575 3104 xv
1599 3052 1677 3120 sep).
1695 3053 1763 3108 Hac

118 3138 234 3209 gnitatis
248 3137 386 3203 exhibeat,
398 3136 757 3208 netamenpergratiarna
765 3136 919 3207 jurerccti·
960 3153 1010 3208 per
1030 3136 1132 3191 lsaiam
1151 3136 1307 3190 nuditatem
1327 3136 1418 3191 carnis
1437 3137 1466 3190 in
1485 3139 1686 3208 predicatione
1704 3159 1763 3196 non

117 3227 223 3282 tudinis
237 3227 362 3291 excedat,
377 3232 409 3280 ut
424 3231 526 3280 cuncta
541 3225 684 3296 proximis,
702 3242 763 3296 quae
777 3227 917 3297 praevalet,
959 3225 1072 3279 erubuit
1088 3227 1150 3295 (Iso.
1171 3231 1230 3291 xx),
1246 3231 1276 3279 et
1289 3225 1425 3280 subducto
1444 3228 1550 3280 carnali
1564 3229 1704 3284 velamine
1724 3231 1762 3285 ad

118 3317 271 3389 impendat,
288 3316 337 3370 sed
351 3316 410 3370 haec
424 3315 609 3386 impendendo
628 3330 685 3368 non
700 3319 817 3377 tumeat,
833 3321 866 3370 ut
879 3316 919 3369 sic
960 3315 1095 3385 mysteria
1108 3329 1231 3385 superna
1244 3315 1410 3384 penetravit.
1428 3316 1493 3371 llaec
1508 3317 1606 3384 Eliarn,
1624 3318 1692 3388 quia
1707 3319 1763 3374 ser·

117 3405 148 3460 in
161 3405 251 3471 boma,
264 3422 326 3476 quae
340 3404 460 3470 exhibet,
476 3403 595 3458 tumoris
608 3403 792 3475 praeeipitium
807 3411 915 3475 paveat,
959 3404 1032 3457 voris
1041 3405 1099 3457 zelo
1107 3403 1198 3457 vivere
1208 3403 1371 3474 spiritaliter
1384 3404 1488 3470 docuit,
1502 3404 1633 3460 advitam
1646 3424 1761 3478 quoque

119 3512 154 3549 nc
168 3500 264 3550 tamen
278 3512 296 3548 a
313 3493 379 3548 boni
394 3492 561 3547 exercitione
574 3497 731 3565 torpescat3
749 3498 781 3546 ut
793 3493 842 3553 sic,
856 3510 917 3564 qum
959 3498 987 3546 et
1001 3493 1183 3563 corporahter
1197 3491 1333 3546 abstraxit
1346 3494 1360 3546 I
1367 3495 1385 3548 V
1399 3496 1470 3561 (llcp.
1487 3496 1523 3564 nl.
1537 3495 1601 3548 llaee
1616 3496 1760 3566 Elimeam,

117 3585 250 3655 possidet,
262 3582 377 3649 tribuat,
387 3589 525 3653 quatenus
536 3585 641 3653 quanta
651 3581 687 3636 sit
697 3581 812 3651 largitas
822 3599 917 3637 remu·
959 3582 1025 3653 quia
1040 3581 1207 3651 magistrum
1226 3581 1342 3651 diligere
1361 3582 1526 3653 simpliciter
1543 3584 1676 3651 instituit,
1702 3604 1762 3640 ma-

118 3670 918 3743 nerantisattendatznecuruterrenalargitur,suamplus
957 3671 1038 3741 gistri
1057 3670 1158 3742 spiritu
1177 3670 1325 3742 dupliciter
1346 3671 1473 3741 implevit
1491 3673 1597 3741 (Ibid.)⁸
1615 3673 1670 3727 Per
1687 3675 1761 3730 hanc

118 3780 203 3834 quam
218 3779 331 3817 necesse
351 3768 394 3815 est
414 3761 537 3832 inopiam
561 3761 673 3830 cogitet,
690 3765 718 3813 et
733 3759 762 3813 in
777 3759 917 3815 oblatione
958 3760 1103 3824 ieremias,
1115 3776 1150 3813 ne
1165 3760 1356 3831 inAEgyptum
1371 3761 1490 3831 populus
1506 3761 1699 3828 descenderet,
1717 3782 1760 3819 rc·

119 3852 243 3906 muneris
257 3850 406 3905 hilaritatis
432 3850 527 3905 lumen
545 3849 662 3904 tristitia
685 3848 824 3903 obscuret.
842 3851 917 3905 Bene
958 3848 1761 3922 stitit;sedtamenetinobedientesdiligensquodescen·

118 3939 290 4011 crgolexDei
300 3939 559 4009 multiplexdicitur,
568 3938 635 4008 quia
645 3937 778 3991 nimirum
788 3955 918 3993 eumuna
958 3939 1024 3992 dere
1042 3938 1186 4009 prohibuit
1205 3944 1234 3992 et
1254 3938 1313 4009 ipse
1333 3938 1477 3993 descendit
1499 3942 1563 4002 (Jer.
1591 3942 1669 4005 xiiii).
1694 3942 1759 3997 Haee

118 4029 272 4098 eademque
295 4027 332 4080 sit
350 4026 481 4093 charitas,
503 4027 526 4081 si
549 4030 673 4081 mentem
695 4027 777 4097 plene
801 4028 914 4098 ceperit,
958 4026 1140 4091 Ezechielem,
1164 4028 1231 4098 quia
1256 4027 1333 4097 prius
1352 4044 1369 4080 a
1393 4028 1513 4082 terrenis
1543 4029 1675 4084 desiderii
1700 4049 1760 4086 sus·

119 4117 192 4171 hanc
208 4117 244 4169 ad
269 4116 418 4169 innumera
440 4131 526 4185 opera
548 4114 757 4169 multiformiter
780 4115 914 4170 accendit.
957 4117 1032 4181 tuht,
1051 4121 1116 4187 post
1137 4133 1187 4187 per·
1205 4116 1365 4171 cincinnum
1389 4117 1488 4188 capitis
1511 4117 1540 4171 in
1562 4134 1627 4172 aere
1648 4119 1759 4176 librasit

120 4207 207 4278 Cujus
226 4190 415 4258 diversitatem
429 4201 551 4256 breviter
570 4203 761 4274 exprimimus,
777 4204 800 4257 si
815 4205 844 4257 in
859 4205 916 4259 ele·
956 4205 1063 4277 (Ezech.
1077 4204 1142 4275 vin).
1159 4205 1225 4260 Hac
1239 4205 1268 4258 in
1282 4205 1409 4269 Daniele,
1424 4206 1491 4276 quia
1506 4224 1524 4260 a
1537 4207 1622 4277 regiis
1637 4208 1759 4280 dapibus

119 4295 170 4350 ctis
184 4292 300 4365 singulis
313 4292 387 4347 bona
400 4292 475 4346 ilhus
496 4292 709 4362 perstringendo
724 4294 1051 4392 numeremusngulam
1070 4295 1248 4364 compescuit,
1267 4294 1293 4348 ei
1317 4299 1346 4349 et
1370 4295 1554 4349 esurientium
1576 4312 1628 4350 ora
1644 4296 1758 4353 leonum

120 4387 184 4440 Haec
197 4399 318 4454 namque
328 4399 379 4454 per
392 4381 462 4436 hbel
471 4385 499 4434 et
510 4382 599 4434 electa
608 4381 666 4435 Deo
677 4397 795 4435 munera
804 4382 914 4449 obtulit,
957 4383 1058 4437 clausit
1070 4385 1150 4450 (Dan.
1167 4383 1231 4451 xrv).
1249 4384 1314 4436 llaec
1328 4383 1418 4438 tribus
1435 4384 1540 4454 pueris,
1557 4384 1625 4455 quia
1639 4384 1667 4439 in
1678 4393 1758 4441 tran·

118 4481 148 4529 et
155 4474 251 4529 fratris
262 4474 325 4527 odia
333 4488 390 4526 non
405 4471 568 4525 reluctando
577 4471 707 4525 toleravit
714 4469 916 4542 lGea.1v).Haec
957 4472 1095 4543 quillitate
1107 4472 1204 4543 positis
1218 4473 1348 4527 incendia
1366 4473 1497 4527 vitiorum
1516 4472 1648 4532 subdidit.
1666 4476 1757 4530 tribu·

119 4565 213 4617 Enoch
229 4568 257 4616 et
274 4562 349 4615 inter
368 4560 493 4616 homines
516 4560 607 4614 vivere
627 4559 791 4631 spiritaliter
810 4561 913 4628 docuit,
957 4561 1068 4615 lationis
1086 4567 1213 4632 ternpore
1230 4567 1259 4615 et
1278 4563 1406 4615 llammas
1418 4562 1447 4615 in
1462 4562 1574 4616 fornace
1588 4565 1757 4633 temperavit

119 4651 197 4704 etad
213 4650 360 4705 sublimem
379 4652 465 4705 vitam
484 4649 519 4704 ab
533 4649 694 4703 hominibus
710 4649 796 4703 etiam
816 4666 915 4721 corpo·
958 4653 1037 4716 (Dan.
1059 4658 1105 4717 111).
1124 4651 1189 4704 Haec
1203 4651 1233 4704 in
1249 4651 1332 4706 Petro
1347 4658 1375 4704 et
1393 4650 1477 4705 minis
1492 4652 1660 4706 terrentium
1682 4653 1757 4724 prin·

118 4739 215 4792 raliter
228 4736 363 4792 abstraxit
379 4732 462 4805 (Gen.¹
477 4743 514 4807 v).
532 4740 597 4793 llaec
615 4740 684 4805 Noe,
702 4739 839 4810 despectis
854 4757 915 4794 om·
956 4740 1049 4811 cipum
1062 4740 1173 4795 fortiter
1186 4741 1300 4807 restitit,
1317 4746 1346 4794 et
1366 4740 1395 4794 iu
1411 4740 1622 4795 circumcisione
1637 4741 1753 4797 submo-

118 4826 209 4892 nibus,
225 4825 316 4880 solum
331 4826 389 4879 Deo
403 4827 568 4897 placabilem
582 4828 713 4889 ostendit,
730 4835 814 4899 atque
829 4828 858 4883 in
872 4847 915 4883 ar·
955 4830 1046 4883 venda
1067 4830 1209 4885 minorum
1223 4830 1307 4883 verba
1331 4829 1475 4884 humiliter
1495 4829 1601 4883 audivit
1622 4830 1695 4897 (Act.
1717 4832 1753 4901 v).

117 4934 155 4971 cae
168 4913 302 4968 fabricam
311 4914 404 4968 studio
415 4915 490 4984 longi
503 4916 607 4971 laboris
621 4917 754 4977 exercuit,
771 4922 800 4972 et
810 4918 914 4971 inundo
956 4919 1021 4972 llaec
1034 4919 1064 4972 in
1079 4920 1166 4973 Paulo
1186 4925 1215 4974 et
1235 4936 1336 4974 manus
1356 4917 1584 4990 persequentium
1611 4918 1758 4975 humiliter

86 5008 88 5012 ’
117 5003 297 5076 superstitem
310 5002 356 5074 pio
371 5018 454 5074 opere
469 5006 622 5060 exercendo
638 5006 758 5060 servavit
775 5007 850 5073 (den.
865 5011 912 5073 vt).
955 5008 1081 5077 pertuht,
1096 5014 1228 5063 ettamen
1242 5008 1271 5062 in
1282 5002 1500 5062 circumcisionis
1511 5007 1623 5076 negotio
1634 5008 1756 5079 longese

118 5095 183 5150 llaec
197 5110 246 5165 per
265 5093 330 5147 Sem
351 5096 380 5145 et
393 5090 514 5161 iapheth
529 5094 673 5149 humiliter
693 5095 850 5149 verecunda
864 5112 914 5165 pa·
954 5095 1071 5167 imparis
1080 5098 1182 5168 prioris
1193 5097 1451 5152 sensurnaudenter
1460 5095 1689 5166 increpavitlilel.
1700 5107 1756 5167 xv).

116 5183 167 5238 tris
183 5181 304 5247 erubuit,
319 5185 347 5235 et
361 5181 519 5251 superjecto
526 5181 616 5237 dorsis
624 5184 718 5254 pallio,
729 5200 772 5246 ea,
785 5199 846 5254 quae
858 5200 914 5238 non
955 5184 1098 5256 Multiplex
1108 5202 1174 5256 ergo
1185 5186 1239 5239 ista
1247 5188 1290 5239 lex
1296 5186 1405 5251 Deiest,
1413 5183 1597 5255 qnmsingulis
1606 5201 1702 5239 rerum
1712 5202 1757 5239 ar·

118 5270 237 5336 videbat,
247 5270 392 5325 abscondit
403 5270 477 5337 (Gen.
489 5270 538 5339 rx).
550 5271 616 5325 Haec
631 5272 749 5327 Abrahae
759 5273 912 5340 dexteram,
955 5273 1109 5328 ticulisnon
1115 5278 1273 5345 permutata
1279 5274 1539 5343 congruitate-ausis
1546 5273 1756 5328 sevariantibus

119 5361 186 5434 quia
195 5359 231 5412 ad
246 5364 366 5413 mortem
380 5358 431 5413 alii
448 5357 602 5413 obediendo
615 5360 723 5425 extulit,
739 5362 814 5416 hunc
828 5362 914 5432 prolis
956 5379 1011 5415 non
1021 5362 1128 5416 variata
1138 5362 1292 5431 conjungit.
1304 5364 1401 5431 (lber.)
1413 5363 1508 5417 Sciens
1516 5362 1620 5415 Paulus
1633 5364 1696 5433 ejus
1704 5364 1756 5418 Dei
1771 5400 1779 5407 -

114 5453 278 5514 innumera,
294 5449 423 5518 gentium
440 5452 549 5519 patrem
571 5447 636 5504 fecit
652 5450 726 5517 lGen.
750 5455 826 5519 xxii).
848 5451 915 5505 flac
955 5468 1057 5505 essese
1071 5452 1216 5517 cultorem,
1229 5451 1277 5521 qni
1290 5452 1376 5505 nollet
1392 5458 1513 5506 mortem
1530 5452 1696 5521 peccatoris,
1705 5453 1755 5507 sed

118 5541 196 5595 isaac
214 5541 347 5606 mentem,
368 5538 434 5609 quia
448 5552 559 5608 semper
575 5536 611 5591 ad
629 5538 797 5593 munditiam
810 5539 910 5605 tenuit,
954 5540 1753 5611 poeniteutiam,etexceptaTrinitatemmnemcreaturam,
