3772 6120
124 284 159 341 95
378 290 384 300 '
419 293 450 348 Β.
471 291 608 347 RABANl
632 293 748 350 unuln
767 295 935 353 nitentur.
955 289 1117 349 MOGUN'I'.
1137 286 1286 345 OPERUM
1304 287 1396 342 PARS
1414 287 1464 342 lll.
1725 288 1761 345 96

124 411 201 477 estis,
221 418 356 470 etenum
375 416 438 470 secti
459 417 536 482 estis,
567 419 715 475 accedente
734 421 842 476 terrore
862 420 1077 494 Spi-Aintcgra
1090 414 1235 470 charitatis
1242 415 1348 468 uiscera
1356 414 1507 485 possidere,
1521 430 1572 468 ¹10ss
1582 414 1763 485 eaquaesslio·

124 499 195 554 ritus
206 504 294 557 sencti
305 506 374 559 cocti
388 506 465 571 estis,
477 507 594 576 etpanis
603 508 759 563 dominicus
769 511 832 565 tacti
844 514 920 566 estis.
963 525 1027 562 rum
1042 513 1107 561 sunt
1122 504 1274 560 secundum
1288 504 1477 575 Apostolicem
1491 502 1667 574 disciplinam
1684 520 1763 574 quee-

125 588 193 642 Ecce
211 592 284 661 quod
303 595 463 664 accepistis3
474 597 613 665 ‹pioniede
631 614 697 667 crgo
717 616 805 653 iintun
823 601 923 655 ridetis
965 614 1025 651 rere
1040 596 1203 668 poterimus
1217 593 1391 663 nisiliisquee
1402 593 1570 646 districtioni
1583 599 1686 646 nestrae
1697 609 1764 663 per·

125 679 383 749 essequodiactum
395 689 446 741 est,
459 683 595 738 sicunum
609 691 698 740 estote
718 705 766 741 vos
782 689 922 759 diligendo
963 686 1131 756 sectionique
1152 683 1320 737 conveniunt
1337 682 1482 751 paululum
1501 681 1641 747 relaxetis,
1658 681 1765 735 conde·

126 782 181 830 vos,
192 768 313 822 tenendo
324 787 409 824 unam
426 772 520 836 fidem,
538 790 623 827 unem
641 792 730 846 spem,
749 778 921 833 individuam
963 775 1095 830 scendere
1105 771 1273 827 utilitatibus
1285 771 1402 824 eliorum
1419 787 1507 841 preuo
1522 770 1707 824 maluerimus
1720 770 1764 824 al·

125 855 301 910 eternitatem.
314 858 444 914 Haeretici
455 861 566 931 quande
582 863 634 917 hec
649 864 842 920 testimenium
859 884 922 921 con·
964 864 1045 928 iectu,
1062 859 1472 930 ctitocumApostolointirmis
1482 859 1762 913 efficiemurinfirmi.

125 950 169 994 tro
179 960 208 995 se
219 944 368 1016 accipiunt.
389 948 454 1018 quie
465 950 504 1003 illi
521 957 651 1020 quaerunt
666 953 840 1021 divisionem,
858 973 921 1010 cum
964 958 993 1006 ut
1008 952 1110 1006 lucrari
1126 950 1264 1022 pessimus
1278 949 1414 1002 infirmes.

129 1031 210 1100 penis
221 1033 273 1087 iste
282 1035 386 1090 indicet
395 1037 592 1094 unitatemSic
600 1047 628 1094 et
636 1041 732 1094 sinum
740 1043 768 1096 in
779 1045 874 1098 runltis
883 1062 925 1098 re-
1003 1041 1200 1109 Oiuuequedm
1206 1041 1317 1092 macello
1324 1040 1405 1101 venit,
1414 1038 1492 1101 edite,
1503 1038 1576 1090 eiln't
1586 1041 1765 1107 interrepere-

127 1120 213 1173 remis
223 1121 284 1185 luit,
297 1130 326 1177 et
335 1124 418 1179 medo
433 1126 461 1180 in
472 1144 528 1181 uno
542 1133 600 1193 est;
620 1146 707 1183 unum
716 1137 758 1185 est
770 1132 797 1184 in
806 1134 925 1187 sumita-
967 1137 1002 1183 tes
1012 1134 1124 1198 prepter
1138 1130 1347 1189 conscenderim
1365 1127 1477 1179 thttfm'
1491 1132 1528 1179 tii
1547 1129 1622 1178 essim
1642 1132 1719 1181 iilia
1738 1132 1764 1181 ‘i

127 1208 653 1284 tccalicispostpressuramtorcularis,
662 1226 746 1273 etres
757 1228 819 1291 post
830 1221 923 1291 illeje-
963 1219 1178 1286 pleintedoejiis.
1192 1214 1310 1283 (ilinbr.)
1320 1215 1459 1269 Utomnie
1474 1215 1580 1268 ruenda
1588 1215 1762 1281 ostenderet,

124 1299 214 1367 junia,
223 1301 409 1371 pestleberes,
419 1306 675 1374 posthumilitatem
688 1314 716 1362 et
727 1310 924 1365 contritionem
966 1302 1764 1376 exeniplopsalmivigesimitertii,hocroborebetquianon

123 1387 183 1455 jem
194 1389 346 1445 innomine
357 1393 462 1446 Christi
473 1400 608 1465 tunquam
628 1397 664 1450 ad
680 1397 795 1451 celiecrn
812 1399 924 1454 Domini
966 1393 1311 1466 petestimmundurucsse
1321 1392 1512 1464 quodDomini
1524 1392 1764 1464 e8t‚⁰iq110m0d⁰

124 1478 249 1544 venistis
263 1484 291 1533 et
301 1479 338 1533 ibi
350 1497 396 1533 vos
407 1482 474 1535 estis
486 1483 514 1536 in
532 1501 637 1549 inensa,
652 1491 680 1538 et
691 1485 728 1539 ibi
745 1503 794 1539 ros
811 1488 878 1540 estis
895 1488 924 1542 in
966 1484 1095 1554 superius
1107 1484 1141 1536 de
1156 1482 1227 1536 escis
1240 1482 1297 1535 {litt
1312 1482 1412 1536 Omnia
1422 1485 1513 1545 litem,
1525 1482 1622 1535 Statim
1635 1480 1767 1536 subsecu-

125 1565 218 1632 eelice,
230 1568 374 1623 nobiscum
394 1587 441 1624 res
457 1573 542 1625 estis:
561 1573 643 1626 simul
664 1575 739 1628 enim
751 1576 803 1628 liec
813 1593 919 1633 sumus.
964 1580 1009 1626 tus
1024 1580 1081 1625 est:
1097 1573 1180 1627 Ornue
1196 1572 1267 1639 priori
1283 1574 1313 1624 in
1323 1574 1436 1624 iiieceile
1446 1574 1530 1628 erait,
1545 1572 1623 1628 edite.
1636 1572 1710 1624 niliit
1724 1574 1756 1624 iu·

124 1655 207 1707 simul
220 1654 340 1710 bibimus
350 1659 416 1728 quie
425 1659 507 1713 simul
523 1661 658 1716 risimus:
675 1665 736 1718 ,lon
747 1668 856 1733 potestis
877 1682 920 1719 ce·
970 1667 1136 1729 terrenitates
1153 1666 1264 1728 prepter
1283 1662 1475 1713 conscientiam
1484 1679 1492 1723 ,·
1514 1659 1567 1712 hoc
1584 1666 1680 1714 eutem
1703 1658 1767 1713 ideo

125 1745 203 1795 tieem
220 1745 331 1798 [lentini
336 1747 568 1802 littererteelieem
580 1753 794 1810 dirrueniernm:
808 1770 864 1807 non
876 1743 955 1823 pre-B
966 1750 1094 1821 sulijeeit,
1110 1755 1141 1801 ut
1151 1747 1239 1801 libera
1249 1747 1475 1801 sitconscientie:
1490 1748 1555 1800 lieet
1568 1746 1643 1800 enim
1659 1746 1766 1817 aliquid

125 1835 197 1884 testis
213 1849 310 1887 >ricimer
325 1836 436 1889 ltemiui
444 1841 615 1907 participare
627 1846 651 1893 et
672 1858 768 1895 iriense
779 1844 923 1896 etnrnenie-
964 1840 1001 1893 sit
1016 1838 1154 1909 pollutum
1177 1853 1227 1907 per
1248 1837 1442 1901 succidentium,
1469 1837 1494 1889 id
1518 1841 1570 1902 est,
1593 1835 1766 1890 oblationem

124 1936 198 1972 mim.
216 1921 293 1976 Sicut
308 1923 444 1977 Dominus
463 1926 516 1979 ait:
528 1927 589 1981 Jt'on
603 1933 711 1996 potestis
722 1932 773 1984 lieo
787 1935 889 1984 seruire
899 1937 923 1983 ct
966 1927 1041 1987 idoli,
1057 1944 1119 1979 eum
1136 1927 1187 1979 hoc
1199 1931 1294 1980 tamen
1303 1925 1399 1987 nescit,
1413 1926 1460 1996 qui
1476 1925 1554 1987 esurit,
1567 1924 1677 1979 nullum
1690 1924 1764 1995 peti·

124 2025 288 2064 nicuuuerer
309 2014 414 2082 titane..
432 2016 479 2085 rii,
497 2016 564 2085 quie
577 2017 624 2087 qui
644 2018 757 2071 calicem
773 2020 923 2073 daemonio-
965 2022 1012 2070 tur
1025 2015 1197 2086 scrupulum,
1212 2021 1241 2068 et
1255 2014 1329 2085 apud
1344 2015 1432 2068 Deum
1448 2014 1582 2067 immunis
1597 2020 1649 2067 est.
1660 2013 1765 2082 Siquis

124 2114 186 2151 rum
202 2098 369 2157 bibitcalici
380 2103 490 2156 Domini
503 2104 628 2169 insultet,
641 2112 670 2160 et
680 2124 742 2161 enm
756 2124 858 2163 mcnsre
869 2109 923 2162 dic-
964 2109 1039 2159 voret
1054 2120 1097 2156 ees
1113 2120 1144 2156 re
1158 2105 1314 2170 infidelibus
1333 2104 1370 2156 eet
1385 2119 1499 2169 cenaui,
1515 2106 1552 2155 ite
1567 2122 1575 2157 :
1595 2119 1675 2155 etune
1693 2102 1765 2170 qued

123 2188 282 2242 moruorum
292 2193 488 2258 communicat,
499 2211 601 2249 menses
611 2196 732 2261 Domini,
742 2197 769 2249 id
778 2198 921 2253 esteltari
963 2196 1117 2262 oppositum.
1128 2193 1201 2245 celiis
1215 2193 1300 2259 feerit
1315 2192 1393 2252 edite,
1410 2193 1483 2244 nituit
1493 2192 1677 2259 disquirentes
1705 2190 1765 2244 Hoc

122 2274 267 2346 obstrepit,
279 2285 307 2331 ot
319 2280 430 2333 Domini
442 2298 542 2353 corpus
552 2285 708 2354 crucifigit:
728 2286 829 2339 idcirco
846 2287 921 2340 enim
964 2290 1015 2346 est,
1024 2281 1189 2352 simpliciter
1202 2279 1369 2333 manducate
1385 2279 1459 2349 quod
1473 2279 1633 2349 apponitur,
1648 2295 1704 2332 nen
1720 2279 1764 2333 in·

123 2363 251 2418 rin-istus
261 2367 409 2421 ereciiixns
418 2377 470 2437 est,
482 2372 548 2441 quie
562 2373 687 2427 dissolvit
703 2391 788 2444 opere
807 2375 920 2439 diaboli,
963 2370 1219 2439 terregentesunde
1228 2368 1274 2421 sit.
1288 2369 1364 2423 il'iliil
1373 2371 1572 2434 inter-repentes
1580 2373 1692 2437 propter
1702 2385 1765 2421 eeu-

123 2453 168 2521 qui
187 2470 253 2523 erpo
271 2456 338 2509 llicit
352 2475 436 2527 epern
457 2459 569 2521 ‹linui-li,
587 2462 698 2517 Christe
715 2469 861 2532 repugnet.
879 2466 921 2517 An
962 2463 1117 2513 scientium.
1134 2457 1166 2511 Si
1180 2460 1241 2526 peis
1257 2463 1346 2511 cirtem
1364 2458 1475 2510 eliserit.
1487 2458 1761 2510 lleeiunuetetiliem

122 2545 291 2595 :rnieleniur
301 2546 461 2607 lloniinmn,
471 2552 601 2617 nunquid
611 2553 739 2618 tortiores
751 2554 800 2604 itte
810 2552 923 2604 ruinius?
964 2555 1001 2601 est
1015 2550 1107 2614 idelis,
1124 2550 1208 2602 eetitc
1223 2547 1402 2608 manducare,
1416 2550 1528 2615 prepter
1542 2548 1738 2599 censcientiam
1755 2566 1762 2599 .-

126 2628 173 2679 l'ix
186 2630 259 2682 irtnt
270 2630 386 2685 humilis
404 2635 509 2688 zeletur
527 2643 677 2706 petentem.
702 2639 752 2692 scit
772 2640 847 2692 enim
868 2657 923 2693 nen
964 2638 1257 2689 censcientiamentem
1265 2636 1333 2691 dieo,
1342 2650 1399 2686 nen
1407 2638 1495 2698 tuem,
1507 2634 1552 2685 sed
1565 2636 1692 2686 alterins.
1705 2633 1764 2687 lloc

123 2715 176 2768 sibi
197 2726 365 2788 ceriipetere,
377 2721 406 2773 in
418 2740 472 2792 quo
492 2724 532 2777 illi
550 2730 642 2794 petest
658 2726 775 2780 inrideri
789 2746 793 2779 :
806 2729 854 2781 sed
874 2736 923 2781 aut
956 2720 1093 2796 'perlectis
1110 2723 1289 2794 loquiturqni
1300 2721 1764 2792 pessuntconterunentesidelele·

123 2805 254 2875 inaequali
266 2807 416 2874 inridetur,
427 2817 477 2864 eut
490 2829 576 2883 prope
594 2815 709 2884 airpneli3
729 2816 791 2868 ideo
807 2818 923 2886 ilpesto·
963 2814 1058 2879 triam,
1078 2813 1145 2883 quie
1159 2812 1227 2865 nilril
1242 2818 1284 2865 est
1295 2811 1465 2864 manducare
1479 2811 1513 2864 de
1527 2810 1673 2874 secrilicio,
1688 2811 1763 2864 vcerti

123 2895 165 2946 lus
176 2911 233 2947 non
249 2913 330 2966 pesse
339 2898 409 2952 dixit
426 2900 554 2955 homines
573 2904 698 2956 minuleri
714 2905 864 2958 Dominum
880 2907 923 2959 Je—
965 2903 1032 2972 quie
1046 2901 1118 2971 qnod
1134 2900 1184 2953 suit
1199 2901 1249 2955 Dei
1266 2900 1400 2953 creatoris
1410 2899 1524 2952 nominc
1539 2899 1632 2952 editur
1646 2915 1702 2952 non
1717 2916 1766 2970 po·

121 2999 193 3039 sum.
205 2990 341 3054 praeterea
352 2988 398 3056 qni
411 2988 490 3042 illum
506 2991 606 3053 sciunt,
624 2992 646 3044 si
668 3010 722 3062 qne
743 2993 845 3058 rninus,
868 3011 923 3048 non
965 2997 1019 3044 test
1034 2991 1169 3060 polluere,
1181 2990 1228 3042 sed
1239 2989 1387 3060 quintilius
1401 2989 1449 3059 qni
1464 2988 1546 3041 idelis
1553 2988 1648 3053 servit,
1657 2989 1764 3057 glorie-

121 3071 261 3126 rideliitur
269 3074 309 3127 eis
320 3075 422 3144 dignus
439 3095 499 3131 esse
514 3080 604 3132 secari
620 3080 766 3139 Dominus,
786 3099 869 3153 quem
881 3100 923 3136 ze·
935 3059 1040 3132 Cbitur
1054 3085 1082 3132 te
1097 3079 1198 3132 edente
1209 3078 1243 3130 de
1254 3078 1426 3136 sacrificatis,
1438 3076 1667 3147 quasivenereris
1678 3077 1763 3134 idela:

122 3160 224 3223 lentur,
237 3179 272 3214 ne
283 3163 418 3217 Dominus
434 3166 479 3219 sit.
500 3168 654 3221 Zeloenim
674 3170 792 3223 Satanas
809 3171 922 3225 idolele·
964 3169 1025 3221 ideo
1037 3167 1325 3236 1rernlebetcdi,ep11d
1336 3165 1765 3220 eonscientiemcnimilleleete·

121 3248 203 3301 triem
215 3249 330 3312 invenit,
342 3260 373 3306 ut
385 3253 511 3308 lnnnines
521 3257 650 3326 iurgando
670 3259 758 3312 Deum
769 3259 920 3313 Dominum
963 3256 1038 3331 bitur
1046 3273 1136 3321 suern,
1147 3254 1324 3325 quieriditte
1332 3254 1592 3324 libenteruppctcre
1601 3254 1765 3324 quodidolis

120 3338 427 3411 idolisserriautquesi
446 3343 543 3397 ‹liisot
565 3345 696 3399 dominis.
723 3347 823 3401 (iniriie
853 3350 922 3401 initii
963 3345 1140 3398 immolatum
1152 3350 1203 3396 est.
1219 3345 1249 3398 tt
1262 3344 1330 3412 quid
1340 3346 1412 3395 cuim
1426 3344 1536 3396 liinrtes
1549 3344 1765 3410 iiirejudiretur

121 3429 212 3489 licent,
227 3430 272 3481 sed
287 3446 340 3481 nen
357 3435 452 3484 rmnn'e
466 3435 621 3500 riperti-iuti.
637 3436 740 3489 Omnia
757 3436 824 3490 dicit
838 3437 921 3489 licere
963 3436 996 3486 eir
1011 3432 1258 3487 eti'ccenseieutiet
1272 3432 1329 3485 lloc
1343 3431 1411 3484 dicit
1425 3432 1491 3501 quin
1503 3448 1567 3484 eum
1580 3430 1615 3484 ab
1629 3431 1697 3485 idoli
1713 3432 1764 3486 de·

119 3516 272 3569 secuudum
285 3519 374 3585 legem
385 3528 502 3586 naturae,
514 3522 609 3575 eumin
626 3524 700 3576 enirn
722 3525 828 3577 munde
844 3531 919 3586 sinit,
962 3522 1072 3575 sotiinre
1086 3521 1256 3574 couscientia
1266 3520 1302 3573 sit
1312 3519 1410 3580 libem,
1423 3520 1488 3591 quid
1500 3536 1570 3590 opus
1580 3528 1623 3572 est
1637 3526 1669 3573 ut
1685 3527 1765 3590 pute·

119 3604 153 3655 ‹le
176 3607 246 3657 reseris
267 3605 403 3676 sigebotus·
424 3617 452 3662 et
470 3627 553 3663 carue
573 3611 653 3665 idolis
674 3613 834 3666 inirnelata:
855 3630 920 3666 nem
961 3616 1016 3672 tur,
1033 3611 1100 3680 quiin
1115 3609 1302 3663 venerationis
1318 3625 1402 3663 cause
1417 3609 1482 3675 utet
1497 3609 1579 3662 idolis
1595 3609 1765 3663 iinrnelete?

119 3694 372 3764 ‹puaep1·ehibiteet
384 3697 620 3766 interdimissum,
634 3703 773 3771 quemodo
791 3702 844 3755 diri
860 3719 921 3773 pos-
959 3699 1102 3767 judicatur
1121 3699 1197 3752 eninr
1216 3715 1272 3752 non
1292 3697 1397 3751 distare
1416 3696 1450 3750 ali
1470 3715 1502 3750 eo
1523 3697 1569 3766 qui
1589 3697 1656 3750 colit
1676 3697 1761 3752 idolo.

118 3782 276 3837 suntlicerc
288 3785 299 3837 t
310 3786 470 3840 resitetiam
488 3787 532 3841 hic
544 3788 605 3859 ipse
624 3807 685 3860 quie
704 3807 835 3844 concesse
855 3797 921 3845 sunt
963 3788 1074 3858 quande
1086 3803 1141 3840 non
1156 3788 1253 3840 horret
1266 3787 1339 3857 qued
1355 3785 1480 3839 oblatum
1497 3791 1540 3839 est
1554 3785 1715 3839 simulacre.
1732 3786 1765 3841 Si

117 3870 257 3939 significet
267 3874 417 3945 aliquando
427 3893 482 3929 non
492 3878 622 3948 expedire
636 3878 647 3930 i
658 3879 731 3932 sicut
741 3880 809 3933 dicit
822 3881 920 3935 Petrus
961 3880 1035 3929 enirn
1047 3893 1092 3943 epo
1102 3893 1163 3929 cum
1174 3879 1268 3943 pretia
1282 3878 1427 3944 participe,
1445 3876 1513 3943 qnid
1527 3875 1698 3942 etasptnmor
1710 3890 1763 3943 pre

118 3961 261 4029 apestolus
274 3980 279 4013 :
293 3964 324 4016 Si
336 3964 390 4016 liner
400 3971 442 4017 est
456 3981 539 4018 caeso
553 3969 610 4018 uiri
623 3984 686 4018 cnm
703 3984 795 4023 urere.
809 3985 864 4021 nen
878 3985 920 4021 er·
961 3981 989 4017 ee
1008 3967 1080 4032 praeit
1091 3964 1277 4031 plutiniano?
1292 3964 1322 4017 ld
1336 3970 1387 4028 est,
1405 3964 1427 4016 si
1444 3980 1495 4031 ego
1510 3962 1604 4031 gratie
1619 3962 1669 4015 Dei
1684 3979 1763 4016 cem·

117 4050 190 4114 peret
204 4051 304 4101 irretirer
320 4052 426 4116 tllettli.
440 4068 506 4111 xix).
961 4054 1083 4107 inimico.
1100 4055 1166 4123 quia
1181 4053 1209 4106 in
1226 4053 1312 4122 ipsius
1326 4052 1439 4105 nemine
1458 4052 1519 4105 erili).
1542 4051 1607 4121 qnid
1628 4067 1700 4121 epus
1720 4058 1760 4105 cst

155 4139 256 4188 (tinnio
271 4140 361 4197 licent,
379 4141 424 4190 seii
438 4156 492 4193 neu
502 4145 598 4193 emiu'n.
612 4143 756 4208 edificent.
771 4143 846 4197 lilem
858 4161 918 4196 sen-
960 4141 1012 4194 hoc
1027 4141 1157 4194 arbitrari
1172 4141 1304 4212 aliquem,
1318 4141 1384 4210 quie
1398 4157 1449 4209 ege
1465 4140 1538 4192 idolo
1554 4139 1670 4192 ‹leretns
1686 4156 1760 4193 suni.

118 4240 175 4285 sus,
189 4224 536 4294 quisliceteruniaedere,
549 4228 596 4281 sed
615 4229 687 4298 quod
702 4229 919 4284 idolisimmole-
960 4229 1026 4283 ilum
1046 4247 1102 4283 non
1122 4230 1222 4282 liorreo
1241 4246 1302 4300 qum
1325 4228 1418 4281 oblate
1439 4234 1504 4282 sunt
1525 4227 1607 4281 idolo.
1629 4228 1681 4281 hec
1707 4237 1759 4283 est.

118 4321 165 4367 tur
175 4329 230 4367 non
241 4313 369 4380 edificat,
383 4316 449 4386 quia
469 4316 632 4371 surndaluni
650 4318 715 4371 tecit
734 4319 822 4374 lintri.
846 4320 917 4373 sicut
962 4342 974 4368 e
987 4318 1182 4389 blasphemor?
1197 4337 1209 4365 u
1226 4319 1261 4371 Et
1275 4334 1320 4371 rue
1337 4334 1403 4387 erge
1418 4317 1602 4386 blasphemat,
1624 4324 1653 4369 ct
1669 4317 1716 4370 ille
1732 4319 1760 4372 in

118 4403 318 4473 supradictum
336 4411 387 4469 cst,
404 4405 522 4475 ideoque
538 4423 556 4458 n
576 4406 658 4460 lieitis
678 4407 827 4477 aliqnando
847 4376 950 4462 tinn-D
960 4407 1100 4461 ideliosue
1110 4405 1760 4477 getulct,ilurn1neputatpertieipem,lutbetec-

118 4493 273 4562 perendmn
283 4499 334 4558 est,
346 4499 377 4547 ut
387 4495 483 4564 prosit.
503 4495 574 4548 Hinc
590 4502 633 4548 est
650 4496 723 4548 unde
738 4503 866 4567 sumptus
882 4497 917 4550 eli
959 4496 1098 4550 cusienem
1108 4496 1292 4566 permanendi
1306 4496 1336 4548 in
1344 4512 1448 4549 errore.
1466 4500 1494 4547 et
1504 4493 1638 4547 tratribus
1653 4496 1759 4549 melum

120 4580 171 4643 tiis,
183 4598 246 4634 ierim
259 4582 283 4634 ei
295 4582 399 4641 liceret.
414 4584 503 4637 uoluit
513 4585 649 4655 aetcipere,
661 4584 751 4637 sciens
761 4602 817 4638 non
836 4602 917 4656 expe·
958 4585 1216 4654 ilntnrcxcmplum:
1226 4583 1658 4654 namsipimeeptuminlegeest,
1668 4584 1760 4638 ntluci

118 4669 188 4720 dire.
201 4669 284 4721 ,ierne
296 4672 367 4737 ‹piieel
379 4687 463 4724 suine
477 4678 512 4725 est
527 4679 641 4741 quirunt,
656 4675 701 4724 srrl
710 4675 914 4741 qiioelnlterins.
959 4682 987 4726 et
1002 4691 1057 4726 errae
1072 4680 1100 4725 ct
1114 4673 1198 4726 tituli.
1215 4681 1243 4726 et
1258 4672 1319 4742 ipse
1331 4672 1408 4726 idola
1421 4672 1644 4740 confringantur,
1657 4672 1720 4724 ride
1736 4675 1758 4726 si

119 4758 220 4823 (Cass.)
238 4756 272 4810 Et
287 4758 409 4811 cliarites
429 4777 485 4815 nen
506 4763 606 4832 quierit
625 4779 686 4832 quic
703 4779 753 4815 sua
772 4771 847 4821 sunt,
868 4764 914 4816 sed
958 4778 1014 4815 non
1026 4769 1169 4832 peccatum
1185 4768 1236 4825 est,
1254 4778 1309 4814 non
1321 4762 1412 4814 selum
1423 4762 1545 4814 lraccnen
1559 4761 1660 4825 fecere,
1672 4760 1759 4815 sedet

119 4862 180 4916 qum
191 4844 321 4911 eliorum,
333 4864 364 4898 ue
375 4848 409 4898 ‹le
420 4865 449 4899 se
465 4848 525 4918 ipse
541 4851 581 4903 eit
596 4869 601 4902 :
616 4853 675 4905 ,ion
693 4868 793 4919 (pilare,
813 4851 913 4922 inquit,
959 4852 1091 4904 interesse
1106 4851 1194 4920 epulis
1205 4850 1376 4919 hujusmodi,
1389 4857 1537 4920 propterca
1548 4848 1582 4902 ele
1593 4849 1758 4903 sacrificetis

119 4935 190 5002 qued
199 4934 268 4987 initii
277 4938 342 4987 utile
352 4940 397 4998 est,
414 4938 459 4989 snt
472 4940 543 5003 qued
558 4943 652 4992 iiiiitlis
668 4946 695 4993 nt
707 4943 780 4994 selei
793 4943 872 5006 fient.
888 4941 917 4994 Si
958 4956 1013 4993 neu
1024 4939 1136 5010 expedit
1147 4939 1239 4992 edere.
1251 4940 1312 4994 Sive
1322 4940 1577 5006 epe›sicinini-eutr,
1590 4940 1643 4991 sire
1654 4939 1756 4993 diuitis.

119 5022 195 5075 enim
205 5038 308 5092 eaque„¹
320 5028 416 5076 nostre
425 5030 490 5076 sunt
499 5026 658 5093 quaerimus,
672 5035 699 5080 et
711 5027 736 5079 id
750 5028 821 5098 qued
837 5027 917 5080 nobis
959 5031 999 5081 cel
1009 5020 1268 5096 aliudquietfiieiiis,
1277 5031 1372 5080 omnio
1381 5030 1536 5095 inpleriem
1547 5028 1594 5079 ltei
1603 5029 1695 5091 facite.
1705 5029 1759 5081 l‘rr

119 5110 187 5165 utile
206 5118 249 5165 est
273 5111 454 5182 pertinaciter
470 5113 596 5166 nolumus
618 5122 767 5181 retentare,
786 5117 871 5169 etiem
889 5116 916 5169 in
959 5116 1016 5170 time
1029 5115 1154 5186 subjecta
1169 5116 1321 5170 declaravit
1335 5116 1364 5168 in
1381 5116 1466 5168 idolio
1489 5115 1582 5171 edere.
1604 5116 1703 5184 queris
1721 5116 1757 5169 li-

121 5199 280 5269 hujusmodi
290 5200 503 5255 necessitatibus
513 5202 588 5271 loqui
600 5219 649 5256 nos
664 5220 776 5258 necesse
791 5211 834 5257 est
848 5204 917 5257 reii-
957 5212 1002 5259 cet
1015 5204 1194 5267 conscientie,
1211 5204 1356 5257 inimicum
1368 5222 1427 5257 esse
1442 5205 1513 5269 Deog
1527 5204 1563 5257 ed
1573 5203 1756 5274 opprobrium

119 5294 216 5351 tatem,
235 5294 263 5340 et
284 5304 347 5342 reus
366 5290 426 5343 fieri
445 5290 544 5343 mertis
564 5290 679 5345 aliene:
694 5293 717 5345 si
729 5310 793 5346 rere
804 5309 837 5346 ee
856 5311 916 5362 qum
958 5294 1033 5348 eninr
1047 5294 1131 5347 unius
1143 5293 1192 5348 Dei
1203 5293 1261 5347 lucc
1271 5293 1381 5346 diabole
1392 5292 1567 5355 dedicentur,
1579 5309 1645 5345 uam
1656 5293 1684 5346 in
1695 5293 1756 5363 gle-

120 5375 181 5428 eliis
190 5377 325 5429 salutaria
334 5384 409 5443 sunt,
422 5378 525 5433 nestris
535 5378 700 5433 utilitulibus
710 5389 914 5451 preponentes,
958 5383 1029 5435 riam
1044 5382 1094 5436 Dei
1110 5382 1202 5448 edere,
1215 5387 1242 5434 et
1255 5380 1358 5446 bibere,
1371 5386 1399 5435 et
1414 5381 1518 5451 aliquid
1533 5382 1754 5447 t'accrehoccst.

120 5464 279 5534 Apostolico
298 5464 514 5521 satisfecerimus
533 5467 661 5537 imperio,
678 5469 738 5522 sine
749 5470 833 5523 dubio
853 5470 917 5523 sue
958 5456 1052 5523 ut'sub
1066 5470 1241 5523 invocatione
1259 5470 1404 5523 Creatorie
1418 5487 1482 5523 curn
1504 5469 1643 5522 modestia
1660 5470 1755 5522 cernui-

121 5553 215 5608 eunde
223 5559 266 5609 est
275 5552 355 5608 nobis
365 5556 515 5609 necessitas
530 5556 694 5615 mentiendi.
711 5558 851 5612 etidcirco
865 5575 916 5611 nec
956 5558 1033 5612 sium
1047 5557 1214 5614 celebretur.
1231 5557 1260 5610 in
1274 5557 1394 5627 gloriam
1406 5558 1456 5611 Dei
1471 5566 1567 5611 eutem
1587 5556 1693 5628 aliquid
1712 5559 1755 5623 fit,
