3772 6120
53 270 100 330 ³29
287 273 576 330 annuun'rlouuu
595 275 634 329 IN
657 275 734 329 EPP.
755 274 862 328 PAULI
881 274 950 329 LlB.
968 275 1026 328 XV.
1044 275 1125 330 -lN
1144 273 1255 328 EPIST.
1267 272 1316 340 AD
1335 272 1464 328 GALAT.
1645 250 1698 328 330

53 400 108 449 cato
118 401 197 449 sunt.
211 398 269 450 itta
282 402 442 465 autesuque
457 412 572 451 sursum
583 402 621 450 est
632 399 805 452 Hierusalem
821 397 937 456 tt·Aud
951 400 1028 452 Isaac
1041 414 1122 468 quem
1136 398 1277 465 ueneram
1297 398 1348 451 tibi
1364 398 1436 453 Sura
1456 400 1488 452 in
1514 403 1631 468 tempore
1646 403 1698 454 isto

53 484 109 536 lere
121 489 169 548 est,
188 500 253 552 qua
266 490 306 538 est
328 490 418 538 muter
434 491 542 539 nostru.
564 485 629 539 Haec
641 501 726 555 quam
737 491 857 539 matrem
897 492 1107 540 onerarenturo.
1125 486 1164 540 Ex
1175 485 1277 556 quibus
1288 486 1401 540 evidens
1418 489 1469 551 est,
1487 485 1575 556 ipsius
1587 503 1699 559 quoque

54 577 174 626 uestram
184 571 269 638 dicit,
278 573 379 642 regula
388 572 705 645 estDominicimysterii
711 589 763 644 per
772 589 856 645 quarn
897 573 1073 628 sermonibus
1083 574 1142 639 Dei,
1159 573 1262 628 lamuel
1277 575 1431 629 secundum
1453 574 1698 646 repromissionem

54 660 230 715 renascimur
245 660 452 727 inlibertatem,
461 661 535 715 sicut
548 667 577 716 et
587 661 743 732 ipsalibera
756 667 808 728 est,
828 668 857 715 et
897 677 958 715 esse
973 668 1148 732 generatum.
1169 663 1223 717 Sed
1239 669 1268 717 et
1281 663 1335 716 boc
1355 662 1396 717 ita
1408 663 1534 729 solvitur,
1551 664 1700 736 repromis-

55 748 110 803 ideo
119 750 251 804 scelestis
267 750 380 815 dicitur,
404 750 470 821 quia
482 750 584 804 coelum
598 750 679 803 sedes
693 751 755 820 ejus
765 757 816 816 est,
833 756 861 804 et
901 748 1008 803 sionem
1024 751 1136 822 proprie
1155 751 1184 805 in
1200 751 1362 806 testamenti
1377 752 1492 806 datione
1513 752 1657 823 compleri,
1670 759 1699 806 et

53 853 115 908 quos
127 845 264 908 generat,
274 838 313 893 ibi
321 845 477 893 eruntcum
487 855 529 905 ea,
545 838 858 893 sicutdicitDomiuus:
903 837 1055 892 aliudesse
1073 838 1247 903 benedicere,
1269 857 1381 911 augere,
1409 839 1596 911 multiplicare
1619 841 1700 895 vehe-

54 928 137 993 loter,
148 944 220 996 quos
235 929 418 982 ‹ledistlms'ii
427 931 486 981 eolo
501 932 533 981 ut
547 928 596 980 ubi
606 943 652 993 epo
670 929 749 995 suero
765 928 860 998 [susu],
903 930 1022 992 menter,
1037 928 1149 998 quodin
1173 928 1273 983 ismael
1288 929 1482 1000 scriptumest
1497 947 1503 982 :
1523 929 1600 984 aliud
1610 930 1699 984 haerc-

55 1021 72 1069 st
85 1016 116 1069 lu'
124 1019 187 1070 siut
198 1033 308 1071 saecum
319 1018 410 1081 (loen.
422 1015 569 1085 xva).Haec
580 1015 857 1086 estetvita,quiaim·
903 1014 968 1068 dem
982 1015 1344 1088 lacerepertestamentum,
1358 1018 1430 1089 quod
1441 1018 1560 1073 delsaac
1572 1016 1675 1073 dicitur
1692 1036 1698 1070 :

54 1105 170 1158 mortale
183 1105 340 1169 donantur,
366 1105 414 1175 qui
438 1104 584 1158 credentes
602 1110 789 1159 renascuntur
807 1122 856 1176 per
897 1102 1025 1159 Statuam
1040 1111 1233 1160 testamentum
1246 1123 1340 1160 meum
1348 1108 1386 1160 ad
1393 1122 1456 1161 eura
1466 1111 1497 1161 in
1506 1111 1699 1161 testamentum

55 1209 111 1248 enm
128 1211 135 1245 :
152 1194 196 1248 sic
210 1194 288 1248 enim
303 1193 338 1247 de
353 1192 473 1247 Domino
491 1191 599 1246 dictum
614 1193 829 1262 satiaretur)
846 1214 854 1248 :
896 1197 1039 1259 aternum,
1057 1199 1082 1247 et
1097 1197 1199 1249 semini
1213 1199 1271 1263 ejus
1283 1200 1343 1264 post
1357 1211 1420 1248 eum
1436 1214 1443 1258 ;
1469 1200 1498 1249 et
1510 1194 1540 1249 in
1553 1193 1697 1265 sequenti·

56 1284 121 1350 Ouia
135 1284 215 1351 quod
228 1284 384 1350 factumest
399 1283 610 1346 intllo‚oitaest
627 1299 632 1333 :
649 1285 800 1336 sicutenim
807 1285 856 1337 Pa·
897 1278 966 1334 bus:
985 1283 1186 1337 Testamentum
1200 1289 1294 1338 autem
1314 1299 1407 1337 meum
1422 1289 1545 1337 statuam
1558 1284 1596 1337 ad
1610 1285 1696 1347 lsaee,

56 1376 91 1425 ter
104 1372 188 1425 hebet
202 1373 302 1434 eitam,
314 1373 356 1423 tta
369 1371 442 1423 dedit
451 1374 476 1422 et
489 1371 559 1423 Filio
572 1372 670 1426 uitem.
684 1370 717 1423 ut
729 1373 857 1427 viluerat
896 1384 977 1436 qtsem
986 1373 1078 1438 pariet
1095 1373 1147 1425 tibi
1154 1371 1236 1427 Sura.
1255 1371 1289 1425 Et
1303 1371 1444 1442 quomodo
1453 1370 1529 1425 aliud
1538 1371 1696 1436 suntdona,

56 1463 100 1514 lus
113 1460 277 1514 bominum.
297 1457 468 1513 Haecvitaet
481 1457 538 1523 lux,
555 1463 646 1511 mater
657 1462 700 1511 est
718 1457 853 1512 fidelium.
897 1456 972 1511 aliud
987 1457 1153 1524 substantia,
1170 1459 1247 1514 aliud
1267 1460 1370 1530 legata,
1394 1459 1470 1513 aliud
1487 1458 1699 1525 haereditastle-

56 1547 128 1604 Sicut
145 1550 286 1617 seriptum
297 1553 344 1601 est.
361 1547 394 1602 In
410 1546 482 1601 Isaia
495 1547 571 1600 enim
586 1546 638 1600 hac
653 1545 855 1618 habeturquod
895 1545 990 1614 minus
1006 1546 1081 1601 enim
1093 1547 1168 1614 (Gen.
1189 1551 1256 1616 xxv)
1272 1547 1337 1601 tiliis
1348 1546 1569 1602 concubinarum
1579 1545 1699 1602 Abrabae

57 1635 212 1707 subjectum
226 1642 285 1690 est:
296 1636 407 1702 lature,
416 1638 518 1690 sterilis
527 1652 585 1705 qua
591 1651 647 1689 nau
651 1638 856 1705 parmarumque
896 1633 971 1687 dona
984 1635 1098 1700 tradita,
1115 1636 1173 1690 tilio
1188 1641 1283 1690 autem
1294 1637 1370 1691 Sarte
1376 1636 1463 1690 totius
1471 1635 1634 1691 substantiae
1643 1634 1698 1690 hae·

57 1728 219 1788 etesetuma,
228 1728 499 1794 quenonparturis;
517 1727 584 1793 quie
590 1727 675 1778 inulti
682 1727 737 1791 titii
746 1726 855 1778 deserta
864 1727 888 1787 Β
897 1722 1046 1777 reditatem
1057 1723 1194 1793 relictam)
1213 1741 1218 1776 :
1231 1724 1273 1779 ita
1286 1724 1364 1779 aliud
1379 1741 1449 1790 essa,
1466 1730 1499 1779 ut
1511 1724 1642 1791 diximus,
1651 1722 1698 1778 be·

59 1817 238 1882 neququam
253 1817 312 1882 eires
326 1829 386 1881 qua
403 1814 480 1867 trebel
501 1815 597 1866 uirum
614 1814 678 1879 (lea.
695 1816 760 1880 mu).
777 1813 855 1866 Hanc
896 1809 1084 1865 nedictionem
1094 1813 1285 1884 atquelegnta‚
1298 1813 1375 1867 aliud
1383 1813 1659 1868 testamentum.Sed
1668 1817 1698 1867 et

60 1908 198 1957 terrenam
212 1900 391 1955 Hierusalem
407 1901 497 1955 virum
515 1901 617 1955 habere
632 1900 709 1966 dicit,
726 1901 793 1972 quia
810 1918 855 1954 se·
897 1899 949 1952 boc
961 1899 1016 1953 dici
1026 1904 1120 1971 potest
1132 1901 1167 1955 de
1183 1901 1311 1969 Ismaele,
1324 1907 1564 1975 postconceptum
1577 1901 1639 1971 ejus
1653 1899 1696 1954 vel

60 1992 176 2046 cundum
200 2006 317 2045 carnem
339 1994 459 2060 generat
474 2007 480 2041 :
496 1989 575 2044 illam
596 1995 691 2044 autem
714 1990 855 2044 coelestem
896 1987 1084 2056 angelum,vel
1092 1989 1182 2044 Deum
1195 1991 1330 2055 locutum,
1341 1991 1376 2044 de
1385 1990 1534 2045 Isaacvero
1544 1994 1696 2060 antequam

60 2079 232 2135 Hierusalem
247 2095 334 2150 quam
350 2077 419 2132 dicit
433 2083 553 2132 matrem
568 2083 705 2144 nostram,
731 2079 855 2133 sterilem
896 2074 925 2130 in
941 2076 1103 2132 Sarmatero
1115 2078 1311 2150 conciperetur
1324 2079 1414 2134 Deum
1428 2079 1515 2133 fuisse
1529 2068 1694 2150 pollicitum.

60 2168 194 2239 appellnt:
213 2167 282 2239 quia
292 2183 348 2221 non
358 2166 433 2237 parit
442 2166 595 2222 secundum
610 2182 732 2232 carnem,
740 2182 792 2222 nec
804 2167 856 2221 do·
896 2164 1105 2220 Nuncbreviter
1118 2167 1154 2220 ad
1168 2167 1271 2221 altiora
1279 2167 1451 2222 tendendum
1462 2172 1513 2233 est,
1526 2172 1559 2220 ut
1569 2166 1695 2220 dicamus

62 2256 125 2311 lares
138 2256 258 2328 patitur,
272 2255 326 2310 hoc
345 2261 453 2309 estnon
472 2255 603 2326 parturit,
623 2261 741 2325 generat
760 2261 855 2310 autem
896 2268 1127 2324 unumquemque
1142 2261 1271 2309 nostrum
1287 2255 1411 2326 primum
1426 2271 1483 2311 non
1501 2255 1584 2324 juxta
1597 2269 1694 2325 repro·

64 2346 115 2399 sine
123 2344 266 2417 passione,
288 2344 463 2415 spiritaliter,
489 2343 648 2398 exclamans
667 2344 697 2398 in
714 2343 853 2408 laetitiam,
897 2341 1060 2396 missionem
1072 2343 1290 2414 nasei,quandiu
1301 2343 1510 2414 Scripturarum
1520 2341 1611 2396 verbis
1625 2341 1694 2396 sim·

65 2435 121 2505 quis
131 2434 247 2489 deserta
265 2433 418 2504 aliquando
429 2434 460 2503 (a
474 2448 539 2503 quo,
551 2432 605 2486 nisi
618 2432 653 2487 ab
667 2433 777 2486 Adam?
789 2433 857 2503 quia
896 2429 1015 2500 plicibus
1025 2431 1170 2497 intruitur,
1192 2437 1221 2485 et
1233 2431 1354 2502 judaicis
1365 2431 1456 2486 adhuc
1476 2429 1695 2502 expositionibus

66 2522 165 2577 deserta
174 2523 243 2588 vita,
256 2527 369 2577 secutus
379 2526 423 2575 est
436 2523 576 2589 mortem),
592 2536 668 2575 nunc
674 2521 769 2592 plures
783 2521 856 2577 filios
896 2507 1073 2573 delectatur:
1091 2520 1202 2590 quando
1222 2536 1286 2574 vero
1311 2520 1347 2574 ad
1365 2519 1530 2574 sublimiora
1553 2523 1696 2574 transcen-

68 2610 142 2666 bsbet
156 2627 244 2682 quam
255 2610 314 2666 baec
332 2626 394 2681 quae
409 2608 494 2664 habet
501 2609 601 2673 virum,
619 2609 709 2675 idest,
723 2626 785 2681 quae
794 2627 856 2664 car·
896 2607 970 2662 derit
984 2614 1013 2661 et
1027 2607 1119 2678 legem
1129 2608 1301 2663 intellexerit
1314 2607 1481 2680 spiritalem,
1498 2613 1566 2663 tunc
1580 2622 1645 2662 eum
1660 2606 1695 2661 de

68 2699 158 2754 naliter
167 2703 289 2770 generat
306 2716 312 2750 :
331 2698 421 2752 multo
431 2698 507 2752 enim
517 2699 611 2768 plures
625 2703 692 2752 sunt
705 2697 857 2753 Christiani
897 2697 1337 2767 repromissionegenerari:etut
1344 2697 1469 2768 apertius
1476 2697 1583 2768 loquar,
1601 2695 1695 2766 quoti·

69 2787 170 2853 ludaeis,
186 2787 262 2841 sicut
269 2786 338 2840 dicit
350 2785 380 2840 in
389 2786 557 2858 Apocalypsi
572 2788 660 2855 (Apes.
677 2786 742 2857 uu):
756 2787 789 2841 m
799 2788 859 2841 uidi
898 2785 943 2838 die
958 2802 1005 2840 eos
1021 2785 1069 2856 qui
1086 2784 1193 2840 iaciunt
1216 2802 1302 2857 opera
1310 2785 1438 2853 Abrahae,
1451 2784 1638 2840 deAbrabam
1647 2800 1696 2838 na·

71 2878 169 2931 turbem
192 2892 328 2945 empnam
348 2891 434 2947 quam
449 2891 599 2930 auruerare
614 2891 693 2928 memo
706 2880 857 2944 potetates
897 2873 949 2928 sci:
963 2891 1060 2928 verum
1075 2874 1197 2945 illosqui
1212 2873 1318 2929 habent
1335 2875 1472 2946 Spiritum
1487 2873 1630 2929 servitutis
1644 2873 1696 2927 ite·

68 2970 134 3020 omni
150 2966 228 3020 tribu
243 2969 355 3033 eluente
365 2962 750 3033 (Hier.)Nimiaedils1cultatis
760 2963 856 3017 estde-
898 2962 1117 3029 rumintimore,
1132 2980 1165 3017 ex
1175 2962 1277 3018 ancilla
1291 2964 1421 3033 generari
1436 2963 1577 3035 AEgpptia,
1593 2978 1696 3017 eosau·

69 3060 223 3120 monstrare,
233 3054 430 3109 Isaactantum
442 3052 529 3123 quide
540 3053 610 3107 Sara
619 3057 759 3116 natusest,
769 3051 855 3106 fuisse
865 3038 887 3098 G
896 3054 955 3104 tem
963 3051 1010 3120 qui
1017 3051 1154 3122 Spiritum
1169 3051 1327 3123 adoptionis
1345 3051 1512 3122 acceperint,
1528 3069 1561 3106 ex
1576 3051 1646 3127 Sara
1659 3050 1694 3104 li-'

68 3143 93 3197 de
106 3142 324 3215 repromissione
338 3147 515 3211 generatum,
530 3147 559 3195 et
572 3157 629 3195 non
643 3140 728 3196 etiam
743 3140 853 3207 ismael,
896 3137 972 3204 bera,
990 3155 1046 3209 qua
1064 3138 1193 3195 libertate
1215 3157 1232 3195 a
1255 3140 1367 3195 Christo
1388 3141 1485 3194 donati
1507 3155 1614 3194 sumus.
1632 3138 1695 3206 Oua

69 3231 221 3303 quidebgar
226 3229 856 3301 ancillacstortusAEgyptiaScripturaquippe
897 3226 1020 3297 quidem,
1032 3228 1133 3298 inquit,
1149 3233 1214 3282 suat
1222 3245 1273 3298 per
1282 3232 1446 3298 allecoriam
1457 3229 1540 3283 dictu.
1552 3226 1696 3298 allegoria

68 3320 139 3376 uicit
149 3319 225 3392 quod
242 3335 307 3374 cum
316 3323 501 3390 persequente
513 3318 591 3384 Sara,
607 3319 684 3389 Agar
695 3317 752 3372 ieta
765 3317 855 3387 fugis·
897 3315 1008 3387 proprie
1032 3316 1066 3371 de
1093 3323 1154 3371 arte
1168 3317 1354 3387 grammatica
1377 3323 1429 3383 cst,
1444 3322 1473 3370 et
1487 3318 1561 3388 quod
1573 3333 1591 3370 a
1604 3321 1694 3370 meta-

68 3414 108 3476 set,
123 3416 153 3464 et
164 3407 291 3463 uenisset
305 3407 341 3461 ad
354 3423 418 3461 eam
433 3407 549 3476 angelus
563 3405 594 3460 in
614 3407 735 3471 deserto,
757 3422 855 3460 mone·
897 3405 994 3475 phora,
1004 3405 1047 3458 vel
1061 3404 1168 3460 ceteris
1182 3405 1271 3477 tropis
1281 3404 1402 3472 differat,
1420 3405 1450 3460 in
1468 3405 1570 3460 scholis
1585 3404 1694 3476 parvuli

67 3503 153 3570 retque
183 3504 219 3552 ut
249 3494 436 3567 subjiceretur
467 3494 586 3549 dominre
613 3494 755 3565 potestati,
781 3494 856 3548 idem
897 3488 1695 3563 discimusnliudpraetenditinverbis,aliudsignificatiu
1790 3566 1797 3577 ι

66 3586 113 3656 ipse
130 3584 253 3657 angelus
273 3583 359 3638 etiam
379 3583 438 3638 baec
452 3583 561 3637 locutus
576 3582 636 3636 sit:
667 3584 857 3652 multiplicans
897 3597 991 3635 sensu.
1004 3580 1082 3634 Pleni
1101 3586 1168 3636 sunt
1186 3588 1331 3636 oratorum
1346 3581 1487 3652 allegoriis
1501 3586 1530 3635 et
1547 3584 1694 3651 poetarum

65 3675 248 3744 mutptteote
257 3688 349 3728 umen
364 3679 454 3737 tuum,
469 3677 494 3726 et
513 3687 569 3726 ηοη
591 3673 787 3726 nurnerabitur
799 3686 857 3740 pra
897 3668 1343 3740 libri.Sc1ipturaquoquedivina
1353 3668 1694 3741 perhancnonmodicaex

65 3764 240 3819 multitudiue
252 3763 329 3829 (Gen.
342 3763 399 3829 xvi)
418 3779 425 3827 3
451 3765 481 3814 et
497 3765 595 3832 postea
613 3759 648 3814 de
667 3759 778 3826 ismael,
795 3775 856 3830 quae
897 3756 1691 3829 partenententaestQuodintelligensPaulusapostolus‚

63 3852 152 3924 utique
166 3849 400 3922 repromissionis
420 3848 506 3903 verba
523 3864 606 3903 nemo
622 3847 757 3903 dubitarit
774 3866 780 3900 :
806 3851 857 3903 Iste
897 3846 1055 3918 quippequi
1068 3851 1097 3900 et
1108 3845 1255 3900 saculares
1268 3846 1377 3900 litteras
1388 3845 1483 3915 aliqua
1492 3861 1524 3898 ex
1539 3849 1618 3916 parte
1630 3859 1695 3897 con·

61 3944 108 3995 uit
120 3943 287 3994 mestiasnus
296 3936 489 4008 [serusllsmam
495 3939 661 4006 manuseJus
668 3951 856 4006 superaturus,
897 3933 1009 4004 tigerat,
1026 3932 1177 4005 ipsoverbe
1187 3933 1284 4004 ligura
1293 3948 1361 3988 usus
1367 3938 1419 4000 est,
1430 3937 1462 3988 ut
1471 3931 1636 4003 allegoriam
1643 3931 1695 3986 sic·

58 4034 197 4084 dammas
206 4030 339 4081 omnium
352 4041 436 4095 super
454 4041 527 4092 eum,
539 4030 564 4079 et
580 4031 677 4080 caetra
691 4026 791 4093 faciem
802 4040 858 4078 om·
898 4026 930 4076 ut
943 4021 1018 4093 apud
1028 4038 1094 4077 suos
1113 4021 1216 4077 dicitur
1230 4022 1393 4093 appellaret,
1419 4037 1474 4093 que
1492 4021 1598 4077 scilicet
1610 4036 1694 4076 sensu

58 4120 137 4171 stum
151 4118 282 4184 fratrum
295 4128 412 4169 suorum
420 4114 564 4169 habitabit.
577 4113 632 4168 Sed
642 4113 805 4185 responderi
810 4129 858 4183 po-
899 4110 991 4182 magis
996 4110 1049 4165 loci
1055 4110 1140 4181 hujus
1148 4110 1237 4166 Graeci
1245 4109 1382 4166 sermonis
1388 4110 1553 4167 abusionem
1558 4115 1696 4165 monstra·

56 4211 108 4260 test
126 4203 251 4260 minoris
277 4201 454 4258 auctoritatis
469 4218 531 4256 esse
549 4201 795 4273 repromissionem
807 4217 857 4255 an·
898 4205 951 4254 ret.
968 4198 1057 4255 Scissa
1068 4204 1163 4254 autem
1178 4200 1307 4267 Paulum,
1323 4200 1389 4254 licet
1398 4216 1455 4255 non
1469 4200 1505 4254 ad
1528 4198 1693 4272 perfectum,

55 4295 117 4365 geli,
135 4308 225 4365 quam
239 4290 330 4364 ipsius
341 4290 412 4346 Dei:
430 4291 591 4346 sicutenim
609 4291 700 4355 stella,
722 4297 782 4345 orto
800 4291 858 4344 sole
898 4288 1008 4342 litteras
1032 4289 1189 4356 saculares,
1215 4288 1302 4360 ipsius
1327 4289 1412 4343 uerba
1439 4294 1600 4343 testantur:
1618 4289 1695 4343 Dtm't

55 4382 228 4447 subrutilat,
240 4380 284 4435 ita
293 4386 323 4435 et
335 4364 1013 4451 angeliverbaadcomparationemre-llquieuere
1022 4394 1055 4431 ee
1066 4380 1104 4431 ets
1120 4381 1253 4447 proprius
1276 4394 1374 4432 eorum
1393 4377 1542 4446 propbeta:
1559 4377 1694 4431 Oretenses

54 4469 253 4544 momumonis
265 4468 318 4524 Dei
338 4466 480 4523 obscurari
489 4475 519 4523 et
536 4484 700 4523 evanescere
715 4474 803 4539 etpro
817 4467 858 4521 ni·
897 4481 1001 4535 semper
1015 4467 1164 4530 mendaces,
1177 4469 1259 4520 mata
1274 4467 1371 4530 bestia,
1383 4469 1489 4519 ventres
1500 4466 1578 4532 piari
1591 4462 1691 4532 (Tite).

10 4542 13 4557 ¹
55 4560 112 4615 bilo
125 4557 297 4630 computari.
320 4556 440 4611 Videtur
453 4557 567 4628 quidem
582 4557 640 4612 haec
654 4556 797 4628 responsio
809 4556 858 4610 ali·
898 4553 1057 4609 Hicversus
1072 4554 1201 4608 heroicus
1220 4553 1393 4625 Epimenidis
1403 4557 1491 4623 poetae
1501 4556 1553 4617 est,
1569 4551 1650 4621 cujus
1666 4556 1695 4605 et

57 4649 123 4720 quid
139 4646 249 4702 babere
268 4644 415 4712 momenti,
432 4645 488 4724 sed,
500 4645 597 4699 statim
624 4644 768 4717 sequentis
782 4645 858 4700 Scri·
898 4643 988 4708 Plato,
999 4649 1027 4696 et
1040 4643 1133 4697 caeteri
1147 4638 1695 4712 scriptoresveteresrecordantur.Apud

57 4743 147 4810 mure
164 4735 336 4791 auctoritate
364 4733 529 4788 conteritur.
556 4733 697 4804 Scriptum
721 4739 765 4788 est
783 4733 858 4787 enim
898 4731 1085 4786 Athenienses
1106 4746 1216 4802 quoquc
1239 4745 1305 4783 cum
1320 4730 1466 4800 Areopago
1482 4728 1567 4783 verba
1580 4729 1693 4793 faceret,

59 4826 134 4892 illest.
149 4827 220 4893 xvu)
233 4822 395 4879 :suetam
408 4827 501 4876 autem
510 4823 582 4876 dicit
597 4823 633 4877 ad
645 4823 745 4876 deusti:
761 4825 858 4877 lsmaet
899 4819 1081 4874 haecaddidit:
1090 4820 1168 4875 Sicut
1181 4818 1672 4887 etquidamdeoobtspaetadiaerunt
1685 4832 1693 4867 .·

60 4918 169 4969 stiuam
183 4916 261 4967 uiuat
274 4914 307 4966 in
321 4915 462 4980 compertu
478 4915 524 4964 tuo
532 4929 541 4976 ,·
555 4915 579 4964 et
593 4912 664 4965 Deus
674 4912 812 4978 respondit
823 4910 859 4962 ad
900 4910 988 4977 Ipsius
997 4911 1072 4961 euim
1088 4911 1112 4961 et
1121 4922 1206 4974 penses
1216 4921 1312 4960 sumus
1329 4907 1397 4974 (Act.
1413 4904 1483 4977 xxi).
1496 4906 1556 4961 Hoc
1565 4905 1694 4961 hemisti-

60 5020 140 5057 eum:
154 5003 223 5058 seu
241 5001 394 5057 Sarausor
409 5004 458 5052 tua
469 5001 562 5067 pariet
575 4999 625 5052 tibi
633 5001 736 5066 fllium,
745 5003 770 5052 et
784 5013 859 5052 uacu-
899 4995 995 5049 chium
1009 4995 1098 5050 fertur
1108 4995 1137 5049 in
1150 4995 1247 5061 Arato,
1265 4994 1312 5065 qui
1327 4995 1362 5050 de
1384 4995 1454 5049 coelo
1468 4995 1612 5067 stellisque
1627 5010 1694 5048 con-

63 5092 99 5145 tis
112 5105 215 5145 nomen
222 5087 367 5158 ejuslsuac
381 5105 390 5142 :
403 5092 428 5141 et
436 5091 558 5141 statuam
568 5091 760 5161 testamentum
767 5101 859 5139 meum
899 5084 1020 5155 scripsit.
1032 5085 1153 5138 Necnon
1166 5088 1195 5137 et
1208 5083 1278 5138 illud
1292 5101 1298 5136 ε
1314 5083 1503 5154 Corrumpunt
1513 5099 1601 5137 risores
1615 5083 1695 5136 boues

64 5181 166 5233 deum
174 5181 210 5232 iu
221 5181 417 5232 testamentum
430 5180 576 5240 aurnum,
584 5180 609 5229 et
618 5178 720 5230 semini
733 5178 791 5243 ejus
799 5178 859 5243 post
901 5174 1134 5241 confabulationes
1155 5174 1277 5241 pessima
1295 5172 1319 5242 (Ι
1332 5173 1393 5229 Gor.
1410 5174 1468 5242 xv).
1488 5169 1697 5226 Trimeteriam·

67 5267 283 5322 summumst
291 5269 403 5319 auum.-
414 5264 479 5319 Ecce
489 5266 620 5318 maudiut
634 5269 666 5329 te,
678 5268 703 5318 et
712 5280 767 5318 ecce
782 5264 860 5317 bene·
901 5260 1019 5315 bicusde
1033 5260 1170 5316 comoedia
1179 5265 1309 5331 sumptus
1319 5267 1363 5315 est
1376 5258 1533 5315 Menandri.
1545 5260 1585 5315 Ex
1595 5258 1697 5332 quibus

69 5357 125 5410 disi
135 5371 210 5421 eum,
220 5353 358 5422 etaueebe
372 5368 445 5417 eum,
462 5357 487 5406 et
496 5353 688 5422 multiplicabo
698 5354 781 5407 illum
790 5352 862 5405 veta·
903 5356 932 5405 et
949 5349 1012 5404 aliis
1026 5350 1138 5404 evidens
1152 5354 1197 5402 est
1213 5349 1335 5404 Paulum
1349 5364 1405 5403 nou
1424 5349 1569 5420 ignorasse
1588 5349 1697 5405 litteras

74 5449 169 5498 ambr
183 5462 192 5497 :
207 5442 351 5498 mrim
366 5445 458 5509 pentes
470 5441 622 5509 pertrabit,
638 5446 663 5494 et
675 5441 743 5494 dabo
757 5455 821 5493 eum
832 5441 863 5492 in
903 5438 1060 5503 saeculares,
1075 5443 1104 5492 et
1118 5453 1204 5509 quam
1221 5436 1267 5490 hic
1280 5436 1444 5509 allegoriam
1468 5437 1546 5504 dixit,
1568 5438 1637 5495 alibi
1649 5455 1699 5494 uo-

75 5537 322 5601 ssatesnmaeaem.
334 5530 539 5585 Testamentum
547 5532 865 5584 autemmeumstatuam
906 5543 983 5583 casse
1012 5525 1225 5598 intelligentiam
1244 5524 1409 5598 spiritalem.
1431 5527 1527 5598 (Cass.)
1549 5526 1701 5584 Sciendum

185 5626 417 5695 eamearn
978 5691 982 5699 ,
1037 5696 1041 5721 Ι
1097 5713 1125 5720 Η
1544 5612 1630 5689 u'
