3772 6120
51 257 104 314 353
280 260 571 315 ENARRATIONUM
590 261 629 314 IN
648 261 725 314 EPP.
747 261 853 316 PAULI
873 262 942 316 LIB.
964 263 1127 350 XVI.-lN
1148 261 1258 316 EPIST.
1279 262 1327 316 AD
1347 262 1477 319 ester.
1652 265 1702 322 354

52 384 246 455 intelligendo
260 386 361 456 gratiae
376 385 542 439 beneficium
558 386 593 440 ad
603 386 788 441 faciendaDei
799 389 1049 460 pra-Acorruptie
1063 387 1270 459 corporisque
1279 396 1414 459 aggravat
1423 391 1557 456 ammam,
1572 408 1628 446 non
1639 409 1718 464 pec··

52 484 144 544 cepta,
164 474 246 544 quasi
260 474 296 527 de
311 475 371 528 suis
382 472 488 528 viribus
500 475 751 545 superbaelatiene
760 492 863 546 praesu-
904 478 958 530 cati
974 477 1057 548 primi
1073 482 1116 530 est
1130 493 1224 540 causa,
1241 477 1401 548 scripsere,
1419 495 1470 532 nec
1486 496 1550 534 cero
1565 481 1703 553 corrupti·
1775 518 1778 523 ,

53 570 135 615 ruunt
150 581 155 613 :
173 565 323 616 Plenitudo
333 567 408 617 enim
420 564 615 631 teqiscborites
625 563 712 634 (deire.
726 567 773 631 xn)
784 565 863 618 :elee-
903 563 966 619 bilis
982 566 1165 637 peccatricem
1175 566 1309 631 animam,
1325 567 1373 620 sed
1386 567 1481 621 anima
1490 569 1629 640 peccatrix
1639 569 1705 624 feeit

53 655 123 704 ritas
135 668 199 704 rere
212 653 265 706 Dei
276 654 379 718 diffusa
394 656 432 705 est
446 655 477 705 in
488 652 614 705 cordibus
625 656 737 719 nestris,
745 669 801 706 non
811 669 862 723 per
903 671 964 708 esse
992 654 1202 724 corruptibilem
1230 671 1358 721 carnem,
1385 672 1417 709 ex
1451 672 1508 726 qua
1526 658 1703 728 corruptione

52 741 192 810 nosipsos,
210 741 261 794 sed
275 757 325 809 per
344 741 482 809 Spiritum
498 745 634 805 sanetum,
658 744 707 808 qui
725 743 806 794 datm
824 748 861 794 ert
902 742 1070 797 canrislieet
1084 743 1205 797 existant
1221 743 1350 812 quaedam
1370 744 1553 799 incitamenta
1571 745 1703 800 vitiorum

54 831 128 881 trebir
146 830 237 895 tflorre
256 833 294 897 v).
306 829 351 882 Sic
366 845 433 898 ergo
447 829 516 882 illud
527 829 601 899 quod
612 831 653 882 lex
662 829 789 882 uinitori
800 846 861 883 eeu·
901 837 930 884 et
943 831 1005 901 ipsa
1029 832 1168 884 desideria
1189 832 1299 896 vitiosa,
1325 849 1379 886 nen
1404 840 1500 887 himen
1524 835 1619 888 omnia
1640 835 1703 888 rita
1726 886 1728 891 .

53 922 182 986 cupisces,
200 919 226 971 si
241 917 368 972 humana
382 917 519 987 fragilitas
532 917 624 987 gratia
633 917 684 971 Dei
696 918 793 987 adjuta
803 934 859 971 uon
900 920 1003 991 iniquae
1019 920 1086 973 vitia
1100 920 1249 974 tribuenda
1268 925 1335 975 sunt
1349 921 1435 985 carni,
1452 939 1488 976 ne
1502 922 1537 976 ab
1550 923 1594 976 his
1609 923 1701 977 eruni-

52 1007 144 1071 fuerit,
163 1006 219 1060 snb
233 1024 264 1060 se
278 1023 359 1060 reum
374 1011 461 1072 tenet,
473 1011 502 1060 et
515 1006 754 1076 praevaricatorem
767 1006 859 1077 potius
899 1007 951 1062 bus
974 1025 1126 1080 purgemus
1150 1008 1302 1073 diabolum,
1324 1009 1372 1081 qui
1391 1026 1447 1065 non
1466 1010 1552 1066 habet
1575 1028 1697 1065 earnem.

54 1096 180 1162 damnat,
198 1112 286 1166 qnam
296 1095 398 1149 liberat
409 1100 594 1172 peccatorem,
607 1095 718 1165 quando
729 1094 785 1159 illa,
798 1111 859 1165 qua
900 1097 968 1160 Quis
975 1097 1123 1151 autemillo
1133 1104 1176 1151 est
1186 1097 1341 1152 inimicior?
1353 1099 1420 1166 scis,
1433 1100 1495 1169 quis
1506 1100 1639 1155 adversus
1648 1116 1698 1155 nes

54 1183 273 1254 significationis
288 1200 372 1237 causa
389 1190 528 1254 praecepta
546 1189 613 1237 sunt
630 1183 814 1249 circumcisi0,
830 1189 859 1237 ct
899 1186 1272 1253 contentiosior,animosior,
1287 1192 1316 1240 et
1329 1188 1419 1257 magis
1433 1189 1550 1243 remulus
1560 1194 1644 1260 atque
1658 1189 1700 1244 in-

54 1281 152 1327 catera
171 1290 237 1343 quae
254 1273 353 1343 gratie
372 1272 543 1326 revelatione
563 1272 647 1325 latius
667 1273 857 1326 innotescente
900 1275 979 1328 vidus
1003 1275 1163 1329 invenitur?
1188 1280 1216 1329 et
1236 1276 1417 1343 haecomnia,
1441 1293 1504 1330 cum
1524 1276 1626 1331 habeat
1639 1278 1699 1331 sine

56 1378 165 1415 necesse
172 1362 269 1416 fuerat
275 1361 392 1427 aboleri,
400 1361 556 1431 justificare
564 1362 706 1414 nemiuem
717 1367 856 1432 poteraut,
900 1380 993 1427 carne,
1006 1364 1277 1434 quomodosuntiste
1283 1381 1369 1436 opera
1375 1366 1476 1431 camir,
1485 1365 1537 1419 nisi
1544 1366 1700 1438 quiaopera

57 1467 107 1504 neu
121 1461 224 1504 tamen
235 1450 300 1504 ideo
313 1450 571 1520 fueranttauquam
580 1449 718 1503 diabolica
730 1449 858 1519 gentium
900 1459 966 1506 sunt
980 1452 1110 1517 hominis,
1128 1470 1221 1523 quem,
1243 1452 1316 1506 sicut
1333 1454 1399 1519 dixi,
1421 1455 1533 1508 nemine
1553 1455 1629 1509 carni
1649 1472 1699 1527 ap·

59 1539 201 1610 sacrilegia
216 1539 362 1609 fugienda,
378 1538 465 1593 etiam
475 1555 538 1591 cunr
548 1538 610 1608 ipsa
618 1538 711 1608 gratia
723 1537 861 1608 inciperet
900 1541 1003 1611 pellat?
1013 1542 1075 1595 Non
1086 1542 1160 1594 enim
1171 1541 1299 1596 habendo
1314 1559 1436 1608 carnem,
1456 1560 1539 1613 quarn
1549 1542 1701 1598 nonhabet

61 1629 180 1694 revelari,
195 1645 258 1698 quae
269 1627 378 1681 umbris
388 1627 592 1681 talibusfuerat
601 1627 799 1698 praenuntiata,
810 1627 858 1680 sed
900 1629 1042 1696 diabolus3
1060 1629 1108 1683 sed
1123 1629 1240 1683 vivendo
1258 1631 1412 1684 secundnm
1432 1632 1565 1702 seipsum,
1587 1632 1640 1686 hoc
1659 1639 1701 1686 est

30 1702 33 1712 ’
63 1717 246 1787 permittenda
255 1717 428 1788 paulumeis,
436 1716 757 1787 maximeexillopopulo
767 1708 890 1768 cuive-B
900 1718 1053 1771 seeundum
1066 1717 1206 1772 hominem
1216 1718 1306 1772 factus
1319 1723 1362 1772 est
1377 1719 1475 1773 similis
1491 1720 1610 1774 diabolo.
1630 1722 1701 1787 (Hie-

66 1804 859 1877 uerant,posteaverotanquamcumhouoresepultasint
900 1810 973 1876 rere.)
990 1806 1044 1860 Sed
1060 1811 1088 1859 et
1101 1806 1169 1859 illud
1190 1807 1342 1877 eleganter,
1364 1809 1438 1878 quod
1460 1809 1593 1863 incarne
1617 1826 1700 1881 opera

67 1896 224 1950 Christianis
235 1894 367 1949 omnibus
376 1894 660 1965 irreprehensibiliter
669 1893 832 1948 deserenda.
900 1895 1001 1965 posuit,
1019 1894 1126 1948 fructus
1143 1896 1170 1947 in
1184 1895 1307 1965 spiritu:
1330 1896 1396 1966 quia
1416 1896 1484 1950 vitia
1503 1897 1532 1950 in
1551 1898 1702 1969 semetipsa

94 1986 240 2052 ,territoria
255 1990 426 2039 attererent
441 1999 521 2051 opere
536 1999 639 2047 coram,
655 1999 715 2052 que
728 1988 794 2036 sent
803 1984 859 2050 sor·
901 1983 1038 2037 finiuntur
1051 1989 1080 2037 et
1094 1990 1228 2054 pereunt,
1248 1984 1363 2037 virtutes
1376 1984 1504 2053 frugibus
1520 1987 1660 2056 pullulant
1674 1991 1703 2040 et

71 2073 643 2139 tricatio,inununditie,tuturia,i'dotermn
654 2074 860 2135 servituraene·
900 2072 1068 2126 redundant.
1081 2073 1123 2126 Na
1137 2078 1269 2143 putemus
1278 2074 1379 2127 animae
1390 2074 1497 2127 nullum
1508 2091 1567 2128 esse
1583 2092 1662 2147 opus,
1674 2075 1697 2128 si

71 2167 126 2228 teir,
134 2165 302 2225 inimicitie,
312 2162 855 2225 contentiones,ernrrtatienes,ire,rire,
899 2161 967 2215 vitia
977 2161 1064 2227 carni,
1072 2161 1188 2215 virtutes
1199 2161 1311 2232 spiritui
1322 2162 1506 2232 deputentur,
1517 2163 1584 2233 quia
1595 2163 1698 2227 anima,

72 2253 244 2314 decuriones,
271 2255 354 2316 secte,
376 2251 496 2314 incidie,
519 2250 679 2314 bernieidia,
706 2249 856 2312 ebrietate,
899 2256 931 2302 ut
946 2249 1176 2320 supradiximus,
1198 2250 1229 2302 in
1243 2250 1365 2320 quodam
1384 2250 1539 2304 meditullio
1553 2251 1645 2321 posita
1658 2251 1700 2303 vel

73 2343 269 2403 macerationes,
284 2345 308 2392 et
318 2340 361 2392 bis
370 2340 488 2406 sirnitie,
500 2354 560 2406 que
566 2338 684 2405 predico
698 2338 772 2390 uobis
787 2339 858 2390 sicut
899 2338 975 2391 cami
989 2338 1119 2408 jungitur
1129 2343 1157 2391 et
1167 2338 1312 2392 diciturde
1324 2354 1357 2391 ea
1373 2356 1379 2390 :
1396 2339 1457 2392 ,rori
1464 2340 1699 2407 pernionebftspi-

71 2431 176 2495 pretist,
195 2431 333 2497 quereiam
343 2430 394 2496 qut
409 2430 476 2480 talia
491 2432 589 2494 aptent,
608 2442 724 2493 requiem
738 2426 787 2479 Dei
802 2441 858 2478 reon
900 2430 973 2480 m'tus
989 2443 1065 2480 ineas
1079 2429 1110 2479 in
1125 2427 1283 2480 lierninibus
1299 2429 1368 2492 istis,
1384 2430 1452 2494 quia
1467 2443 1531 2480 caro
1545 2433 1612 2480 sunt
1623 2427 1697 2495 (Gen.

72 2522 264 2586 antiquantur.
278 2519 308 2582 (Α
314 2517 397 2583 mbr.)
410 2516 474 2569 Haec
482 2514 577 2568 emnia
586 2521 615 2567 et
624 2514 668 2567 his
678 2513 779 2567 similia
789 2513 858 2582 legis
899 2519 952 2583 vr),
965 2516 1007 2567 vel
1022 2514 1134 2585 spiritui
1149 2515 1306 2585 copulatur,
1317 2521 1345 2568 et
1359 2515 1388 2567 in
1404 2514 1518 2585 spiritus
1533 2515 1699 2570 vocabulum

10 2606 12 2623 '
74 2605 470 2675 membranaeque
490 2602 640 2672 Apostolus
663 2619 748 2673 opera
767 2602 857 2656 cuniis
898 2604 1017 2670 transit,
1034 2608 1083 2673 qui
1090 2607 1165 2657 enim
1180 2604 1299 2657 ediceret
1314 2605 1431 2658 domino
1447 2621 1521 2658 tereus
1533 2608 1649 2673 spiritus
1663 2610 1700 2658 est

10 2718 13 2755 q
72 2695 185 2765 appellat,
202 2693 272 2765 quia
286 2710 397 2746 errores
408 2691 454 2744 isti
469 2708 502 2744 ex
512 2691 617 2745 mundo
631 2696 705 2755 sunt,
722 2706 819 2761 exque
830 2695 859 2743 et
900 2694 926 2758 (Ι
939 2693 998 2747 Cor.
1017 2695 1062 2759 vr).
1079 2692 1206 2746 Primum
1219 2692 1314 2762 itaque
1329 2692 1421 2746 carnis
1435 2709 1505 2762 epus
1515 2698 1567 2757 est,
1580 2693 1700 2747 fornica·

72 2799 135 2848 aro,
151 2783 250 2836 omnia
272 2798 395 2852 namque
410 2785 524 2851 peccata
538 2779 572 2832 de
587 2779 654 2833 foris
668 2779 807 2844 oriuntur,
825 2795 857 2832 ex
898 2781 947 2834 tio,
964 2781 1112 2834 Manifesta
1125 2780 1153 2834 iu
1169 2781 1281 2835 exordio
1296 2781 1397 2852 posuit,
1419 2797 1454 2834 ne
1475 2781 1510 2834 de
1523 2782 1623 2835 mediis
1638 2798 1698 2835 am·

72 2878 133 2941 parte
143 2873 247 2933 earnis,
260 2887 316 2925 nou
329 2887 361 2923 ex
372 2875 452 2940 parte
462 2869 586 2940 spiritus,
598 2869 661 2923 ideo
671 2885 726 2922 non
738 2866 857 2921 absurde
898 2868 1035 2940 bigamus.
1050 2869 1134 2924 Oreine
1143 2869 1218 2922 enim
1229 2871 1407 2939 quodamque
1419 2871 1513 2936 fecerit
1523 2871 1611 2937 horreo,
1622 2877 1700 2924 extra

72 2977 140 3031 opera
154 2960 250 3015 carnis
260 2959 402 3013 dicuntur.
421 2959 514 3025 ttae.)
524 2957 612 3011 Tetus
622 2957 674 3010 iste
685 2957 809 3028 epistola
818 2957 858 3010 lo·
899 2975 996 3026 eorpus
1005 2963 1043 3011 est
1053 2977 1060 3011 :
1072 2961 1120 3026 qui
1134 2963 1226 3012 etitem
1236 2961 1405 3025 fornicatur.
1417 2962 1448 3012 in
1458 2975 1542 3012 earne
1550 2965 1699 3027 streperent

72 3066 106 3102 ais
120 3050 317 3104 consideratus
331 3046 435 3118 poterit
458 3047 529 3099 hanc
554 3046 705 3100 dissolvere
727 3045 858 3117 questio·
869 3051 890 3110 G
902 3048 1004 3116 (ibid).
1016 3047 1051 3101 Et
1060 3062 1115 3100 non
1125 3062 1223 3100 sumus
1234 3047 1331 3110 nostri,
1342 3047 1429 3118 empti
1439 3047 1514 3100 enim
1527 3064 1624 3101 sumus
1635 3064 1699 3118 pre-

72 3154 130 3201 nem,
146 3139 214 3210 quid
228 3138 268 3191 sit
278 3136 434 3190 seeundum
445 3152 558 3189 carnem
571 3135 672 3189 vivere.
684 3136 715 3189 ln
728 3130 874 3205 operibus
899 3135 1418 3206 tio,gloris1cemusetportemusDeum
1428 3135 1458 3188 in
1468 3141 1696 3205 corporenostro.

71 3228 145 3282 urnis
159 3243 295 3297 namque,
310 3242 372 3295 quae
387 3224 535 3278 manifesta
555 3241 616 3277 esse
631 3224 750 3277 diximus
770 3239 858 3293 eaque
900 3224 1127 3278 Ineofomicator
1137 3223 1446 3294 majerisestcriminis.
1456 3224 1699 3295 quiatollitmem·

71 3321 278 3370 commemorata
289 3313 443 3378 damnavit,
459 3329 514 3367 nen
525 3312 573 3366 illa
582 3316 692 3365 tantum
701 3311 858 3364 invenimus
899 3312 950 3366 bra
964 3313 1077 3377 Christi,
1095 3312 1207 3366 etfacit
1228 3329 1261 3366 ea
1280 3311 1405 3367 membra
1420 3312 1576 3367 meretricis
1593 3332 1599 3366 :
1617 3321 1699 3368 erunt
1754 3318 1760 3326 ‘

71 3419 118 3471 que
130 3405 165 3458 ad
179 3403 354 3474 voluptatem
370 3402 513 3472 pertinent
521 3400 623 3465 carniS,
639 3399 721 3453 sicuti
737 3404 788 3464 est,
801 3398 857 3452 for·
900 3401 1002 3473 quippe
1017 3402 1072 3455 duo
1087 3401 1115 3454 in
1129 3417 1213 3455 carne
1228 3417 1294 3455 una.
1318 3401 1371 3465 Qui
1392 3418 1448 3455 non
1467 3407 1511 3456 est
1529 3401 1627 3467 fidelis,
1649 3419 1699 3457 nec

71 3493 165 3557 umtio,
174 3490 496 3556 immunditialuxuria,
505 3489 666 3550 ebrietates,
676 3488 857 3541 comessatio·
898 3486 987 3544 credit
996 3491 1025 3543 in
1035 3490 1155 3556 Christo,
1163 3506 1215 3543 sua
1224 3489 1350 3544 membra
1360 3490 1427 3543 facit
1438 3489 1564 3543 membra
1573 3491 1699 3544 meretri-

70 3597 106 3636 aas
116 3601 121 3634 :
132 3581 326 3636 verumetiam
333 3579 489 3650 illaquibus
497 3577 858 3632 animivitiademonstran-
899 3579 938 3632 cis
950 3598 955 3631 :
969 3579 1016 3649 qui
1032 3578 1121 3632 credit
1135 3584 1163 3632 et
1178 3578 1341 3645 fornicatur,
1363 3578 1467 3632 Christi
1487 3578 1613 3632 membra
1634 3579 1701 3632 facit
1719 3649 1724 3657 .

68 3671 287 3740 tur,avoluptate
300 3668 393 3721 carnis
404 3668 505 3721 aliene.
518 3667 586 3730 Quis
597 3666 673 3719 enim
683 3665 856 3730 servitutem,
899 3667 1024 3721 membra
1043 3660 1206 3720 marchias.
1227 3668 1249 3720 Ε
1267 3667 1407 3720 contrario
1426 3667 1548 3720 infidelis
1566 3667 1596 3720 in
1616 3666 1699 3721 forni-

68 3759 210 3828 queidolis
225 3757 384 3823 exhibetur,
397 3755 540 3819 veneficia,
559 3754 730 3820 inimicitias
747 3759 859 3808 conten·
899 3756 1008 3810 catione
1024 3771 1076 3808 sua
1090 3760 1186 3809 utrum
1198 3755 1282 3808 violet
1291 3771 1327 3808 au
1338 3754 1455 3808 aedificet
1465 3754 1602 3824 templum
1612 3755 1696 3819 idolo,
1776 3811 1781 3820 ,

67 3848 154 3915 mnes,
170 3846 378 3904 animositates.
386 3845 581 3909 dissensiones,
592 3844 722 3908 hareses,
730 3842 857 3907 invidias,
900 3845 992 3899 nescio
1003 3863 1008 3910 ;
1020 3842 1144 3915 pervitia
1154 3843 1256 3914 quippe
1269 3843 1311 3896 vel
1322 3843 1441 3896 maxime
1452 3843 1592 3896 demones
1606 3842 1699 3896 colun·

67 3952 112 3992 neu
125 3937 220 4010 petius
235 3936 378 4006 intelligat
388 3934 475 3988 animi
489 3933 557 3987 vitia
570 3949 629 3987 esse
645 3949 731 4003 quam
745 3931 859 3986 carnis?
900 3939 956 3987 tur.
968 3933 1027 3986 Hoc
1037 3948 1125 3986 unum
1135 3931 1200 3997 scio,
1214 3932 1288 4001 quod
1300 3931 1348 4002 qui
1363 3937 1427 4002 post
1434 3931 1517 3986 fidem
1528 3931 1631 3985 Christi
1645 3931 1699 3985 lor·

10 4046 12 4101 2
66 4026 285 4098 quandoquidem
300 4024 361 4078 fieri
375 4029 477 4095 potest,
494 4028 526 4076 ut
536 4027 650 4094 propter
659 4020 858 4086 idololatriam,
901 4022 1020 4087 nicatur,
1029 4021 1114 4075 violat
1129 4020 1265 4090 templum
1275 4019 1335 4074 Dei.
1348 4020 1507 4076 Secundum
1522 4036 1592 4092 opus
1607 4020 1699 4074 carnis

70 4116 105 4169 rel
112 4115 226 4170 heresis
236 4113 358 4183 alicujus
366 4128 501 4176 errorem,
510 4127 527 4163 a
537 4108 725 4181 voluptatibus
736 4108 860 4179 eorporis
902 4109 1081 4164 immunditia
1094 4114 1282 4179 nuncupatur,
1299 4115 1328 4162 et
1345 4125 1408 4162 eam
1423 4126 1515 4163 comes
1529 4109 1640 4164 luxuria
1654 4125 1698 4163 se·
1769 4137 1774 4148 =

69 4210 243 4277 temperetur,
267 4208 296 4256 et
312 4207 408 4255 tamen
430 4201 515 4255 etiam
535 4206 601 4253 tunc
619 4199 712 4258 horno.
734 4198 860 4270 quamvis
902 4199 1006 4271 quitur.
1023 4198 1168 4262 Quomodo
1183 4198 1258 4251 enim
1274 4197 1301 4251 in
1321 4198 1408 4252 veteri
1430 4199 1491 4269 lege
1515 4198 1549 4251 de
1572 4198 1699 4253 nefandis

69 4294 150 4347 arnis
163 4292 297 4347 libidines
311 4290 454 4344 continere
469 4295 554 4359 atque
574 4288 705 4342 cohibere
722 4287 857 4352 videatur,
900 4287 1073 4352 criminibus,
1090 4304 1151 4358 quae
1166 4287 1194 4341 in
1215 4289 1323 4342 occulto
1347 4289 1427 4353 liunt,
1453 4293 1481 4341 et
1499 4304 1533 4341 ea
1554 4288 1699 4341 nominare

68 4382 212 4436 meum
227 4396 342 4434 caruem
358 4379 447 4432 vivere
457 4378 509 4432 hac
520 4377 672 4449 apostolica
694 4359 1097 4448 auctoritateDturpissinrum
1111 4383 1162 4442 est,
1179 4394 1214 4431 ne
1230 4383 1258 4430 et
1272 4377 1390 4431 dicentis
1405 4381 1474 4429 eset
1489 4391 1571 4428 aures
1581 4375 1698 4429 audien-

68 4471 242 4535 eenxineitur,
263 4475 297 4522 ut
310 4469 339 4522 in
355 4485 388 4521 eo
404 4468 477 4538 quod
496 4465 618 4521 abstinet
636 4483 653 4518 a
673 4464 860 4535 voluptatibus
901 4466 971 4520 tium
987 4466 1187 4536 polluerentur,
1204 4465 1375 4535 generaliter
1395 4463 1540 4533 Scriptura
1556 4463 1699 4533 complexa

69 4556 342 4626 ramis,damnabilia
353 4573 438 4628 opera
446 4556 538 4609 carnis
547 4571 630 4625 agere
641 4555 857 4608 demonstretur.
901 4555 1067 4608 estdieens:
1091 4555 1255 4609 l'ereeu-ndos
1277 4553 1329 4620 (vel
1350 4551 1510 4620 reuerentes)
1527 4552 1609 4618 serite
1627 4554 1698 4618 lilios

69 4648 128 4712 Quis
141 4647 305 4704 iuimicitias
319 4663 376 4700 non
392 4645 421 4698 in
439 4645 532 4699 anime
548 4643 659 4708 habeat,
675 4647 724 4697 aut
739 4642 801 4713 quis
820 4641 860 4697 ita
901 4645 986 4698 Israel
996 4645 1117 4697 aberunt
1127 4643 1309 4726 iurmqnditia
1321 4641 1389 4707 (Len.
1403 4642 1449 4708 xv)
1468 4637 1565 4692 :sicin
1575 4639 1628 4693 hoe
1638 4638 1698 4694 lece

69 4738 199 4808 loquatur,
216 4744 251 4792 ut
260 4735 375 4790 inimico
384 4752 445 4799 suo,
457 4734 499 4787 vel
515 4750 598 4804 quem
612 4737 693 4803 putat
703 4731 857 4798 inimicum,
900 4736 1015 4786 caeteras
1029 4728 1263 4783 extraordinarias
1274 4728 1440 4799 voluptates,
1452 4727 1577 4798 ipsarum
1588 4745 1699 4800 qnoque

69 4825 141 4881 ditat.
147 4827 253 4882 Malam
259 4841 383 4889 caruem,
391 4840 424 4877 ac
435 4839 492 4877 non
502 4822 595 4894 potius
605 4821 712 4875 malurn
722 4820 857 4886 animum,
901 4836 986 4891 opera
996 4818 1167 4890 nuptiarum,
1175 4818 1198 4870 si
1207 4831 1261 4870 non
1268 4815 1421 4870 verecunde
1431 4821 1459 4868 et
1466 4832 1529 4870 eum
1539 4816 1696 4882 honestate,

68 4913 144 4970 tabes
155 4917 291 4971 adversus
308 4913 371 4967 me?
386 4913 443 4967 Cur
455 4930 523 4982 erge
538 4910 705 4966 haecomnia
720 4915 749 4963 et
763 4909 807 4963 his
821 4909 859 4963 si·
901 4909 980 4980 quasi
996 4906 1047 4960 sub
1063 4905 1150 4960 oculis
1161 4905 1210 4959 Dei
1225 4906 1303 4969 flant,
1321 4909 1354 4958 ut
1367 4911 1478 4958 tantum
1487 4904 1698 4959 liberis'servia·

70 5005 137 5058 uilia
149 5003 386 5075 doctorgentr'nm
397 5002 426 5056 iu
436 5002 491 5056 fide
501 5007 529 5055 et
539 5001 656 5054 veritate
671 5016 756 5070 opera
766 4999 858 5053 carnis
900 5003 956 5063 tur,
970 4994 1178 5050 immunditiam
1193 4998 1222 5047 et
1235 4993 1375 5048 luxuriam
1385 4993 1549 5048 nominavit.
1561 4994 1697 5057 Quartum

70 5094 190 5164 appellat,
206 5093 261 5148 nisi
274 5091 351 5164 qued
366 5107 399 5144 eo
414 5090 561 5144 locutionis
579 5087 672 5153 medo,
693 5102 748 5157 quo
767 5093 858 5141 totum
900 5086 928 5140 in
943 5084 1069 5154 catalogo
1084 5099 1200 5153 operum
1216 5083 1316 5149 carniS,
1334 5083 1492 5137 idololatria
1505 5083 1596 5136 locum
1608 5087 1695 5135 tenet.

70 5181 232 5252 dgrrilicatur
246 5199 264 5235 a
279 5185 371 5252 parte,
395 5179 485 5250 ipsum
505 5177 648 5231 hominem
669 5175 728 5228 vult
747 5174 858 5230 nomine
899 5174 952 5239 Qui
968 5174 1042 5228 enim
1054 5190 1084 5227 se
1098 5170 1184 5225 semel
1195 5171 1310 5225 luxurie
1322 5172 1512 5243 voluptatique
1527 5169 1694 5242 permiserit,

71 5271 151 5326 aruis
164 5270 294 5340 intelligi.
311 5267 392 5332 Quod
412 5265 435 5319 si
456 5267 517 5337 quis
538 5265 651 5337 quidem
666 5264 734 5317 dicit
747 5279 858 5317 carnem
899 5258 1694 5333 nonrespicitcreaterem.hliasautemomnisidololatria,

70 5354 464 5415 mamasemalismoribus
475 5369 705 5427 quorumcunque
716 5352 856 5418 vitiorum,
899 5351 1055 5413 festivitate,
1071 5350 1148 5422 gula,
1163 5355 1269 5415 ventre,
1291 5354 1320 5403 et
1338 5349 1382 5403 his
1400 5365 1461 5420 qua
1479 5345 1552 5401 infra
1570 5352 1695 5403 ventrem

10 5470 12 5477 ·
69 5449 283 5521 eoquodanima
296 5461 382 5500 carne
395 5445 495 5500 affecta
507 5442 547 5498 sie
560 5442 636 5507 vivit,
652 5440 774 5512 profecto
793 5440 858 5496 uni·
899 5445 973 5504 sunt,
989 5440 1153 5493 delectatur.
1170 5439 1205 5493 Et
1214 5455 1249 5494 ne
1259 5438 1376 5492 forsitan
1384 5435 1517 5492 veneficia
1526 5440 1554 5491 et
1563 5436 1694 5492 maleficae

10 5554 13 5591 ι
70 5552 167 5594 rasam
180 5536 305 5594 hominis
327 5539 459 5592 naturam
476 5533 624 5604 diligenter
639 5531 768 5585 advertit.
786 5531 857 5585 Nam
899 5534 974 5583 artes
983 5543 1039 5581 non
1053 5527 1215 5582 viderentur
1228 5527 1258 5583 in
1267 5528 1344 5588 Novo
1354 5525 1494 5598 prohibita
1503 5526 1692 5593 Testamenta,
