3772 6120
120 341 188 403 last
415 341 448 399 B.
468 341 605 401 nesam
625 338 742 400 uuum
760 332 930 401 menthe.
949 338 1112 400 uocum.
1132 338 1282 398 oeeauu
1302 339 1395 397 PARS
1412 338 1464 396 111.
1694 335 1758 397 tcto

117 482 204 525 rens:
220 483 233 520 ι
247 467 413 522 llocautem
428 468 509 533 scito,
525 467 600 540 quod
615 467 644 523 in
667 465 826 523 novissimis
857 465 1192 538 die-,teriminmqualis
1205 464 1253 539 qui
1268 469 1357 537 agunt
1370 478 1490 536 reguum
1515 462 1567 519 Dei
1591 477 1651 518 non
1672 462 1759 536 possi·

116 555 181 624 bus,
196 555 341 612 instabunt
354 557 645 630 temporepericulosa
658 561 686 611 et
695 563 779 612 erunt
791 558 919 613 homines
959 553 1074 621 debunt,
1091 555 1216 628 quotidie
1230 553 1394 610 redimenda
1421 554 1452 608 in
1464 551 1579 618 melius,
1597 557 1642 607 est
1661 550 1760 626 quippe

117 646 226 717 seipsos
240 651 378 712 amantes,
395 645 498 716 cupidi,
514 645 589 712 elati,
613 645 736 717 superbi,
751 645 917 718 blasphemi,
959 641 1018 699 vita
1031 644 1166 700 mutanda
1181 650 1269 716 etper
1279 644 1472 716 eleemosynas
1483 641 1520 697 de
1543 639 1668 714 peccatis
1692 657 1761 713 pre·

117 733 282 808 parentibus
297 750 354 803 non
378 733 551 801 obedientes,
578 733 691 805 ingrati,
717 735 838 803 scelesti,
858 736 918 791 sine
960 732 1086 788 sentibus
1097 738 1141 789 est
1154 733 1351 806 propitiandus
1363 733 1448 789 Deus.
1473 732 1539 787 Non
1551 730 1592 786 ad
1604 730 1659 787 hoc
1674 746 1763 806 emen·

118 822 274 891 allectione,
300 823 360 877 sine
384 839 461 894 pace,
477 823 680 891 criminatores,
701 823 917 894 incontinentes,
960 820 1069 878 dandus
1080 821 1296 895 quodammodo,
1312 829 1345 878 ut
1357 839 1390 878 ee
1415 837 1530 894 semper
1549 820 1639 875 liceat
1651 819 1762 891 impuno

118 911 253 978 immites,
266 911 326 966 sine
341 911 523 982 benignitate,
541 912 709 984 proditores,
725 914 859 987 protervi,
875 920 920 971 tu·
959 912 1143 967 committere.
1165 910 1278 967 Nemini
1291 912 1366 967 enim
1380 911 1458 966 dedit
1479 911 1679 965 laxamentum
1701 925 1763 981 pcc·

118 1001 198 1070 midi,
214 1001 390 1072 voluptatum
414 1007 553 1056 amatores
581 1002 672 1072 magis
694 1019 779 1073 quam
794 1003 855 1068 Dei,
872 1003 920 1058 ha·
960 1001 1052 1065 candi,
1068 999 1180 1074 quaudo
1195 1001 1355 1056 miserando
1365 1001 1459 1056 deleat
1465 1001 1529 1072 jam
1541 999 1619 1055 facta
1642 1003 1762 1071 peccata.

118 1089 217 1146 bentes
226 1090 348 1162 speciem
358 1089 472 1161 quidem
481 1090 603 1161 pietatis,
616 1090 749 1145 virtutem
764 1092 825 1163 ejus
837 1092 921 1148 abne·
960 1089 1057 1147 Fectio
1069 1104 1193 1162 congrua
1203 1089 1364 1161 negligatur
1380 1104 1468 1144 :sene
1486 1088 1535 1162 qui
1551 1087 1764 1145 sceleratissime

116 1185 227 1252 gantos,
240 1179 333 1234 ethos
353 1178 447 1233 devita
462 1180 504 1251 (ll
516 1180 637 1247 Timui,
658 1177 696 1249 ἲ).
715 1180 817 1236 »Nam
832 1187 862 1237 et
875 1197 921 1237 se·
960 1180 1065 1248 vivunt,
1082 1195 1134 1236 nec
1147 1185 1250 1236 curent
1266 1181 1353 1235 talem
1371 1180 1468 1248 vitam,
1500 1195 1656 1252 moresque
1681 1176 1764 1235 coni-

118 1269 242 1325 cundum
257 1284 397 1323 canonum
414 1267 615 1335 definitionem,
632 1268 691 1324 hec
711 1276 777 1326 sunt
790 1270 922 1343 capitalia
961 1284 1038 1341 gere,
1055 1274 1084 1324 et
1096 1269 1172 1324 inter
1185 1269 1248 1341 ipsa
1262 1267 1386 1324 facinora
1407 1275 1436 1325 et
1456 1268 1570 1340 flagitia
1584 1283 1639 1324 sua
1650 1267 1766 1324 eleemo-

118 1356 371 1414 crimina.Primor
387 1357 520 1428 superbia
537 1378 549 1409 u
564 1374 626 1428 quae
640 1363 683 1412 est
692 1364 817 1413 meteret
824 1359 923 1431 regina
962 1358 1231 1432 synastrequentare
1249 1375 1304 1413 non
1317 1364 1437 1425 cessant,
1454 1358 1516 1413 sine
1541 1374 1630 1413 <musa
1656 1357 1693 1412 de
1718 1357 1764 1415 uli

119 1447 246 1503 omnium
261 1446 402 1512 vitiorum,
419 1446 476 1500 sive
505 1445 608 1501 levium
629 1447 686 1502 sive
712 1447 919 1520 principalium,
962 1463 1046 1520 opere
1058 1447 1110 1503 sibi
1121 1446 1314 1504 blandiuntur.
1327 1447 1381 1512 Qui
1391 1447 1467 1502 enim
1482 1447 1544 1502 vult
1553 1447 1687 1502 ordinate
1703 1445 1765 1504 dm

120 1535 238 1608 (Prosp.)
252 1540 374 1590 testante
389 1552 469 1590 sacra
483 1536 645 1606 Scriptura:
664 1554 677 1588 α
698 1537 814 1592 Initium
830 1538 922 1594 onmis
962 1537 1180 1610 eleemosynam,
1197 1553 1215 1591 a
1229 1538 1321 1609 seipso
1335 1537 1419 1594 debet
1432 1537 1570 1609 incipere,
1587 1542 1617 1592 et
1641 1534 1765 1592 samnii

119 1625 226 1699 peccati
246 1624 378 1696 superbia
407 1625 500 1692 (dccli.
530 1627 568 1695 x).
596 1643 609 1677 s
639 1624 704 1697 ipsa
722 1626 797 1680 enim
823 1642 922 1698 pecca·
962 1627 1172 1700 primumdare,
1189 1627 1317 1682 esteuim
1330 1626 1512 1698 eleemosyna
1525 1643 1601 1699 opus
1615 1625 1767 1684 misericor·

120 1719 215 1770 torum
232 1713 458 1777 omniumcausa,
471 1713 666 1784 quoniamnon
680 1715 922 1787 solumpeccatum
962 1715 1025 1783 diae,
1041 1716 1241 1788 verissimeque
1262 1716 1389 1771 dictum:
1416 1734 1429 1768 ι
1463 1716 1570 1773 Misere
1587 1716 1692 1773 anima
1716 1720 1776 1781 tun,

119 1803 243 1874 ostipsa,
260 1802 411 1857 sedetiam
426 1802 536 1857 nullum
563 1807 709 1874 peccatum
732 1804 793 1859 sieri
818 1804 920 1876 potuit,
930 1786 954 1847 Β
964 1805 1078 1877 placens
1091 1804 1148 1860 Deo
1166 1806 1259 1872 (dccli.
1276 1821 1336 1871 xxx,
1351 1803 1408 1874 al).
1424 1823 1437 1858 s
1454 1804 1518 1859 Non
1545 1820 1615 1875 ergo
1631 1820 1663 1858 se
1676 1803 1766 1860 selim

120 1897 392 1964 potestautpoterrt
419 1891 480 1946 sine
502 1891 571 1962 ipsa,
594 1891 734 1962 siquidem
754 1893 825 1948 nibil
847 1892 923 1949 aliud
965 1893 1070 1965 quiper
1083 1891 1765 1965 eleemosynasquamlibetlargissimasfructuum

120 1995 205 2037 omne
220 1986 365 2052 peccatum
377 1979 431 2034 nisi
444 1980 495 2034 Dei
510 1985 697 2052 contemptus,
713 1998 769 2052 quo
785 1983 846 2053 ejus
856 1999 925 2054 prae·
965 1996 1081 2036 suorum
1099 1982 1235 2050 cujusque
1259 1980 1382 2051 pecunie
1402 1979 1606 2052 impunitatem
1631 1997 1664 2036 se
1681 1997 1765 2038 emere

120 2075 204 2141 cepta
217 2070 370 2134 calcantur,
384 2085 468 2140 quem
487 2074 680 2140 contemptum
706 2070 757 2124 Dei
779 2070 859 2126 nulla
880 2087 925 2125 res
965 2068 1126 2125 existiment
1139 2069 1329 2125 infacinorum
1342 2070 1521 2125 immanitate
1551 2087 1586 2125 ac
1599 2070 1763 2141 nagieomu

122 2158 177 2216 aliu
200 2159 352 2231 persuadet
379 2156 540 2213 hominibus
568 2157 622 2213 nisi
645 2158 786 2230 superbia.
816 2158 924 2214 Deinde
964 2159 1091 2230 nequitia
1105 2159 1371 2230 permanendi.Non
1385 2160 1566 2214 solumenim
1581 2160 1644 2214 haec
1658 2159 1771 2233 faciunt·

124 2247 292 2319 «cupiditas
306 2247 417 2313 malm»
434 2246 469 2301 de
484 2263 539 2319 qua
559 2246 664 2302 Paulus
687 2247 831 2318 apostolus
859 2248 920 2304 ait:
964 2247 1013 2302 sed
1029 2247 1069 2301 ita
1084 2246 1206 2316 diligunt
1219 2247 1293 2301 utin
1312 2247 1353 2302 eis
1366 2262 1479 2318 semper
1496 2252 1609 2318 optent,
1628 2248 1761 2305 tanturnsi

123 2336 241 2392 «Romu
251 2336 378 2391 omnium
393 2336 532 2390 malorum
548 2340 591 2390 est
608 2336 747 2407 cupiditas
761 2337 786 2404 (l
803 2339 873 2392 Tim.
883 2354 920 2404 vr,
964 2335 1073 2407 possint
1081 2335 1205 2406 impune,
1221 2336 1335 2390 versari.
1353 2335 1406 2400 Qui
1418 2341 1515 2391 autem
1527 2336 1626 2407 diligit
1639 2337 1759 2409 iniquib-

122 2425 203 2495 lor.»
221 2425 291 2480 Cum
305 2425 379 2479 enim
406 2425 527 2495 Spiritus
550 2430 663 2479 sanctus
681 2442 731 2497 per
756 2426 922 2497 prophetam
963 2428 1030 2491 tem,
1046 2423 1105 2479 odit
1119 2423 1243 2478 animam
1258 2441 1357 2493 suam;
1373 2430 1403 2479 et
1417 2425 1466 2497 qui
1473 2425 1670 2480 oditanimam
1679 2442 1756 2495 mam,

122 2514 236 2570 initium
251 2512 690 2585 omnispeccetisuperbiamesse
704 2514 876 2585 pronuntiet,
894 2520 923 2571 et
962 2527 1019 2566 non
1047 2517 1091 2565 est
1114 2511 1271 2567 misericors
1294 2513 1344 2567 sed
1371 2512 1503 2567 crudelis.
1532 2513 1685 2585 Diligendo
1706 2530 1756 2569 eam

123 2620 175 2683 per
187 2603 352 2675 Apostolum
369 2602 625 2658 radicemomnium
635 2603 922 2675 malorumcupidita·
963 2600 1066 2674 quippe
1090 2601 1243 2656 secundum
1266 2602 1408 2669 saeculum,
1439 2601 1499 2657 odit
1528 2619 1594 2657 eam
1617 2604 1757 2659 secundun

122 2697 181 2748 tem
194 2691 326 2758 atllrmet,
343 2707 430 2745 unum
446 2691 576 2762 idemque
605 2707 666 2746 esse
691 2691 839 2762 significat,
857 2692 924 2763 quia
963 2689 1175 2761 Deum;siergo
1189 2690 1307 2745 velletei
1319 2691 1674 2763 dareeleemosynam,per
1686 2707 1757 2763 quur

122 2780 263 2852 cupiditas
278 2785 304 2835 et
319 2779 451 2851 superbia
464 2780 493 2834 in
508 2784 619 2835 tantum
635 2785 678 2835 est
695 2780 810 2848 malum,
826 2785 860 2836 ut
872 2797 924 2836 nec
964 2778 1005 2833 illi
1016 2785 1111 2833 essent
1120 2779 1225 2833 munda
1240 2779 1344 2845 omnia,
1356 2779 1462 2834 odisset
1476 2795 1542 2835 eam
1552 2781 1756 2835 secundamse-

125 2867 264 2941 superbus
278 2869 340 2924 sine
362 2868 524 2941 cupiditate,
541 2884 593 2925 nec
607 2868 667 2924 sine
687 2869 821 2943 superbie
835 2870 925 2942 possit
965 2868 1069 2934 culum,
1081 2872 1110 2922 et
1130 2867 1260 2939 diligeret
1273 2868 1428 2923 secundum
1443 2868 1546 2924 Deum.
1560 2869 1655 2924 Nemo
1676 2875 1757 2924 auteur

123 2957 245 3016 inveniri
258 2958 385 3030 cupidus,
407 2958 526 3012 solerter
548 2957 726 3012 considerare
754 2957 858 3013 debent
876 2959 924 3030 qui
965 2957 1014 3012 dat
1028 2957 1235 3029 eleemosynam
1242 2957 1432 3028 qualemlibet,
1442 2957 1496 3012 nisi
1506 2959 1584 3014 unde
1599 2958 1658 3024 det,
1673 2958 1705 3013 ab
1718 2957 1756 3013 illo

123 3048 159 3104 de
172 3047 293 3120 peccetis
306 3052 335 3101 et
348 3046 422 3101 vitiis
437 3052 567 3112 tractant,
584 3047 651 3117 quia
666 3046 798 3118 superbia
811 3048 924 3104 initium
965 3046 1093 3118 accipiat,
1110 3047 1228 3117 quinon
1256 3053 1329 3118 eget.
1347 3047 1447 3117 (Beda.)
1474 3047 1543 3103 Ideo
1570 3048 1680 3102 dietum
1702 3053 1755 3101 est:

123 3137 268 3193 estomnis
278 3135 534 3208 peccati‚cupiditas
560 3152 625 3188 vero
640 3136 766 3191 omnium
777 3136 857 3191 radix
867 3152 926 3191 ma·
967 3152 980 3187 ι
996 3135 1188 3191 Misericordia
1198 3134 1415 3208 ejuspraeveniet
1428 3152 1473 3190 me
1488 3134 1571 3209 (Prot.
1590 3150 1670 3201 triu,
1686 3135 1755 3205 lits

124 3225 216 3282 lorum
231 3245 237 3294 ;
250 3233 334 3281 antea
345 3224 420 3279 enim
435 3240 609 3296 unaquaeque
631 3241 676 3278 res
691 3225 802 3280 initium
826 3224 921 3293 habet,
964 3223 1083 3280 Peccata
1092 3225 1168 3278 enim
1183 3224 1323 3291 mortalia,
1340 3230 1372 3279 ut
1391 3225 1576 3296 jamdictum
1591 3234 1645 3292 est,
1661 3231 1756 3280 tantvm

124 3319 222 3389 postea
239 3315 361 3369 radicem
375 3313 489 3379 emittit,
505 3318 534 3367 et
549 3318 644 3367 tamen
666 3313 739 3368 sicut
765 3313 878 3370 initium
893 3319 922 3369 et
962 3312 997 3368 ab
1007 3314 1084 3369 omni
1100 3314 1219 3385 justitie
1233 3317 1308 3369 sorte
1329 3312 1501 3380 discordant,
1513 3319 1598 3368 tanta
1621 3313 1756 3387 iniquitate

124 3405 203 3461 radix
212 3421 270 3460 una
279 3403 433 3474 eademque
451 3419 495 3457 res
510 3408 553 3456 est
566 3403 727 3471 etmateria,
743 3403 783 3457 ita
791 3403 922 3476 superbia
962 3407 1119 3475 patrantur,
1137 3408 1169 3457 ut
1182 3401 1287 3475 absque
1309 3403 1367 3458 ulla
1392 3404 1617 3459 contradictione
1628 3404 1756 3459 sectorem·

124 3499 153 3550 et
166 3493 315 3564 cupiditas,
339 3492 403 3546 licet
416 3507 504 3546 unum
522 3491 610 3562 prius,
625 3491 745 3545 alterum
771 3491 921 3563 posterius,
963 3507 1056 3558 suum,
1082 3491 1137 3546 nisi
1158 3492 1343 3564 corrigantur,
1365 3499 1499 3548 aeternam
1525 3494 1696 3565 mergentis
1708 3507 1754 3565 pe

124 3597 213 3638 unum
227 3587 324 3636 tamen
333 3585 377 3635 est
390 3580 506 3634 malum.
519 3581 557 3634 lic
568 3578 669 3634 deinde
683 3580 713 3634 iu
726 3597 843 3634 numero
849 3580 924 3652 priu-
964 3595 1030 3635 nam
1047 3579 1099 3634 :de
1114 3578 1244 3650 qualibus
1257 3581 1393 3653 scriptum
1407 3586 1451 3636 est
1466 3600 1471 3635 :
1485 3598 1498 3635 ι
1519 3583 1624 3637 Αιιίιιιιι
1635 3600 1694 3654 que
1703 3598 1753 3655 pce·

124 3671 257 3742 cipalium
275 3670 406 3725 vitiorum
427 3669 547 3740 ponitur
570 3668 675 3723 invidie
689 3669 925 3740 perniciosissima
964 3667 1077 3734 caverit,
1093 3668 1154 3739 ipsa
1174 3669 1310 3724 morietur
1325 3670 1432 3736 (dccclv.
1456 3686 1529 3735 xxiii,
1543 3668 1570 3735 l,
1588 3671 1644 3739 20,
1658 3676 1707 3725 »et
1723 3666 1752 3723 dc

124 3760 220 3832 pestis,
236 3776 297 3831 quae
309 3775 420 3830 semper
430 3758 522 3812 aliena
530 3762 677 3829 torquetur
688 3757 829 3812 felicitate.
841 3758 923 3814 Post·
965 3755 1095 3830 qualibus
1109 3757 1251 3829 apostolus
1260 3757 1441 3812 dioitPaulus
1456 3759 1620 3829 quoniam«
1636 3759 1683 3830 qui
1695 3756 1751 3813 atis

125 3849 241 3903 modum
258 3869 268 3899 ι
286 3847 422 3918 ingluvies
433 3846 547 3905 ventris.
559 3845 716 3912 fornicatio,
731 3846 783 3913 ira,
809 3846 926 3903 tristitia
965 3850 1054 3916 agunt
1062 3860 1181 3916 regnum
1191 3845 1242 3901 Dei
1262 3862 1317 3901 non
1327 3852 1536 3918 consequentur
1551 3847 1621 3915 (Gal.
1636 3865 1662 3913 v,
1676 3847 1749 3916 lits

124 3937 227 4004 saeculi,
246 3959 259 3985 a
273 3953 335 4008 quse
350 3941 469 3991 mortem
499 3941 641 4006 operatur,
664 3956 676 3987 (ι
703 3935 795 3990 inanis
821 3935 923 4005 gloria,
965 3934 1044 3991 Unde
1060 3939 1089 3988 et
1101 3935 1223 3989 loannes
1238 3935 1380 4005 apostolus
1398 3951 1404 3990 ι
1424 3956 1434 3986 r
1453 3936 1552 3991 Omnis
1568 3937 1618 4008 qui
1633 3937 1751 3992 natusest

125 4024 442 4094 avaritiasacrilegium,
458 4044 468 4074 i
487 4024 514 4078 id
529 4030 581 4091 est,
591 4043 601 4075 ι
613 4023 718 4079 turtum
734 4040 925 4080 sacrarumre·
965 4040 998 4078 ex
1009 4024 1133 4079 Deonon
1151 4027 1249 4095 peccat
1263 4025 1289 4092 (l
1300 4025 1380 4078 loon.
1413 4040 1440 4090 r,
1466 4022 1520 4095 ¹8).
1539 4044 1552 4077 e
1565 4025 1626 4080 Hoc
1640 4027 1674 4082 de
1688 4020 1750 4080 omre‘

123 4129 197 4179 rum,
210 4112 389 4177 adulterium,
401 4110 516 4178 lurtum,
534 4112 642 4183 rapina,
673 4112 775 4167 falsum
798 4113 925 4168 testimo·
965 4111 1205 4183 criminecapitali
1230 4127 1379 4184 possumus
1398 4112 1567 4185 intelligere,
1584 4115 1642 4170 sive
1657 4114 1751 4186 quint·

124 4199 382 4273 nium,perjurium,
408 4200 577 4266 idololatria,
591 4200 722 4266 ebrietas,
741 4202 849 4268 molles,
866 4217 925 4256 ma·
965 4205 1011 4256 tus
1025 4205 1069 4255 est
1092 4217 1125 4255 ex
1147 4199 1206 4257 Deo
1234 4216 1291 4255 non
1308 4205 1415 4272 peccat,
1440 4201 1470 4256 id
1493 4208 1546 4270 est,
1572 4198 1751 4275 peccatumsd

124 4292 266 4346 sculoruni
279 4288 481 4357 concubitores,
510 4289 665 4356 sodomita,
682 4290 820 4356 maledici,
836 4290 926 4345 homi·
966 4295 1084 4346 mortem
1099 4305 1156 4344 non
1175 4294 1334 4361 perpetrat:
1358 4295 1505 4360 peecatum
1534 4291 1570 4346 ad
1592 4292 1751 4346 mortemsst

124 4380 203 4435 cidae.
223 4401 235 4433 n
253 4381 288 4435 Et
301 4379 376 4434 inter
394 4384 494 4433 caetera
522 4378 626 4434 Paulus
642 4379 784 4457 apostolus
799 4379 830 4434 in
858 4379 1110 4463 Epi-„peccatum
1126 4394 1215 4450 usque
1240 4379 1275 4433 ad
1302 4383 1432 4450 tempora
1452 4381 1551 4435 mortis
1583 4384 1748 4454 protractum.

125 4467 412 4524 stolaadCorinthios
430 4467 523 4539 prima
551 4465 682 4537 capitalia
699 4467 817 4522 erimina
836 4466 925 4522 mani·
964 4468 1038 4540 quod
1062 4473 1208 4540 peccatum
1236 4467 1337 4534 omnia,
1357 4468 1406 4539 qui
1427 4475 1512 4524 uatus
1526 4476 1572 4525 est
1586 4469 1691 4533 exDeo,
1705 4479 1748 4520 nou

124 4557 217 4624 testat,
235 4556 331 4612 dicens
347 4576 352 4609 :
372 4556 503 4623 «Nolite,
520 4555 620 4627 inquit,
637 4573 731 4611 errare
746 4575 752 4610 ε
770 4562 861 4628 neque
870 4556 924 4611 tor·
964 4563 1069 4629 peccat.
1084 4555 1211 4628 [lenique
1224 4556 1312 4612 David
1328 4573 1386 4624 rex,
1398 4558 1518 4613 mortale
1527 4559 1634 4614 crimen
1641 4555 1747 4614 admisit

124 4644 273 4712 nicatoras,
291 4662 381 4717 neque
405 4645 485 4701 idolis
501 4646 662 4714 servientes,
675 4661 766 4716 neque
791 4644 922 4713 adulteri,
965 4646 994 4701 id
1007 4651 1051 4701 est
1064 4645 1234 4700 adulterium
1249 4650 1277 4699 et
1286 4644 1481 4713 homicidium,
1494 4646 1543 4702 sed
1555 4652 1650 4702 tamen
1659 4644 1747 4716 quises

125 4751 217 4809 neque
233 4735 438 4807 molles,neque
458 4734 646 4789 masculomm
656 4733 858 4802 concubitores,
873 4750 924 4790 ne·
964 4734 1023 4789 Deo
1037 4738 1121 4788 natus
1136 4738 1206 4798 erat,
1222 4732 1296 4786 etad
1311 4732 1434 4787 filiorum
1449 4734 1501 4789 Dei
1530 4735 1686 4790 societatem
1699 4743 1745 4802 pet*

124 4822 269 4897 qucfures,
282 4839 372 4896 neque
395 4822 481 4890 avari,
500 4839 592 4894 neque
611 4821 722 4889 ebriosi,
736 4839 826 4895 neque
840 4823 925 4877 male·
965 4821 1082 4888 tinebat,
1106 4838 1163 4877 non
1185 4821 1309 4893 peccavit
1332 4838 1421 4895 usque
1443 4823 1479 4877 ad
1503 4828 1634 4891 mortem,
1645 4815 1743 4895 quiesci

124 4908 188 4982 dici,
204 4929 296 4987 neque
304 4929 417 4984 rapaces
425 4929 542 4983 regnum
552 4912 603 4968 Dei
618 4911 801 4984 possidebunt
816 4913 849 4981 (l
862 4914 923 4968 Cer.
965 4917 1061 4967 reatus
1075 4910 1186 4966 veniam
1196 4912 1673 4984 moxpoenitendopromeruit.Sunt
1683 4908 1741 4965 enim

124 5021 142 5059 1.
159 5002 197 5072 9),
217 5023 228 5054 r
246 5002 342 5070 idest,
359 5001 383 5056 si
405 5001 433 5056 in
456 5001 517 5057 istis
543 5001 783 5072 perseveraverint
802 5000 927 5056 crimini·
967 5000 1096 5074 quedam
1111 5004 1226 5071 peccata
1241 5016 1304 5073 quae
1318 4999 1461 5056 levissima
1479 5005 1656 5073 putarentur,
1671 4993 1742 5053 nisiic

125 5091 187 5148 bus.
205 5093 344 5148 esserum
359 5091 485 5162 quiante
501 5089 631 5145 ultimum
658 5090 742 5162 hujus
766 5090 829 5144 vitae
851 5090 925 5144 diem
968 5087 1658 5162 Scripturisdemonstrarenturopinionegravioru
1671 5085 1740 5156 (luel

125 5181 288 5238 deleverunt
303 5197 337 5235 ea
351 5179 521 5252 poenitendo,
539 5184 567 5234 et
587 5179 774 5253 eleemosynis
797 5179 924 5234 redeme·
966 5178 1035 5243 Quis
1054 5177 1130 5232 enim
1153 5177 1293 5233 dicentem
1318 5175 1399 5233 fratri
1414 5193 1476 5243 suo,
1499 5178 1599 5244 Fatue,
1614 5192 1687 5233 reum
1710 5186 1741 5242 qe·

126 5274 202 5336 runt,
214 5271 281 5324 etin
296 5269 376 5325 bonis
391 5268 522 5341 operibus
532 5273 787 5340 perseveraverunt,
806 5284 925 5339 reguum
965 5268 1065 5323 hennae
1080 5271 1195 5340 putaret
1208 5266 1315 5336 (Mettis.
1332 5284 1359 5334 v,
1375 5265 1430 5336 etl,
1447 5266 1502 5322 nisi
1516 5267 1629 5324 Veritas
1643 5256 1743 5322 diceet?

125 5358 177 5413 Dei
201 5358 342 5429 possidere
366 5374 447 5430 posse
470 5357 620 5425 credimus,
639 5363 669 5412 et
678 5358 860 5424 affirmamus,
882 5357 923 5413 di·
964 5358 1021 5413 Aut
1030 5355 1093 5428 quis
1102 5355 1255 5410 estimaret
1263 5372 1347 5427 quam
1359 5371 1494 5427 magnum
1503 5363 1648 5430 peccatum
1661 5354 1691 5410 sit
1700 5350 1744 5406 dics

126 5452 205 5502 cente
216 5448 335 5502 Domino
347 5448 451 5515 (Mettis.
464 5463 490 5517 x,
507 5449 552 5518 29)
564 5465 597 5502 :c
613 5446 667 5511 Qui
686 5453 779 5501 eutem
797 5464 926 5519 perseve·
967 5447 1115 5501 observare
1130 5450 1159 5498 et
1169 5461 1280 5498 meuses
1295 5449 1323 5498 et
1338 5450 1466 5515 tempora
1480 5452 1511 5501 et
1521 5462 1621 5509 annos,
1634 5445 1697 5501 sicut
1708 5438 1745 5494 ob·

124 5535 230 5592 raverit
242 5551 330 5608 usque
342 5537 471 5601 insinem,
483 5536 693 5591 lricsalruserit.
712 5556 723 5587 i
742 5536 835 5605 (drap.)
853 5537 927 5593 Sane
967 5539 1089 5600 servant,
1105 5533 1153 5604 qui
1162 5533 1245 5587 certis
1263 5531 1363 5588 diebus
1380 5532 1438 5586 sivo
1448 5534 1605 5599 mensibus,
1617 5536 1671 5590 sire
1683 5528 1745 5586 anuis

125 5622 280 5683 cavendum
291 5630 335 5680 cst
353 5625 547 5698 nequisquam
562 5624 704 5682 existimet
723 5625 856 5682 *nefande
878 5625 928 5682 illa
967 5626 1064 5684 volunt
1078 5622 1121 5680 vel
1131 5622 1232 5680 uolunt
1255 5619 1362 5696 aliquid
1376 5622 1522 5691 inchoare,
1537 5640 1571 5682 oo
1585 5624 1657 5699 quod
1666 5634 1746 5679 secun·
