3772 6120
123 246 175 315 ch
416 258 447 312 s.
469 252 604 313 assam
628 258 744 313 usum
762 256 930 313 asculus.
951 258 1114 314 uoouua.
1136 218 1286 314 oasauu
1305 253 1398 315 sans
1416 245 1469 315 ln.

125 389 211 456 pauo
224 383 293 437 talia
306 381 472 436 sustinebat.
490 381 569 437 Unde
585 388 693 438 certum
717 389 761 438 est
774 384 847 437 hoc?
865 382 954 444 ,tu-a
964 382 1077 453 cogitat,
1090 383 1224 454 quoniam
1235 381 1405 453 pervenitad
1421 380 1527 445 omnia,
1547 396 1636 451 persta

128 479 205 526 verde
220 472 312 543 ipsum
329 471 468 525 dicentem
485 489 491 523 :
510 489 523 524 a
540 472 634 543 Usque
653 473 682 526 in
696 473 769 527 hanc
785 473 883 527 heram
896 479 927 527 ct
965 489 997 525 ex
1012 471 1323 526 antecedentibusnulla
1334 486 1437 541 inagna
1450 470 1636 543 operaperiau'

126 561 274 625 muamus,
287 567 316 614 et
330 560 450 623 sitimus,
459 566 488 614 et
501 560 569 614 nudi
577 578 675 616 sumus
691 564 717 629 tl
730 562 790 616 Cor.
807 564 853 633 iv).
872 582 883 612 ›
900 561 923 616 0
965 567 1008 613 est
1021 561 1105 614 veluti
1123 561 1145 613 si
1161 560 1268 614 diceret
1282 559 1427 614 :Necdum
1445 563 1566 612 mortem
1580 564 1636 614 sust

125 664 185 702 rem
200 648 369 711 mirabilem,
385 665 448 702 cum
471 655 579 704 tantam
602 649 631 704 in
655 651 852 721 predicatione
865 651 922 721 glo·
964 649 1146 721 pecuniarum
1157 649 1234 702 vohis
1249 655 1359 703 tantum
1374 646 1494 717 contigit
1507 647 1636 703 damnum

124 737 196 791 dam
212 737 376 808 possideret,
385 743 480 791 tamen
491 744 572 792 tarrta
582 739 751 810 patiebatur,
759 744 787 793 ct
796 739 922 794 fortassis
963 738 1011 793 riae
1023 756 1029 791 :
1041 738 1172 807 exagitati
1188 743 1299 791 tanturn
1310 737 1377 790 estis
1385 743 1414 791 et
1426 736 1636 808 persecutionem

124 826 264 897 reliquum
280 842 385 880 annum
395 827 458 880 vitae
464 826 574 896 agebat,
582 829 694 898 quando
709 829 749 883 ita
763 829 919 883 scribebat:
963 827 1091 881 Christus
1100 833 1195 880 autem
1211 843 1260 897 pro
1273 825 1350 880 vohis
1364 825 1532 896 sanguinem
1546 825 1636 881 fudit:

125 914 220 969 «Scio
235 914 922 988 enimhominemanteannosquatuordecimsive
962 922 1021 970 tem
1044 933 1095 986 pro
1118 915 1324 986 vobismetipsis
1351 915 1471 968 necdum
1487 915 1544 968 tale
1571 914 1636 991 aliqi

123 1003 292 1077 incorpore,
308 1003 365 1058 sire
380 1009 458 1058 entra
471 1021 582 1076 corpus,
599 1006 691 1061 nescio
706 1008 867 1077 (Μυκη)
883 1027 889 1074 ;
908 1032 920 1054 »ι
963 1005 1046 1071 estis;
1064 1004 1110 1058 ille
1125 1021 1215 1074 usque
1230 1004 1263 1057 ad
1291 1008 1411 1057 mortem
1435 1019 1485 1073 pro
1511 1004 1629 1059 veritate

123 1097 152 1146 et
166 1092 270 1147 iterum
282 1112 288 1146 :
300 1116 311 1141 ι
324 1092 391 1147 Post
404 1100 461 1147 tres
475 1110 573 1155 annos,
585 1095 686 1166 inquit,
698 1095 810 1150 ascendi
826 1097 922 1150 Hiero·
963 1110 1091 1165 pugnans
1106 1109 1156 1163 pro
1171 1092 1256 1148 vohis.
1273 1109 1321 1146 vos
1335 1098 1430 1146 autent
1453 1092 1573 1145 necdum
1589 1092 1625 1147 ad

123 1182 260 1252 solymam
274 1183 344 1245 (Gal.
361 1184 388 1250 il:
406 1188 435 1236 ct
457 1181 559 1237 iterum
584 1184 650 1238 audi
666 1201 731 1239 eum
756 1184 918 1239 dicentem:
963 1182 1138 1255 pervenistis,
1165 1198 1226 1252 quae
1250 1182 1397 1235 minantur
1421 1180 1578 1234 interitum.
1598 1180 1636 1235 al

124 1269 263 1325 «honum
281 1270 351 1324 mihi
374 1276 416 1325 est
439 1271 520 1337 mori,
544 1288 628 1342 quam
650 1278 682 1327 ut
696 1273 815 1344 glorim
831 1290 922 1328 meam
964 1273 1040 1336 estis,
1053 1271 1153 1341 inquit,
1168 1269 1377 1325 consolationis.
1396 1287 1410 1321 t
1428 1270 1487 1323 Hoc
1501 1276 1554 1332 est,
1570 1286 1635 1324 man

123 1359 266 1413 exinaniat
280 1360 429 1430 quisquam
445 1363 470 1426 (l
483 1362 543 1417 Cor.
561 1366 610 1430 rx).
625 1380 637 1407 s
649 1362 712 1416 Non
726 1360 817 1417 solum
827 1369 922 1417 autem
964 1360 1025 1423 stis,
1039 1367 1069 1413 et
1081 1359 1209 1413 dissoluti
1224 1358 1299 1412 estis.
1320 1379 1332 1409 ι
1345 1357 1485 1423 Nondum,
1501 1357 1636 1429 inquitet

122 1448 236 1513 hosceli
246 1447 330 1502 etiam
344 1448 448 1503 itcmm
462 1449 587 1504 scribens
600 1450 724 1504 dicebat:
740 1472 752 1502 ι
768 1451 845 1506 Sicut
855 1469 922 1524 pur·
963 1449 1129 1519 sanguinem
1145 1447 1286 1501 restitistis
1300 1447 1434 1500 adversus
1444 1452 1590 1517 peccatum
1607 1464 1636 1503 re

121 1542 256 1607 gamentc
268 1537 365 1591 mundi
379 1537 445 1592 facti
460 1554 558 1593 sumus
573 1541 599 1605 (Ι
611 1541 673 1594 Cor.
687 1542 735 1599 ul.
755 1559 766 1589 r
782 1540 853 1604 Quid
869 1547 919 1605 cst,
962 1544 1014 1592 tes.
1032 1537 1145 1591 »inhoc
1160 1537 1220 1590 loco
1233 1536 1408 1589 demonstrat
1423 1535 1508 1589 etiam
1524 1542 1636 1607 pearata

123 1625 650 1699 inquam,iameetsitideteriuslquid
670 1627 774 1697 frigore
802 1628 922 1682 savius?
963 1631 1072 1681 menter
1086 1626 1218 1679 adversus
1232 1641 1279 1679 eos
1294 1624 1420 1696 aspirans
1442 1630 1470 1676 et
1484 1624 1602 1681 diversis
1616 1642 1636 1679 η

123 1714 191 1785 quid
200 1714 321 1769 fratrum
332 1713 441 1769 insidiis
450 1715 634 1787 periculosius
644 1717 656 1769 l
668 1716 829 1786 quosetiarn
840 1700 954 1771 t'ulsosB
964 1721 1081 1770 rnatum.
1090 1715 1171 1778 Quod
1180 1714 1254 1768 euim
1263 1713 1418 1767 dictumest
1430 1732 1435 1765 :
1447 1736 1457 1760 n
1468 1714 1528 1767 Neo
1543 1713 1636 1769 restiti

121 1803 223 1858 tratres
238 1802 361 1877 appellat
371 1803 384 1856 l
396 1804 495 1859 Nonne
509 1803 623 1858 morbus
639 1805 736 1859 mundi
750 1805 924 1860 vocitabatur
964 1805 1107 1858 adstantes
1116 1803 1226 1858 dicitur.
1237 1823 1249 1853 r
1260 1802 1294 1856 Et
1302 1800 1380 1855 obliti
1391 1801 1468 1863 estis,
1487 1801 1590 1873 inquit,
1600 1818 1636 1858 ou

122 1892 364 1963 atquedeceptor?
376 1891 638 1947 nonnesubversorl
648 1910 742 1948 nonne
760 1893 922 1949 verberibus
963 1893 1016 1953 nis,
1029 1910 1079 1965 per
1095 1909 1178 1964 quam
1205 1890 1281 1944 vobis
1308 1891 1393 1944 veluti
1409 1890 1473 1943 aliis
1488 1890 1636 1947 fabulatur.

122 1980 340 2035 concidebatur?
353 1981 461 2036 Haecin
471 1987 565 2036 mente
580 1982 843 2049 sumamus,lratres
854 1983 922 2037 dile·
964 1983 1064 2053 inquit,
1079 1998 1135 2036 non
1149 1980 1322 2035 contristeris
1337 1980 1373 2034 ad
1388 1979 1566 2050 disciplinam
1579 1981 1636 2035 lion

121 2068 249 2137 calasini,
266 2070 325 2125 hacc
334 2070 552 2137 considemus,
562 2070 620 2124 hac
634 2071 663 2124 in
678 2071 814 2126 memoria
827 2076 921 2127 tenea·
963 2088 1017 2142 que
1031 2071 1156 2141 fatigeris
1171 2070 1237 2123 durn
1261 2069 1296 2122 ab
1318 2085 1351 2122 eo
1369 2067 1507 2138 argueris.
1530 2089 1541 2118 ι
1559 2069 1636 2141 Postq

122 2174 194 2224 mus,
210 2164 239 2212 et
252 2174 396 2231 nunquam
407 2158 601 2226 dissolvemur,
617 2177 650 2213 ac
662 2160 685 2214 si
697 2160 815 2231 injurias
829 2161 920 2233 patia-
963 2161 1046 2215 rebus
1056 2160 1124 2230 ipsis
1149 2159 1277 2213 hortatus
1292 2163 1344 2223 est,
1356 2163 1424 2211 tunc
1436 2174 1470 2210 ex
1482 2157 1635 2213 abundanti

122 2262 195 2315 mur,
203 2264 237 2301 ac
250 2249 273 2302 ai
285 2247 408 2321 rapinas,
417 2264 449 2301 ac
459 2248 482 2302 si
494 2248 590 2302 decem
605 2249 693 2303 millia
705 2249 825 2320 pessima
833 2250 920 2321 patia-
960 2248 1128 2303 testimoniis
1135 2247 1309 2300 adhortatur.
1320 2246 1438 2316 «Neque
1451 2245 1575 2312 delicias,
1587 2245 1636 2317 inq

121 2352 194 2391 mur.
210 2336 362 2407 Contingat
374 2352 426 2391 nos
439 2337 468 2391 in
479 2337 555 2391 coelis
568 2337 725 2409 probabiles
738 2355 884 2410 apparere,
892 2345 921 2393 et
961 2337 996 2392 ab
1006 2354 1039 2392 eo
1049 2336 1185 2407 argueris.
1196 2354 1210 2388 a
1221 2337 1303 2390 Certe
1316 2336 1374 2388 hoec
1381 2335 1432 2388 Dei
1442 2333 1529 2388 rerba
1539 2340 1636 2399 sunta

121 2425 216 2480 omnia
229 2425 275 2480 hic
288 2425 438 2498 portabilia
453 2432 520 2481 sunt
536 2445 541 2479 :
557 2427 703 2497 contingat
714 2444 765 2481 nos
778 2427 848 2482 benc
863 2428 920 2481 illic
961 2444 1075 2498 parvam
1085 2425 1233 2499 cispoterit
1240 2425 1349 2478 adferre
1356 2424 1636 2489 consolationemdu

120 2531 213 2584 agere,
230 2520 259 2568 et
272 2531 318 2569 res
328 2515 411 2586 hujus
424 2515 486 2569 vitae
501 2515 605 2569 nullius
619 2516 754 2570 momenti
768 2522 844 2571 stant.
855 2518 920 2571 Um·
961 2521 1040 2569 scant
1049 2515 1116 2586 quia
1127 2515 1176 2568 ilci
1187 2531 1258 2585 opus
1269 2512 1387 2567 esttalia
1398 2512 1548 2566 sustinere.
1561 2514 1626 2583 ipso

121 2603 171 2655 bra
181 2607 248 2656 suut
261 2602 316 2656 ista
330 2608 358 2656 et
382 2602 521 2657 somnium
538 2621 544 2655 ε
565 2605 770 2676 qualiacunque
790 2605 855 2671 sint,
871 2606 920 2660 illa
961 2605 1140 2675 permittente
1152 2603 1222 2673 justi
1233 2618 1377 2673 pressuras
1388 2601 1478 2654 i'arias
1488 2602 1635 2672 patiuntur

120 2706 266 2762 spmemus
281 2698 310 2744 et
322 2697 481 2763 spectemus
497 2709 502 2743 :
519 2692 574 2746 ista
598 2692 678 2747 nobis
701 2694 778 2748 nulla
799 2711 917 2766 appare·
960 2693 1047 2748 Paulo
1059 2691 1296 2763 apostolodictum
1307 2696 1367 2744 est:
1383 2690 1515 2744 «Saurea
1528 2689 1636 2761 tibigra

120 2778 200 2842 bunt,
216 2780 259 2832 vel
274 2786 382 2833 natura
395 2780 627 2839 consideratione,
642 2783 682 2835 vel
693 2783 836 2855 temporis.
961 2799 1025 2836 nam
1041 2782 1129 2836 virtus
1144 2781 1172 2834 in
1188 2780 1352 2834 infirmitate
1372 2779 1526 2850 perficitur.
1545 2804 1557 2828 ι
1572 2779 1622 2833 lile

157 2887 170 2920 ι
186 2868 317 2923 Nondum
333 2884 422 2939 usque
437 2869 471 2922 ad
484 2869 650 2939 sanguinem
665 2870 808 2925 restitistis
821 2873 918 2926 adver·
960 2870 1008 2940 qui
1024 2870 1171 2941 permittit.
1185 2890 1196 2921 ι
1209 2869 1299 2932 Quem
1312 2868 1387 2922 enim
1397 2867 1490 2937 diligit
1505 2867 1636 2921 Dominus

123 2982 133 3007 a
152 2972 200 3012 sus
209 2963 354 3029 peccatum
365 2962 564 3027 repugnantes,
573 2964 601 3012 et
610 2958 697 3012 oblita
709 2960 776 3013 estis
791 2962 918 3015 consola·
961 2958 1084 3029 tlagcilat
1098 2964 1193 3013 autem
1209 2974 1321 3011 omnem
1338 2957 1426 3010 silium
1442 2972 1527 3026 quem
1542 2954 1636 3028 recipit

122 3065 134 3095 a
146 3044 231 3100 tionis
247 3062 308 3116 quae
322 3045 399 3100 vobis
413 3051 549 3117 tanquam
569 3045 633 3100 tiliis
656 3048 780 3118 loquitur
793 3049 889 3103 dicens
911 3007 1039 3118 :cpotes
1053 3048 1155 3112 dicere,
1168 3046 1233 3117 quia
1243 3048 1337 3114 justus
1348 3045 1450 3115 aliquis
1460 3061 1560 3115 expers
1572 3042 1636 3099 triba

121 3152 135 3186 r
152 3134 204 3188 Piii
220 3135 269 3202 mi,
285 3135 342 3189 noli
358 3135 500 3205 negligere
514 3135 690 3209 disciplinam
702 3136 919 3209 Domini,neque
960 3135 1069 3201 existat,
1080 3137 1132 3189 etsi
1152 3136 1191 3189 sic
1210 3135 1289 3188 nobis
1305 3134 1431 3187 videatur
1443 3152 1449 3199 ς
1460 3134 1510 3187 sed
1521 3133 1636 3203 ignorari

123 3245 132 3273 ι
149 3222 355 3294 fatigeris‚dum
364 3222 675 3295 abeoargueris.Quem
685 3227 758 3279 enim
767 3225 920 3297 diligitDo-
960 3230 1061 3279 caetera
1075 3225 1239 3278 calamitosa
1253 3240 1314 3294 qua
1329 3223 1444 3293 patitur.
1457 3223 1580 3277 Proinde
1593 3238 1636 3277 nst

123 3329 135 3361 a
148 3311 383 3383 minus,cast.igat;
395 3312 917 3386 tlagellatautemomncmhliumqucm
960 3315 1185 3385 omncmjustunr
1194 3330 1245 3384 per
1254 3327 1400 3383 pressuras
1409 3310 1636 3383 tribulationesqu

120 3416 135 3453 c
151 3398 259 3472 recipit.
269 3400 593 3456 -Duaesuntorationum
610 3403 725 3474 species,
738 3420 799 3474 quae
807 3403 919 3458 sibimet
960 3403 1010 3458 ire.
1022 3403 1168 3456 Sententia
1179 3401 1281 3472 quippe
1291 3400 1395 3455 Christi
1406 3405 1459 3463 est,
1476 3401 1564 3471 quia·
1581 3401 1636 3455 late

118 3489 265 3544 contrarie
290 3507 350 3545 esse
372 3497 518 3563 pilantur,
540 3492 589 3545 sed
604 3493 724 3545 multum
743 3491 795 3545 sibi
820 3498 917 3547 mutuo
958 3491 1032 3546 tiosa
1045 3496 1088 3545 est
1102 3492 1146 3544 via
1160 3508 1221 3561 qua
1236 3490 1313 3543 (lucit
1326 3490 1362 3543 ad
1378 3488 1586 3559 perditionem:
1602 3504 1636 3543 an

118 3576 240 3634 aderunt
252 3578 423 3649 adjumenti:
434 3580 557 3650 quashic
569 3580 814 3651 utrasquespecies
825 3581 916 3636 incul-
958 3587 986 3634 et
1000 3586 1121 3649 angusta
1134 3597 1194 3651 quie
1208 3579 1285 3633 ducit
1300 3580 1336 3632 ad
1350 3579 1435 3631 vitam
1444 3579 1552 3644 (satra.
1569 3580 1626 3648 vn).

118 3667 199 3722 cavit.
212 3666 389 3741 Unaquippe
403 3669 509 3740 species
524 3676 574 3734 cst,
592 3668 704 3740 quando
718 3669 917 3740 plurimadici-
957 3675 1064 3740 turpcr
1082 3669 1158 3723 illam
1176 3668 1287 3721 venitur
1300 3667 1335 3721 ad
1351 3667 1447 3732 viarm,
1467 3672 1496 3720 ct
1519 3683 1576 3720 ηοη
1596 3674 1636 3739 pot

119 3772 182 3810 mus
196 3756 304 3828 aliquos
318 3773 379 3811 esse
402 3773 565 3829 perpessos:
582 3759 677 3811 anima
691 3758 766 3811 enirn
779 3759 914 3829 quodam·
956 3759 1039 3813 aliter
1045 3757 1184 3829 perveniri
1190 3762 1298 3810 certum
1305 3756 1378 3826 quod
1385 3772 1523 3825 perquem
1531 3760 1636 3826 angusta

118 3845 201 3899 modo
215 3845 375 3916 requiescit,
392 3847 504 3917 quando
523 3863 638 3900 suarum
654 3846 813 3916 passionum
829 3847 918 3918 pluri·
959 3847 1032 3901 riam
1043 3864 1141 3900 ornnes
1148 3846 1188 3899 illi
1199 3844 1383 3899 transierunt.
1396 3850 1533 3915 quotquot
1548 3844 1584 3897 ad
1601 3843 1636 3898 vit

119 3950 179 3987 mos
194 3933 325 3988 habuerit
337 3939 424 3988 testes
440 3953 445 3987 :
463 3935 698 4005 quemadmodum
715 3935 856 3989 orationes
869 3953 917 3989 su-
959 3936 1034 3990 ducti
1048 3941 1114 3989 sunt
1123 3934 1334 4004 sempiternam.
1349 3952 1361 3981 «
1376 3935 1407 3987 ln
1417 3933 1566 4003 disciplina
1573 3948 1636 4004 pers

119 4039 170 4092 pra
179 4022 273 4091 posuit
286 4021 668 4077 dicenszaltememorumini
681 4029 776 4077 autem
784 4025 917 4095 pristinos
961 4030 1123 4099 «tanquam
1153 4024 1218 4077 tiliis
1235 4022 1311 4076 vobis
1333 4039 1363 4075 se
1386 4024 1468 4075 otlert
1490 4022 1581 4087 Deus3
1601 4036 1636 4093 qu

119 4110 188 4173 dies,
203 4109 233 4163 in
248 4109 350 4180 quibus
365 4110 516 4166 illuminati
531 4128 665 4181 magiarum
680 4114 916 4167 certamcnsusti-
961 4133 971 4164 ι
989 4113 1072 4177 tilius,
1090 4128 1173 4183 quem
1186 4128 1240 4164 non
1260 4110 1376 4180 corripit
1396 4109 1499 4180 pater?
1518 4127 1532 4160 a
1550 4111 1583 4164 ln
1601 4106 1636 4163 dh

119 4197 221 4253 aluistis
234 4198 396 4269 passionum
413 4200 506 4269 (Sapr.
522 4204 561 4269 a).
580 4221 592 4247 a
607 4201 704 4255 Altera
722 4217 787 4255 vero
811 4203 917 4272 species
958 4201 1058 4272 inquit,
1072 4205 1256 4273 perseverate,
1267 4216 1323 4253 non
1337 4199 1366 4252 in
1386 4198 1540 4268 suppliciis,
1557 4212 1636 4269 nequ

117 4294 169 4354 est,
187 4286 298 4360 quando
313 4287 442 4353 dicimus,
458 4288 590 4359 quoniam
606 4289 676 4342 nihil
691 4295 734 4343 est
746 4291 841 4359 magni
853 4308 916 4362 per·
924 4327 948 4385 D
959 4291 1070 4344 mentis.
1087 4292 1200 4344 latuere.
1214 4289 1281 4359 quid
1295 4288 1335 4341 ait
1358 4287 1471 4341 Paulus.
1493 4287 1575 4342 Unde
1593 4302 1636 4358 rep

117 4393 225 4448 pessus.
243 4377 295 4432 Illa
309 4377 411 4448 quippo
432 4377 537 4448 species
561 4377 735 4448 requiescere
753 4379 819 4433 tacit
832 4386 860 4433 et
874 4397 916 4434 re·
959 4398 988 4433 sc
1003 4379 1149 4432 derelictos
1162 4395 1232 4442 esse,
1250 4393 1283 4431 ca
1302 4377 1355 4430 hoc
1378 4392 1426 4430 eos
1456 4375 1525 4431 dicit
1540 4375 1630 4447 magis

117 4466 206 4521 creari
221 4467 345 4521 animam
367 4465 535 4521 meroribus
556 4465 737 4521 subruentem
756 4486 761 4521 :
779 4467 834 4523 ista
852 4486 916 4523 vero
959 4467 1069 4531 debere,
1080 4465 1426 4538 quonianrsuntderelicti.
1443 4466 1525 4519 Velut
1535 4465 1636 4520 sidioer

118 4557 307 4626 negligentem
318 4557 441 4610 animam
453 4562 482 4610 et
495 4555 625 4627 supinam
640 4573 673 4610 ex
682 4557 844 4627 arrogantia
853 4574 917 4611 cou-
959 4564 1039 4611 tanta
1051 4556 1126 4628 passi
1142 4556 1218 4619 estis,
1234 4555 1340 4626 putatis
1353 4554 1429 4625 quod
1452 4571 1500 4607 vos
1523 4555 1590 4608 odio
1601 4554 1636 4609 lta

121 4644 203 4697 vertit
218 4651 247 4699 et
261 4645 389 4699 retrahit.
403 4646 445 4699 Ne
466 4662 532 4716 ergo
542 4645 597 4698 illis
610 4661 644 4699 ex
657 4644 706 4699 illa
719 4646 916 4701 testificatione
958 4644 1140 4716 dereliquerit
1148 4645 1240 4699 Deus?
1251 4643 1278 4697 Si
1290 4644 1366 4697 enim
1376 4643 1500 4697 haecnon
1509 4650 1634 4713 pateram

119 4732 251 4802 superbia
262 4739 422 4803 generetur,
439 4734 638 4806 contemplare,
655 4733 703 4804 qui
726 4734 767 4788 ait
789 4735 892 4789 Pacilus
909 4754 914 4787 :
959 4733 1048 4803 magis
1058 4734 1110 4787 hoc
1118 4750 1164 4787 vos
1172 4732 1310 4802 conjicere
1317 4730 1507 4802 competebat3
1520 4732 1545 4785 si
1552 4731 1636 4786 enin!

120 4821 289 4887 «Nondum,
306 4823 407 4893 inquit,
425 4824 562 4894 usquead
588 4824 754 4893 sanguinem
775 4824 917 4879 restitistis
959 4840 1070 4877 omnem
1085 4822 1174 4876 tilium
1187 4838 1269 4893 quem
1277 4821 1386 4891 recipit,
1399 4821 1447 4891 qui
1457 4820 1636 4891 riontlagetlu

119 4917 217 4965 contra
231 4917 407 4982 peceatum.»
429 4912 464 4966 Et
478 4928 533 4966 non
550 4913 694 4966 confestim
709 4913 806 4967 intulit
823 4930 918 4967 eonse-
958 4912 1043 4966 ‹lirbio
1057 4928 1113 4966 non
1129 4911 1214 4964 estin
1239 4926 1357 4964 numero
1379 4909 1513 4964 tiliorum.
1529 4909 1636 4974 (larido.¹

119 5000 243 5071 quentia,
251 5000 300 5054 sed
315 5000 464 5055 ostendens
474 5001 514 5055 eis
529 5000 651 5072 primum
665 5002 817 5073 omnesqui
829 5018 917 5073 usque
960 5002 1027 5071 ligni
1040 4999 1396 5070 ruillamagnapatiuntur?
1409 4999 1568 5063 Quomodo,
1580 4998 1636 5071 inqa

118 5090 153 5143 ad
179 5090 344 5161 sanguinem
372 5089 545 5153 restiterunt,
575 5095 642 5144 tuac
667 5090 760 5154 insert,
785 5091 918 5159 quoniam
961 5091 1034 5162 quod
1050 5089 1141 5143 omnis
1156 5090 1230 5142 lilius
1248 5088 1429 5158 flagellatur?
1445 5088 1500 5142 Sed
1517 5104 1575 5142 non
1597 5088 1636 5142 dir

117 5179 246 5247 gloriatio
262 5179 366 5234 Christi
380 5178 523 5250 passiones
537 5184 603 5234 suut
619 5198 625 5232 :
642 5187 709 5234 tunc
730 5181 790 5250 jam
809 5180 917 5234 facilius
959 5179 1050 5233 omnis
1065 5179 1112 5249 qui
1139 5178 1305 5247 flagellatur,
1321 5177 1395 5231 tilius
1422 5182 1474 5242 est,
1491 5177 1541 5231 sed
1567 5192 1636 5233 omn

119 5273 219 5321 eaemra
231 5270 380 5339 percurrit.
393 5268 452 5322 lloc
461 5268 545 5322 etiarn
556 5268 680 5322 scribens
689 5268 843 5323 Corinthiis
852 5270 919 5324 fecit
960 5268 1127 5337 tlagellatur.
1141 5268 1258 5337 Semper
1271 5267 1347 5320 enirn
1360 5272 1389 5320 et
1402 5265 1506 5337 ubique
1518 5265 1612 5320 tilium
1632 5283 1636 5301 ¹

118 5353 230 5409 dicens:
242 5358 393 5412 «Tentatio
405 5373 453 5411 ros
468 5373 523 5412 non
539 5358 739 5428 apprehendat,
752 5358 806 5412 nisi
816 5359 916 5413 huma·
958 5362 987 5411 et
1000 5357 1118 5426 castigat
1134 5357 1205 5409 :hoc
1220 5372 1287 5427 ergo
1302 5355 1491 5410 demonstrari
1506 5371 1565 5409 non
1578 5361 1636 5427 pou

119 5458 155 5494 na
168 5444 196 5511 (l
207 5446 267 5498 t'or.
280 5449 318 5515 xl.
335 5464 348 5499 a
365 5447 417 5501 hoc
430 5451 473 5500 est
492 5446 619 5500 minima.
636 5446 723 5501 Valde
739 5447 841 5518 quippe
865 5448 916 5500 hoc
959 5447 1032 5500 niam
1045 5446 1093 5516 qui
1107 5445 1180 5499 silius
1190 5450 1241 5508 est,
1252 5461 1307 5498 narn
1318 5445 1486 5515 flagellatur.
1494 5444 1570 5498 Sunt
1579 5444 1636 5515 quia

117 5529 249 5586 idoneum
265 5539 325 5588 erat
338 5536 372 5588 ad
391 5534 513 5589 maimam
527 5534 734 5605 subrigendanr.
754 5536 825 5590 llum
841 5536 915 5590 enim
958 5535 1020 5588 rimi
1036 5535 1082 5606 qui
1105 5535 1283 5603 flagellantur
1296 5533 1422 5603 nraligni.
1444 5533 1518 5587 sieut
1536 5533 1636 5588 bourie}
