3772 6120
317 274 502 347 couumr.
524 286 563 344 m
583 286 739 343 crunon
758 286 907 352 ouum
926 287 1065 344 monus
1084 256 1278 345 arcanuia.
1549 286 1618 350 roos

99 409 140 469 red
154 413 189 469 de
202 413 327 468 fontibus
340 415 416 469 Jesu.
433 413 491 467 lloc
505 413 580 467 enim
597 411 811 474 HebraeorumA
859 432 870 462 ι
887 413 1002 467 Exsulta
1016 418 1045 468 ot
1059 412 1153 481 lauda,
1169 411 1306 469 habitatio
1321 414 1398 481 Sion,
1419 416 1487 489 quia
1498 430 1618 488 magnas

99 502 218 559 ialvator
231 502 405 575 exprimitur.
422 503 501 556 Unde
515 508 544 557 et
566 502 626 573 ipse
640 498 779 555 clamabat
821 519 834 553 n
850 505 893 556 est
902 500 931 556 in
946 501 1039 557 medio
1059 501 1100 557 tui
1115 506 1230 557 sanctus
1245 503 1366 559 lsrael.»
1381 504 1508 561 Primum
1522 505 1619 561 diceu-

99 590 176 664 gelio
193 609 199 644 :
218 609 231 644 o
248 592 302 656 Qui
325 591 394 651 sitit,
411 592 507 645 veniat
521 591 556 645 ad
579 606 633 656 mo,
650 595 678 644 et
691 588 776 643 bibat.
819 588 886 644 dum
898 591 980 662 juxta
1001 590 1144 646 litteram:
1162 591 1185 648 0
1210 590 1345 649 habitatio
1369 594 1447 663 Sion,
1464 594 1571 651 exsulta
1590 599 1619 651 et

99 680 177 736 litin
193 697 248 746 me,
266 681 339 735 sicut
353 680 421 735 dicit
437 681 589 752 Scriptura,
609 678 726 734 flumina
744 677 779 733 de
819 678 905 733 lauda
925 678 1016 734 Deum
1032 685 1124 748 tuum,
1144 680 1219 753 quod
1236 681 1284 752 qai
1307 687 1373 737 tuus
1393 686 1459 738 ante
1472 682 1621 739 videbatur

99 770 148 842 ius
161 769 251 825 duent
263 786 343 842 aquae
356 769 432 823 vivae.
456 771 515 824 lloc
534 773 639 834 autem,
658 786 670 820 n
687 767 780 838 inquit
819 768 894 823 Deus
904 772 933 822 et
945 768 1062 823 modicis
1069 768 1165 824 Judee
1173 774 1256 824 terrae
1277 770 1461 828 claudebatur
1469 771 1617 844 angustiis,

99 858 167 926 ista,
185 877 198 911 u
213 858 322 913 dicebat
336 858 370 912 de
384 858 490 930 Spiritu
505 862 610 923 sancto,
623 873 707 929 quem
721 872 779 911 cre·
819 873 894 912 nunc
908 857 1058 929 repleverit
1069 874 1181 914 omnem
1194 864 1301 915 terram
1324 860 1440 916 scientia
1461 865 1567 928 tua,·et
1584 861 1619 917 da

99 964 122 1004 n
146 963 212 1003 eum
233 947 373 1019 accepturi
397 952 479 1002 orant
492 950 582 1016 (Jocn.
599 949 656 1015 vn).
676 965 687 997 r
701 945 735 1000 Et
749 945 777 1000 iu
820 952 911 1001 morte
924 962 1095 1018 consurgens
1109 953 1208 1019 regnet
1221 948 1251 1003 in
1265 948 1406 1020 gentibus,
1422 956 1450 1005 et
1467 950 1560 1022 ipsum
1570 965 1619 1005 na-

99 1035 247 1109 eloquitur
262 1036 429 1107 Evangelio:
444 1054 458 1089 ι
473 1036 527 1100 Qui
538 1035 640 1090 biberit
653 1034 688 1089 de
703 1050 779 1106 aqua
819 1034 910 1090 tiones
923 1035 1109 1107 deprecentur
1126 1043 1211 1109 atque
1225 1037 1353 1104 adorent,
1366 1038 1406 1093 ita
1429 1038 1575 1106 duntaxat,
1586 1043 1620 1095 ut

99 1142 141 1197 go
156 1126 259 1181 dedero
274 1127 373 1191 ei‚non
382 1125 459 1180 sitiet
474 1125 502 1179 in
518 1124 721 1191 eternumsed
730 1124 779 1179 fiet
819 1123 933 1194 adjiciat
940 1125 1063 1181 secundo
1073 1141 1187 1180 manum
1195 1130 1273 1182 tuam
1281 1127 1315 1181 ad
1327 1127 1536 1199 possidendum,
1544 1127 1619 1200 quod

99 1230 139 1271 »ns
153 1229 234 1287 aquae
249 1214 376 1270 salientis
390 1214 419 1269 in
435 1215 521 1269 vitam
539 1218 673 1268 eternam
688 1216 776 1284 (loon.
818 1212 959 1285 reliquum
971 1220 1015 1269 est
1035 1214 1129 1287 populi
1145 1214 1200 1282 sui,
1215 1220 1244 1271 et
1261 1220 1463 1288 congregantes
1487 1216 1619 1289 profugos

99 1302 197 1360 Fontes
221 1303 373 1360 Salvatoris
401 1303 558 1358 doctrinam
587 1301 778 1373 intelligamus
819 1302 906 1357 lsrael
921 1308 950 1357 et
958 1303 1099 1376 dispersos
1109 1303 1181 1359 luda
1192 1304 1518 1379 colligendosaquatuor
1528 1305 1619 1378 plagis

99 1391 776 1464 mam,dequainseptuagesimoseptimopsalmo
819 1397 910 1460 terroe,
934 1392 1002 1464 quia
1025 1393 1209 1448 seminarium
1233 1394 1376 1466 Evangelii
1397 1411 1448 1467 per
1466 1394 1617 1467 apostolos,

107 1500 116 1536 :
133 1500 145 1534 ι
170 1481 202 1537 ln
223 1481 352 1536 Ecclesiis
375 1480 530 1536 benedicite
554 1482 621 1547 Deo,
638 1481 727 1535 Deum
742 1480 777 1534 de
818 1480 866 1551 qui
876 1497 909 1535 ex
919 1480 1022 1538 Judais
1032 1488 1122 1550 erant;
1134 1482 1271 1553 processit
1285 1499 1302 1537 a
1316 1482 1439 1539 lontibus
1451 1484 1620 1552 lsrael,me·

118 1570 216 1636 lsrael,
233 1590 247 1622 a
264 1587 349 1642 quam
364 1570 491 1625 videlicet
516 1569 634 1641 apostoli
647 1568 778 1641 gentibus
818 1569 872 1624 lius
886 1575 981 1624 autern
996 1575 1090 1639 est,ut
1105 1571 1182 1638 Sion,
1194 1571 1223 1626 id
1238 1576 1281 1626 est
1294 1572 1438 1644 speculam
1452 1573 1481 1628 in
1495 1571 1621 1629 sublimi·

99 1660 149 1726 int,
164 1660 227 1714 ions
248 1660 323 1714 onim
347 1659 490 1730 religionis
514 1659 579 1714 inde
600 1676 651 1731 per
663 1663 778 1714 coeteras
818 1657 870 1712 bus
890 1658 1054 1714 collocatam
1078 1659 1298 1732 interpretemur
1321 1660 1483 1729 Ecclesiam,
1505 1661 1540 1716 de
1564 1676 1621 1735 qua

99 1749 270 1805 remanavit.
287 1749 367 1804 Unde
381 1754 410 1803 et
424 1749 572 1819 sequitur:
787 1737 845 1801 Bet
869 1747 1120 1820 quinquagesimus
1144 1749 1270 1821 psalmus
1285 1750 1363 1805 canit
1380 1769 1385 1803 :
1405 1750 1559 1823 «Benigne
1577 1750 1621 1806 fac

99 1837 151 1893 etis
165 1838 196 1892 in
209 1838 258 1893 illa
271 1838 317 1892 die
334 1856 339 1890 ε
357 1836 537 1893 confitemini
557 1836 677 1892 Domino
690 1843 720 1891 et
733 1837 778 1891 in·
819 1835 849 1890 in
862 1835 936 1890 bona
951 1836 1096 1892 voluntate
1110 1842 1170 1904 tua,
1187 1838 1264 1905 Sion,
1290 1844 1323 1893 ut
1350 1839 1526 1895 aedificentur
1545 1839 1620 1896 muri

99 1930 224 1983 laomen
239 1928 309 1998 ejus.
322 1928 410 1981 Notas
429 1927 512 1981 facite
528 1927 557 1980 in
571 1925 682 1998 populis
696 1925 778 1980 adin-
818 1925 984 1981 Jerusalem.
1003 1945 1015 1976 ι
1031 1925 1069 1981 Ut
1082 1926 1252 1998 acceptabile
1271 1927 1321 1982 ilat
1336 1928 1366 1982 in
1393 1944 1427 1983 ea
1440 1928 1561 1984 Domino
1573 1944 1620 1984 sa·

99 2030 154 2072 nea
168 2017 240 2087 ejus,
257 2021 427 2071 momentote
439 2016 572 2086 qnoniam
587 2015 726 2069 excelsum
735 2020 778 2068 est
820 2014 956 2070 orificium
969 2014 1096 2086 justitie,
1113 2014 1269 2071 oblationes
1283 2021 1313 2070 et
1327 2016 1499 2084 holocausta,
1507 2022 1536 2073 et
1549 2017 1621 2074 vitu·

99 2106 202 2177 a'ejus·
218 2106 337 2160 Cantato
351 2105 471 2159 Domino
482 2104 615 2174 quoniam
632 2103 779 2174 magniaco
821 2104 874 2169 lus,
891 2119 975 2175 quern
991 2104 1049 2159 lilio
1063 2103 1209 2176 poenitenti
1225 2104 1550 2177 paterclementissimus
1567 2105 1619 2162 im·

99 2193 273 2249 mundate
290 2194 342 2248 lroc
365 2193 394 2247 in
410 2192 542 2247 universa
564 2198 674 2246 terra.»
690 2192 779 2246 noin-
820 2192 943 2247 molavit.

99 2298 122 2339 ea
135 2283 213 2337 enirn
227 2282 339 2338 Domini
352 2288 491 2353 praecepta
509 2287 576 2336 suat
597 2280 699 2348 divina,
716 2297 778 2351 quae

99 2370 143 2427 ilio
153 2388 271 2427 summe
285 2371 430 2443 sapientiae
444 2368 620 2425 solummodo
634 2374 701 2425 sunt
715 2386 779 2441 pro-
1172 2422 1273 2465 mmm

106 2460 256 2516 mutilare
269 2461 310 2515 eis
332 2461 447 2515 omniuo
467 2461 548 2526 fiunt,
565 2459 632 2532 quia
646 2474 680 2514 aa
697 2459 778 2514 sactis

99 2564 134 2606 ue
151 2551 277 2606 student.
294 2550 358 2604 Haec
373 2550 576 2622 praecipiuntur
590 2546 626 2602 ab
644 2547 778 2620 apostolis
1038 2514 1225 2572 cmm
1244 2515 1405 2573 EZECHIAE

99 2638 308 2695 aisdoctorilms
323 2639 357 2694 de
372 2638 459 2695 lsrael
473 2637 527 2705 his,
539 2637 633 2709 quide
646 2636 778 2709 gentibus
1129 2624 1207 2691 1³⁶9ss
1217 2624 1304 2678 Mt·

99 2735 168 2796 runt,
186 2734 218 2783 ut
231 2729 283 2783 soli
297 2729 486 2783 confiteantur
506 2726 625 2782 Domino
641 2732 679 2791 et,
695 2725 778 2780 idolis
854 2726 1001 2783 Canticum
1010 2744 1087 2800 ergo,
1099 2729 1174 2800 quod
1184 2729 1236 2785 sub
1246 2729 1369 2785 Ezechiae
1382 2729 1497 2785 nomina
1510 2744 1618 2802 preno-

99 2816 131 2884 ιι,
143 2817 275 2871 invocent
281 2832 382 2872 nomen
391 2817 461 2885 ejus,
474 2823 502 2870 et
508 2820 609 2870 cuncta
622 2816 684 2885 ejus
693 2830 779 2887 opera
818 2821 905 2883 tatur,
921 2816 996 2888 quod
1010 2816 1097 2890 aliqui
1107 2818 1293 2890 interpretum
1307 2818 1484 2891 scripturam,
1499 2817 1617 2874 aliiora·

99 2910 134 2961 ut
149 2905 319 2973 infidelibus,
327 2911 361 2959 ut
373 2906 464 2960 sciant
479 2905 610 2976 quoniam
627 2904 686 2975 ipse
702 2904 779 2959 solus
818 2903 925 2959 tionem
941 2905 1097 2974 nominant,
1115 2906 1225 2962 videtur
1239 2907 1309 2963 mihi
1333 2907 1435 2963 melius
1456 2908 1614 2978 gratianum

99 3000 171 3059 rest,
191 3002 221 3049 et
235 3014 249 3047 e
264 2995 294 3049 in
316 2994 429 3049 nomine
453 2994 514 3065 ejus
535 3010 618 3048 omne
638 3009 713 3064 genu
726 2993 779 3048 ile-
819 2993 937 3049 aetionis
959 2994 1093 3050 vocabulo
1116 2997 1279 3068 praenotari.
1304 2996 1350 3052 Sic
1377 2996 1452 3051 enim
1479 2996 1617 3069 scripturn

99 3082 238 3146 ebatum,
254 3083 430 3138 terrestrium
455 3089 483 3137 et
506 3082 679 3138 infernorum
696 3084 776 3151 [Phil.
787 3055 810 3117 0
820 3087 863 3137 est
873 3082 901 3137 in
913 3083 1051 3155 propheta
1061 3085 1125 3153 (Iso.
1146 3088 1284 3156 xxxmnl:
1303 3106 1314 3137 ι
1332 3086 1477 3158 Scriptura
1493 3084 1618 3141 Ezechiae

99 3170 114 3229 d
126 3173 300 3228 cantandum
314 3177 366 3238 est,
383 3173 456 3244 quod
472 3172 619 3243 magnifice
634 3172 741 3237 fecerit,
750 3177 780 3226 et
819 3169 894 3241 regis
907 3171 995 3240 lude,
1005 3186 1076 3227 cum
1089 3177 1253 3244 egrotasset
1275 3179 1304 3228 et
1325 3173 1513 3228 convaluisset
1526 3172 1561 3228 de
1577 3173 1619 3228 in·

99 3260 189 3318 iorbe
210 3262 286 3317 illius
310 3260 780 3333 miserico1·diaproedicetur.lluie
820 3260 954 3314 firmitate
974 3277 1035 3316 sua.
1056 3262 1270 3334 »Septuaginta
1284 3279 1350 3316 vero
1365 3263 1407 3317 ita
1438 3266 1616 3334 posuerunt:

99 3365 142 3407 >co
155 3351 307 3406 concordat
315 3350 428 3405 initium
443 3350 589 3405 centesimi
604 3349 698 3421 quarti
707 3349 780 3422 psal-
822 3348 948 3404 «Oratio
972 3350 1094 3405 Ezechiae
1121 3350 1196 3421 regis
1214 3351 1303 3418 lude,
1320 3350 1431 3422 quando
1454 3350 1564 3421 languit
1590 3354 1619 3406 et

108 3440 151 3496 ita
164 3440 300 3512 scriptum
318 3445 370 3506 est,
389 3459 399 3490 ι
421 3439 601 3494 confitemini
617 3439 736 3494 Domino
750 3445 780 3494 et
820 3437 941 3492 surrexit
952 3437 987 3493 de
997 3437 1162 3493 infirmitate
1174 3454 1234 3493 sua.
1251 3438 1459 3494 »Manifestum
1480 3445 1523 3494 eat
1542 3439 1617 3493 enirn

99 3544 222 3585 tuomen
237 3531 308 3599 ejus,
320 3528 486 3583 annuntiate
499 3529 574 3582 inter
582 3534 680 3599 gentes
694 3544 780 3600 opera
820 3525 894 3598 quod
906 3531 969 3598 post
978 3527 1117 3582 redditam
1124 3527 1274 3583 sanitatem
1284 3528 1319 3582 de
1327 3528 1492 3583 infirmitate
1499 3543 1618 3583 consur·

99 3616 193 3675 [ahoe
209 3634 276 3688 ergo
291 3618 380 3672 tribus
395 3623 506 3672 constat
519 3617 646 3689 partibus
657 3616 725 3672 ordo
738 3617 779 3672 di·
818 3630 888 3685 gens
901 3614 957 3669 ista
970 3615 1175 3686 conscripserit,
1197 3633 1230 3670 ex
1245 3632 1300 3691 quo
1313 3631 1371 3671 non
1390 3617 1481 3671 oratio
1495 3621 1547 3683 est,
1567 3615 1617 3672 aad

122 3706 219 3762 Primo
241 3707 309 3761 dicit
326 3725 330 3758 :
350 3706 556 3762 «Conlitemini
574 3707 703 3773 Domino,
720 3727 733 3759 n
750 3707 777 3760 id
818 3703 977 3769 gratiarum
992 3704 1064 3758 serio
1079 3720 1129 3775 pro
1154 3704 1289 3759 beneficio
1305 3705 1379 3775 quod
1399 3709 1553 3777 acceperat.
1566 3704 1617 3758 Po·

99 3794 157 3851 late
172 3812 235 3849 ,eum
250 3802 278 3849 et
292 3795 371 3850 bonis
386 3795 466 3849 lin-tis
480 3794 601 3866 gratiam
616 3793 694 3849 vobis
707 3795 778 3847 ‹lix-i-
821 3799 873 3845 ere.
888 3791 1171 3847 rniruhoccunticum
1190 3791 1259 3847 bene
1270 3792 1417 3847 convenire
1432 3792 1476 3847 hie
1491 3792 1537 3864 ιιἶ
1554 3796 1618 3862 post

99 3885 237 3957 uquuite,
249 3884 316 3955 quia
339 3883 375 3938 ad
389 3883 481 3955 ipsum
496 3891 540 3938 est
553 3884 668 3939 laudare
681 3884 778 3938 Domi·
819 3881 1133 3952 longumregritudinom
1144 3878 1617 3953 animarumresipiscuatadiaboli

99 3992 102 4028 ;
124 3989 173 4029 ore
188 3974 229 4028 illi
244 3973 379 4028 honorem
394 3973 511 4040 deferre,
528 3978 558 4028 et
572 3973 703 4044 operibus
717 3975 778 4044 eius
819 3969 937 4043 laqueis,
953 3970 1029 4026 etde
1044 3975 1224 4042 peccatorum
1237 3969 1414 4043 gravitudine
1426 3973 1573 4036 sanantur,
1587 3973 1618 4026 at

99 4062 251 4119 aaffioerc.
265 4062 318 4118 Illa
327 4062 403 4116 enim
416 4061 552 4117 confessio
563 4062 609 4117 hic
622 4062 779 4135 intelligen-
819 4059 934 4116 student
951 4076 981 4116 se
1004 4058 1154 4115 virtutibus
1180 4059 1267 4116 sacris
1279 4075 1457 4132 recuperare,
1471 4064 1502 4116 et
1519 4057 1618 4114 laudae

99 4168 156 4225 pure
170 4152 280 4208 Domini
292 4152 431 4224 preconia
444 4150 585 4207 celebrare
596 4167 652 4207 non
666 4151 777 4219 desinit,
819 4149 870 4205 Dei
885 4164 941 4204 non
954 4149 1045 4205 solum
1059 4165 1135 4216 voce,
1151 4149 1200 4204 sed
1216 4149 1302 4205 etiam
1317 4149 1400 4205 eorde
1417 4154 1446 4205 et
1471 4153 1536 4205 actu
1554 4163 1619 4221 pro·

101 4245 133 4297 et
143 4240 346 4311 subsequentia
352 4241 408 4296 tale
419 4247 513 4295 votum
527 4242 723 4313 actionemque
729 4241 779 4296 de·
820 4238 960 4295 nuntiare.

115 4329 224 4385 Deinde
247 4330 399 4384 Dominum
420 4336 579 4384 commonet
601 4330 732 4397 invocari,
749 4336 812 4408 etp
856 4328 945 4400 «Ego
958 4326 1037 4383 dixi:
1059 4327 1092 4383 ln
1105 4327 1223 4383 dimidio
1244 4327 1355 4384 dieram
1375 4342 1502 4384 meorum
1517 4326 1617 4383 vadam

99 4418 266 4475 unisterium
293 4418 477 4473 sanctissima
506 4418 596 4474 laudis
625 4424 721 4489 grates
752 4419 778 4474 ei
820 4416 880 4472 aad
895 4421 990 4489 portas
1004 4416 1096 4473 inseri.
1116 4437 1126 4470 v
1143 4417 1247 4472 Narrat
1256 4416 1455 4490 quidtempore
1463 4416 1618 4488 prementis

99 4508 246 4565 solvamus.
264 4506 327 4579 lpse
342 4508 416 4562 enirn
427 4509 480 4563 rite
494 4507 605 4563 invocat
618 4508 718 4576 Deum,
731 4509 779 4580 qui
820 4505 1193 4578 angustiaimminentisque
1206 4505 1350 4576 languoris
1366 4505 1468 4560 tacitus
1476 4503 1616 4577 cogitem.

99 4602 148 4654 ctu
162 4614 248 4671 quam
261 4613 326 4652 voce
339 4597 444 4652 clamat
458 4597 492 4650 ad
507 4595 607 4651 Deum.
623 4597 703 4653 Unde
717 4597 778 4653 Sal·
824 4595 919 4663 «Dixi,
929 4595 1067 4667 inquit,in
1078 4595 1161 4650 corde
1172 4610 1244 4661 meo,
1258 4594 1287 4649 in
1296 4592 1527 4649 dimidiodierum
1538 4608 1618 4650 meo·

99 4686 266 4757 rEvangelio
275 4685 309 4740 ad
325 4683 459 4758 superbos
478 4691 506 4740 ot
520 4683 712 4741 inobedientes
726 4684 779 4742 sibi
820 4700 893 4751 rum,
912 4685 1004 4751 asise,
1021 4687 1054 4739 ut
1070 4683 1118 4738 alii
1132 4682 1310 4755 interpretati
1321 4686 1397 4749 sunt,
1409 4683 1439 4738 iu
1452 4672 1630 4739 infirmitate¹

99 4774 162 4842 inid
177 4776 254 4831 enim
268 4775 373 4830 vocatis
393 4790 447 4841 me,
465 4773 592 4839 Domine,
609 4774 737 4841 Domine,
751 4779 779 4831 ιι
819 4779 849 4830 et
856 4773 968 4828 silentio
982 4772 1093 4829 dierum
1105 4788 1242 4840 meorum,
1254 4772 1310 4828 sive
1322 4772 1494 4845 insanguine
1507 4772 1618 4829 dierum

99 4863 210 4938 itiaque
228 4864 290 4920 dico
303 4866 377 4932 (Leo.
395 4873 440 4933 vn.
454 4861 564 4918 Etalibi
582 4880 588 4916 z
606 4864 696 4918 «Non
715 4879 778 4918 om·
820 4878 957 4929 meorum,
975 4862 1087 4934 quando
1100 4878 1180 4918 meus
1194 4877 1278 4917 cruor
1289 4878 1426 4936 meusque
1440 4850 1627 4936 spectabatur

99 4952 149 5021 uit,
168 4953 215 5025 qui
230 4953 297 5007 dicit
311 4952 389 5017 milri,
405 4952 533 5018 Domine,
550 4951 677 5018 Domine,
693 4951 779 5006 intra-
820 4950 960 5007 interitus.
978 4951 1078 5024 ltaque
1091 4951 1121 5007 in
1134 4950 1329 5024 desperatione
1342 4951 1398 5007 dixi
1415 4951 1568 5007 :eliadam
1582 4950 1636 5010 ad‘

99 5056 205 5114 ιςιιιιιιι
218 5041 367 5107 coelorum;
388 5041 436 5096 sed
454 5041 502 5113 qui
524 5039 591 5094 lacit
604 5040 778 5096 voluntatem
820 5046 915 5113 portas
929 5037 1022 5095 interi.
1039 5039 1112 5094 »Vel
1128 5039 1269 5095 communi
1292 5040 1353 5111 lege
1365 5045 1484 5108 naturae,
1498 5039 1542 5095 vel
1555 5030 1623 5095 illas'

99 5129 147 5198 uei,
163 5131 223 5203 ipse
236 5130 353 5186 intrabit
367 5130 396 5184 in
410 5146 527 5201 regnum
539 5128 672 5185 coelorum
686 5130 776 5201 (Mati.
820 5134 924 5201 portas,
937 5127 1093 5201 dequibus,
1111 5128 1185 5201 quod
1204 5128 1339 5184 libemtus
1360 5129 1398 5184 sit
1411 5127 1619 5185 Psalmistade·

99 5220 170 5276 'ertio
186 5219 273 5275 dicit:
287 5239 297 5271 ι
315 5220 489 5274 annuntiate
499 5219 574 5273 inter
581 5224 680 5289 gentes
694 5235 780 5290 opera
820 5223 915 5274 cantat
930 5236 936 5272 ι
955 5236 969 5271 c
984 5218 1038 5282 Qui
1053 5219 1158 5273 exaltas
1173 5234 1217 5273 me
1236 5217 1271 5273 de
1286 5219 1374 5291 portis
1388 5218 1496 5285 mortis,
1512 5223 1544 5274 ut
1566 5234 1620 5275 an·

99 5308 174 5382 quod
196 5307 268 5364 bene
286 5313 378 5380 potest
397 5308 525 5379 glon'osis
555 5308 733 5379 evangelistis
751 5313 781 5362 et
820 5306 949 5363 nuntiem
963 5323 1060 5362 omnes
1069 5306 1244 5362 laudationes
1258 5311 1322 5362 tuas
1336 5307 1366 5363 in
1378 5307 1467 5380 portis
1476 5307 1540 5364 ulia
1551 5296 1626 5364 sion*

99 5396 165 5456 imis
179 5398 324 5471 apostolis,
345 5401 374 5452 et
386 5404 460 5453 nunc
473 5396 665 5453 sacerdotibus
679 5413 780 5452 conve·
820 5398 904 5469 (Psoi.
921 5399 972 5465 ιι).
987 5415 1000 5450 a
1014 5396 1072 5451 llas
1083 5402 1179 5468 portas
1201 5395 1303 5451 inferni
1321 5412 1387 5452 reor
1395 5411 1457 5470 que
1471 5397 1624 5455 adversum

99 5486 177 5561 iper
188 5486 439 5560 gentesuuiversas
447 5487 589 5558 magnalia
603 5488 664 5557 ejus
673 5501 781 5542 annun·
821 5486 936 5542 Petrum
946 5500 1003 5541 non
1018 5485 1178 5556 praevalent,
1189 5484 1257 5558 quia
1265 5485 1397 5542 dormivit
1405 5486 1435 5542 in
1445 5486 1633 5561 plenitudiue

99 5584 232 5634 meur,
821 5575 930 5631 dierum
953 5588 1080 5631 suorum.
1096 5575 1191 5631 Sancti
1213 5574 1332 5647 implent
1346 5574 1407 5633 dies
1428 5592 1505 5646 suos,
1526 5577 1626 5650 qualia·
