3772 6120
55 238 106 294 289
284 240 573 298 ENARRATIONUM
592 243 631 297 IN
650 244 727 298 EPP.
749 244 855 299 PAULI
876 245 944 300 LIB.
966 247 1121 304 xla-ln
1141 250 1251 305 EPIS'l'.
1272 252 1320 305 AD
1340 252 1469 308 GALAT.
1646 254 1699 312 ‘290

54 364 164 418 ludaeos
177 364 297 420 dicitur:
308 367 340 422 Si
347 368 403 434 tilii
409 370 472 420 estis
483 367 596 436 [essetis]
608 366 759 432 Abrabam,
774 369 892 436 operaA
934 370 1185 439 Ocricurnquecnim
1193 375 1358 441 creporibus
1367 379 1432 443 lepis
1440 381 1515 437 sunt,
1524 379 1574 431 sub
1586 382 1699 434 rnaledi·

55 454 169 508 aarum
178 455 264 519 facite
278 456 426 525 [taceretis]
435 459 525 522 (louis.
538 460 604 519 rur).
617 456 683 519 Quae
697 463 792 510 autem
802 457 858 510 alia
898 462 1011 511 ctosuul
1020 459 1389 530 lopicQuicunqueenimex
1400 464 1530 534 operibus
1543 467 1697 536 legissent,

56 541 99 594 illo
114 541 142 593 iu
159 546 290 613 tempore
301 560 365 598 cum
376 544 434 598 lucc
443 542 608 598 dicebantur
618 544 653 598 ab
671 545 711 598 eis
721 545 856 599 Dominus
898 545 950 599 sub
960 546 1110 600 maledieto
1121 548 1429 620 suntlegis,(Aug.)sub
1441 553 1542 607 timore
1554 556 1700 610 vultintel-

55 646 136 699 opem
152 631 346 702 exspectabat,
362 633 415 687 nisi
435 633 629 687 credulitatem
640 633 668 687 in
682 634 783 687 Filium
794 634 854 699 Dei,
898 633 957 702 ligi,
970 651 1025 688 non
1037 635 1176 703 libertate,
1188 644 1220 691 ut
1232 638 1336 692 scilicet
1351 641 1499 710 corporali,
1512 645 1699 716 praesentique

54 735 134 789 quem
144 720 235 774 Pater
254 721 381 785 miserat,
398 721 580 793 loquentem?
595 724 649 790 Qui
667 724 752 776 credit
769 725 799 776 in
814 739 856 776 me
898 722 1699 798 vindictarindicareturineosquipermanerentinomni·

57 810 675 879 riorrcrcdilinmascelr'ncurnquimemisit
691 812 854 880 (locrarii).
898 809 951 864 bus
961 828 1022 881 qua
1036 813 1141 883 scripta
1156 820 1222 867 sunt
1237 814 1265 868 in
1286 815 1357 868 libro
1372 816 1442 886 legis
1468 825 1500 872 ut
1513 819 1638 874 iacerent
1652 839 1694 883 ea,
1791 823 1797 832 “

56 895 129 949 t'nde
137 903 168 949 et
181 897 214 950 in
224 898 282 952 alio
297 899 356 953 loco
367 899 401 952 de
410 898 762 971 generissibiantiquitate,
772 906 800 954 et
810 917 858 954 no·
898 899 952 952 huc
967 916 1077 970 quoquc
1093 901 1245 963 accederet,
1268 904 1343 958 utin
1359 904 1421 976 ipsa
1441 923 1590 978 corpomm
1605 927 1696 981 pana,

57 983 583 1058 bilitateplaudentibus,respondetur:
597 989 639 1041 Ne
652 988 858 1060 dixeritis‚quia
898 987 983 1041 etiam
994 989 1134 1044 maledicti
1143 991 1327 1060 ignominiam
1339 992 1533 1050 formidarent.
1545 997 1595 1051 Ille
1603 1006 1698 1053 autem

54 1075 687 1146 potrcmlrabemusrllralram:potensestenim
697 1079 803 1131 deusde
814 1081 856 1132 la·
895 1076 1067 1146 justificatur
1080 1079 1155 1149 apud
1171 1080 1270 1143 Deum,
1288 1081 1415 1151 quicum
1432 1084 1522 1153 gratis
1538 1086 1604 1140 colit
1620 1105 1625 1153 ;
1641 1104 1698 1142 non

54 1163 162 1229 piditas
170 1165 235 1216 istis
246 1167 382 1218 suscitare
388 1165 608 1232 liliosibrabam
620 1165 709 1232 (Μαη.
725 1165 857 1237 111);lapi·
898 1166 1003 1220 scilicet
1018 1167 1171 1238 eupiditate
1180 1169 1330 1238 appetendi
1345 1171 1451 1241 aliquid
1467 1172 1502 1226 ab
1518 1173 1588 1244 ipso,
1597 1181 1699 1246 prater

56 1250 100 1303 des
106 1249 602 1323 ibinemoambigitdurasignificari
608 1254 855 1324 cordagentilium
898 1253 1000 1325 ipsum,
1010 1261 1061 1309 out
1070 1255 1172 1309 timore
1184 1256 1342 1311 amittendi.
1356 1258 1387 1312 ln
1403 1260 1463 1330 ipso
1476 1261 1549 1314 enim
1561 1263 1619 1316 solo
1634 1280 1699 1317 vera

57 1355 112 1409 qnae
119 1340 310 1394 mollitasunt
318 1348 458 1412 postea,et
464 1343 529 1396 fidei
535 1343 856 1414 receperesignaculum.
900 1349 996 1396 nostra
1011 1343 1155 1398 beatitudo
1171 1350 1256 1414 atque
1269 1347 1392 1416 perlecta
1406 1355 1457 1414 est,
1470 1356 1499 1403 et
1514 1351 1561 1420 qui
1571 1351 1698 1406 invisibi-

86 1431 350 1484 l’roridcnsoulcm
369 1431 515 1499 Scriptura
538 1435 604 1500 peria
619 1448 651 1485 ea
663 1434 857 1500 fidejustitlcat
900 1431 934 1485 lis
949 1438 993 1485 est
1011 1432 1098 1485 oculis
1122 1434 1241 1495 carneis,
1260 1434 1313 1488 fide
1337 1436 1439 1490 colitur
1454 1439 1577 1508 quandiu
1603 1440 1632 1494 in
1648 1440 1700 1494 hac

57 1523 141 1583 pentes
152 1519 236 1583 Heres,
243 1520 575 1586 praenuntiavitelbraba.
586 1522 657 1588 Quia
667 1522 859 1575 benedicentur
899 1519 1120 1585 camevirimus,
1138 1521 1211 1576 sicut
1223 1524 1387 1595 supradixit
1404 1542 1410 1577 :
1428 1528 1608 1593 Qreodautern
1624 1545 1700 1585 nunc

58 1609 84 1658 iu
99 1611 122 1658 le
136 1622 237 1661 oscines
250 1613 352 1674 pariles.
365 1611 453 1675 lpitur
466 1612 516 1677 qui
524 1626 557 1663 er
566 1611 690 1676 fidesunt
702 1611 858 1664 benedicen-
898 1612 960 1666 civo
969 1612 1000 1664 in
1015 1625 1107 1674 earne,
1124 1613 1155 1664 in
1168 1613 1221 1678 fide
1235 1615 1295 1665 ciro
1303 1614 1371 1668 Filii
1380 1614 1427 1667 Dei
1432 1633 1440 1676 ,·
1452 1620 1481 1668 et
1492 1616 1554 1686 ipsa
1564 1623 1607 1672 est
1614 1618 1698 1687 justi-

61 1700 171 1747 lurcmn
185 1697 266 1762 fideli
276 1697 429 1750 Abrabam.
439 1680 950 1768 (Amb.)Hocdicit,quiaformaBtia,
970 1715 1025 1768 quo
1039 1698 1162 1768 pertinet
1185 1700 1259 1770 quod
1279 1700 1384 1755 dictum
1399 1709 1459 1756 est:
1480 1704 1550 1770 Ouia
1557 1709 1653 1774 justus
1668 1723 1701 1761 er

59 1782 252 1838 estAbrabam
263 1784 392 1840 omnium
407 1786 590 1851 credentium,
603 1793 635 1840 ut
648 1786 677 1840 hi
687 1787 859 1841 benedictiin
900 1789 951 1854 lide
960 1789 1037 1841 cinit.

59 1889 87 1926 eo
98 1872 167 1937 sint,
184 1872 237 1944 qui
253 1874 383 1929 credunt.
409 1876 563 1947 Sequentes
591 1876 666 1929 enim
686 1876 770 1930 fidem
787 1878 857 1946 ejus,

60 1960 207 2032 participes
223 1963 298 2016 liunt
312 1970 341 2017 et
365 1962 565 2018 benedictionis
587 1965 724 2034 ejusdem.
741 1965 859 2019 Manife—
936 1963 1076 2033 Scriptum
1089 1971 1127 2018 est
1136 1969 1211 2019 enim
1222 1986 1230 2020 :
1242 1969 1403 2021 Maledictus
1413 1973 1504 2023 orrrnis
1517 1975 1566 2040 φιτ·
1575 1988 1630 2027 noa
1638 1990 1699 2042 per·

59 2055 128 2103 stam
140 2055 196 2116 est,
207 2050 278 2121 quia
288 2052 384 2105 fideles
394 2069 458 2106 cum
466 2053 540 2107 fideli
556 2052 758 2108 benedicentur
770 2071 775 2106 :
789 2071 858 2124 quo·
901 2056 1035 2106 manserit
1046 2056 1212 2109 inormibus
1221 2060 1391 2125 quascripta
1398 2064 1472 2120 sunl,
1481 2062 1511 2112 in
1519 2061 1589 2113 libro
1595 2064 1661 2129 lepis
1668 2068 1699 2116 ut

61 2138 138 2192 modo
152 2139 287 2193 infideles
302 2157 366 2195 eum
376 2141 859 2212 infidelibuspuniuntur.Providens
900 2142 986 2208 sarim
1000 2157 1039 2194 ra.
1049 2141 1186 2210 (Hieron.)
1200 2144 1281 2197 Hunc
1294 2161 1402 2198 morem
1416 2146 1516 2212 habeo,
1532 2154 1564 2201 ut
1579 2150 1700 2218 quoties-

60 2233 159 2293 oulem,
171 2228 275 2298 inquit,
289 2228 445 2299 Scriptura,
457 2233 859 2300 mriacafidcjaslificotpentes
900 2245 1010 2300 cunque
1026 2229 1060 2282 ab
1076 2231 1210 2300 apostolis
1224 2232 1258 2286 de
1276 2233 1371 2287 Veteri
1386 2234 1578 2289 Instrumenta
1593 2236 1699 2308 aliquid

62 2317 133 2378 dms.
150 2323 206 2371 etc.
218 2317 359 2383 (Hieron.)
376 2319 522 2390 Nonquod
534 2320 595 2392 ipsa
611 2320 765 2391 Scriptura,
782 2326 858 2374 atra-
901 2318 1031 2384 sumitur,
1042 2335 1185 2373 recurram
1200 2320 1236 2373 ad
1260 2320 1411 2390 originales
1426 2322 1521 2388 libros,
1534 2329 1562 2377 et
1578 2324 1697 2395 diligen·

62 2411 186 2459 mentum
215 2405 346 2461 videlicet
369 2413 398 2460 et
412 2407 582 2463 membrana
607 2426 669 2480 qua
683 2409 859 2463 insensibiles
900 2412 944 2461 ter
967 2407 1113 2478 inspiciam
1137 2409 1276 2478 quomodo
1292 2409 1320 2462 in
1341 2410 1399 2464 suis
1413 2411 1481 2464 locis
1500 2412 1605 2482 scripta
1618 2413 1697 2468 sint:

61 2494 859 2568 suntpossintiuturapraenoscere,sedquodSpiritnssan-
900 2496 993 2550 inveni
1001 2497 1096 2567 itaque
1107 2496 1135 2550 in
1146 2498 1364 2552 Deuteronomio
1384 2500 1472 2562 (Deru.
1486 2505 1575 2569 arra)
1590 2502 1642 2556 hoc
1656 2501 1698 2572 ip-

63 2587 154 2636 ctuset
168 2583 328 2654 sensusqui
342 2584 563 2651 inlitterislatet‚
573 2586 670 2641 multis
677 2592 742 2657 post
752 2587 859 2640 saeculis
900 2602 962 2639 sum
977 2584 1052 2655 apud
1064 2586 1249 2656 Septuaginta
1262 2586 1430 2657 interpretes
1436 2589 1476 2642 ita
1485 2590 1607 2659 positum
1620 2608 1625 2642 :
1643 2593 1699 2645 Ma·

63 2679 178 2727 rentum
186 2673 380 2745 praedixerint.
398 2674 485 2729 Porro
500 2676 658 2746 exemplum
668 2675 742 2746 quod
758 2675 792 2728 de
807 2675 860 2729 Ge·
901 2676 1015 2728 tediatus
1024 2677 1115 2727 arianis
1125 2675 1203 2727 bouso
1213 2678 1264 2744 qui
1274 2691 1330 2729 riou
1335 2681 1522 2744 permanserit
1530 2681 1561 2732 in
1571 2680 1699 2733 erunibus

63 2761 117 2815 nasi
131 2766 281 2834 sumptum
296 2769 348 2825 est,
365 2763 406 2817 ita
419 2763 447 2817 in
463 2763 724 2835 propriorolumine
734 2763 860 2818 contine-
900 2763 1073 2816 sermonibus
1088 2765 1154 2830 lepis
1168 2763 1261 2831 liujus,
1276 2768 1306 2817 ut
1319 2765 1404 2831 saciat
1415 2768 1485 2828 illos,
1498 2768 1600 2821 sidicat
1610 2770 1699 2822 omnis

64 2858 113 2904 mr.
122 2852 155 2905 El
166 2853 363 2905 benedicentur
376 2856 408 2906 in
417 2856 519 2906 sesninc
529 2859 673 2906 tuooumes
682 2858 772 2920 pentes
782 2858 860 2907 terra
897 2854 1027 2920 populus,
1044 2852 1114 2917 Fiat,
1126 2854 1184 2919 fiat.
1195 2851 1277 2922 Apud
1287 2852 1418 2922 Aquilam
1427 2870 1492 2907 vero
1507 2855 1565 2908 sic:
1582 2857 1698 2910 Maledi-

65 2939 134 2998 luen.
150 2946 247 3008 xxva).
264 2940 345 3004 Quod
357 2942 507 3012 Apostolus
523 2941 757 3012 superChristum
771 2940 860 2995 inter·
901 2946 959 2993 clus
970 2942 1020 3008 qni
1031 2956 1086 2994 noa
1097 2944 1226 2994 statuerit
1234 2941 1316 2994 verba
1327 2944 1392 3008 lepis
1400 2942 1493 3009 liujus,
1510 2947 1542 2995 ut
1555 2945 1643 3010 facim
1657 2960 1697 2997 ea.

65 3035 174 3097 prelans
192 3029 234 3082 ait
251 3047 256 3082 :
273 3029 334 3083 A'on
349 3035 387 3083 cst
400 3034 544 3098 seriptum,
556 3031 765 3095 Easeruinibus,
779 2992 889 3098 auersiC
900 3029 934 3082 lit
948 3030 1017 3082 dicet
1032 3030 1123 3082 oannis
1137 3032 1254 3097 populus
1271 3048 1279 3082 :
1304 3030 1374 3082 Vere.
1391 3030 1576 3100 Symmachus
1592 3050 1597 3083 :
1615 3033 1697 3085 Male·

66 3119 91 3168 in
106 3121 204 3171 turritis
219 3137 228 3172 :
244 3119 291 3171 sed
301 3121 382 3186 quasi
396 3122 428 3172 in
444 3135 499 3173 arrio
516 3122 673 3173 salsamina
689 3124 743 3183 tao,
760 3122 809 3187 qui
822 3123 860 3172 est
900 3118 1046 3184 dictusque*
1055 3122 1111 3170 non
1120 3119 1274 3184 rtrnmmrit
1283 3132 1419 3172 sermones
1431 3121 1494 3172 istos
1504 3124 1535 3172 ut
1547 3120 1634 3186 saciat
1644 3136 1698 3175 eos.

65 3204 197 3260 llrrisras.
217 3206 277 3260 Hoc
294 3212 389 3260 autem
403 3207 432 3261 in
448 3207 577 3262 omnibus
591 3224 662 3278 pene
677 3207 857 3272 testimoniis,
900 3205 932 3258 Et
946 3206 1015 3259 dicet
1029 3208 1118 3258 omnis
1130 3209 1248 3273 populus
1259 3225 1267 3258 .·
1279 3208 1374 3260 Areten.
1391 3206 1478 3259 Porro
1491 3207 1647 3261 Theodotio
1658 3208 1698 3262 sic

66 3309 121 3364 qua
130 3295 167 3349 de
180 3294 324 3350 veteribus
332 3295 412 3350 libris
420 3296 531 3351 inNovo
539 3302 683 3367 assumpta
691 3301 758 3350 sunt
764 3297 860 3351 Testa·
900 3293 1045 3347 transtulit
1057 3312 1062 3346 :
1074 3293 1232 3347 Maledictus
1244 3296 1294 3361 atri
1307 3310 1361 3347 raon
1376 3297 1548 3349 suscr'tacrrit
1563 3312 1700 3351 sermones
1767 3356 1772 3361 ,

67 3383 325 3449 mento,obserrare
333 3383 477 3451 debemus,
490 3385 564 3455 quod
579 3384 721 3438 memoria
732 3382 859 3438 credide·
901 3384 966 3450 lepis
977 3383 1061 3450 liujus
1067 3385 1156 3448 farere
1166 3382 1253 3436 eoslll
1263 3384 1333 3436 dieat
1344 3386 1434 3437 ononis
1442 3387 1561 3452 populus
1573 3405 1581 3439 :
1596 3387 1694 3440 Amen

66 3470 118 3524 rint
130 3472 312 3543 evangelista
327 3474 369 3526 rel
383 3473 511 3544 apostoli,
524 3478 671 3527 eltantum
686 3472 861 3543 sensuexpli-
902 3471 940 3524 Ex
955 3487 1010 3540 quo
1024 3469 1207 3539 intelligimus
1220 3471 1395 3541 Apostolum,
1413 3477 1445 3525 ut
1458 3472 1487 3526 in
1497 3474 1613 3536 ceteris,
1633 3491 1698 3528 sen-

66 3566 132 3626 sato,
148 3577 225 3632 saepe
247 3562 376 3616 ordinem
400 3561 642 3627 commutaverint,
657 3577 860 3631 nonnunquam
901 3576 963 3613 sum
978 3559 1068 3628 magis
1082 3559 1236 3612 testimonii
1251 3559 1378 3629 posuisse
1394 3577 1479 3630 qaam
1493 3561 1598 3615 rerba:
1617 3568 1645 3615 et
1659 3563 1700 3615 in-

67 3649 103 3701 rei
118 3649 296 3703 detraxerint
309 3649 393 3703 verba
405 3650 447 3703 rel
461 3649 630 3704 addiderint.
641 3649 718 3703 Nulli
730 3666 793 3702 vero
807 3648 860 3702 du·
902 3646 1701 3718 certumhabemusutrumSeptuagintainterpretesaddi-

68 3734 149 3803 bium,
167 3738 244 3808 quod
254 3738 380 3804 inlsaac,
392 3744 420 3792 et
437 3738 531 3804 Jacob,
543 3739 600 3792 sive
612 3738 640 3792 in
652 3736 799 3792 duodecim
810 3738 861 3791 Pa·
902 3736 996 3790 derint
1012 3754 1017 3788 :
1036 3736 1131 3790 Orouis
1154 3735 1242 3801 lrorrro,
1266 3740 1295 3788 et
1315 3739 1346 3789 in
1360 3737 1498 3799 aturribus,
1516 3753 1552 3789 an
1568 3737 1597 3790 in
1611 3739 1699 3792 veteri

69 3825 193 3881 biarchis
203 3833 233 3881 et
247 3827 365 3892 catoris,
386 3828 434 3899 qui
450 3827 484 3881 de
499 3826 642 3881 Abraham
649 3827 736 3897 stirpe
745 3826 861 3879 descen·
903 3823 1039 3878 Hebraico
1049 3822 1225 3885 itoiuerit,et
1239 3829 1336 3893 postea
1351 3823 1481 3878 aludais
1500 3824 1624 3878 deletum
1639 3824 1697 3878 sit:

68 3914 141 3979 dunt,
154 3932 214 3970 non
229 3915 337 3970 fuerint
346 3915 498 3970 benedictae
511 3917 646 3971 universae
656 3915 794 3979 nationes,
812 3914 861 3968 sed
903 3913 934 3966 ln
946 3912 1017 3966 harre
1025 3928 1070 3965 me
1081 3917 1177 3965 autem
1184 3911 1370 3982 suspicionem
1381 3911 1479 3966 illares
1485 3913 1700 3984 stimulat,quod

68 4003 91 4057 in
101 4005 215 4059 Christo
229 4006 306 4069 Jesu,
327 4022 378 4076 per
391 4022 474 4076 quem
499 4022 596 4060 omnes
619 4009 718 4074 gentes
745 4003 862 4058 laudant
900 4000 1027 4066 verbum,
1041 4001 1146 4066 Onuu's,
1156 4005 1184 4054 et
1192 4003 1223 4054 in
1237 4001 1375 4067 omnibus,
1393 4000 1472 4071 quasi
1481 4001 1576 4056 sensui
1587 4017 1638 4056 suo
1648 4017 1699 4056 ne·

69 4091 161 4159 Deum,
178 4100 210 4148 et
221 4093 397 4148 benedicitur
406 4111 509 4149 norum
523 4111 625 4148 nomen
642 4110 727 4164 super
741 4099 858 4146 terram.
901 4090 1064 4148 cessarium.
1076 4089 1112 4143 ad
1127 4089 1302 4160 probandum
1317 4088 1395 4155 illud,
1413 4091 1487 4162 quod
1498 4093 1655 4160 quintaque
1669 4108 1701 4146 ea

68 4180 862 4254 PotestautemApostolusetdealioGeneseoslocoexem·
902 4180 1028 4248 operibus
1038 4181 1186 4247 leaissunt,
1198 4180 1248 4232 sub
1270 4181 1413 4234 rualedicto
1422 4183 1489 4246 siut,
1499 4180 1650 4250 Apostolus
1659 4179 1702 4233 vir

70 4270 137 4339 dum
146 4271 268 4325 seminis
275 4288 435 4343 usurpasse,
443 4271 490 4325 ubi
498 4271 629 4327 scribitur
638 4291 643 4325 :
652 4273 755 4327 Eduxit
767 4275 861 4324 aulem
870 4307 895 4365 D
904 4267 1028 4322 Hebraeae
1037 4267 1144 4337 peritia
1152 4272 1179 4321 ct
1191 4267 1220 4321 in
1230 4267 1701 4339 legedoctissimusmunquampro·

69 4359 146 4425 saras,
162 4361 240 4414 haud
249 4359 366 4414 dubium
378 4361 446 4433 quin
458 4360 609 4425 Abraham,
620 4363 730 4426 [lsrael
745 4361 816 4413 dicit
827 4361 859 4421 ei,
904 4356 1015 4411 tulisset
1042 4355 1096 4410 nisi
1115 4356 1144 4409 in
1174 4355 1297 4410 Hebraeis
1327 4356 1516 4411 voluminibus
1539 4356 1699 4410 haberetur.

69 4450 155 4517 Aspice
164 4452 345 4512 insulamn
355 4465 473 4503 numera
482 4453 583 4512 stellas,
592 4451 726 4517 ripatoris
736 4449 864 4501 dinatus·
903 4445 994 4509 Quam
1005 4444 1040 4498 ob
1053 4461 1167 4499 causam
1183 4445 1425 4499 Samaritanorum
1435 4444 1547 4497 hebraea
1560 4443 1701 4498 volumina

70 4551 204 4601 resecas,-
219 4542 244 4590 cl
259 4541 300 4591 ait
314 4541 361 4592 illi
372 4558 380 4591 .·
396 4538 506 4593 Siccril
520 4553 610 4591 semen
625 4536 861 4603 termulensem.
904 4534 1030 4604 relegens
1050 4533 1142 4587 inveni
1167 4533 1255 4588 alet:
1285 4533 1359 4603 quod
1386 4532 1588 4601 interpretatur
1610 4532 1701 4586 omnis

71 4623 97 4677 u
111 4626 381 4679 crediditibralram
396 4627 456 4690 Deo,
474 4631 498 4678 et
514 4629 671 4694 reputatam
681 4628 718 4677 est
732 4626 757 4676 ei
771 4624 863 4691 adju·
904 4623 960 4677 sive
976 4622 1115 4687 omnibus,
1139 4620 1273 4692 seriptum
1295 4637 1365 4684 esse,
1383 4624 1488 4673 etcum
1517 4620 1701 4690 Septuaginta

70 4716 180 4768 nitram.
197 4713 365 4784 Quicunque
380 4730 445 4783 ergo
460 4714 578 4768 credunt
592 4711 792 4766 benedicentur
799 4727 863 4765 cum
905 4709 1105 4781 interpretibus
1127 4709 1304 4764 concordare.
1321 4709 1437 4763 Frustra
1452 4707 1539 4778 igitur
1553 4708 1701 4763 illudtule-

71 4801 139 4855 ideli
153 4802 309 4869 Abrabam,
336 4802 383 4874 qui
399 4802 433 4856 ob
449 4802 591 4873 egregiam
607 4802 637 4855 in
660 4801 749 4855 Deum
766 4799 861 4865 sidem,
904 4805 971 4855 runt
984 4798 1082 4864 ludaei,
1092 4815 1127 4851 ne
1142 4797 1369 4852 viderenturesse
1383 4797 1435 4852 sub
1448 4797 1606 4863 maledicto,
1614 4798 1638 4852 si
1646 4815 1702 4853 non

72 4891 173 4959 primus
193 4892 224 4945 in
246 4908 313 4946 eum
329 4891 478 4946 credidisse
493 4897 634 4945 narratur.
654 4890 732 4944 Sicut
746 4895 774 4943 et
790 4889 863 4943 Enos
904 4886 1122 4961 possentomnia
1137 4886 1276 4956 complere
1291 4887 1539 4957 quascriptasunt
1551 4905 1556 4939 :
1569 4903 1634 4941 cum
1647 4904 1700 4941 an-

72 4978 101 5031 ob
114 4980 300 5051 principalem
315 4980 343 5035 in
358 4980 544 5051 Deumspem,
557 4985 586 5033 et
594 4973 669 5033 inter
676 4984 790 5032 caeteros
797 4976 864 5030 emi·
904 4977 1040 5048 tiquiorcs
1052 4974 1168 5029 alterius
1182 4990 1292 5044 quoquc
1306 4975 1398 5044 gentis
1408 4975 1518 5041 litterae,
1535 4975 1562 5028 id
1578 4976 1702 5046 positum

72 5076 327 5141 nentem,sperasse
336 5069 468 5125 scribitur
482 5070 557 5135 (Gen.
569 5071 607 5135 rr)
627 5067 755 5121 invocare
768 5065 865 5120 Domi·
905 5066 991 5120 tuisse
1005 5070 1155 5119 testantur.
1177 5062 1317 5126 Quoniam
1340 5069 1436 5118 autem
1453 5080 1536 5117 nemo
1551 5063 1639 5134 possit
1653 5080 1701 5117 ex-

74 5173 134 5212 uam
144 5158 247 5214 Deum.
258 5159 321 5213 Non
334 5158 409 5230 quod
420 5163 449 5212 et
455 5156 534 5222 Abel,
551 5157 585 5210 do
597 5172 652 5227 quo
662 5155 798 5209 Dominus
814 5153 863 5217 ait,
907 5153 1081 5224 plerelegem
1091 5150 1325 5206 etcunctafacere
1339 5167 1400 5221 quae
1410 5152 1489 5220 J'ussa
1502 5156 1577 5215 sunt,
1595 5156 1624 5205 ct
1636 5150 1703 5205 alibi

78 5247 286 5317 l'orsaupuinis
299 5247 611 5316 fratrisluielamatad
627 5261 668 5298 rire
684 5244 758 5311 (Gerr.
776 5247 867 5311 rx).et
906 5247 1027 5296 testatur
1044 5240 1195 5311 Apostolus
1214 5238 1308 5293 dicens
1323 5240 1408 5306 (Boni.
1428 5242 1484 5306 rm)
1506 5258 1511 5292 :
1537 5239 1612 5306 Quod
1627 5243 1702 5295 enim

73 5333 797 5409 caterideincepsileumnonsperarerintinrocare:
816 5330 864 5386 sed
907 5328 1700 5398 eratimpossibilclcpi,inquointtrrnobaturpercurnem,

75 5424 330 5497 quodexeaparte,
348 5421 716 5493 unusquisqueappellctur,
728 5419 866 5491 quamrel
907 5417 1704 5487 lleusl'ilimnsmnnmittensinsimilitudiuemcarnispec-

76 5513 188 5569 maxime
201 5513 295 5569 babet.
908 5511 973 5576 cali,
983 5509 1014 5562 de
1020 5507 1326 5578 peceatocondemnauit
1332 5510 1474 5575 peccalum
1484 5507 1615 5561 incarne.
1623 5506 1703 5571 Quod
