3772 6120
125 276 174 333 iii·
280 272 571 331 nasammonas
590 276 630 331 ΙΝ
649 274 726 331 ΕΡΡ.
747 276 856 334 PAULI
876 278 945 333 ΗΒ.
965 278 1055 336 xxn.
1070 310 1103 322 -
1125 280 1165 337 ΙΝ
1184 280 1296 338 ul’ls'r.
1316 282 1343 339 11
1360 284 1411 340 AD
1426 286 1551 343 THESS.
1681 282 1738 346 'sta

124 400 173 453 uisa
180 395 307 466 jussionis
335 398 502 453 auctoritate
528 407 730 471 presumeret:
749 401 816 471 quid
843 401 1031 462 nosAlabore
1046 403 1210 474 preberem.
1227 406 1282 460 Sed
1295 423 1331 462 ne
1344 407 1416 463 sorte
1430 411 1532 466 tacitus
1559 428 1679 483 operans
1709 419 1738 468 et

123 485 337 556 manusquibus
347 503 403 541 non
420 488 512 542 solum
528 490 606 543 nulla
634 490 793 561 praedicatio
817 491 892 546 verbi
934 491 1046 545 erudire
1055 509 1102 547 eos
1114 494 1209 548 volens
1219 496 1363 567 exemplis,
1372 498 1555 554 miuimeillos
1565 501 1649 556 etiam
1665 518 1737 573 prte-

124 575 240 632 ooouoissa
248 579 301 637 est,
311 575 362 629 sed
377 593 428 630 uec
443 577 500 631 ulla
514 579 627 648 quidem
643 578 697 633 uisi
711 580 811 634 animae
840 597 891 635 no·
933 586 1078 651 ceptorum
1087 583 1372 640 monitisinstruxisse
1381 587 1631 652 videretur,intert.
1645 591 1737 646 «Nam

124 672 168 721 me
179 663 256 717 solius
269 680 337 717 cura
352 665 525 719 mandatur?
541 683 597 736 qua
607 667 709 721 fiducia
723 668 820 723 otiosis
835 686 893 723 ma·
934 674 963 723 et
980 684 1045 722 cum
1054 686 1179 725 essemus
1185 672 1258 742 apud
1269 675 1386 739 vos,hoc
1393 675 1629 732 denuntiabamus
1646 678 1733 745 vobis,

124 753 181 810 uibus
188 751 271 822 gratis
285 769 389 822 panem
403 754 550 808 comedere
561 755 737 822 audebimus,
750 774 833 828 quem
846 774 893 812 vas
934 757 1097 827 quoniamsi
1109 759 1300 830 quisnonrult
1310 764 1420 834 operari
1431 782 1482 819 nec
1491 767 1650 821 manducet.
1660 786 1673 819 v>
1682 769 1738 822 nd-

124 841 243 902 eltctionis,
260 842 426 911 Euangeliou
435 843 624 898 sollicitudine
641 850 670 899 ot
696 836 893 916 praedieatione
933 845 987 899 huc
996 846 1108 901 illorum
1119 849 1521 921 desidiam,quiscienteseum
1530 862 1562 910 ut
1569 856 1736 925 magistrum

124 931 266 992 uustnctus,
279 930 342 985 sine
356 948 439 1002 opere
447 949 583 987 manuum
598 935 744 988 comedere
754 952 811 990 non
821 952 892 1008 prae·
934 931 1038 988 bonum
1052 933 1185 991 doctriua
1197 938 1290 1007 grstia
1303 944 1332 994 et
1346 939 1531 996 institutionis
1550 942 1666 999 obtentu
1678 945 1737 1000 suis

124 1020 198 1076 uuit?
212 1019 424 1074 «Sedinlaborc
440 1042 453 1073 a
469 1021 571 1092 inquit,
591 1042 603 1074 (ι
617 1030 646 1078 et
658 1023 894 1096 fatigationeope-
934 1022 1063 1078 manibus
1073 1031 1230 1096 operatum,
1247 1026 1353 1082 imitari
1370 1035 1563 1097 contemnunt,
1576 1038 1605 1087 et
1614 1032 1735 1104 diligen·

124 1117 191 1164 notas
203 1108 287 1163 dieac
297 1114 389 1175 nocte,
403 1125 438 1164 ue
449 1127 532 1181 quem
543 1117 667 1166 vestrum
677 1129 891 1183 gravaremusv
933 1110 1002 1165 tiam
1009 1112 1225 1185 cautionemque
1231 1131 1313 1170 suam
1327 1123 1487 1189 exaggerat,
1495 1120 1600 1186 dicens,
1613 1128 1736 1178 nontan-

123 1198 193 1252 ldbuc
211 1198 406 1252 additamenta
432 1216 490 1254 suae
514 1200 705 1270 castigationis
730 1208 890 1273 exaggerat.
933 1204 995 1254 tum
1009 1201 1100 1255 scboc
1115 1202 1171 1256 illis
1187 1205 1313 1276 exemplo
1333 1207 1482 1262 tradidisse
1497 1216 1673 1279 praesentem,
1686 1212 1735 1266 sed

123 1287 165 1342 llon
175 1287 243 1341 euim
252 1287 421 1358 simpliciter
433 1288 512 1352 dixit,
529 1306 585 1343 nou
604 1291 779 1345 comedimus
792 1307 892 1361 panem
934 1288 1019 1342 etiam
1031 1289 1120 1344 verbis
1125 1291 1233 1360 jugiter
1242 1294 1418 1364 praedicasse,
1427 1296 1490 1351 utsi
1496 1297 1559 1368 quis
1568 1299 1736 1355 scilicetnon

123 1375 232 1446 abaliquo
246 1382 381 1443 vestrum,
394 1384 423 1432 et
434 1379 676 1449 hucusquestetit.
692 1381 807 1433 Poterat
817 1381 893 1435 enim
934 1377 993 1430 vult
1007 1379 1119 1448 operari
1138 1396 1190 1433 nec
1212 1383 1371 1437 manducet.
1388 1384 1450 1439 Non
1476 1387 1536 1455 jam
1550 1386 1672 1443 doctoris
1692 1389 1734 1443 vel

122 1464 182 1519 rideri
190 1465 301 1536 proprio
329 1466 474 1537 otiosoque
489 1472 603 1538 sumptu
634 1485 666 1522 ac
685 1469 829 1523 recondita
843 1486 893 1540 pe·
933 1466 1034 1520 medici
1049 1468 1185 1522 utiturad
1199 1487 1247 1524 eos
1260 1472 1385 1538 consilio,
1403 1473 1451 1527 sed
1466 1473 1640 1531 districtione
1649 1476 1677 1531 in
1688 1493 1736 1532 eos
1775 1532 1777 1537 .

122 1553 187 1620 urb,
200 1553 370 1609 velalioruro
381 1554 447 1609 licet
461 1572 518 1610 non
537 1556 666 1621 istorum,
680 1558 829 1613 collatione
843 1575 893 1613 seu
931 1554 1087 1624 judiciaria
1102 1559 1341 1628 pronuntiationis
1358 1562 1509 1625 invehitur,
1526 1570 1555 1617 et
1577 1565 1737 1636 apostolica

120 1642 252 1696 muneribus
266 1644 542 1707 sustentatusfuisse,
557 1647 629 1700 «sed
640 1647 669 1700 in
678 1646 782 1714 labore,
789 1647 892 1717 inquit,
933 1650 1071 1714 potestate
1081 1654 1235 1718 resumpta,
1242 1649 1484 1705 velutetribunali
1494 1652 1737 1725 incontemptores

120 1730 297 1800 obligatione
317 1740 399 1786 nocte
420 1741 449 1787 et
464 1734 508 1787 die
521 1740 680 1805 operantes,
697 1736 751 1790 »id
762 1742 814 1802 est,
840 1720 1102 1791 no-Bsententiam
1119 1734 1188 1790 dicit
1204 1753 1209 1788 :
1223 1736 1272 1791 illa
1281 1754 1382 1809 nempe
1396 1745 1545 1809 potestate,
1561 1757 1646 1813 quarn
1671 1759 1736 1797 cum

119 1824 159 1873 m
169 1837 245 1892 opere
256 1822 417 1892 specialiter
426 1824 577 1878 sustentati
593 1830 639 1878 :et
647 1825 708 1890 hoc,
724 1825 825 1896 inquit,
836 1842 893 1881 non
934 1820 1162 1877 interminatione
1185 1824 1309 1879 scribens
1336 1828 1371 1880 ad
1396 1829 1556 1884 Corinthios
1571 1847 1588 1884 a
1615 1831 1736 1887 Domino

119 1916 246 1980 manustra
261 1911 407 1965 voluntate
423 1913 664 1983 perpetrabamus,
684 1931 735 1968 nec
750 1931 800 1985 pro
816 1915 892 1969 dele·
934 1908 987 1963 Sibi
997 1911 1119 1965 asseruit
1131 1912 1237 1978 datam,
1254 1931 1317 1968 cum
1332 1931 1380 1970 eos
1395 1916 1424 1969 in
1434 1917 1536 1972 delicto
1550 1919 1657 1989 positos
1667 1936 1737 1992 pt'ae·

119 1998 224 2059 mo'one,
236 2004 269 2052 ut
281 2000 394 2070 requies
404 2006 433 2053 et
440 2001 603 2055 exercitium
614 2003 891 2073 eorporisinvitabat‚
933 2005 1071 2065 moneret,
1087 2005 1120 2054 ut
1133 2007 1199 2054 ante
1212 2002 1363 2057 adventum
1387 2021 1469 2059 suum
1493 2007 1659 2078 semetipsos
1677 2026 1737 2064 cor·

120 2086 152 2141 sed
162 2094 189 2140 ut
201 2089 353 2142 necessitas
372 2096 401 2143 et
415 2089 511 2160 inopia
524 2091 612 2145 victos
627 2108 683 2145 non
702 2092 763 2147 sine
783 2093 890 2162 ingenti
933 2086 1025 2157 rigere
1031 2088 1205 2155 festinarent,
1215 2090 1262 2144 -ita
1269 2091 1450 2163 praecipiens:
1466 2111 1479 2144 a
1490 2094 1632 2164 Rogamus
1642 2112 1736 2152 vosne

126 2176 254 2246 adguuone
268 2178 493 2248 corporisfacere
506 2179 699 2250 compellebat.
722 2182 784 2236 Non
800 2183 891 2236 solum
932 2192 1055 2246 praesens
1072 2178 1224 2249 compellar
1236 2180 1339 2234 audere
1353 2181 1383 2234 in
1398 2182 1534 2252 quosdam
1542 2185 1736 2253 potestateilla

121 2280 214 2336 nmque
227 2283 278 2336 per
293 2272 384 2321 totum
393 2267 449 2321 diei
463 2269 596 2338 spatium,
608 2270 657 2323 sed
671 2270 756 2324 etiam
764 2276 890 2341 tempore
934 2279 995 2333 quae
1005 2265 1072 2318 duta
1082 2266 1237 2320 estmihiin
1254 2267 1334 2321 -vobis
1345 2270 1384 2335 (II
1394 2272 1454 2324 Cor.
1472 2278 1511 2338 x).
1525 2290 1538 2321 v
1555 2271 1589 2325 Et
1611 2271 1732 2327 iterum:

121 2354 193 2421 natis,
208 2357 281 2425 quod
294 2355 382 2426 quieti
396 2357 520 2428 corporis
546 2358 657 2412 videtur
671 2358 822 2425 indultum,
839 2360 890 2413 hoc
935 2368 949 2403 t
966 2352 995 2406 Si
1010 2353 1085 2407 enirn
1093 2355 1318 2427 volueroaliquid
1325 2357 1441 2426 gloriari
1452 2358 1487 2412 dc
1500 2364 1639 2429 potestate
1649 2377 1734 2432 quam

121 2457 171 2513 opus
181 2460 311 2499 manuum
340 2461 389 2515 pro
403 2463 472 2501 escae
487 2446 674 2501 sollicitudine
700 2447 891 2502 indesinenter
933 2439 1012 2495 dedit
1024 2442 1094 2496 mihi
1109 2443 1254 2501 Dominus.
1266 2444 1294 2497 in
1309 2444 1502 2512 aedificatione,
1519 2452 1548 2501 et
1561 2463 1617 2503 uon
1632 2449 1662 2503 in
1684 2450 1735 2504 de-

122 2530 236 2601 argebam.
254 2534 313 2587 Nec
334 2541 430 2587 tamen
450 2551 480 2588 se
502 2535 593 2589 solum
612 2535 738 2589 totaliter
757 2535 892 2591 intereos
934 2530 1087 2585 structione
1097 2537 1261 2597 vestm,non
1277 2533 1438 2588 erubescam
1450 2537 1489 2602 ll!
1503 2536 1563 2591 Gor.
1576 2540 1643 2605 xm).
1659 2538 1735 2593 uilla

123 2628 288 2677 automatum
311 2622 396 2676 inisse
411 2628 541 2687 testatur,
559 2640 594 2678 ue
614 2624 686 2679 sorte
706 2641 762 2678 non
780 2642 891 2696 magna,
933 2617 1049 2689 inquam
1063 2625 1201 2690 potestate
1210 2623 1382 2692 pronuntiat,
1400 2623 1520 2694 «Siquis
1530 2641 1587 2679 non
1602 2626 1734 2698 vultope·

123 2710 302 2780 regeneratis
312 2711 455 2765 videretur
476 2712 534 2766 baec
553 2712 651 2777 torma,
672 2713 696 2766 si
719 2713 806 2784 ipsius
833 2719 894 2767 tan—
934 2706 1001 2774 rari,
1010 2724 1062 2762 nec
1070 2708 1229 2769 manducet,
1238 2729 1251 2763 u
1260 2726 1316 2764 non
1324 2711 1734 2782 gladiocarnalieosaddicens,

124 2801 168 2851 tou
191 2800 349 2854 traderetur
376 2801 525 2871 exemplo:
549 2801 702 2855 sedetiam
723 2819 820 2856 omnes
846 2803 894 2874 qui
935 2795 984 2850 sed
995 2797 1163 2851 auctoritate
1177 2798 1266 2853 sancti
1276 2798 1398 2870 Spiritus
1416 2800 1502 2871 hujus
1516 2802 1579 2856 vitae
1590 2803 1630 2856 eis
1646 2803 1734 2859 inter-

126 2892 284 2942 eraotsecum
308 2889 344 2942 ad
374 2888 562 2943 ministerium
590 2890 731 2961 Evangelii
756 2891 892 2962 deputati,
935 2884 1030 2939 dicens
1045 2885 1241 2952 substantiam,
1257 2893 1289 2942 ut
1303 2888 1326 2942 si
1342 2888 1413 2943 torte
1427 2906 1538 2961 poenam
1548 2890 1649 2947 utura
1659 2909 1735 2947 mor-

124 2972 194 3043 idst,
212 2978 354 3031 Silvanum
382 2984 411 3031 et
430 2978 619 3041 Timotheum,
636 2979 684 3050 qui
710 2979 770 3034 haec
796 2980 895 3034 eadem
935 2972 972 3027 tis
986 2974 1101 3029 minime
1116 2975 1271 3045 cogitantes
1294 2977 1386 3032 adhuc
1403 2978 1504 3033 vellent
1516 2996 1612 3034 amore
1622 2980 1670 3035 otii
1681 2981 1735 3035 exi-

125 3076 169 3116 cun
179 3082 208 3120 so
220 3065 356 3127 scribunt,
372 3067 472 3121 asserit
491 3067 576 3121 simili
590 3084 674 3139 opere
688 3068 839 3122 laborasse,
861 3069 893 3123 ln
905 3035 1009 3116 cstare
1019 3069 1208 3130 contumaces,
1220 3066 1319 3119 saltem
1336 3067 1502 3122 necessitate
1525 3068 1647 3123 naturali
1668 3086 1735 3124 con-

125 3154 235 3221 eoetiam,
251 3156 327 3225 quod
342 3156 409 3209 dicit
430 3176 438 3209 :
456 3174 469 3207 (ι
482 3172 612 3227 nequem
626 3162 750 3212 vestrum
761 3174 892 3227 gravare-
934 3151 1023 3205 stricti
1034 3158 1062 3206 et
1077 3159 1153 3207 metu
1179 3154 1324 3224 praesentis
1345 3154 1487 3221 interitus,
1509 3157 1645 3212 salutaria
1667 3176 1736 3230 prve-

124 3245 553 3307 ausaverecundiameisincutit
564 3262 710 3316 magnam:
728 3246 752 3299 si
763 3248 838 3300 enirn
846 3246 893 3299 illc
934 3246 1015 3310 cepta
1029 3241 1170 3312 suscipere
1191 3250 1337 3313 cogantur.
1361 3244 1440 3308 Quod
1461 3247 1586 3317 apertius
1609 3246 1736 3304 indicans

125 3329 674 3405 qniirangeliumpraedicabatsignisillud
688 3333 893 3405 virtutibusque
934 3328 1002 3384 dicit
1020 3349 1029 3383 ··

125 3422 302 3479 mucndans.
321 3439 356 3475 ne
366 3427 497 3491 gravaret
507 3422 678 3493 quempiam,
689 3423 778 3493 gratis
792 3440 893 3494 panem
971 3419 1158 3475 «Audivimus
1169 3421 1244 3475 onim
1250 3423 1385 3492 quosdam
1395 3423 1736 3481 atubulantesinvobisin·

125 3508 264 3565 munducare
286 3527 343 3564 uon
358 3511 452 3569 audet.
474 3511 613 3581 quomodo
628 3511 738 3566 illinon
753 3512 894 3566 aestiment
935 3508 1601 3581 «quiete,nibiloperantes,sedcurioseagentes.
1612 3516 1736 3579 latitant.)

125 3608 253 3666 segrarare
263 3599 311 3669 qui
323 3599 518 3670 quotidieeum
527 3600 608 3653 otiosi
621 3605 807 3671 vacantesque
821 3617 893 3672 prae-
935 3596 1050 3650 Ouriose
1069 3613 1152 3666 agere
1167 3597 1272 3664 dicens,
1284 3599 1364 3669 quasi
1378 3599 1427 3670 qui
1442 3600 1499 3653 otio
1518 3599 1607 3666 abusi,
1625 3602 1660 3654 ad
1684 3602 1737 3656 hoc

125 3690 248 3742 anuntio
264 3689 416 3759 Nonquasi
424 3704 479 3742 non
489 3689 892 3760 lmberemuspotestatemsit,
934 3690 1037 3739 vacant
1058 3691 1090 3739 ut
1117 3685 1236 3740 aliorum
1265 3686 1425 3742 examinent
1446 3687 1541 3754 vitam,
1572 3689 1647 3759 quod
1675 3689 1736 3744 sieri

125 3773 186 3829 taut
193 3777 362 3848 nometipsos
373 3776 490 3831 formam
501 3779 633 3832 daremus
647 3777 765 3831 vobisad
784 3778 895 3832 imitan-
935 3774 1016 3844 quasi
1030 3773 1227 3828 inconveniens
1240 3774 1389 3842 abdicabit,
1405 3776 1688 3847 precipiensquidem
1701 3777 1736 3831 il-

125 3856 896 3933 lmnos.»Panditcausam,cursibitantumlaborisin-
936 3861 980 3929 lis,
994 3868 1026 3916 ut
1040 3868 1171 3933 separent
1184 3880 1214 3917 sc
1227 3881 1246 3918 a
1267 3863 1379 3930 talibus,
1407 3864 1503 3918 dicens
1529 3865 1661 3935 quoniam
1685 3882 1737 3921 nec
1805 3855 1815 3865 ⁶

124 3945 226 4015 dixerit«
237 3960 280 4020 ut,
295 3954 397 4025 inquit,
412 3955 533 4009 sormam
551 3955 683 4009 daremus
697 3954 818 4009 vobisad
832 3955 896 4009 imi·
936 3951 1106 4005 manducare
1124 3951 1181 4005 sint
1206 3952 1282 4023 digni
1298 3952 1392 4008 sinon
1407 3953 1517 4024 operari
1532 3953 1671 4008 voluerint
1686 3973 1692 4008 :
1709 3962 1738 4010 et

125 4040 213 4096 mlum
224 4043 374 4107 uos,autsi
385 4043 616 4098 fortedoctrinam
626 4043 895 4098 verborumauribus
936 4038 1126 4095 abundantius
1132 4040 1202 4095 illud
1216 4041 1457 4113 pandensadjicit:
1478 4060 1491 4095 o
1506 4042 1564 4097 illis
1579 4047 1674 4097 autem
1689 4044 1737 4115 qui

125 4131 362 4203 toetdsirequenter
378 4133 517 4202 ingestam
528 4132 657 4187 oblivioni
673 4132 895 4196 traderetissal-
937 4127 1097 4199 hujusmodi
1111 4136 1178 4185 sunt
1191 4130 1377 4203 praecipimus,
1392 4137 1421 4186 et
1430 4131 1608 4186 obsecramus
1622 4149 1673 4204 per
1682 4133 1737 4188 Do·

107 4216 379 4276 ·tenronversationis
389 4220 577 4292 exemplasub
592 4222 737 4276 oculorum
753 4221 808 4275 fide
818 4220 896 4276 vobis
936 4217 1044 4272 minum
1060 4225 1187 4273 nostrum
1203 4221 1298 4274 lesum
1314 4221 1467 4288 Christum,
1483 4227 1515 4275 ut
1523 4236 1587 4276 cum
1601 4222 1740 4278 modestia

124 4304 203 4362 talia
215 4309 378 4363 memoriter
389 4310 548 4364 retineretis
564 4328 570 4363 :
588 4309 897 4364 baudlevioreorumet
936 4314 1173 4378 operantessuum
1179 4326 1280 4380 panem
1288 4310 1466 4364 manducent.
1476 4309 1739 4365 »Nouabsolutedi-

124 4387 197 4449 blac
206 4398 394 4469 reprehensio,
410 4416 474 4452 cum
493 4398 570 4465 dicit,
586 4415 616 4452 se
637 4399 715 4453 nulla
734 4399 798 4464 alia,
811 4416 896 4470 quam
936 4412 1002 4451 cens
1017 4404 1050 4451 ut
1062 4404 1223 4469 operentur,
1240 4399 1289 4453 sed
1304 4399 1408 4468 adjecit
1428 4415 1492 4451 curn
1507 4400 1647 4462 modestia,
1663 4399 1738 4469 quod

124 4487 216 4555 exempli
239 4487 332 4557 gratia
349 4486 473 4541 laborem
500 4488 576 4541 bunc
592 4492 619 4542 et
642 4487 836 4557 fatigationem
851 4488 896 4542 die
936 4492 1018 4540 erant
1031 4487 1197 4553 adimentes,
1208 4492 1241 4542 ut
1254 4504 1289 4541 ne
1299 4485 1361 4540 vitse
1375 4486 1468 4540 aliena
1486 4486 1594 4540 curiose
1609 4493 1737 4556 agerent.

125 4576 238 4644 luctuque
256 4576 381 4647 corporis
387 4577 521 4645 exegisse,
538 4583 566 4631 et
580 4592 627 4631 eos
642 4576 896 4633 nihilomiuuseru·
937 4574 1055 4629 Volebat
1062 4575 1137 4629 enim
1150 4582 1182 4629 ut
1195 4575 1255 4629 sine
1264 4575 1323 4629 ulla
1336 4573 1498 4627 curiositate
1510 4573 1559 4626 illa
1573 4580 1736 4645 operentur.

126 4652 162 4713 liti
179 4664 257 4729 nolle,
276 4670 391 4736 propter
405 4681 474 4735 quos
489 4665 548 4736 ipse
560 4665 755 4720 necessitatem
774 4682 830 4720 nou
844 4666 896 4720 ha·
938 4679 999 4734 quae
1016 4668 1147 4734 poterant
1168 4663 1220 4717 sibi
1243 4663 1311 4734 ipsis
1339 4662 1469 4716 sufficere
1497 4662 1533 4716 ad
1559 4664 1740 4719 sustentatio-

125 4738 181 4815 beus,
194 4753 245 4807 sibi
261 4758 373 4808 tantum
386 4753 557 4824 fatigationis
570 4755 710 4809 indixerit.
723 4755 757 4808 Et
772 4755 895 4825 quidem,
938 4768 1014 4805 neni.
1031 4753 1177 4819 tdusst'un.)
1191 4751 1258 4805 Post
1271 4755 1380 4804 tantum
1397 4749 1492 4821 itaque
1520 4749 1641 4821 rigorem
1653 4769 1738 4807 eran-

126 4830 200 4907 inquit,
213 4859 277 4897 cum
287 4841 468 4896 habuerimus
479 4848 656 4914 potestatem,
672 4850 701 4897 et
714 4847 898 4914 paterentno·
937 4840 1033 4911 gelicae
1048 4838 1241 4906 districtionis,
1257 4854 1331 4892 nunc
1345 4854 1460 4892 oausam
1474 4839 1589 4911 exponit
1602 4857 1651 4896 cur
1679 4842 1738 4897 haec

126 4917 155 4978 tis
165 4928 304 4986 facultates
327 4932 452 4985 omnium
469 4930 598 4995 fratrum,
614 4937 699 5003 atque
722 4930 895 4997 substantiae,
938 4929 1069 4984 universa
1080 4928 1268 4999 premiserit:
1287 4948 1300 4978 a
1327 4927 1492 4983 Audivimus
1516 4929 1591 4983 enirn
1606 4930 1739 4986 intervos

125 5017 233 5075 ttuteodi
247 5021 288 5075 eis
301 5020 414 5076 Domini
425 5021 514 5074 nostri
531 5038 642 5075 nossem
657 5037 702 5074 me
715 5020 819 5075 habore
833 5037 898 5092 per·
939 5017 1075 5088 quosdam
1085 5016 1230 5071 ambulare
1243 5015 1377 5086 inquiete,
1389 5017 1460 5071 nibil
1470 5024 1627 5088 operantes,
1635 5019 1685 5073 sed
1693 5036 1740 5075 cu-

125 5101 225 5174 musam
250 5126 392 5164 nonaum
415 5115 511 5164 tamen
538 5126 606 5164 usus
631 5109 683 5164 hac
697 5116 846 5180 potestate,
862 5126 898 5163 ue
939 5106 1321 5177 rioseagentes.»Nusquam
1330 5121 1377 5159 eos
1388 5105 1436 5177 qui
1446 5106 1531 5161 dediti
1540 5108 1740 5178 esseoperino·

123 5195 178 5261 quod
194 5215 269 5254 ame
283 5198 355 5253 bene
368 5198 481 5252 aclioite
495 5199 583 5263 tieret,
600 5198 663 5253 aliis
680 5198 730 5253 otii
744 5197 819 5253 noxii
828 5215 898 5269 prae-
938 5195 1009 5261 lunt,
1018 5209 1073 5249 uno
1089 5198 1201 5249 tautum
1215 5193 1315 5249 morbo
1326 5199 1474 5266 corruptos
1482 5195 1664 5266 pronuntiare
1671 5213 1739 5253 cou-

122 5276 183 5339 leret
190 5287 346 5358 exemplum
360 5306 366 5352 ;
382 5287 527 5342 etidcirco
548 5286 728 5356 Evangelium
744 5287 897 5358 praedicans
937 5290 1033 5340 tantus
1047 5288 1091 5339 est
1106 5302 1112 5337 :
1129 5283 1158 5338 in
1183 5283 1268 5355 priori
1289 5300 1411 5354 narnque
1425 5283 1548 5354 Epistola
1566 5283 1741 5344 inordinatos

119 5370 175 5427 meis
187 5376 492 5447 manibusatqueopere
503 5376 590 5430 malui
598 5375 758 5441 sustentari,
776 5380 808 5430 ut
821 5375 898 5429 vobis
939 5389 987 5428 eos
1002 5373 1134 5444 appellat,
1145 5389 1197 5426 nec
1207 5372 1362 5427 secundum
1371 5371 1550 5427 traditionem
1562 5372 1741 5431 illamambu·

117 5464 377 5534 quoquerolentibus
392 5465 447 5518 iter
469 5464 580 5518 virtutis
595 5464 733 5531 incedere,
749 5464 823 5519 riom
836 5481 899 5535 per·
938 5461 1008 5528 lare,
1021 5478 1105 5533 quam
1119 5467 1289 5533 acceperunt
1305 5460 1395 5515 abeo.
1412 5460 1555 5531 lnquietos
1569 5461 1656 5518 etiam
1677 5482 1739 5519 esse

115 5548 230 5609 lectionis
243 5553 392 5625 aperirem,
408 5558 437 5608 et
446 5552 664 5609 conversationis
693 5552 813 5609 sormam
833 5568 897 5609 meo
938 5551 1046 5617 definit,
1059 5557 1088 5606 ct
1097 5549 1187 5621 gratis
1202 5566 1305 5622 paoem
1329 5549 1511 5608 manducare.
1536 5550 1660 5608 Rursum
1682 5552 1738 5609 bic.
