3772 6120
146 252 211 309 1159
435 247 466 300 Β.
486 241 623 299 metm
647 240 763 296 ntum
781 239 949 294 Ancurae.
970 236 1132 293 MOGUNT.
1153 237 1302 294 OPERUM
1319 236 1413 294 Pelas
1431 238 1482 295 111.
1709 243 1767 300 tlte

141 376 326 447 scriptumest
335 367 619 442 :Goelumplicabitur,
627 366 700 421 sicut
710 365 780 421 liber
786 366 935 433 involutus,
945 365 1103 426 Amisisset
1117 383 1123 417 :
1136 370 1189 418 cet
1199 364 1383 420 erexiteornu
1396 364 1496 419 salutis
1511 363 1603 433 nobis,
1617 384 1630 416 r
1645 368 1765 427 ωιιιιιιιο

141 472 170 520 at
179 464 244 518 alibi
258 483 263 515 ε
277 464 486 516 firmamentum
497 462 540 512 est
554 458 690 511 Dominus
700 455 865 510 timentibus
873 472 937 511 eum
979 454 1059 525 quasi
1078 455 1203 525 apertius
1226 453 1294 525 quid
1315 454 1403 508 erexit
1423 455 1620 526 explanans«
1640 456 1761 526 Salutem,

141 556 378 609 cttestarnentum
388 549 485 620 ipsius,
494 552 527 602 ut
536 545 732 600 manifestetur
742 544 938 615 illis2quicun·
979 543 1080 614 inquit,
1105 560 1138 596 ex
1164 542 1285 597 inimicis
1303 544 1407 597 nostris
1433 550 1462 597 et
1489 544 1524 598 de
1545 561 1634 598 manu
1652 548 1761 604 omnium

141 659 195 713 que
209 641 284 694 enim
306 638 350 693 hic
370 637 506 692 veraciter
522 637 611 690 Deum
626 633 748 702 diligunt
762 639 790 686 et
805 633 939 687 mandata
979 632 1026 702 qui
1040 631 1160 686 oderunt
1174 648 1235 686 nos.
1253 654 1265 683 rr
1282 630 1386 686 Omnes
1404 639 1502 687 autem
1517 633 1566 704 qui
1581 633 1701 689 odcmnt
1712 653 1758 705 nas,

140 733 201 800 ejus
215 729 355 784 custodire
370 731 514 798 appetunt,
522 723 707 793 laudibusque
715 721 765 776 Dei
779 738 835 776 non
846 722 937 776 solum
978 721 1020 774 vel
1033 721 1161 774 homines
1175 737 1329 792 perversos,
1338 722 1379 774 rel
1392 721 1554 776 immundos
1566 722 1682 794 spiritus
1693 724 1761 796 sigui

139 837 197 875 ore.
228 818 276 871 sed
299 817 385 870 etiarn
407 815 490 869 corde
509 812 620 867 assidue
643 828 741 866 sarar-c
761 811 884 876 student,
905 825 938 864 ex
979 810 1054 875 licat,
1070 809 1105 864 de
1118 825 1239 881 quorum
1248 826 1334 863 manu
1347 816 1376 863 et
1385 810 1499 864 interim
1514 827 1565 882 spe
1580 812 1760 870 salvifactisn·

141 906 292 977 Scripturis
305 905 392 959 sacris
406 902 625 957 consolationem
639 916 791 971 congruam
803 899 938 970 accipian·
979 914 1051 961 mus,
1068 898 1139 952 etin
1159 898 1254 953 futuro
1275 898 1367 969 reipsa
1382 900 1518 954 salvandi.
1536 900 1618 965 Quod
1641 904 1757 960 autemiu

139 1004 182 1051 tes
197 997 231 1049 dc
245 995 290 1048 ‹lie
303 994 331 1047 in
342 994 416 1047 diem
426 991 625 1064 proficientem
638 990 677 1044 sic
690 990 750 1043 sine
761 989 819 1043 ulla
829 987 939 1042 dubita·
978 986 1146 1058 quibusdam
1165 987 1294 1041 Ecclesiis
1310 988 1429 1052 canitur,
1447 1009 1457 1039 ι
1480 995 1510 1042 et
1527 989 1656 1044 liberavit
1669 1007 1713 1047 nos
1730 976 1768 1048 ab

139 1086 215 1139 tione
230 1083 414 1156 pergratiam
437 1080 488 1136 Dei
504 1084 567 1152 post
580 1081 665 1133 tinem
683 1078 769 1148 hujus
788 1077 850 1131 vitas
873 1077 934 1143 hoc,
977 1074 1098 1130 inimicis
1113 1075 1225 1141 nostris,
1240 1075 1317 1130 etde
1332 1093 1419 1130 manu
1437 1078 1567 1132 omnium
1586 1078 1635 1150 qui
1649 1096 1697 1134 nos
1708 1081 1755 1137 ode

139 1174 213 1245 quod
227 1174 276 1227 diu
292 1172 337 1226 hic
351 1171 521 1242 quaesierant
536 1168 565 1222 in
584 1184 670 1237 regno
686 1166 792 1220 calesti
805 1165 865 1219 sine
880 1166 936 1219 sine
978 1170 1053 1228 runt,
1068 1182 1081 1215 ›>
1096 1163 1172 1218 idern
1184 1170 1236 1230 est,
1249 1165 1315 1235 quia
1328 1171 1394 1219 tunc
1408 1166 1491 1237 plene
1503 1167 1625 1220 salutern
1640 1169 1755 1225 exinimi·

71 1272 78 1283 ·
140 1263 302 1335 percipient,
977 1252 1017 1306 cis
1028 1252 1131 1306 nostris
1146 1253 1324 1324 accipiemus,
1340 1255 1452 1325 quando
1466 1255 1502 1309 de
1515 1272 1615 1311 eorum
1627 1257 1754 1314 insidiiset

977 1340 1185 1396 seductionibus
1198 1341 1321 1413 perfecte
1333 1342 1442 1397 liberati
1457 1343 1607 1409 fuerimus,
1621 1351 1653 1401 ιιι
1664 1346 1752 1402 miseri·

482 1453 586 1491 rxcrrrr.
975 1428 1100 1484 cordiam
1114 1447 1209 1501 quam,
1223 1447 1274 1502 per
1287 1432 1409 1501 gratiam
1423 1433 1473 1487 Dei
1487 1439 1516 1487 et
1531 1433 1649 1488 Petrum
1662 1436 1750 1499 merite,

343 1553 529 1609 CANHCUM
542 1551 732 1606 ZACHARIAE
976 1518 1021 1573 hic
1033 1536 1065 1573 ex
1078 1525 1157 1591 parte
1171 1519 1334 1591 accipimus
1349 1521 1376 1574 in
1394 1521 1490 1576 sutura
1503 1522 1562 1576 vita
1576 1523 1694 1594 pleniter
1703 1541 1751 1595 pos·

976 1607 1127 1662 sideamus
1140 1608 1261 1663 Undeet
1249 1609 1425 1679 tsequitur:

943 1683 967 1744 Β
1016 1715 1030 1749 ι
1046 1696 1089 1751 hd
1104 1696 1260 1751 taciendam
1275 1698 1496 1753 misericordiam
1508 1717 1574 1754 cum
1585 1701 1751 1772 patribusno·

174 1791 589 1868 Igitur·Zacharias,paterbcati
598 1789 862 1861 JoarmisBaptistae,
870 1789 936 1844 licet
977 1804 989 1837 ι
1006 1787 1081 1851 stris,
1093 1792 1122 1840 et
1132 1787 1281 1841 memorari
1295 1788 1456 1842 testamenti
1467 1789 1511 1842 sui
1522 1790 1622 1854 sancti,
1631 1792 1752 1860 jusjuran-

136 1894 250 1960 propter
262 1885 433 1940 dubietatem
456 1882 557 1936 mentis
577 1881 626 1935 diu
649 1879 748 1934 fuisset
762 1895 861 1950 expers
875 1878 934 1932 elo·
977 1874 1750 1949 «dum,quodjmavitadnlaalrampatremnosaumh-

135 1977 211 2048 quio,
234 1990 349 2028 munere
368 1977 464 2026 tamen
484 1973 598 2024 nonest
613 1967 844 2039 priratusdirino
861 1984 867 2018 :
886 1967 934 2021 sed
977 1969 1097 2018 uturum
1109 1981 1138 2017 se
1148 1963 1237 2030 nobis,
1247 1971 1278 2019 ut
1291 1965 1350 2020 sine
1359 1966 1503 2021 timorede
1511 1967 1643 2022 inanibus
1651 1969 1751 2023 inimico

135 2065 210 2119 edito
226 2080 322 2134 patro
343 2062 423 2130 cujus
452 2074 553 2113 nomen
574 2056 692 2111 tacendo
719 2054 932 2126 conscripserat
977 2068 1062 2106 «rum
1076 2058 1237 2106 nostrorum
1259 2054 1368 2108 liberati
1390 2056 1612 2111 serviamusilli.
1632 2058 1750 2111 »Dixerit

133 2153 268 2225 gratissi
254 2151 343 2205 sancti
369 2147 488 2219 Spiritus
516 2146 682 2211 illustratus,
713 2144 779 2229 quid
805 2144 933 2199 laturum
974 2139 1142 2194 Dominum
1131 2147 1212 2211 Juxta
1221 2143 1561 2215 aloqurapropheterurn
1554 2163 1584 2200 ur
1594 2145 1748 2201 domoDarrt

136 2248 210 2296 esset
219 2240 305 2295 inlici
315 2238 416 2311 populo
426 2232 932 2309 prophetandopmnuntiavitdioens:
974 2229 1157 2296 nasciturum,
1168 2230 1238 2285 dicit
1251 2232 1380 2286 eumdem
1391 2233 1427 2287 ed
1440 2234 1611 2305 explendum
1624 2240 1746 2290 testamm

173 2330 369 2384 «Benedictus
383 2325 606 2382 DominusDeus
621 2322 717 2387 Israel,
732 2321 798 2392 quia
811 2321 934 2376 visitavit
973 2323 1044 2385 tum,
1060 2319 1421 2392 quodhbrahaedisposuit,
1434 2339 1485 2377 nos
1500 2340 1562 2377 esse
1577 2323 1744 2390 liberaturum,

137 2438 150 2469 a
167 2425 196 2472 et
214 2418 279 2472 fecit
294 2414 514 2486 redemptionem
534 2411 622 2484 plebis
641 2428 708 2466 suae.
729 2411 870 2474 »Quanta
883 2426 932 2465 su·
973 2407 1040 2477 quia
1056 2407 1183 2463 videlicet
1205 2409 1249 2463 his
1265 2411 1404 2481 precipue
1426 2412 1597 2482 patriarchis
1615 2413 1650 2466 de
1662 2430 1704 2467 suo
1716 2430 1744 2466 se

137 2507 214 2577 perui
231 2506 356 2561 muneris
370 2511 413 2558 est
426 2503 551 2573 largitas.
566 2501 590 2555 si
604 2505 735 2572 prompta
746 2499 782 2553 ad
793 2498 932 2571 accipien·
973 2496 1049 2551 mine
1063 2497 1105 2550 rel
1118 2499 1297 2568 congregatio
1310 2500 1448 2570 gentium.
1459 2501 1501 2553 rel
1512 2502 1617 2556 Christi
1627 2510 1667 2556 est
1679 2503 1743 2556 incer·

135 2598 201 2649 dum
219 2602 320 2649 nostrae
336 2594 400 2647 srdci
415 2593 451 2647 sit
466 2592 566 2663 pietas,
587 2589 759 2661 perpendere
772 2604 930 2660 possumus.
973 2583 1050 2637 natio
1062 2584 1206 2655 promilssar
1224 2586 1299 2656 qu⁰d
1311 2587 1458 2642 Matthaeus
1469 2604 1582 2659 quoque
1598 2588 1706 2643 breviter
1716 2588 1742 2641 ir

136 2685 204 2737 Ecce
220 2684 339 2753 loquela,
359 2697 421 2752 quae
439 2681 500 2734 sola
524 2685 567 2733 est
584 2678 679 2732 ablata
698 2664 931 2742 diffidenti‚'cum
972 2670 1073 2727 timaee
1085 2672 1182 2739 voluit,
1193 2674 1622 2747 quiEsaugeliisuiprincipium
1633 2675 1741 2731 hocmodo

134 2771 234 2842 spiritu
260 2770 413 2843 prophetiae
432 2776 475 2823 est
498 2768 629 2822 restituta
647 2766 781 2821 credenti.
802 2765 931 2820 Visitarit
971 2759 1068 2831 cepit:
1082 2778 1096 2812 ι
1109 2761 1192 2815 Liber
1202 2763 1394 2832 generationis
1407 2765 1473 2819 Jesu
1488 2766 1595 2820 Christi
1610 2766 1658 2821 litii
1669 2763 1740 2825 Darii,

133 2865 227 2914 autem
241 2859 376 2914 Dominus
385 2858 494 2930 plebem
509 2873 601 2921 suam,
619 2856 701 2927 quasi
714 2855 798 2926 longa
810 2853 931 2908 infirmi·
972 2847 1022 2901 lilii
1032 2848 1183 2903 Abraham.
1204 2869 1215 2900 r
1231 2849 1283 2905 Ubi
1298 2851 1463 2911 notandum.
1481 2854 1556 2924 quod
1571 2854 1645 2926 apud
1658 2859 1740 2908 unum·

133 2954 192 3001 tate
207 2948 407 3007 tabescentem,
424 2953 452 3001 et
473 2946 553 3017 quasi
578 2946 717 3000 venditam
734 2943 786 2997 sub
805 2950 928 3014 peccato,
972 2953 1026 3008 que
1045 2938 1246 3010 evangelistam
1269 2940 1356 2995 David
1380 2942 1529 3013 praefertur
1555 2942 1680 3005 Abmhaer
1695 2938 1740 3011 (1¹1it

332 1673 423 1725 Patris
437 1672 466 1724 Β.
475 1671 592 1723 Joorrrris
604 1670 737 1737 Baptista.

133 3037 206 3090 unici
223 3036 272 3090 urii
289 3035 332 3090 sui
352 3035 488 3106 sanguine
508 3034 636 3099 redemit,
657 3033 730 3104 quod
747 3033 814 3103 quia
831 3032 929 3086 beatus
971 3034 999 3081 et
1012 3029 1036 3084 si
1047 3032 1182 3103 temporis
1197 3032 1296 3087 ordine
1311 3035 1457 3103 posterior,
1473 3035 1739 3106 promissionistamct

131 3125 277 3179 Zacharias
295 3125 420 3196 proxime
439 3124 596 3177 faciendum
615 3127 791 3192 cognoverat,
808 3121 929 3192 prophe·
971 3126 1014 3173 est
1033 3137 1150 3175 munere
1170 3123 1268 3192 major.
1286 3123 1404 3177 Abrahae
1425 3141 1549 3194 lienique
1573 3124 1621 3195 qui
1635 3118 1739 3178 adhucirr

130 3213 186 3267 tico
202 3232 279 3268 more
293 3213 374 3285 quasi
386 3215 444 3284 jarn
468 3208 573 3267 factum
590 3217 696 3265 narrat.
713 3211 747 3264 Et
761 3209 927 3275 notandum,
970 3209 1107 3279 praeputio
1120 3210 1226 3281 positus
1237 3212 1516 3283 propriadereliquit,
1528 3213 1619 3266 Deum
1629 3207 1737 3281 cognorit,

131 3303 204 3374 quod
220 3304 346 3357 visitasse
364 3308 393 3356 et
413 3302 565 3356 redemisse
578 3299 693 3372 'plebem
711 3315 791 3353 suam
814 3298 926 3353 dicitur.
970 3296 1034 3350 fidei
1049 3298 1240 3353 testimonium
1255 3300 1367 3365 meruit,
1384 3301 1452 3354 tides
1472 3307 1587 3356 tantum
1600 3299 1738 3372 gentiumet

129 3392 273 3462 Nonquia
294 3391 425 3446 videlicet
439 3391 474 3444 ad
490 3391 562 3445 hanc
575 3388 689 3443 veniens
711 3405 791 3443 suam
810 3387 925 3453 invenit,
969 3394 1163 3442 sacrosanctus
1180 3388 1306 3443 Ecclesiae
1327 3398 1414 3444 eoetus
1426 3397 1470 3444 est
1480 3390 1644 3461 promissus,
1653 3389 1735 3443 dicente

129 3479 176 3534 sert
189 3479 256 3550 quia
269 3479 408 3534 visitando
422 3495 502 3532 suam
513 3478 587 3532 lecit.
968 3475 1002 3528 ad
1015 3477 1232 3542 eunrDomino,«
1245 3482 1329 3547 atque
1338 3478 1366 3532 iu
1378 3486 1405 3532 te
1416 3478 1620 3534 benedicentur
1633 3479 1736 3533 univers

171 3569 236 3623 alit
256 3569 345 3622 erexit
366 3584 454 3622 cornu
476 3567 575 3621 salutis
595 3566 674 3621 nobis
688 3567 717 3620 in
731 3567 815 3620 domo
839 3565 926 3621 David
967 3556 1735 3634 cognationesterrae3»Davidauteruoraculosublimiort·

128 3657 207 3729 pueri
221 3657 275 3713 sui.
292 3678 303 3709 ι)
316 3657 514 3711 Comusalutrs
529 3658 639 3711 firmam
649 3654 843 3710 celsitudinem
854 3654 927 3709 salu·
968 3654 1041 3725 quod
1056 3673 1088 3710 ex
1098 3657 1159 3727 ipso
1169 3657 1298 3711 Christus
1312 3657 1466 3712 secundum
1479 3675 1595 3712 carnem
1610 3656 1735 3712 nascimu

127 3747 164 3800 tis
178 3746 256 3801 dicit.
266 3747 337 3802 Ossa
350 3746 488 3818 siquidem
502 3745 598 3799 omnia
611 3761 694 3799 carne
709 3744 833 3798 insoluta
848 3747 923 3798 sunt.
967 3750 1041 3798 essct
1054 3745 1162 3799 audiuit
1178 3761 1184 3797 :
1205 3765 1217 3797 ι
1241 3746 1367 3817 Cumque
1387 3746 1556 3817 implereris,
1581 3745 1676 3816 inquit,
1697 3739 1735 3794 lis

127 3835 222 3890 Cornu
236 3836 345 3890 excedit
356 3852 479 3895 carnem,
489 3842 518 3889 et
528 3833 792 3888 ideocornusalutis
806 3848 925 3902 regnum
966 3833 1172 3901 tuos,utvadas
1181 3835 1217 3889 ad
1231 3840 1325 3906 patres
1339 3841 1411 3900 tuos,
1429 3835 1569 3890 suscitabo
1580 3840 1733 3889 sementum

126 3924 278 3979 Salvatoris
295 3924 397 3979 Christi
409 3930 535 3988 vocatur,
552 3940 607 3995 quo
622 3922 727 3977 mundo
740 3922 884 3993 spiritalis,
897 3925 926 3975 et
966 3928 1080 3994 postte,
1097 3924 1172 3995 quod
1190 3923 1244 3977 erit
1257 3924 1291 3978 de.
1304 3924 1369 3978 srliis
1381 3925 1437 3979 tuis
1448 3931 1476 3978 et
1491 3924 1632 3979 stabiliam
1646 3932 1734 3993 ιιςιιιιι

127 4028 188 4083 quae
203 4013 296 4067 carnis
309 4013 414 4083 gaudia
427 4019 549 4084 superet,
572 4011 690 4066 altitudo
705 4011 852 4065 nuntiatur
869 4027 875 4063 :
895 4009 925 4064 in
965 4013 1037 4082 ejus.
1051 4013 1271 4084 Ipsemdisrcabit
1280 4013 1348 4067 mihi
1358 4013 1483 4079 donrum,
1495 4020 1524 4068 et
1535 4013 1652 4068 tirmabo
1661 4011 1734 4066 solun

125 4102 205 4171 cujus
220 4101 341 4172 figuram
365 4101 452 4155 David
467 4102 509 4155 vel
532 4101 664 4156 Salomon
679 4116 765 4155 cornu
785 4099 839 4154 olei
859 4103 925 4153 sunt
965 4103 1026 4172 ejus
1048 4102 1183 4173 usquein
1202 4107 1350 4157 aeternum.
1370 4104 1428 4174 Ego
1443 4121 1492 4158 ero
1509 4104 1536 4158 ei
1554 4103 1584 4158 in
1602 4098 1735 4175 petreae

125 4189 155 4244 in
169 4190 249 4261 regni
262 4189 382 4261 gloriam
405 4191 568 4245 consecrati.
964 4190 1024 4262 ipse
1038 4191 1092 4246 erit
1106 4189 1175 4245 mihi
1189 4191 1219 4245 in
1234 4191 1323 4246 silium
1335 4194 1362 4258 tl
1374 4195 1439 4246 Por.
1453 4191 1528 4262 xvir).
1547 4212 1558 4243 r

162 4297 176 4330 ι
192 4279 270 4334 Sicut
280 4279 390 4334 locutus
400 4285 443 4334 est
452 4296 504 4352 per
516 4296 546 4334 os
554 4285 724 4344 sanctorum,
737 4279 784 4349 qui
794 4295 812 4333 a
822 4278 924 4333 saeculo
994 4299 1007 4332 ι
1018 4280 1050 4336 ln
1056 4280 1204 4335 sanctitate
1211 4280 1453 4350 etjustitiacoraru
1461 4281 1521 4352 ipso
1528 4280 1656 4336 omnibus
1662 4275 1734 4334 diebu

126 4386 138 4418 ι
156 4375 222 4422 sunt
237 4369 438 4440 prophetarum
455 4369 525 4438 ejus.
543 4369 593 4422 oh
611 4368 721 4432 saeculo,
737 4367 837 4437 inquit,
858 4354 1076 4437 quiallnosais.
1099 4389 1110 4420 r
1133 4370 1237 4441 Aperte
1251 4375 1281 4424 et
1296 4368 1417 4424 breviter
1431 4371 1573 4441 quomodo
1592 4371 1629 4424 sit
1642 4365 1734 4424 nomio

123 4473 156 4510 ex
171 4457 352 4512 totaVeteris
367 4457 548 4513 Instrumenti
565 4457 710 4529 Scriptura
728 4456 876 4528 prophetia
888 4456 923 4510 dc
964 4458 1141 4512 serviendum
1155 4458 1293 4529 designat,
1314 4459 1441 4514 ridelicet
1461 4459 1515 4512 et'
1509 4475 1538 4513 ιιι
1556 4459 1734 4514 sanctienses

123 4545 237 4601 Christo
259 4548 403 4619 processit,
430 4563 481 4602 nec
508 4546 559 4600 soli
581 4547 726 4605 Jeiffemias
757 4545 865 4609 Daniel
894 4550 924 4599 et
959 4547 1051 4618 justit
1045 4563 1081 4613 ra,
1031 4553 1117 4602 et
1130 4563 1223 4602 coram
1238 4547 1309 4619 ipso,
1319 4554 1348 4602 et
1359 4548 1489 4602 omuibus
1499 4547 1609 4604 diebus
1626 4549 1692 4604 barn
1703 4551 1737 4611 qm

122 4634 210 4688 lsaias
224 4636 373 4708 ceterique
387 4637 470 4700 tales,
491 4635 538 4708 qui
557 4641 586 4690 et
604 4636 748 4707 prophetae
764 4634 922 4706 specialiter
962 4637 1083 4691 velante
1098 4642 1218 4691 mortem
1232 4636 1303 4691 ab
1280 4654 1340 4707 ejus
1350 4637 1463 4692 semitm
1473 4638 1603 4704 discedit
1611 4622 1741 4692 irnmurffl·

121 4724 265 4794 appellati,
275 4729 304 4778 et
318 4741 379 4794 ejus
389 4725 510 4779 adventu
521 4725 668 4779 manifeste
680 4731 747 4780 sunt
758 4724 861 4790 locuti
875 4741 920 4778 ie·
961 4726 1002 4780 tra
1014 4725 1148 4798 qualibet
1163 4726 1220 4780 sive
1239 4726 1387 4796 injustitia,
1405 4727 1470 4781 srdei
1491 4744 1550 4782 suae
1570 4725 1747 4782 sinceritatem

122 4828 185 4866 rum
201 4829 259 4882 ipse
271 4819 351 4883 pater
361 4813 461 4879 Adam,
477 4813 546 4868 Abel
562 4819 590 4867 et
601 4814 704 4878 Enoch,
716 4819 745 4867 et
759 4813 851 4868 caeteri
866 4814 921 4868 Pa·
960 4816 1155 4881 commaculat,
1179 4815 1222 4870 vel
1235 4832 1330 4870 coram
1345 4815 1505 4870 hominibus
1525 4822 1648 4882 tantum,
1661 4823 1689 4871 ct
1700 4810 1755 4868 11⁰l

120 4908 197 4956 trum
213 4901 294 4956 sactis
306 4902 410 4973 quique
425 4902 484 4957 suis
499 4903 560 4972 ejus
574 4901 775 4974 dispensationi
792 4902 920 4956 testimo·
961 4903 1046 4958 etiam
1061 4920 1155 4959 coram
1170 4904 1289 4960 Domino
1304 4911 1417 4959 sanctus
1431 4905 1588 4976 perdurare
1604 4888 1761 4962 conteraslb

120 4990 199 5046 nium
214 4991 344 5046 reddunt.
357 4991 437 5046 Unde
449 4991 584 5045 Dominus
596 4991 655 5064 ipse
665 4992 826 5046 ludaeorum
838 4990 920 5045 duri·
960 4999 990 5046 et
1000 4994 1104 5063 iustus,
1126 4994 1244 5049 necdum
1267 4994 1387 5065 periente
1405 4995 1440 5049 de
1461 5011 1549 5049 manu
1569 4982 1770 5109 spiritualis!m

119 5080 189 5135 tiam
199 5079 651 5151 redarguensait:‹Sicrederetis
660 5080 759 5152 Moysi,
769 5080 920 5136 crederetis
961 5081 1141 5137 inimicorum
1155 5082 1289 5138 liberatus
1310 5083 1428 5138 Domino
1446 5085 1542 5147 servit,
1567 5086 1617 5140 sed
1634 5058 1776 5155 exemp⁰

120 5168 237 5224 forsitan
256 5169 326 5225 milri
344 5188 349 5222 :
366 5169 401 5223 de
417 5187 461 5223 me
471 5169 544 5224 enim
562 5169 608 5224 ille
622 5169 735 5242 scripsit
748 5173 837 5237 (loon.
853 5173 917 5239 il.»
959 5176 1085 5229 veterum
1098 5173 1339 5228 Samaritanorum
1350 5173 1403 5227 diis
1413 5173 1542 5244 gentium
1554 5175 1664 5245 pariter
1670 5181 1698 5229 et
1706 5160 1784 5228 17⁰

162 5277 176 5309 a
188 5259 313 5314 Salutem
321 5276 354 5314 cx
363 5259 484 5313 inimicis
493 5258 595 5314 nostris
603 5264 632 5314 et
640 5260 675 5314 da
685 5275 771 5315 manu
781 5259 916 5322 omnium,
960 5262 1036 5316 mino
1046 5262 1149 5317 servire
1163 5268 1291 5317 conatur.

122 5346 197 5417 «qui
215 5348 336 5404 odemnt
358 5364 418 5403 nos.
440 5368 451 5399 r
474 5348 654 5420 lungendum
675 5354 719 5404 est
739 5365 757 5403 a
779 5349 917 5420 superiori
987 5371 999 5403 ι
1014 5351 1049 5406 Et
1062 5356 1103 5412 ιιι,
1118 5367 1198 5423 puer,
1210 5351 1350 5423 Propheta
1360 5352 1498 5407 altissimi
1512 5354 1669 5421 vocaberis,
1683 5339 1786 5410 erl

121 5433 267 5502 versiculo,
279 5437 374 5491 Erexit
388 5437 479 5502 nobis,
490 5437 520 5492 id
537 5444 588 5503 est,
599 5437 690 5493 erexit
704 5436 785 5492 nobis
797 5437 917 5492 salutem
959 5458 973 5492 ι
989 5438 1128 5495 ibis'enim
1144 5445 1211 5496 ante
1224 5439 1323 5495 faciem
1338 5440 1460 5508 Domini,
1476 5457 1579 5513 parare
1594 5444 1655 5498 rias
1668 5429 1783 5514 ejuffst

120 5537 153 5573 ex
167 5520 289 5577 inimicis
306 5526 417 5591 nostris,
435 5542 499 5581 curn
515 5526 591 5582 enirn
604 5526 695 5597 primo
708 5524 831 5581 breviter
844 5542 916 5596 pne·
957 5527 1076 5584 Pulchre
1089 5545 1154 5584 cum
1167 5529 1202 5584 de
1216 5529 1336 5586 Domino
1355 5529 1520 5601 loqueretur
1535 5531 1574 5586 ad
1588 5514 1780 5604 Ριοριιειῡί1
