3772 6120
129 104 190 159 ‘a'll
354 109 643 169 nuduuduoutm
660 110 700 169 tu
719 110 796 169 ΕΡΡ.
818 112 927 171 nunni
946 112 1016 181 utu.
1036 110 1149 167 xxvu
1166 139 1200 153 -·
1214 110 1254 169 IN
1272 110 1385 169 EPIST.
1404 112 1454 171 tn
1473 110 1580 166 llEBR.
1739 112 1790 173 ili

116 228 227 287 dicit:
248 250 261 279 ο
291 234 447 307 Vigiluntes
464 237 494 290 iu
514 236 590 289 omni
602 237 738 306 potientis
767 245 795 293 et
819 236 1790 309 orationedjrnuexcellentiaest‚dequosnperiusmprioreseuteutie

119 317 252 393 (nones.
271 326 324 389 nl:
342 344 356 377 n
372 341 437 385 mnu
447 324 513 379 dicit
528 344 534 377 :
550 348 560 371 ·
577 325 676 381 t'arnis
691 344 786 381 curam
802 346 836 383 ne
853 330 948 384 feeeri-
989 328 1075 383 latins
1086 326 1247 396 dispuunit.
1260 327 1340 389 Quod
1356 343 1419 380 vero
1430 325 1586 395 aeliunxitzi
1597 326 1632 379 Et
1640 332 1790 397 propterea

117 406 168 465 fis
183 407 221 463 in
239 414 479 483 concupiscentiis
491 414 579 483 (dour.
603 418 668 483 xiii).
684 436 696 467 ι)
712 417 774 469 Non
795 418 869 471 enim
891 435 949 473 mo-
993 444 1003 461 ι·
1020 416 1103 469 dehet
1116 415 1353 485 qiremadruodum
1364 422 1391 468 et
1405 432 1454 485 pro
1467 415 1577 485 populu.
1588 414 1628 469 its
1642 415 1728 469 etiam
1738 432 1789 486 pro

117 496 241 555 uacuis
257 499 321 555 luen
331 501 469 555 scribebat
478 508 598 567 tuntum,
609 503 655 557 seed
669 505 799 559 munibus
810 507 857 577 qui
868 516 949 561 erant
995 525 1005 555 ι
1019 505 1171 574 seroetipso
1185 504 1285 558 ollerre
1296 504 1486 574 propeccatis.
1501 504 1688 557 »llocvernud
1698 521 1789 559 secer-

117 588 158 643 in
185 585 373 644 civitatibus.
395 592 456 645 Non
481 591 555 645 enirn
576 593 717 647 saeculuris
741 594 823 647 lemno
845 596 949 666 aliquid
990 595 1070 647 dotes
1083 594 1187 663 legales
1197 593 1286 661 nitigis
1300 593 1520 663 pe1·tinet,quurn
1531 593 1565 646 ud
1578 592 1786 661 Clu·istum,nisi

112 675 268 745 amplius
274 678 381 735 habere
388 681 535 745 continebo,
548 698 631 750 quam
643 698 706 735 cum
722 699 807 736 uxore
817 701 948 740 concurri·
989 682 1060 737 sorte
1071 683 1133 752 quis
1144 682 1219 735 dicat
1232 698 1320 734 unmn
1340 699 1400 735 esse
1415 698 1516 751 corpus
1531 681 1635 735 christi
1650 687 1679 735 et
1693 682 1786 735 Eccle-

115 764 201 821 bete
219 771 360 823 tantum:
385 768 430 823 hic
446 768 520 823 enim
538 768 622 823 hehet
637 769 755 833 verrium,
775 773 803 825 in
819 772 882 827 eliis
897 791 947 827 uir·
989 772 1082 837 simet
1092 771 1160 823 dnm
1172 773 1253 823 otl'ert
1266 788 1316 841 pro
1333 770 1463 833 Ecclesia,
1470 787 1521 840 pro
1530 770 1588 824 suis
1598 769 1682 824 etiam
1698 787 1787 825 niem·

115 862 190 911 tem
208 871 410 927 nequaquam,
426 858 474 913 sed
492 858 586 913 omnin
600 859 747 929 equaliter
762 860 835 915 sicut
849 879 947 917 monn-
990 859 1047 913 bris
1059 860 1180 913 ollemt:
1206 860 1253 911 sed
1268 860 1326 913 hee
1344 859 1465 913 violenta
1488 858 1684 930 interpretatio
1701 859 1786 912 rideri

116 940 174 1001 chi
191 958 292 1013 agere
300 945 492 1001 debenth'um
501 952 530 1001 et
537 946 726 1001 beatitudines
737 966 824 1019 quiea
838 951 948 1005 Christo
989 956 1089 1019 potest.
1106 948 1211 1002 Deinde
1227 948 1370 1018 disputem
1387 948 1560 1018 aggreditur,
1573 949 1712 1018 quomodo
1724 949 1786 1018 quis

118 1028 288 1099 dicontur,
300 1052 356 1091 neu
367 1036 511 1093 nronachis
523 1042 634 1091 tanturn
644 1038 725 1091 dicte
740 1044 815 1100 snut,
823 1040 948 1111 alioquin
988 1038 1022 1093 ud
1032 1038 1219 1091 sacerdotium
1231 1037 1518 1101 ticcederedebeatne
1526 1037 1786 1107 qirisquan1‚eit,su·

119 1119 292 1179 universus
309 1124 430 1179 muudus
449 1124 559 1196 peribit.
582 1133 610 1178 et
627 1126 820 1181 aotusabhnus
848 1130 947 1183 crude·
989 1134 1047 1181 iiiut
1061 1127 1113 1182 sibi
1129 1127 1330 1181 honoremsed
1348 1127 1395 1195 qui
1411 1131 1526 1181 rocetm·
1537 1142 1553 1179 u
1565 1127 1632 1191 Deo,
1649 1134 1783 1197 tunquam

121 1210 248 1287 litatem
267 1212 318 1267 Dei
334 1214 374 1265 :si
388 1230 452 1267 cero
467 1214 655 1269 beatitudines
671 1216 737 1269 solis
749 1218 894 1271 rnoimchis
904 1219 947 1272 di·
989 1218 1091 1271 lluron.
1109 1216 1160 1270 llic
1181 1216 1265 1269 elium
1288 1216 1410 1285 pereutit
1429 1216 1587 1269 sucerdohs
1608 1215 1722 1269 horroris
1736 1232 1785 1270 cu·

126 1302 183 1359 ⁰1⁸·
201 1308 287 1357 sunt.
305 1303 467 1357 saeculumni
493 1312 587 1357 etitem
614 1305 755 1359 honiinern
776 1306 947 1377 impossibile
988 1305 1077 1375 pidos‚
1094 1314 1120 1357 et
1136 1303 1410 1371 sucenlotiist·idos;
1430 1322 1483 1357 tion
1501 1321 1551 1373 pro
1572 1304 1662 1357 salute
1677 1304 1783 1375 populi,

131 1392 241 1445 esteas
255 1390 386 1460 implere,
398 1408 462 1446 curn
479 1391 538 1463 ipse
559 1392 672 1464 nuptias
684 1394 779 1464 jussit.
805 1394 865 1465 ipse
880 1413 946 1465 ergo
987 1395 1036 1448 sed
1052 1411 1101 1465 pro
1115 1394 1267 1447 ambitione
1282 1393 1385 1448 seculi.
1398 1394 1486 1462 igitur
1502 1396 1594 1447 horon
1612 1398 1724 1447 vocotus
1740 1399 1784 1449 est

134 1492 240 1533 omnes
250 1479 387 1549 perdidit.
404 1481 433 1535 Si
445 1481 520 1535 euim
531 1498 588 1536 non
603 1488 696 1552 potest
708 1499 740 1537 ea
751 1500 813 1537 eutii
830 1484 944 1554 nuptiis,
987 1500 1006 1537 u
1017 1484 1085 1537 Deo.
1095 1483 1177 1549 signo
1193 1482 1319 1535 florentis
1336 1482 1418 1551 virge
1432 1483 1785 1538 ‹lornorrstrotusestsaeer-

139 1580 201 1641 quae
216 1568 423 1623 monachorum
439 1577 514 1629 sunt,
541 1570 668 1641 implere,
691 1572 786 1625 omniu
801 1573 1079 1643 periernutssdotem
1093 1590 1110 1624 u
1120 1572 1177 1625 lieo
1188 1588 1248 1625 esse
1263 1572 1530 1629 electuru.otiu111et
1544 1571 1672 1626 incendio
1687 1588 1782 1627 eorum

144 1658 318 1727 ulcorruptn
332 1664 449 1717 suntet
467 1659 496 1713 in
517 1667 668 1730 angustum
684 1662 821 1715 conclusit
835 1680 868 1716 ee
883 1681 943 1734 quse
984 1662 1033 1732 qui
1057 1661 1118 1729 ojus
1136 1660 1312 1730 pontilicotui
1337 1660 1461 1713 uuidere
1481 1662 1638 1714 coluerunt.
1657 1684 1667 1707 ι
1696 1661 1741 1715 Sic
1756 1667 1785 1715 et

148 1744 255 1799 doum
268 1751 354 1805 sunt:
372 1752 400 1801 et
409 1749 548 1818 quomodo
563 1748 741 1803 honorabiles
752 1757 818 1805 sunt
827 1753 941 1822 nuptiae,
987 1770 999 1801 ιι
1014 1749 1144 1805 Cluistns
1154 1766 1207 1803 riou
1224 1749 1406 1819 semtipsum
1422 1748 1594 1815 clarificabit,
1614 1758 1645 1802 ut
1661 1751 1783 1819 pontifex

152 1849 206 1907 quie
219 1851 271 1891 nos
286 1842 398 1891 tuntum
410 1837 585 1906 impediunt?
987 1858 1000 1891 e
1018 1841 1098 1892 derret
1114 1838 1179 1891 :sed
1196 1838 1243 1907 qui
1257 1839 1368 1891 liu-irtus
1378 1845 1420 1892 est
1434 1838 1468 1891 nd
1484 1838 1650 1895 eum.l⁴¹ilius
1664 1856 1743 1893 incus
1753 1857 1783 1893 es

462 1944 580 1999 (pippis
608 1945 640 1997 p,
990 1949 1002 1977 ιι
1017 1935 1058 1991 tn,
1076 1944 1127 1997 ego
1141 1927 1224 1980 hodio
1237 1927 1322 1995 genui
1337 1933 1373 1980 te.
1385 1950 1396 1978 o
1408 1928 1465 1980 lloc
1475 1927 1600 1997 estquod
1616 1927 1643 1979 in
1660 1929 1780 1997 Evange-

160 2032 499 2100 poeparatpposmpmqupp
509 2036 541 2087 fn
549 2037 676 2099 pompm
687 2038 897 2102 rcqmpapmm
911 2056 943 2091 m
983 2016 1021 2071 lio
1036 2017 1096 2087 ipse
1111 2016 1151 2069 uit
1167 2034 1172 2067 :
1193 2040 1203 2061 ι
1218 2017 1279 2069 Non
1295 2015 1370 2069 enirn
1385 2034 1402 2068 u
1416 2016 1659 2086 rireipsoveni.se.d
1674 2016 1721 2069 ille
1737 2033 1781 2071 uic

185 2101 287 2155 Christe
318 2107 471 2161 coturnice.
503 2106 675 2159 ressonandi
707 2107 887 2163 dicendorum
911 2111 942 2163 dc
986 2105 1094 2159 «misit
1109 2108 1199 2172 (dotto.
1217 2116 1272 2173 rii).
1294 2126 1304 2147 »r
1319 2105 1352 2159 Et
1367 2105 1469 2159 iteruin
1492 2123 1497 2156 :
1517 2130 1528 2154 ιι
1542 2104 1569 2157 Si
1586 2122 1638 2173 ego
1653 2105 1780 2173 glorilico

189 2172 500 2241 ‘slis-‘²⁰‘llsfit'ltll‘tlt’ttb
985 2193 1162 2263 «riicripsum,
1182 2193 1273 2261 gloria
1286 2193 1352 2245 mihi
1369 2192 1438 2247 nihil
1460 2200 1511 2245 est.
1528 2194 1577 2246 Est
1590 2193 1665 2246 enim
1685 2194 1778 2255 Pater,

192 2279 563 2351 «Oinnisnmnquepoutilex
576 2282 949 2357 exhominihusossurnptne
983 2283 1031 2353 qui
1044 2283 1183 2351 glorificet
1196 2300 1241 2335 ιιιι.ὶ
1257 2285 1344 2335 idion.
1358 2286 1421 2349 riri).
1444 2302 1454 2330 ι
1473 2282 1633 2335 Notandum
1648 2287 1690 2335 est
1706 2283 1780 2352 ‹puod

170 2384 229 2437 ipro
244 2369 407 2425 hominibus
430 2370 610 2425 constituitur
624 2371 653 2423 in
674 2371 717 2424 his
738 2391 799 2443 qute
819 2383 886 2429 sunt
907 2377 940 2431 ad
982 2371 1149 2441 glorificare,
1167 2379 1194 2424 et
1209 2372 1356 2431 honorare,
1373 2380 1401 2425 et
1414 2370 1576 2433 clurillcure,
1594 2371 1649 2424 tria
1665 2371 1777 2440 quidem

171 2455 274 2511 «henin.
292 2461 400 2527 (hieru.)
418 2486 430 2509 ιι
447 2459 515 2513 l'ult
524 2460 670 2513 ostendere
686 2462 746 2531 jain
761 2461 860 2517 heatus
874 2465 944 2518 l'nn-
983 2460 1075 2515 verim.
1088 2460 1134 2514 sed
1151 2476 1206 2513 unu
1221 2477 1265 2513 res
1276 2468 1327 2513 cst.
1341 2459 1418 2523 Quod
1436 2461 1531 2513 (ituree
1546 2459 1649 2513 dicitur
1664 2459 1779 2526 δοξαζειν

169 2542 200 2595 hu
214 2547 339 2617 qnoniam
370 2548 457 2602 multo
477 2549 578 2605 melius
596 2555 638 2602 est
655 2550 867 2607 Testamentum
889 2554 942 2607 hoc
982 2549 1032 2602 sed
1047 2549 1233 2618 interpretum
1245 2548 1379 2601 serictate
1394 2547 1477 2601 aliter
1487 2554 1571 2617 utque
1582 2547 1666 2601 aliter
1680 2554 1781 2618 estpo-

171 2640 329 2701 quunretus,
348 2637 415 2707 quia
430 2636 498 2689 nihil
513 2638 541 2690 in
557 2638 609 2691 hoc
627 2644 670 2691 est
689 2638 897 2709 iuiaginnrium,
911 2649 941 2697 nt
982 2636 1068 2691 situm
1091 2638 1120 2689 in
1141 2638 1257 2691 Latino:
1285 2636 1358 2706 quod
1376 2637 1405 2690 in
1436 2636 1583 2706 Evangelio
1607 2636 1713 2690 dictum
1737 2645 1780 2691 est

170 2728 220 2791 putu
229 2740 280 2779 non
295 2725 433 2795 templum
441 2726 595 2798 corporale,
607 2743 662 2781 non
672 2727 792 2783 rictimae
803 2733 939 2793 conatos,
981 2725 1116 2795 glorifico,
1137 2726 1183 2778 hic
1202 2726 1351 2796 Apostolus
1382 2725 1611 2779 clarificationem
1640 2726 1777 2779 nomimit.

170 2824 210 2863 nou
220 2811 421 2869 obseruationes
435 2815 548 2883 legales,
566 2815 614 2869 sed
630 2816 731 2870 altiora
741 2820 972 2915 etpersectioreC
983 2814 1158 2868 Claritlcutus
1173 2820 1216 2868 est
1230 2832 1296 2882 ergo
1311 2814 1429 2869 Filiusa
1452 2816 1544 2872 Putre.
1567 2815 1679 2884 spuendo
1694 2832 1779 2885 super

168 2899 247 2963 mnia,
263 2903 329 2973 quia
344 2910 434 2957 toturn
450 2903 585 2975 quidquid
600 2909 642 2957 est
659 2905 688 2957 in
711 2906 883 2976 spiritulibus
898 2916 941 2963 est
982 2902 1153 2974 baptizatum
1168 2921 1217 2957 vox
1237 2904 1330 2958 Putris
1343 2903 1441 2959 andito
1459 2910 1501 2957 est
1521 2903 1555 2957 de
1571 2904 1647 2957 coelis
1664 2923 1669 2956 z
1689 2922 1702 2956 c
1727 2904 1778 2959 llic

168 2983 231 3055 huius
243 2992 402 3045 testamenti
415 2992 495 3045 ratio.
505 2992 650 3063 Spiritalin
660 3010 724 3047 vero
735 3012 790 3047 uon
801 2996 840 3049 sic
854 2997 940 3051 intro·
982 2999 1024 3045 est
1037 2992 1124 3046 l'ilius
1139 3008 1218 3045 nicus
1232 2992 1359 3047 dilectus.
1375 2992 1405 3047 iu
1420 3009 1476 3064 quei
1490 2992 1557 3047 inihi
1572 2992 1643 3047 hene
1658 2994 1778 3063 ‹toriiplu-

169 3072 250 3133 dunt
262 3080 397 3141 infirmos
414 3080 488 3134 sicut
500 3082 666 3152 corporolia.
691 3083 730 3137 De
749 3086 940 3154 corporalibus
981 3081 1025 3134 cui
1042 3082 1147 3144 (doio.
1168 3098 1214 3146 iu,
1237 3104 1249 3135 o
1266 3099 1327 3151 (pute
1349 3081 1512 3135 clarificatio
1527 3082 1584 3135 sire
1600 3082 1776 3151 glorificatio

168 3164 223 3219 eun
235 3167 666 3240 incipiebatdisputare,dicens:
682 3190 692 3221 ιι
705 3172 804 3226 Omnis
819 3191 940 3245 namquo
981 3170 1070 3223 multo
1089 3176 1154 3224 ante
1177 3187 1226 3240 per
1249 3171 1429 3241 Prophetem,
1447 3171 1554 3242 Spiritu
1579 3178 1675 3225 sancto
1694 3171 1779 3241 inspi-

166 3254 265 3320 puntilex
288 3274 322 3311 cx
344 3258 505 3313 hominihus
525 3266 686 3330 assumptus
707 3277 759 3331 pro
779 3261 940 3319 hominihus
981 3265 1072 3319 ruhte,
1090 3260 1296 3329 praedictaest:
1317 3284 1327 3309 ιι
1345 3259 1481 3314 Dominus
1490 3260 1561 3315 dixit
1569 3260 1605 3313 ud
1620 3277 1678 3313 me:
1691 3260 1778 3315 Filius

166 3344 331 3413 uestitnitur.
350 3366 361 3391 ι
375 3347 480 3401 Deliuit
494 3348 569 3401 enim
584 3347 706 3419 primum
719 3349 786 3419 qnid
800 3350 836 3404 sit
850 3354 940 3421 ponti-
980 3364 1061 3401 meus
1075 3364 1104 3399 es
1120 3354 1160 3412 tu,
1175 3365 1228 3415 ego
1241 3347 1322 3402 hodie
1336 3348 1421 3416 genui
1432 3356 1461 3403 te
1472 3350 1554 3415 (esai.
1571 3350 1611 3416 u),
1627 3349 1779 3403 Dominum

163 3426 196 3485 fex
206 3434 412 3489 etdemoustrat
424 3453 485 3505 quse
500 3437 660 3505 pertincant-
672 3438 706 3489 ud
722 3438 893 3508 pontificem,
911 3449 940 3495 et
980 3435 1119 3505 significat
1132 3437 1449 3491 Putrem.Attendamus
1462 3440 1567 3491 eutem.
1585 3436 1659 3507 quod
1674 3437 1777 3507 posuit,

164 3519 213 3589 tull
223 3523 259 3577 sit
272 3524 334 3593 ejus
349 3524 653 3597 urinistei·iurri‚etqure
663 3533 728 3580 sinit
738 3526 938 3598 signupontiti-
982 3542 996 3575 e
1012 3525 1083 3578 dixit
1096 3525 1131 3579 ad
1149 3543 1203 3587 me.
1221 3524 1307 3579 Filius
1323 3542 1402 3579 nicus
1418 3543 1447 3577 es
1462 3532 1502 3581 tu,
1522 3552 1532 3571 ι
1545 3525 1620 3594 qued
1635 3525 1720 3579 edan
1734 3526 1778 3579 di-

163 3612 266 3677 fllunid
277 3618 330 3673 est,
338 3614 476 3666 ntollerut
485 3614 558 3667 dona
569 3624 598 3667 et
606 3615 742 3668 sacrificia
748 3633 799 3685 pro
806 3618 936 3687 peccatis,
980 3620 1077 3667 cturus
1092 3620 1153 3667 erat
1167 3622 1230 3684 post
1250 3613 1429 3683 baptismum,
1446 3638 1457 3661 ι
1478 3613 1528 3667 llic
1542 3621 1585 3667 est
1605 3613 1692 3669 Filius
1707 3614 1778 3668 dile-

162 3700 454 3773 eluteondolerepossit
462 3701 505 3755 his
514 3703 561 3773 qui
569 3703 940 3771 ignorantoteemntnouo-
980 3708 1051 3767 etus,
1068 3703 1096 3756 in
1112 3720 1166 3773 quo
1179 3702 1247 3757 milii
1262 3703 1426 3773 ceruiplucui.
1447 3724 1458 3747 r
1476 3703 1534 3757 Hoc
1549 3703 1643 3772 itaque
1655 3708 1686 3757 ut
1699 3703 1779 3757 Chri-
1801 3688 1806 3697 ¹

160 3786 219 3843 nun
232 3797 260 3845 et
270 3790 330 3863 ipse
340 3791 529 3845 circumdatus
540 3798 583 3845 est
593 3792 940 3864 infirmitatestlportebat
980 3798 1055 3846 nuru
1070 3808 1155 3846 unam
1172 3809 1321 3862 personum
1346 3792 1474 3856 sentires,
1491 3798 1523 3845 ut
1537 3791 1714 3862 unigenitum
1728 3792 1777 3845 llei

160 3876 258 3935 uhab
267 3880 467 3935 excellentibus
478 3881 598 3935 terrenis
606 3882 690 3935 iidem
705 3881 880 3940 sucere.utnd
892 3903 939 3939 ex·
979 3881 1083 3935 Filium
1100 3881 1227 3953 adjecit:
1248 3906 1258 3929 ιι
1275 3882 1334 3951 Ege
1358 3882 1440 3936 hodie
1455 3882 1541 3951 gerini
1561 3888 1597 3946 tc,
1621 3908 1631 3927 ι
1655 3881 1706 3935 hoc
1718 3883 1778 3951 juin

159 3964 940 4041 morespiritaliapeiueuircpossint,etutcousuetn·
979 3970 1051 4027 nihil
1069 3970 1155 4025 hebet
1168 3987 1317 4025 commuue
1331 3987 1394 4025 curn
1409 3972 1526 4035 caeteris,
1544 3970 1668 4041 qnialllii
1682 3970 1779 4025 dicun·

157 4050 368 4113 desececdotum
382 4057 563 4129 morequiin
578 4058 640 4127 lege
652 4058 750 4121 suited
759 4059 885 4121 altiusdd
896 4067 939 4115 est
979 4064 1035 4119 tur,
1052 4060 1268 4131 qnisacerdotes
1289 4062 1476 4133 appellantur,
1494 4061 1528 4115 de
1549 4060 1649 4131 quibus
1672 4060 1778 4113 dictum

159 4140 936 4218 Obduincerdon'umcoepe-duceretquiadhueindemi
979 4155 1044 4202 est:
1064 4150 1147 4219 «Ego
1169 4149 1227 4202 dixi
1243 4168 1248 4202 :
1265 4150 1310 4205 uit
1339 4150 1406 4205 estis
1423 4160 1451 4205 et
1475 4150 1526 4203 lilii
1550 4149 1657 4203 Excelsi
1680 4165 1777 4203 ornnes

158 4217 1063 4307 humt,otpr0pterearu0du1ocaritatispontiucisinuo-llursel.
1081 4242 1183 4306 cxxxi),
1203 4262 1215 4283 o
1232 4239 1280 4293 sed
1305 4244 1396 4293 toturn
1420 4248 1463 4293 est
1484 4237 1620 4307 unigeniti
1632 4236 1695 4291 Filii
1711 4253 1777 4306 pro-

160 4316 227 4377 het.
240 4324 488 4395 Pontilicisituque
496 4324 617 4378 cilicium
627 4332 669 4377 est
678 4324 752 4378 inter
763 4326 854 4381 Deum
864 4334 940 4383 sture
979 4326 1093 4397 prinmg
1111 4328 1346 4397 quetuudnimluin
1363 4332 1392 4380 et
1408 4328 1437 4380 in
1452 4327 1506 4381 ulio
1517 4327 1577 4381 loco
1592 4324 1660 4379 dicit
1676 4343 1681 4376 :
1703 4345 1714 4375 ι
1735 4326 1777 4379 'l'u

161 4414 420 4485 ompulomheun
431 4414 573 4483 depremri
587 4430 636 4483 pro
647 4414 741 4485 populi
758 4415 877 4480 delictis,
888 4418 938 4470 hoe
980 4417 1147 4471 essucerdos
1158 4416 1187 4469 in
1198 4421 1334 4470 internum
1340 4415 1441 4475 secund
1447 4432 1492 4469 um
1500 4414 1628 4468 ordinem
1634 4413 1778 4468 lllelohise-

160 4501 245 4555 onon
257 4502 389 4555 Cluiseis
401 4502 476 4560 lecit.
495 4502 619 4573 seipsum
630 4506 748 4559 oll'erens
757 4521 808 4574 pro
818 4507 938 4575 pecmtis
979 4503 1048 4557 decb
1064 4507 1146 4571 (Psu'.
1162 4512 1227 4567 crs).
1252 4528 1262 4551 ι
1285 4504 1486 4557 Melchisedech
1501 4503 1655 4559 secundum
1671 4503 1775 4572 legalia

161 4592 253 4656 mnis,
269 4608 382 4663 semper
394 4591 469 4645 cirus
483 4592 518 4645 ad
532 4592 768 4661 interpellandum
781 4609 832 4663 pro
842 4594 935 4649 nohis:
979 4593 1114 4647 uiarulutu
1127 4610 1183 4647 riou
1192 4594 1246 4648 suit
1259 4594 1398 4658 serendos,
1408 4593 1457 4647 sed
1467 4592 1620 4647 secundum
1629 4593 1776 4663 cujusdem

161 4680 227 4733 unet
240 4679 276 4735 ab
290 4680 453 4735 hominihus
462 4681 939 4753 assumptus,sedsemperproho-
980 4681 1131 4751 singularis
1159 4682 1306 4737 sacerdotii
1334 4683 1511 4751 ‹ligerituterm
1535 4699 1635 4753 partem
1658 4684 1777 4737 ollerens

163 4763 463 4839 nunnioni-petino.
482 4769 564 4823 Ponit
583 4769 626 4823 his
641 4771 792 4840 Apostolus
813 4772 939 4841 spondam
983 4770 1075 4825 Deoet
1088 4771 1774 4839 cirrum,tionbrutorumelumoliumsanguinem.

163 4860 302 4915 ennena
316 4858 428 4913 Christo
442 4875 507 4915 curn
517 4859 718 4919 sacerdotibus,
735 4861 863 4930 quiedam
876 4879 939 4915 iero
980 4859 1010 4913 in
1024 4862 1104 4931 cujus
1118 4861 1245 4914 ordinem
1257 4861 1406 4915 sacerdotii
1420 4861 1547 4915 Christus
1569 4862 1657 4915 liic-tus
1680 4866 1723 4915 est
1733 4876 1777 4913 se-

163 4939 250 5003 tlliera.
258 4948 339 5013 Quod
351 4947 446 5017 imque
456 4948 505 5014 uit,
516 4969 526 4993 ι
540 4948 633 5003 omnis
642 4964 764 5019 itumque
773 4950 896 5020 pontil'ex
906 4969 940 5005 ex
980 4950 1087 5015 cenius,
1103 4968 1158 5003 uon
1174 4951 1345 5021 teriipornlis,
1363 4951 1411 5003 sed
1426 4958 1557 5005 aeternus.
1570 4950 1612 5003 nd
1628 4965 1711 5018 quem
1723 4949 1775 5003 hoc

163 5023 302 5091 motuinus
309 5044 481 5107 asserendus,
499 5059 510 5083 ι
530 5039 581 5091 hoc
594 5054 743 5093 commune
757 5045 802 5092 est
817 5040 937 5095 Christo.
979 5038 1085 5095 dictum
1100 5044 1158 5092 est:
1173 5058 1184 5085 ι
1199 5039 1239 5093 Tn
1251 5056 1280 5092 es
1295 5039 1425 5093 sacerdos
1437 5038 1464 5091 in
1474 5044 1610 5092 setemunr
1622 5037 1775 5091 secundum

164 5118 866 5198 *Pohominibuscomtituiturentadconsonam
877 5130 938 5199 hoel
979 5127 1107 5182 ordinem
1123 5127 1355 5181 melchisedecho
1371 5128 1476 5183 Onnes
1486 5127 1560 5179 enirn
1570 5124 1777 5194 sublegeerunt

164 5228 172 5249 ¹
184 5208 213 5266 l't
222 5214 405 5269 ollemtdona
413 5221 442 5269 et
457 5216 592 5271 socnlleiu
606 5218 792 5287 propeccatis.
807 5240 819 5269 ,ι
832 5219 864 5273 Et
876 5219 936 5281 hoc,
980 5216 1148 5279 sacerdotes,
1159 5217 1211 5269 iste
1226 5217 1316 5269 solum
1330 5216 1484 5273 secundum
1496 5215 1622 5269 ordinem
1633 5216 1776 5271 Melchise-

161 5299 548 5377 uduontotumreliquorero
558 5307 937 5371 uonsnntuimmuuio.iQui
979 5305 1058 5369 doch,
1075 5321 1109 5357 er
1123 5321 1157 5359 ee
1172 5306 1245 5375 quod
1260 5314 1343 5361 natus
1358 5311 1401 5359 est
1410 5306 1445 5359 de
1467 5310 1545 5360 utero
1561 5306 1690 5376 virginali
1708 5312 1775 5363 ante

162 5392 319 5451 uondotere
334 5393 424 5465 possit
437 5392 482 5447 his
495 5393 544 5464 qui
559 5394 730 5465 ignoruntet
742 5402 848 5455 errant.
860 5415 873 5448 o
886 5395 938 5451 llic
978 5393 1376 5460 Luciferummoneeeondum
1383 5394 1412 5449 id
1417 5395 1491 5466 quod
1502 5400 1638 5451 nauseet
1646 5411 1679 5451 ex
1687 5395 1773 5453 Patre
