3772 6120
133 289 202 349 1557
856 291 1049 351 EPISTOLAE.
1704 298 1772 354 1558

131 417 216 471 ritate
232 416 370 481 mansuri,
386 421 414 470 et
428 415 463 469 ob
479 416 578 470 licead
593 432 686 470 veram
702 417 788 470 vitam
799 433 854 471 non
869 421 1102 490 suntAparatum
1117 418 1202 471 estin
1217 417 1329 472 Christo
1345 434 1464 489 reguum
1480 424 1616 474 aetenium
1631 424 1696 476 ante
1705 437 1772 476 cen-

130 505 334 577 praedestiuati.
353 503 542 574 altemlsenl.
558 502 584 572 3)
603 523 608 556 :
629 505 932 577 ‹Quidicitquodnon
974 508 1150 563 stitutionem
1182 506 1289 561 mundi.
1318 507 1357 560 Ex
1382 512 1441 562 toto
1467 508 1543 562 enim
1567 509 1672 564 mundo
1696 514 1772 565 totus

129 594 322 666 predestinati
341 594 376 647 ad
402 593 496 659 ritum,
522 594 632 648 etiamsi
654 594 758 649 luerint
774 594 803 674 in
823 595 933 650 Christo
974 597 1095 651 mundus
1108 596 1230 666 eligitur,
1254 602 1329 650 etex
1344 596 1472 650 omnibus
1492 597 1652 652 bominibus
1674 615 1772 654 omnes

129 699 181 755 per
206 681 378 754 baptismum
399 681 566 752 regenerati,
588 686 617 735 et
642 682 687 752 pie
709 688 736 736 et
757 683 833 752 juste
856 682 933 736 rixe—
973 686 1101 739 homines
1115 686 1294 757 adoptantur.
1312 687 1369 740 Nec
1384 691 1475 756 potest
1491 686 1547 740 ullo
1567 687 1649 742 modo
1668 705 1718 759 per
1731 688 1773 744 in·

128 770 335 838 sinadensis
351 770 449 842 prosit,
465 771 513 824 sed
528 771 626 824 tandiu
648 778 825 826 reserrentur
845 772 932 826 donec
973 773 1136 827 fidelitatem
1165 779 1249 844 atque
1282 772 1500 826 inobedientiam
1526 774 1694 843 inultorum,
1720 776 1771 833 Dei

129 867 223 926 ruant,
240 876 293 914 nec
305 866 370 914 ante
386 876 433 913 eos
448 877 480 913 ex
496 860 547 913 hac
561 859 618 913 rita
632 876 716 931 quam
730 861 782 914 lioc
803 860 843 914 eis
865 877 931 914 con·
973 863 1120 933 promissio
1136 862 1273 927 vacillare,
1290 862 1407 916 dicentis
1422 863 1456 915 ad
1472 862 1612 917 Abraham
1630 883 1635 916 ι
1656 884 1667 915 ι
1684 865 1717 920 ln
1730 883 1772 921 se·

127 948 230 1020 tingat,
247 949 361 1014 auferri,
377 954 512 1020 tanquam
529 948 563 1002 ad
582 948 810 1003 constitutionem
826 949 876 1002 Ilei
891 955 932 1003 ta·
973 951 1048 1004 mine
1058 958 1106 1005 tuo
1117 950 1318 1004 benedicentur
1328 968 1425 1005 omnes
1434 957 1542 1021 gentes.
1559 972 1572 1003 »
1585 953 1664 1018 Quod
1676 960 1771 1009 autern

127 1036 198 1092 lium
212 1039 360 1094 hominum
375 1037 457 1092 ruina
471 1037 617 1092 referenda
632 1038 678 1104 sit,
690 1046 798 1094 nonest
813 1039 931 1093 callioli-
972 1040 1102 1111 promisit
1116 1046 1215 1111 potens
1230 1045 1272 1094 est
1286 1046 1315 1093 et
1335 1039 1435 1107 iacere,
1456 1047 1489 1094 ut
1507 1045 1535 1094 et
1555 1041 1602 1112 qui
1628 1043 1773 1115 spoliantur
1844 1090 1849 1106 ,

127 1143 198 1183 eus:
217 1128 284 1199 quia
301 1143 359 1181 non
370 1127 432 1182 ideo
452 1128 527 1181 Deus
549 1131 661 1198 tempus
686 1128 777 1181 minus
799 1129 930 1199 cuiqnam
972 1129 1034 1183 ideo
1045 1126 1118 1183 ¹salvi
1132 1129 1197 1195 sint,
1214 1129 1280 1200 quia
1294 1129 1356 1183 illos
1369 1130 1458 1184 rolnit
1477 1129 1613 1185 Dominus
1627 1132 1718 1186 salves
1732 1133 1771 1188 sa-

126 1215 297 1288 prorogavit,
316 1222 349 1270 ut
362 1215 410 1270 diu
425 1215 541 1270 vivendo
555 1221 708 1281 corrueret,
721 1217 844 1270 etalide
854 1221 931 1271 recta
971 1235 1053 1284 cere3
1078 1219 1176 1289 etqui
1201 1226 1329 1289 pereunt,
1357 1219 1420 1273 ideo
1444 1225 1561 1291 pereant
1589 1220 1658 1294 quia
1679 1220 1772 1292 perire

126 1305 159 1360 in
174 1321 226 1359 sua
241 1304 417 1375 longaevitate
427 1305 567 1368 deiiceret,
579 1320 643 1357 cum
654 1303 869 1359 interbenesrcia
879 1305 929 1360 Dei
972 1312 1145 1362 meruerunt.
1162 1327 1173 1357 i
1191 1307 1244 1377 (Λά
1253 1313 1377 1376 excerpta
1392 1310 1512 1363 Gerctrcn.
1531 1307 1572 1377 6.)
1593 1327 1606 1362 e
1623 1309 1654 1364 In
1669 1326 1703 1365 eo
1718 1328 1770 1368 au·

126 1393 305 1449 numeranda
319 1393 356 1448 sit
378 1393 440 1464 ipsa
457 1392 628 1462 lengaevitas,
654 1410 708 1464 qua
728 1394 812 1448 honio
831 1394 930 1449 melior
970 1402 1028 1450 tem
1044 1396 1117 1467 quod
1131 1396 1282 1466 Apostolus
1298 1395 1355 1449 ait:
1373 1398 1536 1452 «Nenenim
1551 1398 1769 1469 omniumestsr-

125 1481 226 1537 debuit
241 1497 371 1535 essenon
386 1481 473 1552 pejor.
490 1500 500 1531 i
520 1481 591 1535 item
606 1481 688 1548 (Seni.
700 1481 725 1552 il
744 1501 749 1534 :
764 1507 777 1533 a
800 1482 853 1547 Qui
863 1483 931 1539 dicit
973 1503 984 1536 e
996 1486 1054 1551 des,
1070 1504 1082 1536 a
1092 1501 1142 1538 cur
1152 1483 1282 1538 omnibus
1295 1484 1363 1539 fides
1373 1486 1525 1552 nondetnr,
1540 1504 1596 1542 non
1604 1486 1687 1542 debet
1701 1488 1770 1544 lide·

126 1571 204 1642 quod
219 1587 276 1625 non
288 1586 385 1624 ornnes
399 1575 531 1624 vocentur
545 1570 580 1623 ad
595 1570 727 1641 gratiam,
752 1571 776 1625 si
791 1572 825 1625 de
840 1572 874 1625 iis
887 1573 929 1626 le·
970 1574 1025 1627 lem
1040 1590 1160 1640 morere,
1178 1573 1225 1645 qni
1240 1573 1330 1628 credit
1346 1591 1378 1628 er
1393 1591 1448 1629 une
1468 1592 1565 1630 ornnes
1586 1574 1641 1630 isse
1659 1575 1689 1631 in
1703 1593 1769 1631 con-

126 1658 226 1731 quitur
240 1657 341 1731 quibus
353 1658 481 1713 Christus
497 1659 680 1713 annuntiatus
695 1676 750 1713 non
767 1665 818 1726 est,
834 1677 929 1732 repre·
970 1661 1179 1716 ‹lernnatienem
1199 1662 1260 1716 sine
1278 1661 1453 1717 dubitatione
1469 1662 1666 1734 justissimam,
1683 1664 1724 1718 ita
1739 1669 1772 1720 ut

125 1747 213 1803 hendi
227 1747 379 1803 nondebet
398 1767 406 1801 .·
428 1747 495 1818 quia
517 1747 621 1802 selinus
642 1748 756 1819 quidem
780 1749 810 1803 in
833 1751 1048 1835 omneanulla
1058 1757 1132 1805 esset
1146 1750 1198 1806 Dei
1219 1753 1297 1823 justa
1315 1752 1506 1824 reprehensio,
1530 1752 1615 1806 etiarn
1637 1752 1661 1807 si
1676 1753 1771 1808 nullus

124 1837 198 1892 lines
208 1841 291 1892 terrai
306 1836 486 1907 Evangelium
504 1837 687 1902 destinatum,
712 1838 760 1892 sed
775 1854 831 1892 non
845 1843 928 1909 puta-
970 1839 1226 1897 indeliberaretur.
1244 1840 1322 1895 Unde
1344 1845 1455 1895 constat
1474 1857 1606 1910 magnam
1629 1857 1689 1896 esse
1703 1857 1770 1912 gra·

124 1943 190 1980 mus
198 1927 258 1995 jam
271 1925 300 1980 in
313 1925 534 1980 omnibusterrae
547 1925 651 1980 finibus
660 1926 860 1998 praedicatum3
878 1944 929 1982 nec
970 1928 1038 1983 tiam
1052 1930 1126 2000 quod
1140 1928 1254 2001 plurimi
1270 1929 1434 1993 liberantur,
1454 1935 1483 1983 et
1501 1929 1567 2000 quid
1582 1929 1635 1984 sibi
1653 1930 1770 1986 debere·

123 2015 387 2088 possumusdieere,
403 2015 478 2086 quod
498 2014 537 2069 ibi
559 2015 715 2092 sit'gratiae
740 2016 855 2083 vocatio,
881 2016 928 2071 ubi
969 2022 1017 2072 tur
1030 2017 1059 2072 in
1081 2016 1121 2072 eis
1146 2017 1192 2088 qui
1217 2035 1274 2074 non
1290 2017 1447 2072 liberantur
1472 2024 1649 2088 agnoscant:
1671 2020 1769 2092 utqui

123 2102 225 2158 maun
234 2102 365 2159 Ecclesia
373 2103 465 2159 adhiw
477 2104 554 2159 nulla
564 2109 607 2158 est
622 2105 807 2175 regeneratio.
826 2125 837 2155 i
854 2106 925 2160 Item
966 2106 1132 2178 gloriantur,
1150 2107 1250 2162 nonin
1265 2107 1323 2161 suis
1343 2106 1460 2172 meritis
1488 2123 1549 2177 qua
1572 2107 1652 2178 paria
1672 2108 1770 2164 rident

123 2191 212 2260 (Seni.
230 2191 256 2252 5)
277 2210 283 2245 :
310 2192 392 2257 «Qui
412 2193 573 2265 dicitquod
594 2193 643 2266 qui
663 2193 752 2248 vocati
773 2200 848 2260 sunt,
869 2211 925 2250 non
967 2213 1027 2251 esse
1036 2196 1185 2264 damnatio,
1199 2195 1247 2251 sed
1258 2195 1287 2250 in
1297 2195 1416 2250 Domino
1426 2194 1594 2265 glorientur.
1606 2195 1664 2250 Cur
1672 2202 1767 2252 autern

120 2281 270 2353 aequaliter
284 2282 374 2337 vocati
388 2282 455 2349 sint,
472 2282 520 2338 sed
539 2282 587 2337 alii
608 2287 640 2337 nt
658 2282 814 2349 crederent,
832 2283 880 2338 alii
895 2291 926 2339 ut
967 2285 1052 2340 istum
1067 2285 1161 2356 potius
1176 2302 1261 2356 quam
1276 2285 1357 2339 illum
1372 2282 1479 2350 liberet,
1495 2283 1689 2340 inscrutabilia
1701 2291 1770 2342 sunt

120 2386 181 2426 non
195 2371 351 2439 crederent,
365 2371 445 2443 quasi
460 2372 591 2443 cuiquam
609 2371 717 2427 vocatio
737 2388 823 2427 causa
842 2373 927 2428 suerit
964 2373 1071 2446 judicia
1085 2375 1146 2446 ejus
1160 2380 1189 2429 et
1203 2371 1409 2444 investigabiles
1423 2372 1473 2427 viee
1487 2372 1568 2444 [ejus.
1597 2393 1608 2424 i
1625 2373 1734 2443 (Obieet.
1751 2375 1768 2432 8

121 2476 181 2514 uon
192 2459 333 2526 credendi,
349 2477 407 2515 nen
421 2466 496 2515 recte
511 2460 588 2515 dicit.
612 2461 744 2525 Quamvis
765 2462 841 2517 enim
857 2463 926 2518 sides
967 2464 1132 2533 Gallorum.)
1151 2481 1163 2514 e
1180 2463 1273 2527 Quare
1289 2462 1317 2516 in
1341 2461 1491 2534 praeteritis
1506 2461 1614 2517 seculis
1629 2462 1770 2518 dimiserit

122 2548 230 2604 nonsit
243 2547 296 2604 nisi
310 2566 343 2603 ex
358 2550 409 2604 Dei
424 2550 497 2605 dono
512 2555 541 2604 et
559 2549 680 2604 hominis
695 2551 847 2616 voluntate,
865 2552 926 2607 insi·
967 2552 1042 2606 Deus
1056 2567 1153 2605 omnes
1161 2557 1259 2621 gentes
1270 2550 1379 2621 ingredi
1394 2551 1452 2605 vias
1466 2567 1540 2617 suas,
1556 2552 1668 2623 quando
1682 2548 1768 2608 Jacob

120 2637 225 2693 delites
239 2644 334 2693 tamen
349 2656 406 2693 non
420 2644 463 2692 est
476 2638 530 2693 nisi
550 2656 582 2693 ex
606 2641 666 2694 sola
683 2640 807 2694 hominis
828 2643 925 2696 volun·
968 2639 1122 2710 elegissibi
1136 2640 1283 2706 DominuS,
1299 2647 1327 2694 et
1340 2656 1396 2694 nou
1418 2640 1483 2694 fecit
1503 2639 1597 2695 taliter
1617 2639 1694 2696 omni
1715 2658 1767 2696 na·

121 2731 193 2781 tate.
212 2744 225 2778 a
241 2727 313 2781 item
327 2725 415 2794 (Seni.
433 2726 458 2795 6)
477 2746 483 2780 2
507 2746 520 2779 a
542 2727 596 2792 Qui
619 2728 686 2782 dicit
710 2728 784 2799 quod
805 2728 925 2783 liberum
967 2729 1048 2796 tioni,
1065 2735 1094 2783 et
1105 2729 1212 2800 judicia
1223 2746 1274 2785 sua
1284 2746 1339 2784 rien
1351 2728 1538 2784 manifestarit
1549 2729 1589 2785 eis
1601 2745 1608 2785 t
1620 2736 1647 2784 et
1657 2746 1709 2785 cur
1718 2730 1768 2803 qui

122 2813 274 2869 arbitrium
287 2814 317 2871 in
331 2815 445 2870 homine
460 2815 529 2870 nihil
551 2816 596 2881 sit,
621 2817 670 2870 sed
691 2816 748 2870 sive
765 2817 801 2871 ad
821 2817 926 2873 benum
967 2818 1118 2889 aliquando
1133 2834 1190 2873 non
1204 2819 1334 2890 populus,
1356 2834 1431 2872 nune
1456 2824 1550 2873 autem
1572 2818 1692 2891 populus
1713 2818 1764 2875 Dei

120 2903 180 2959 sive
194 2903 230 2958 ad
244 2904 351 2958 malum
366 2904 574 2975 praedestinatio
586 2904 636 2959 Dei
651 2904 680 2960 iu
692 2905 852 2960 hominibus
862 2923 925 2978 epe·
966 2906 1124 2973 diceretur;
1154 2911 1184 2960 et
1210 2923 1330 2977 quorum
1358 2905 1509 2978 aliquando
1538 2923 1594 2962 non
1615 2907 1765 2974 misertus,

120 2997 211 3059 retur,
226 3008 282 3047 non
297 2999 340 3047 est
353 2993 517 3046 catholicus.
534 2993 689 3048 Arbitrium
712 2995 786 3049 enirn
802 2996 924 3050 bominis
966 3013 1040 3051 nunc
1056 3001 1151 3050 autem
1164 2995 1340 3061 misereatur,
1358 3001 1386 3049 et
1400 2995 1447 3049 ubi
1467 2995 1572 3050 dictum
1588 3001 1632 3050 est
1651 3014 1657 3050 :
1677 2996 1767 3053 «Non

119 3081 215 3152 gratia
229 3081 279 3135 Dei
293 3097 350 3135 non
365 3080 465 3145 abolet,
484 3082 533 3136 sed
556 3083 659 3148 adolet,
683 3089 711 3137 et
730 3083 764 3137 ab
781 3100 875 3139 errore
895 3085 978 3156 inc«
995 3085 1073 3158 plebs
1087 3101 1151 3139 mea
1164 3101 1221 3152 ros,
1238 3083 1276 3138 ibi
1296 3088 1429 3140 vocentur
1449 3085 1501 3139 filii
1523 3085 1574 3140 Dei
1595 3085 1667 3153 rivi;
1692 3105 1703 3138 i
1728 3092 1765 3156 et,

119 3170 321 3225 viamrevocat
336 3187 368 3223 ae
382 3170 498 3234 reducit,
516 3177 548 3225 ut
563 3172 636 3243 quod
653 3189 703 3226 sua
718 3172 849 3228 libertate
864 3181 925 3228 erat
965 3191 1051 3246 quare
1078 3175 1152 3246 quod
1179 3173 1322 3245 quaerebat
1345 3173 1432 3228 Israel
1454 3174 1568 3229 nonsit
1590 3181 1765 3241 consecutus,

120 3275 250 3331 pravum,
265 3259 371 3331 Spiritu
386 3259 436 3313 Dei
452 3266 552 3330 agente
571 3261 608 3314 sit
633 3268 750 3316 rectum.
776 3263 923 3317 Prmdesti-
965 3264 1063 3318 electio
1078 3271 1173 3318 antem
1194 3269 1343 3317 consecuta
1367 3269 1418 3328 est,
1441 3263 1533 3317 caetori
1553 3279 1617 3318 vero
1639 3254 1766 3320 excaecati

120 3347 200 3404 natio
214 3364 327 3420 quoque
345 3347 395 3402 Dei
417 3365 528 3419 semper
551 3349 580 3404 in
602 3349 674 3404 bono
698 3356 750 3415 est,
777 3367 838 3421 quat
863 3368 924 3422 pec
965 3359 1040 3419 sunt,
1057 3351 1228 3423 impossibile
1244 3357 1286 3405 est
1300 3352 1547 3422 comprehendere,
1562 3356 1590 3406 et
1604 3352 1767 3424 periculose

119 3443 230 3503 catum,
259 3437 319 3491 sola
346 3437 467 3491 heminis
489 3439 632 3493 troluntate
657 3439 852 3506 commissum,
875 3447 925 3495 aut
965 3440 1136 3495 curiositatis
1151 3446 1194 3494 est
1208 3455 1342 3510 quaerere.
1360 3440 1431 3493 Cum
1442 3446 1538 3494 tamen
1553 3439 1628 3510 quod
1642 3438 1720 3495 nulla
1730 3439 1768 3496 sit

122 3526 325 3580 remittendum
350 3527 427 3580 novit
447 3544 510 3580 cum
534 3528 616 3581 laude
641 3528 848 3595 misericordiae,
875 3534 925 3583 aut
965 3529 1038 3601 apud
1054 3529 1144 3582 Deum
1160 3528 1304 3599 iniquitas,
1317 3528 1422 3581 mirriini
1437 3529 1519 3582 liceat
1529 3528 1677 3598 ignorare:
1691 3529 1765 3600 qued

122 3614 304 3687 plectendum
327 3632 391 3670 cum
416 3616 498 3669 laude
516 3616 643 3687 justitia.
663 3637 674 3669 »
691 3618 761 3672 item
778 3618 866 3689 (Sion.
881 3618 920 3687 73:
965 3634 1016 3671 nee
1030 3617 1085 3670 alia
1098 3616 1200 3686 gratia,
1219 3622 1268 3670 aut
1282 3616 1337 3670 alia
1352 3617 1406 3670 snle
1421 3632 1592 3688 quemquam
1606 3616 1764 3683 hominum,

121 3704 208 3769 «Qui
221 3704 289 3759 dicit
307 3705 381 3775 quod
397 3706 472 3759 Deus
492 3705 659 3776 quibusdam
678 3706 743 3760 siliis
761 3707 830 3773 suis,
854 3723 923 3778 quos
964 3705 1102 3760 siccante
1122 3705 1223 3775 legem,
1245 3705 1302 3759 sive
1326 3704 1395 3775 legis
1419 3712 1555 3777 tempore,
1579 3704 1764 3777 justificatum

120 3794 298 3864 regeneravit
320 3794 348 3847 in
376 3794 496 3857 Christo,
525 3794 625 3865 quibus
649 3795 743 3861 tidem,
766 3812 855 3867 spem,
881 3796 923 3849 di·
964 3811 1024 3849 esse
1039 3792 1210 3849 credendum
1224 3793 1270 3858 sit,
1292 3810 1377 3864 quarn
1403 3793 1454 3847 hac
1473 3794 1582 3860 eadem,
1607 3811 1657 3866 per
1679 3811 1764 3866 quam

120 3879 270 3936 lectionem
282 3883 369 3948 dedit,
386 3882 421 3937 ob
437 3883 490 3936 hoe
509 3884 745 3953 perseverantiam
761 3900 818 3937 non
838 3884 923 3937 dede·
964 3883 1100 3938 Dominus
1113 3883 1300 3938 nosterlesus
1316 3882 1444 3937 Christus
1454 3881 1608 3938 secundum
1617 3882 1764 3940 consilium

120 3969 159 4025 rit
178 3970 244 4041 quia
258 3987 276 4025 a
289 3988 381 4026 massa
395 3971 561 4043 perditionis
575 3973 844 4044 pnescientialleiet
857 3989 924 4045 prte-
965 3972 1115 4028 roluntatis
1130 3988 1188 4026 sure
1204 3971 1233 4026 in
1248 3972 1304 4026 line
1319 3972 1484 4026 saeculorum
1500 3970 1576 4025 venit
1595 3988 1721 4044 quaerere
1736 3978 1765 4031 et

120 4059 309 4114 destinatione
323 4077 378 4114 non
393 4061 451 4114 sint
464 4061 587 4128 discreti,
611 4062 634 4116 si
653 4062 705 4116 hoc
729 4064 788 4117 vult
810 4064 922 4117 firmare
964 4061 1075 4115 salvare
1088 4060 1162 4132 quod
1176 4059 1307 4132 perierat.
1325 4061 1430 4115 Causas
1445 4075 1508 4114 vero
1523 4076 1639 4131 operum
1654 4066 1683 4115 et
1689 4060 1764 4132 judi·

123 4149 198 4220 quod
214 4149 288 4203 Deus
302 4149 464 4219 hujusmodi
479 4150 606 4205 homines
622 4152 650 4206 in
666 4150 744 4206 bonis
759 4169 820 4222 quae
834 4153 922 4207 dona·
963 4151 1072 4205 ciorum
1087 4149 1146 4216 Dei,
1164 4149 1212 4221 qui
1228 4167 1261 4204 ex
1274 4155 1334 4204 tote
1350 4149 1384 4203 ad
1405 4150 1542 4203 humanas
1563 4150 1720 4205 voluntates
1735 4157 1763 4205 et

124 4245 202 4292 verat
215 4238 337 4294 noluerit
347 4256 523 4310 pertimuere,
540 4246 568 4295 et
586 4240 645 4311 ipse
670 4242 710 4294 eis
734 4258 816 4296 causa
842 4259 922 4296 arer-
963 4239 1088 4294 actiones
1096 4239 1189 4305 refert,
1201 4256 1271 4310 quas
1281 4244 1376 4293 tamen
1388 4238 1416 4292 in
1426 4237 1606 4310 parvulorum
1615 4238 1763 4309 adoptione

122 4327 210 4381 sionis
220 4328 368 4395 exstiterit,
381 4335 478 4382 centra
486 4331 626 4400 justitiam
637 4331 687 4384 llei
701 4331 796 4385 sentit.
817 4331 921 4394 Quam-
964 4336 1013 4383 siut
1026 4328 1201 4383 abdicatione
1213 4344 1269 4382 non
1285 4328 1399 4393 invenit,
1425 4333 1453 4380 et
1473 4326 1697 4397 dispensationes
1711 4327 1762 4382 Dei

123 4415 163 4470 ris
171 4416 246 4471 enim
257 4417 462 4487 omnipotentia
473 4419 524 4472 Dei
535 4419 658 4489 potuerit
670 4419 741 4472 vires
752 4419 843 4472 standi
855 4437 923 4491 pra-
932 4411 995 4471 Der
1009 4417 1089 4472 liberi
1101 4417 1209 4472 arbitrii
1220 4416 1279 4471 vult
1288 4415 1475 4470 mutabilitate
1487 4414 1599 4481 variari,
1614 4415 1763 4488 profitetur

122 4503 188 4558 bere
203 4505 332 4576 lapsuris,
343 4506 437 4575 gratia
446 4512 541 4561 tamen
551 4509 612 4578 ejus
623 4525 679 4561 non
695 4508 772 4579 prius
786 4525 832 4562 ees
846 4509 922 4562 dese-

122 4593 181 4648 ruit
186 4610 271 4665 quarn
281 4593 316 4648 ab
322 4594 362 4649 eis
373 4595 559 4650 desereretur.
569 4596 604 4650 Et
612 4597 817 4668 quialrocipsos
827 4598 922 4652 volun·

121 4682 196 4737 taria
208 4682 332 4737 facturos
343 4683 498 4738 desectione
510 4685 645 4755 praeridit,
661 4685 724 4740 ideo
739 4686 768 4740 in
779 4686 922 4757 pradesti-

119 4771 244 4827 natioais
258 4772 393 4826 electione
409 4773 470 4828 illos
480 4790 537 4827 non
546 4773 653 4829 habuit.
668 4796 680 4827 a
693 4776 763 4831 Item
777 4778 860 4844 [Seni.
873 4776 917 4846 blj:

121 4881 134 4914 a
151 4861 207 4926 Qui
221 4860 290 4916 dicit
302 4863 375 4932 quod
386 4880 442 4917 non
453 4879 549 4918 eirenes
561 4863 688 4918 bornines
705 4864 769 4919 relit
783 4866 857 4920 Deus
867 4865 919 4919 sal-

119 4949 252 5016 rossreri,
269 4950 318 5004 sed
340 4956 448 5006 certum
470 4968 621 5006 numerum
645 4953 916 5023 predestinatorum,

118 5037 218 5092 durius
233 5039 359 5109 loquitur
373 5056 456 5110 quam
471 5039 643 5110 loquendum
661 5047 704 5094 est
720 5041 754 5094 de
769 5041 918 5096 altitudine

116 5126 312 5182 inscrutabilis
326 5127 423 5199 gratia
438 5127 498 5193 Dei,
516 5128 563 5198 qui
585 5135 614 5182 et
633 5146 729 5183 omncs
752 5131 810 5184 rnlt
830 5131 918 5184 salros

117 5215 190 5281 lieri,
207 5216 280 5270 etad
289 5215 463 5286 agnitionem
476 5216 604 5271 veritatis
615 5217 717 5284 venire,
730 5225 758 5273 et
769 5219 918 5273 voluntatis

116 5320 177 5358 suae
193 5304 368 5374 propositum
381 5303 409 5357 in
425 5304 464 5357 eis
477 5304 584 5376 implet,
601 5323 670 5375 qnos
684 5307 825 5375 prescitos
846 5324 916 5378 prae-

116 5392 279 5458 destinavit,
296 5393 507 5462 praedestinatos
524 5395 640 5458 vocarit,
657 5400 765 5446 rorarios
778 5397 915 5464 justitien-

115 5482 167 5547 rit,
182 5481 351 5552 justificatos
365 5481 551 5553 gloriliaarit:
568 5482 638 5535 inni}
654 5483 786 5538 omittens
808 5485 842 5538 de
863 5485 918 5556 plc-

116 5569 249 5628 nitudiue
256 5570 394 5643 gentium,
403 5576 431 5626 et
442 5571 477 5627 de
488 5570 679 5627 omnisemine
687 5572 783 5641 Israel,
795 5565 840 5627 cai
850 5590 918 5646 prm·

963 4505 1017 4561 sibi
1031 4523 1091 4561 esse
1105 4504 1268 4560 scrutabilia
1277 4503 1382 4575 judicia
1398 4503 1457 4568 Dei,
1475 4510 1503 4557 et
1517 4503 1694 4575 vestigabiles
1703 4505 1761 4560 vias

963 4597 1034 4666 ejus,
1051 4602 1080 4650 et
1093 4594 1168 4666 quod
1183 4593 1280 4649 doctor
1291 4591 1418 4664 gentium
1439 4592 1543 4647 Paulus
1564 4609 1619 4648 non
1641 4593 1762 4650 audebat

962 4684 1111 4755 attingere,
1123 4683 1168 4736 hic
1182 4699 1211 4736 se
1226 4682 1347 4737 aestimat
1357 4688 1512 4736 reseratum
1522 4700 1603 4753 posse
1616 4685 1760 4756 vulgare.»
1850 4703 1856 4712 ’

963 4774 1032 4828 Item
1047 4773 1134 4845 (Seni.
1151 4771 1175 4840 ul
1195 4791 1200 4826 :
1222 4790 1232 4821 ι
1257 4771 1310 4836 Qui
1334 4771 1402 4825 dicit
1425 4772 1499 4842 quod
1522 4788 1577 4826 non
1599 4789 1649 4844 pro
1674 4772 1762 4828 totius

961 4861 1059 4917 rnurnli
1074 4859 1266 4931 redemptione
1282 4860 1408 4914 Salvator
1428 4861 1465 4914 sit
1482 4861 1638 4927 crucifixus,
1655 4877 1712 4917 non
1725 4863 1760 4916 ad

960 4949 1128 5005 sacramenti
1142 4949 1283 5014 virtutem,
1308 4949 1357 5002 sed
1380 4948 1415 5002 ad
1431 4948 1556 5002 fidelium
1571 4947 1684 5020 respicit
1698 4966 1761 5022 par·

960 5045 1027 5106 tem,
1042 5055 1107 5093 cum
1121 5037 1237 5108 sanguis
1252 5037 1355 5091 Christi
1367 5037 1487 5108 pretinm
1497 5037 1584 5089 totius
1595 5037 1693 5091 mundi
1703 5037 1756 5092 sit:

961 5146 978 5182 a
992 5144 1047 5199 quo
1056 5127 1146 5199 pretio
1156 5125 1281 5180 extranei
1291 5131 1367 5191 sunt,
1381 5125 1429 5196 qui
1445 5129 1495 5178 aut
1508 5124 1638 5179 delectati
1647 5125 1760 5198 eaptivi-

960 5222 1019 5271 tate
1033 5214 1132 5270 redimi
1147 5215 1308 5279 noluerunt,
1326 5221 1376 5268 aut
1397 5218 1461 5285 post
1480 5213 1701 5285 redemptionem
1723 5216 1759 5269 ad

960 5306 1086 5359 canidern
1102 5309 1169 5358 sunt
1182 5303 1346 5357 servitutem
1362 5301 1475 5356 reversi.
1492 5302 1555 5356 Non
1571 5302 1645 5356 enirn
1660 5303 1760 5359 cecidit

959 5394 1071 5448 rerlaun
1087 5393 1209 5462 immitti,
1225 5408 1314 5462 neque
1329 5399 1461 5446 etttrunln
1476 5399 1518 5444 cst
1534 5391 1630 5445 inuridi
1647 5384 1758 5448 rodoin-

960 5485 1019 5555 ptie
1036 5502 1041 5536 :
1059 5482 1126 5553 quia
1138 5482 1190 5536 etsi
1206 5497 1262 5535 rien
1277 5482 1406 5552 cognorit
1414 5481 1535 5535 mundus
1549 5481 1638 5536 Deum
1649 5482 1760 5538 invasis

959 5573 1016 5639 ire,
1034 5571 1164 5644 cognorit
1178 5577 1274 5626 tamen
1291 5571 1413 5627 mundus
1427 5570 1518 5627 Deum
1532 5570 1562 5628 in
1580 5572 1653 5629 rasis
1675 5570 1759 5629 mise·
