3772 6120
64 242 120 298 2⁸25
293 204 584 302 ENARRAl'IONUM
603 248 643 302 IN
662 247 739 303 EPP.
761 249 868 305 PAULI
887 250 955 304 LIB.
976 249 1141 305 XIII-IN
1163 249 1274 306 EPIST.
1295 249 1321 304 II
1339 250 1388 304 AD
1408 249 1488 305 COR.
1661 221 1714 306 126

65 364 253 435 insipientem
267 383 298 419 se
314 366 393 431 dicit,
411 367 478 438 quia
490 367 621 423 videntur
636 369 672 423 ad
683 370 794 425 laudern
811 371 952 442 ejusAdo
968 379 1053 443 negat
1076 374 1151 444 quod
1166 375 1251 439 dicit;
1277 374 1306 428 hi
1334 375 1408 428 enirn
1434 375 1627 446 imprudentes
1644 378 1714 433 insi·

65 453 221 522 pertinere,
238 461 270 508 ut
283 461 307 508 ct
322 471 380 521 epo,
396 455 496 526 inquit,
510 458 647 511 modicam
657 462 770 527 glorier,
780 460 871 513 modi·
913 461 1020 531 pientes
1031 462 1203 517 sullerohant
1212 463 1296 516 falsos
1305 463 1612 532 apostolos.Snstinetis
1625 469 1711 532 eninr,

63 558 129 595 cum
144 543 198 596 hoc
227 543 305 608 dicit,
331 544 398 614 quia
421 544 450 599 in
470 544 570 607 verbis,
597 562 653 599 non
668 546 698 600 in
718 563 800 602 sensu
816 554 868 602 est.
911 553 1010 619 siquis
1028 567 1074 608 eos
1098 555 1129 604 in.
1147 555 1304 605 seruitutem
1323 553 1432 619 redipit.
1461 552 1518 606 Hoc
1541 569 1636 608 verum
1657 561 1707 620 est,

62 631 127 684 Non
141 647 212 700 ergo
227 649 291 685 rere
307 633 340 685 ad
362 632 483 700 gloriam
502 623 582 688 suain
601 636 660 690 haec
674 636 809 705 loquitur,
820 638 869 691 scd
912 637 978 707 quia
994 637 1194 708 redigebantur
1214 640 1242 693 in
1264 639 1436 701 servitutem,
1454 657 1509 694 non
1524 658 1574 711 per
1587 643 1711 714 pruden-

62 719 123 771 suit
133 718 191 772 illis
206 720 364 786 ostendere,
374 721 441 791 quia
452 738 523 792 quos
535 724 788 793 putantgloriosos,
798 725 869 779 nihil
911 726 1048 793 tiam,sed
1074 744 1124 797 per
1144 728 1293 781 stultitiam
1319 733 1351 780 61
1374 728 1710 801 macularenturpseudo-

63 808 127 877 plus
141 807 246 862 abhoc
262 808 376 872 habent,
394 827 425 862 66
444 827 495 880 per
513 812 565 865 hoc
580 812 603 865 si
618 818 754 882 putantur
764 814 792 866 hi
807 814 869 883 glo·
910 816 1052 884 apostolis.
1071 816 1103 871 Si
1119 819 1180 885 quis
1194 818 1315 873 decorat.
1333 817 1390 870 Nec
1406 817 1458 872 hoc
1472 817 1573 872 salsum
1588 825 1631 873 est
1644 820 1711 890 quia

63 896 143 960 riosi,
161 908 190 950 et
200 915 254 967 ego
269 897 371 968 inquit,
390 899 453 952 ideo
468 900 627 971 insipientis
642 902 694 956 hoc
712 919 772 955 csse
790 903 866 968 dicit,
910 904 1033 957 contenti
1048 909 1128 958 erant
1138 905 1265 958 devorari
1279 921 1323 958 res
1337 921 1402 958 suas
1418 904 1525 959 atalsis
1536 906 1706 961 doctoribus

64 993 94 1037 ut
106 986 142 1038 ad
159 985 275 1039 laudem
291 1003 371 1040 suam
386 987 493 1058 aliquid
513 997 709 1060 prosequatur,
726 1008 756 1043 se
773 997 869 1046 autem
909 991 941 1046 Si
961 996 1023 1060 qtir's
1038 996 1146 1061 occipit.
1171 994 1303 1063 Accipere
1327 1000 1370 1047 cst
1393 993 1516 1064 aliquem
1530 995 1594 1048 dolo
1610 1013 1709 1067 capere

63 1079 195 1127 reectum
211 1076 271 1129 1166
281 1075 367 1147 loqui,
378 1076 455 1130 dolet
469 1077 543 1131 enim
563 1079 598 1143 ei,
615 1085 647 1133 ut
661 1079 723 1133 illos
737 1085 870 1150 putarent
909 1079 1027 1150 ideoque
1041 1081 1181 1151 signifieat
1195 1081 1246 1136 hos
1260 1081 1322 1154 capi
1338 1098 1355 1135 a
1380 1081 1484 1136 dolosis
1509 1083 1662 1153 magistris,
1681 1090 1709 1138 et

63 1162 210 1228 sublimes,
222 1164 273 1218 hoc
284 1166 509 1236 contempto,qui
520 1166 590 1220 nihil
604 1167 668 1238 plus
682 1167 716 1221 ab
732 1184 764 1223 eo
781 1169 867 1223 habe·
908 1169 981 1223 serre
995 1170 1069 1240 quod
1083 1187 1138 1224 non
1153 1171 1274 1241 expedit.
1299 1171 1331 1225 Si
1355 1173 1417 1239 quis
1437 1175 1589 1225 extollitur.
1612 1173 1706 1227 Extol-

63 1259 137 1304 rent.
168 1253 246 1319 Quod
264 1255 370 1320 loquor,
396 1270 452 1308 non
480 1257 577 1324 loquor
597 1259 748 1310 seeaiidrnn
769 1259 865 1312 Deuin.
908 1258 995 1312 lentia
1017 1259 1149 1329 superbia
1161 1266 1213 1324 est,
1234 1260 1285 1313 hos
1310 1276 1377 1329 ergo
1402 1259 1501 1330 tangit,
1519 1260 1567 1331 qui
1592 1261 1705 1332 superbi

63 1341 230 1394 Secundum
238 1342 328 1395 Deum
344 1358 401 1396 non
413 1343 545 1414 loquitur,
559 1345 666 1415 quiaad
678 1347 868 1402 carnistamo·
909 1352 998 1410 erant,
1015 1347 1087 1400 male
1102 1353 1230 1402 taxantes
1245 1349 1418 1419 Apostolum,
1437 1354 1465 1401 et
1481 1348 1525 1401 his
1536 1366 1592 1402 non
1608 1349 1707 1421 displi-

64 1446 125 1481 rem
140 1430 201 1482 haec
217 1430 369 1500 pertinent,
393 1448 445 1485 nec
468 1433 502 1485 de
522 1433 666 1487 inflatione
680 1436 754 1506 apud
777 1437 868 1491 Deum
908 1435 1055 1490 cebantSi
1063 1440 1124 1505 pitis
1135 1440 1321 1505 insectantem
1328 1438 1416 1491 cadit.
1427 1438 1458 1490 ln
1475 1436 1705 1503 saciemcaeditun

63 1518 157 1588 surgit
171 1519 272 1585 gloria,
294 1520 361 1589 quia
383 1521 458 1590 apud
473 1521 562 1576 Deum
587 1523 731 1578 humilitas
745 1525 877 1595 gloriosa
909 1523 938 1577 in
953 1525 1033 1594 cujus
1057 1542 1087 1577 os
1110 1524 1214 1593 injuria
1236 1525 1386 1594 irrogatur,
1403 1541 1477 1577 nunc
1492 1525 1543 1578 hos
1557 1525 1705 1595 significat,

65 1606 179 1660 estSed
188 1611 310 1676 quarite
324 1611 485 1677 desipientia
495 1613 526 1664 in
540 1613 864 1682 licernbstantiaploria.
909 1613 956 1682 qui
971 1630 1004 1666 eo
1020 1614 1093 1683 quod
1106 1620 1199 1667 essent
1213 1631 1245 1666 ex
1259 1630 1362 1682 genere
1379 1613 1497 1667 Abrahae
1513 1613 1708 1669 obtrectabant

64 1697 127 1749 Non
142 1696 257 1765 plenam
273 1696 344 1750 dixit
357 1698 560 1769 insipientiam,
575 1702 624 1755 sed
640 1718 672 1755 ex
687 1707 776 1772 parte,
796 1686 958 1767 veri-Bois,
979 1702 1053 1772 quod
1080 1708 1173 1756 essent
1193 1702 1389 1768 incircumcisi,
1407 1719 1436 1755 se
1451 1702 1639 1772 praeferentes
1656 1704 1707 1758 hos

64 1791 108 1837 tas
122 1785 201 1838 enim
217 1790 269 1849 est,
294 1787 344 1839 sed
365 1786 432 1857 quia
446 1789 530 1843 elatio
544 1789 645 1844 vitiosa
667 1807 712 1845 res
734 1797 785 1857 est,
805 1792 868 1847 ideo
908 1790 1098 1844 humiliantes.
1117 1791 1208 1859 (Aac.)
1230 1791 1328 1845 Facies
1342 1795 1436 1844 autem
1453 1797 1495 1844 est
1518 1809 1573 1862 qua
1589 1792 1707 1864 quisque

64 1873 193 1943 quamvis
209 1890 307 1927 serum
322 1875 360 1928 sit
374 1876 448 1946 quod
463 1876 575 1942 dicitur,
593 1879 672 1948 quasi
688 1880 717 1933 in
731 1880 867 1951 insipien·
908 1880 1092 1948 cognoscitur,
1108 1886 1137 1934 et
1151 1880 1270 1950 legimus
1287 1880 1361 1950 apud
1375 1880 1559 1950 Apostolum:
1575 1882 1706 1935 Toleratis

64 1961 104 2014 tia
124 1967 224 2015 tamen
254 1968 297 2016 est
322 1979 552 2036 unumquemque
582 1967 696 2021 laudare
720 1985 759 2029 se,
784 1970 868 2039 plena
907 1972 992 2034 enirn,
1003 1971 1353 2037 616611ιό61661661161616
1365 1971 1703 2039 66111611,61661611666661,

63 2055 158 2104 autem
175 2051 342 2121 insipientia
356 2060 409 2118 est,
426 2053 449 2106 si
464 2070 493 2106 se
516 2053 593 2108 salsis
615 2056 677 2126 quis
699 2057 802 2121 laudet,
820 2058 866 2111 ille
907 2060 1006 2125 siquis
1021 2061 1128 2126 accipit,
1146 2061 1171 2110 si
1194 2061 1255 2126 picis
1274 2060 1425 2122 extollitur,
1443 2061 1544 2125 siquis
1559 2061 1590 2112 in
1606 2061 1706 2125 sanein

62 2139 138 2192 enim
153 2140 294 2210 superbus
315 2141 350 2194 de
367 2158 431 2195 sero
450 2148 501 2207 est,
521 2142 566 2195 hic
587 2143 690 2198 stultus
714 2145 752 2199 de
776 2145 863 2200 salso:
907 2162 950 2199 vos
965 2147 1050 2199 cadit.
1062 2146 1168 2200 Deinde
1179 2147 1312 2200 continuo
1327 2145 1615 2214 subputacionem
1630 2150 1705 2215 1666-

62 2227 330 2282 mhstantiatamen
350 2230 528 2299 gloriationis
542 2232 572 2285 in
587 2232 639 2286 hac
649 2235 865 2288 causacarnali-
907 2235 1321 2300 11111616166166,6166166661,
1339 2233 1610 2304 quidsitinsaciem
1624 2235 1701 2301 caedi,
1785 2266 1797 2290 i

60 2327 102 2370 tas
113 2326 167 2383 est,
185 2318 256 2388 quia
269 2318 343 2372 sicut
361 2320 414 2373 llos
433 2319 499 2386 seni,
516 2321 556 2374 ita
577 2321 681 2375 decidit
694 2323 785 2391 gloria
799 2324 862 2378 ista.
905 2321 957 2375 hoc
973 2327 1016 2375 est
1026 2322 1167 2375 contemni
1182 2340 1214 2376 ac
1229 2321 1343 2392 despici,
1360 2321 1433 2392 quod
1450 2321 1563 2391 quidem
1573 2337 1629 2376 non
1640 2321 1704 2375 ideo

61 2407 130 2473 Onia
160 2410 251 2461 nralti
269 2411 433 2475 gloriantur
452 2411 603 2463 sectindrnn
624 2428 747 2476 earnem,
774 2418 865 2481 stepo
905 2410 973 2464 dicit
986 2412 1145 2482 Apostolus,
1161 2416 1194 2464 ut
1207 2411 1269 2464 illos
1284 2426 1341 2464 non
1355 2410 1537 2475 sustinerent,
1559 2411 1654 2464 sedat
1673 2429 1702 2465 66

59 2497 212 2561 ptos-tabor.
230 2496 289 2549 Hoc
301 2497 378 2560 dicit,
395 2497 460 2566 quia
471 2499 531 2567 jam
541 2499 628 2570 aliqui
643 2501 788 2554 exludaeis
802 2518 862 2554 ere·
904 2499 1003 2569 magis,
1020 2500 1068 2569 qui
1087 2517 1134 2553 eos
1158 2500 1198 2553 sic
1226 2499 1364 2568 diligeret,
1387 2505 1416 2552 ut
1442 2516 1472 2551 se
1488 2499 1579 2570 ipsum
1595 2516 1646 2569 pro
1662 2499 1703 2553 eis

60 2584 157 2638 dentes
170 2585 380 2654 prasruuebant
396 2586 458 2650 sibi,
475 2587 549 2657 quod
566 2594 660 2642 essent
673 2588 860 2650 tiliiAbraha,
904 2587 986 2643 vellet
998 2588 1132 2659 impendi.
1144 2588 1302 2642 Secundum
1318 2589 1518 2654 innobilitatae
1531 2589 1600 2640 dico.
1617 2588 1702 2659 ignca

62 2672 110 2726 hoc
139 2680 193 2738 est,
219 2675 375 2728 secundum
401 2691 513 2729 carnem
536 2677 661 2746 gloriari,
687 2677 861 2733 nobilitatem
902 2677 1041 2730 bilitatem
1051 2677 1128 2743 dicit,
1142 2677 1193 2730 hoc
1209 2677 1282 2746 qnod
1298 2693 1383 2746 supra
1393 2676 1442 2741 ait,
1460 2680 1489 2729 ot
1498 2692 1549 2745 ego
1560 2676 1702 2745 gloriabor

60 2761 110 2814 sibi
125 2762 223 2816 carnis
243 2762 411 2830 vindicare3
439 2764 502 2817 inde
525 2765 600 2818 enim
629 2766 682 2819 sibi
708 2766 862 2821 detendunt
902 2766 1056 2819 secundum
1071 2782 1258 2831 carnem,n0n
1274 2765 1348 2818 enim
1364 2764 1433 2818 dicit
1446 2766 1482 2817 ad
1492 2765 1605 2818 laudern
1617 2767 1703 2836 perti-

59 2852 169 2916 generis
185 2853 412 2922 prerogativam,
423 2853 489 2923 quia
503 2853 553 2906 filii
570 2855 632 2923 ejus
650 2855 792 2918 dicuntur,
812 2857 860 2929 qui
902 2869 978 2917 nere,
995 2854 1062 2924 quia
1087 2853 1216 2908 infirmus
1227 2869 1282 2907 non
1297 2859 1367 2915 erat,
1384 2853 1412 2906 in
1426 2870 1483 2924 vquo
1502 2870 1531 2907 se
1543 2852 1699 2923 jactabant,

60 2938 115 2992 Deo
138 2941 272 3005 credidit,
303 2958 367 2995 cum
397 2941 492 2996 aalma
516 2959 577 3013 qua
605 2945 769 3014 peccaverit,
800 2945 861 3016 ipsa
901 2958 971 3013 quos
985 2943 1091 2995 occulte
1104 2942 1204 3012 tangit.
1221 2942 1435 3012 Undeadjeeit:
1455 2943 1538 3008 Quasi
1552 2958 1607 2996 non
1622 2946 1702 3011 infir·
1734 3005 1736 3010 .

59 3029 205 3082 morietur.
223 3030 252 3083 Si
275 3046 342 3100 ergo
370 3031 428 3083 lnec
452 3031 542 3100 gloria
567 3038 618 3096 est,
639 3033 740 3103 inquit,
765 3001 1299 3104 6168606611666166661616666616.
1318 3029 1436 3097 (Ambr.)
1453 3028 1631 3084 Manifestum
1646 3036 1698 3096 est,

58 3117 210 3185 gloriabor,
229 3119 297 3189 quia
312 3125 340 3172 et
355 3136 407 3188 ego
416 3119 492 3174 filius
507 3138 571 3174 sum
588 3120 716 3187 Abrahae,
729 3123 778 3176 sed
789 3123 859 3177 nihil
901 3119 967 3189 quia
986 3135 1041 3173 non
1065 3125 1127 3173 erut
1150 3119 1180 3172 in
1204 3119 1256 3172 hac
1279 3119 1370 3188 gloria
1393 3119 1531 3183 infirmus,
1549 3119 1577 3172 16
1599 3135 1655 3189 qua
1668 3136 1698 3172 se

59 3207 171 3274 prodest
180 3207 259 3277 apud
277 3208 367 3261 Deum
383 3208 473 3262 filium
492 3227 552 3263 esse
563 3209 691 3277 Abrahae,
709 3211 776 3282 quia
791 3212 859 3266 fides
900 3207 1084 3278 plael'erebant
1098 3207 1243 3261 credentes
1264 3208 1360 3277 judai,
1378 3224 1447 3278 quos
1463 3207 1491 3261 hi
1507 3206 1696 3278 patiebantur,

58 3301 105 3360 cst,
122 3312 188 3367 quae
202 3297 303 3362 salvat,
321 3313 377 3351 non
392 3313 515 3368 propago
525 3298 637 3368 generis
646 3298 775 3364 Abrahae,
785 3299 859 3354 ideo·
900 3296 979 3366 66661
992 3297 1142 3367 Apostolus
1163 3313 1261 3350 eorum
1283 3297 1313 3350 in
1334 3297 1385 3350 hac
1401 3314 1430 3350 re
1452 3303 1526 3350 esset
1541 3297 1696 3358 dtesimilis,

58 3400 108 3452 que
120 3385 217 3454 316616
227 3385 287 3439 haec
298 3385 391 3440 carnis
404 3390 456 3451 est,
480 3387 580 3457 gloria,
594 3393 626 3440 ut
645 3393 722 3457 puta,
739 3388 763 3441 si
780 3388 857 3442 diea-
899 3385 967 3456 quia
985 3391 1013 3439 61
1037 3385 1096 3456 ipse
1120 3391 1182 3439 erat
1203 3402 1235 3438 ex
1259 3386 1365 3440 semine
1380 3383 1508 3448 Abrahae,
1530 3402 1562 3438 ac
1581 3402 1632 3455 per
1646 3385 1699 3439 hoc

58 3478 101 3525 tur
113 3473 220 3527 nobilis
240 3473 363 3528 hominis
383 3475 466 3529 filius.
491 3477 616 3530 libenter
638 3479 713 3530 66116
738 3479 858 3544 suffertis
897 3473 1002 3527 infirmi
1014 3490 1069 3527 non
1084 3480 1165 3527 erant
1176 3474 1267 3528 inhae
1277 3474 1591 3545 glorincarnis.lnlirmi
1603 3478 1697 3527 autem

59 3564 227 3631 insipientes,
235 3579 298 3616 cuin
309 3567 369 3617 sitis
381 3567 435 3633 ipsi
442 3565 756 3636 sapienteslnsipientes
764 3567 858 3637 appel·
898 3563 927 3616 hi
936 3562 1137 3632 judicabantur
1146 3562 1334 3634 quiapplicati
1345 3562 1559 3631 fuerantgeneri
1567 3561 1695 3615 Abrahae.

58 3650 102 3709 lat,
114 3651 164 3721 qui
179 3651 216 3705 de
237 3653 331 3706 carnis
345 3653 556 3708 circumcisione
569 3653 736 3723 gloriantur,
748 3660 778 3708 et
792 3655 858 3725 quia
898 3651 946 3704 Isti
963 3651 1038 3705 enim
1054 3651 1134 3722 quasi
1151 3650 1224 3704 firmi
1243 3652 1272 3704 in
1293 3668 1325 3705 eo
1345 3651 1419 3721 quod
1448 3650 1490 3703 illi
1513 3668 1543 3704 se
1567 3649 1697 3720 praefere-

58 3740 245 3794 aCorInthiis
258 3742 856 3811 portabanturutgloriosividerentur,ideo
896 3738 974 3804 bant,
991 3740 1113 3810 eoquod
1138 3745 1232 3792 essent
1251 3739 1394 3805 Israelita,
1412 3738 1441 3791 in
1458 3738 1510 3791 hoc
1525 3739 1585 3809 ipsc
1600 3739 1698 3791 volunt

58 3830 207 3899 Apostolus
222 3829 309 3883 etiam
324 3831 456 3884 sustineri
471 3848 501 3884 se
516 3831 551 3884 ah
566 3831 609 3885 his
625 3833 693 3896 vult,
710 3836 784 3887 utet
798 3833 856 3903 ipse
898 3846 928 3883 se
943 3828 1062 3894 sufferri,
1079 3832 1112 3881 ut
1125 3828 1305 3881 ostenderent
1320 3827 1349 3881 in
1367 3827 1418 3880 hac
1427 3826 1519 3896 gloria
1533 3825 1624 3879 carnis
1640 3843 1694 3879 non
1744 3823 1746 3827 ’
1782 3870 1791 3887 .

58 3916 105 3970 hoc
129 3936 161 3972 se
190 3936 254 3973 esse
278 3920 447 3984 ostenderet,
477 3919 551 3990 quod
580 3927 661 3973 erant
687 3920 726 3986 hi,
752 3928 781 3974 et
800 3938 856 3975 non
897 3935 927 3971 se
946 3934 1006 3970 esso
1030 3916 1179 3971 dissimiles
1209 3920 1238 3968 et
1259 3915 1395 3982 Infirmos,
1416 3931 1479 3968 cum
1495 3915 1528 3968 dc
1547 3930 1598 3968 sua
1612 3931 1696 3969 causa

57 4012 147 4060 tamen
156 4005 279 4077 gloriari
289 4025 321 4061 ex
335 4008 388 4061 hac
403 4013 482 4078 parte
498 4008 651 4062 secundum
664 4008 763 4062 Deum.
776 4010 855 4064 Unde
897 4006 1022 4077 loquitur
1036 4005 1206 4072 subinducit,
1215 4003 1387 4059 etBarnabae
1397 4020 1546 4074 personam
1561 4003 1628 4058 socii
1639 4003 1694 4071 sui,

56 4095 172 4163 gloriam
188 4096 262 4149 hanc
277 4096 468 4167 insipientiam
486 4102 582 4150 vocat:
604 4097 720 4166 gloriari
734 4097 810 4151 enim
824 4115 854 4152 se
896 4095 971 4149 unde
985 4101 1014 4148 ot
1028 4095 1057 4148 in
1071 4094 1163 4166 prima
1177 4094 1244 4149 dicit
1256 4094 1381 4165 Epistola
1395 4096 1422 4160 (l
1435 4095 1496 4150 Cor.
1516 4097 1553 4163 rx)
1564 4112 1569 4146 :
1582 4095 1637 4147 Aut
1649 4110 1695 4162 epo

56 4182 117 4237 dicit
132 4185 294 4240 secundum
303 4202 426 4252 carnem,
445 4185 493 4240 sed
507 4186 560 4240 hoc
577 4186 696 4240 stultum
711 4202 771 4240 csse
787 4203 853 4257 pro·
893 4188 967 4238 sotus
981 4189 1005 4237 et
1019 4185 1161 4238 1166116166
1178 4200 1234 4238 666
1255 4185 1385 4237 trahemus
1398 4188 1556 4252 potestatem
1570 4184 1618 4236 hoc
1633 4199 1694 4252 ope·

59 4272 156 4339 fitetur,
170 4280 204 4326 ut
217 4278 248 4326 et
260 4275 380 4344 gloriam
394 4275 466 4328 hanc
489 4274 620 4339 inaniret,
638 4279 667 4328 et
681 4291 711 4328 se
725 4281 852 4329 coactum
894 4273 981 4325 randi
991 4291 999 4325 :
1015 4288 1072 4326 non
1093 4289 1160 4342 ergo
1180 4272 1302 4327 minores
1326 4278 1407 4326 erant
1427 4271 1457 4325 in
1475 4271 1527 4324 hac
1547 4271 1647 4341 gloria,
1665 4272 1693 4325 in

58 4359 82 4413 in
95 4362 210 4416 laudem
233 4363 327 4417 carnis
355 4364 480 4434 erupisse
504 4363 625 4417 doceret.
653 4362 743 4433 Igitur
762 4364 855 4418 ironia
894 4376 951 4431 qua
961 4376 990 4413 se
1005 4361 1093 4415 ludaei
1100 4361 1255 4431 jactabant,
1273 4362 1321 4415 sod
1337 4377 1393 4414 non
1414 4361 1479 4414 inde
1495 4359 1689 4429 plaudebant:

58 4457 95 4503 cst
107 4452 179 4515 haec,
202 4467 270 4505 narn
295 4452 433 4522 quomodo
458 4452 609 4523 prudentes
625 4459 700 4518 sunt,
718 4453 766 4523 qui
781 4470 854 4524 saepe
895 4448 1015 4520 denique
1028 4450 1096 4504 dicit
1106 4469 1112 4502 :
1123 4453 1158 4506 Ia
1168 4467 1220 4520 qao
1235 4453 1296 4521 6616
1306 4451 1388 4504 audet
1403 4452 1433 4502 in
1450 4450 1612 4515 insipientie
1622 4449 1691 4514 dico,

58 4541 855 4613 reprehenduntur?nonneplussapitinsipientiaAposto
895 4540 982 4592 audeo
996 4543 1021 4592 ct
1035 4556 1089 4607 epo.
1106 4539 1164 4593 Hoc
1178 4544 1229 4604 est,
1246 4555 1302 4592 non
1321 4537 1407 4591 fuisse
1427 4536 1570 4588 infirmum
1586 4535 1616 4588 16
1629 4535 1692 4605 glo-

58 4627 83 4686 11,
97 4646 184 4700 quam
193 4630 297 4683 horum
308 4630 478 4700 prudentia?
494 4630 539 4683 hic
554 4630 629 4684 enim
646 4630 758 4701 sapiens
768 4631 853 4685 susti·
895 4626 946 4692 ria,
971 4643 1027 4697 qua
1042 4644 1072 4681 se
1085 4627 1230 4697 jactabant
1242 4625 1384 4688 Israelitae,
1402 4640 1453 4677 nec
1463 4622 1576 4693 quidem
1591 4639 1624 4676 ex
1639 4623 1691 4677 hac

58 4725 98 4770 aet
111 4718 320 4789 imprudentes,
331 4717 380 4789 qui
393 4718 530 4788 patientia
551 4734 603 4772 sua
626 4719 724 4772 suffert
739 4735 796 4784 eos,
823 4726 855 4773 ut
895 4732 925 4768 re
948 4716 1114 4786 prudentem
1135 4715 1267 4785 judicari,
1297 4712 1427 4784 preferre
1452 4712 1526 4766 enim
1547 4729 1577 4766 se
1592 4713 1693 4767 nolunt

59 4807 159 4873 possint
173 4809 321 4878 proficere,
340 4824 375 4860 ne
396 4823 558 4877 provocans,
571 4812 621 4860 aut
645 4805 780 4877 abjiciens
795 4824 852 4873 eos,
894 4804 1055 4874 prudentes.
1078 4804 1110 4857 ln
1134 4802 1297 4873 insipientia
1319 4817 1386 4871 ergo
1401 4801 1469 4855 dicit
1484 4802 1587 4856 audere
1603 4802 1631 4856 in
1647 4819 1690 4868 eo,

60 4898 161 4965 pejores
187 4896 251 4950 illos
266 4895 359 4961 166161,
377 4901 427 4949 661
448 4900 524 4949 certe
548 4895 570 4949 si
591 4895 620 4949 16
645 4895 701 4949 illis
716 4897 851 4966 proficere
893 4893 966 4963 quod
990 4892 1096 4945 audent
1109 4891 1147 4957 hi,
1166 4891 1213 4962 qui
1229 4908 1259 4944 66
1275 4892 1394 4962 jactant,
1411 4907 1444 4944 eo
1468 4891 1541 4961 quod
1564 4891 1621 4945 6161
1640 4892 1692 4946 filii

60 4999 105 5039 non
119 4985 257 5056 potuerit,
278 5001 359 5038 suam
378 4985 546 5039 modestiam
556 4985 689 5050 custodit,
706 4984 807 5038 horum
822 4985 851 5039 in
892 4981 1020 5047 Abrahae,
1029 4986 1060 5035 ut
1068 4980 1187 5051 gloriam
1197 4979 1310 5034 illorum
1321 4980 1439 5046 inaniat,
1449 4980 1691 5050 Imprudentemse

60 5071 205 5128 oonnmiis
220 5073 291 5127 nihil
307 5078 358 5127 est.
385 5073 530 5137 Quomodo
549 5090 616 5143 ergo
635 5072 755 5126 libenter
766 5073 851 5127 sulle-
893 5069 1065 5142 pronuntiat,
1082 5086 1118 5122 ne
1132 5068 1690 5140 111166666616661666661661666666616

61 5168 115 5216 runt
142 5162 349 5235 imprudentes,
378 5178 441 5216 cum
465 5163 518 5234 ipsi
540 5162 597 5216 sint
623 5161 773 5232 sapientes,
798 5161 852 5216 nisi
894 5165 944 5213 aut
957 5158 1072 5214 nobiles.
1085 5160 1190 5213 Habeat
1202 5164 1366 5226 6611161666,
1378 5161 1511 5213 Israelita
1523 5162 1688 5225 6666161666,

60 5252 224 5318 quianonsic
233 5250 296 5304 vult
305 5250 435 5320 intelligi,
452 5250 525 5304 sicut
534 5256 637 5305 sonant
647 5250 750 5304 verba?
760 5251 812 5304 hoc
823 5251 851 5304 in
893 5247 1277 5314 6666166166661666.
1295 5249 1326 5302 ln
1337 5246 1380 5300 his
1390 5261 1526 5317 paremse
1539 5262 1646 5312 eorum,
1654 5247 1690 5301 de

59 5354 141 5406 16666,
153 5347 183 5396 61
198 5341 230 5395 16
240 5339 473 5411 pronuntiatione
487 5345 539 5405 est,
555 5339 623 5410 quia
633 5340 731 5394 eadem
738 5339 851 5410 quidem
893 5336 994 5406 quihus
1008 5352 1093 5406 supra
1102 5335 1278 5406 significavit,
1285 5335 1417 5398 ostendit,
1430 5338 1462 5387 61
1472 5334 1689 5390 detractationes

61 5430 131 5484 rerba
148 5446 207 5485 non
218 5428 353 5483 eumdem
367 5427 472 5482 habent
485 5444 608 5493 sensum,
630 5428 713 5482 aliter
726 5444 851 5498 pronun·
893 5441 1000 5488 corum,
1016 5423 1116 5495 quibus
1130 5423 1262 5494 indignus
1283 5424 1318 5479 ab
1336 5424 1380 5478 his
1397 5422 1586 5492 judicabatur,
1604 5423 1689 5478 falsas

58 5517 381 5581 tiat,alitersentit,nam
395 5516 546 5586 aliquando
561 5516 852 5587 consumataliquan·
894 5514 1061 5569 ostenderet.
1079 5514 1204 5567 Ministri
1218 5513 1321 5568 Christi
1334 5517 1398 5567 sant
1417 5518 1440 5566 et
1458 5528 1504 5580 rpo
1519 5530 1527 5565 .·
1545 5517 1574 5564 at
1591 5515 1688 5567 611666
