3772 6120
125 314 173 371 tat
344 313 634 375 mutuationes
651 315 690 372 la
710 315 786 373 ΕΡΡ.
809 317 914 377 riuti
933 320 1002 377 Lllt.
1023 321 1198 377 svn-ln
1218 319 1329 377 amsa.
1349 317 1398 373 ΑΒ
1416 317 1541 373 EPHES.
1709 313 1762 369 let

124 435 1072 508 hawtesbeueticimn,quinuncinhenictmale,libertateAdeciino
1093 448 1199 516 psalmo
1225 446 1309 500 simul
1325 445 1447 516 positum
1467 444 1577 499 divern
1592 444 1760 515 significat:

125 524 333 580 suaabutentes
342 527 449 597 passim
463 536 598 597 vagantur
606 535 634 581 ct
643 545 694 599 per
703 530 921 599 praecipitiacor-
962 535 1061 588 illisnns
1077 541 1129 589 tue
1139 539 1261 602 serarum
1275 552 1315 588 inc
1329 540 1352 586 rt
1362 537 1570 601 plcnnaosrunl
1581 549 1621 589 ms
1633 552 1641 585 :
1652 534 1761 588 moiun

126 621 404 686 montpeecatarum.
417 617 487 671 Cum
497 618 667 672 autemtales
678 617 826 672 habuerint
835 635 922 674 sesso·
962 623 1084 692 primum
1107 625 1310 687 locum-tenet,
1333 622 1434 677 deinde
1455 621 1625 693 plasmatio:
1647 622 1761 693 etquis

127 705 252 774 resjuxta
259 705 425 761 sedentium
435 707 606 761 rolunaaem
614 706 918 778 incipientgubernari.
962 712 1111 766 creationis
1124 719 1153 766 et
1169 712 1338 767 conditionis
1359 727 1465 767 tramea
1482 711 1517 766 ad
1532 726 1637 780 magns
1648 726 1761 782 semper

125 793 174 847 llos
188 810 267 861 sero,
280 795 357 865 quod
368 795 410 849 ait
420 813 426 847 :
438 802 468 849 ut
477 798 624 849 ostersdrrrt
638 798 668 850 ln
681 801 786 850 esculis
797 814 921 866 superue-
962 801 1032 855 solet
1046 819 1131 872 opera
1145 803 1280 873 copulari.¹
1296 801 1372 857 verbi
1386 818 1472 855 causa
1486 820 1491 852 :
1510 801 1559 854 ille
1571 799 1639 854 urbs
1648 798 1761 854 condite

127 884 260 937 antistibus
270 885 448 939 abundantes
455 886 570 940 diuitias
581 889 678 953 pratis
691 902 746 939 siis
755 890 786 939 in
801 887 921 940 bonitate
962 896 1014 953 cst,
1023 896 1054 943 et
1066 891 1102 943 ab
1117 891 1197 947 initio
1205 898 1316 946 creatus
1327 890 1511 956 estmundus,
1521 894 1552 943 et
1565 888 1761 959 unusquisqm

127 973 522 1041 superrmsindhristolcsumd
528 974 921 1045 illumintelligentiamtraas·
962 985 1122 1033 satiatorum
1138 996 1187 1050 per
1201 980 1279 1033 varia
1292 981 1425 1049 dogmata
1438 984 1522 1048 atque
1537 978 1654 1063 virtutes
1667 976 1699 1030 in
1712 992 1759 1031 se·

127 1060 195 1127 l'erat,
207 1062 287 1132 quod
304 1079 362 1116 non
376 1062 465 1117 simus
473 1063 573 1117 merito
585 1068 691 1131 nostro,
699 1065 748 1118 sed
756 1064 850 1135 grstia
860 1065 922 1135 ejus
962 1069 1082 1138 metipso
1096 1069 1218 1123 mundus
1229 1076 1273 1122 est
1281 1073 1367 1133 totus,
1380 1074 1530 1138 propterea
1541 1083 1616 1122 naim
1628 1065 1716 1121 assu
1730 1067 1758 1119 in

127 1151 226 1218 iussu,
243 1159 274 1205 et
288 1152 407 1222 majoris
422 1151 554 1206 bonitatis
567 1153 701 1207 indicium
716 1153 753 1206 sit
766 1170 817 1223 pro
827 1170 922 1224 pecrs·
963 1157 1074 1211 Christo
1086 1158 1216 1219 dicimur,
1227 1166 1256 1211 et
1265 1158 1352 1211 creati
1362 1158 1390 1210 in
1401 1156 1531 1227 operibus
1541 1155 1621 1210 bonis
1630 1155 1758 1226 sineque

127 1238 224 1295 antus
234 1241 340 1311 magis,
350 1257 435 1311 quarn
445 1258 495 1312 pro
502 1241 676 1312 iustismori,
686 1261 697 1292 ι
706 1259 756 1313 pro
767 1242 921 1297 bonaenim
962 1246 1015 1316 ipsi
1025 1246 1151 1308 secianus,
1161 1247 1202 1301 rel
1213 1246 1312 1300 facturi
1322 1263 1428 1312 snmus,
1436 1245 1493 1299 sive
1502 1246 1532 1299 in
1542 1245 1604 1298 aliis
1612 1243 1758 1311 creaturis,

127 1328 233 1383 haitan
249 1330 316 1400 quis
326 1330 431 1385 amleat
439 1331 564 1397 interire,
577 1352 590 1383 a
607 1332 762 1385 etdsturus
777 1332 857 1387 uolns
873 1332 918 1399 sit,
961 1336 996 1389 sd
1007 1353 1068 1405 que
1082 1342 1178 1389 nostra
1190 1336 1364 1390 conversatio
1378 1334 1573 1389 transferenda
1583 1339 1636 1399 est,
1652 1340 1758 1404 utque

130 1436 179 1490 pne
192 1435 247 1473 nec
266 1421 368 1474 oculus
382 1420 460 1485 sidit,
477 1437 528 1475 nec
544 1421 622 1476 auris
637 1421 751 1487 audivit,
769 1438 820 1475 nec
834 1422 863 1476 in
873 1439 921 1476 cor
961 1425 1128 1495 preparavit
1137 1426 1222 1488 Deus,
1231 1424 1260 1479 in
1270 1424 1325 1478 illis
1335 1423 1521 1489 ambulemus,
1531 1438 1692 1494 spemagna
1698 1422 1759 1491 jam

129 1508 238 1564 hominis
250 1511 459 1565 ascenderunt:
476 1526 537 1581 qua
552 1510 648 1563 omitia
661 1527 694 1564 ex
709 1517 788 1581 parte
800 1511 860 1581 jam
875 1511 921 1565 de-
961 1513 1123 1579 nobisdsta,
1135 1514 1203 1569 dnm
1213 1514 1241 1569 in
1252 1512 1295 1568 his
1309 1512 1480 1568 ambulaturi
1494 1528 1601 1576 sumus,
1613 1526 1675 1582 quse
1683 1511 1759 1565 neus

128 1597 185 1652 derit
198 1598 229 1652 in
249 1597 365 1653 Christo
379 1599 456 1665 Jesu,
473 1600 539 1670 quia
555 1599 664 1653 nullum
680 1599 786 1670 absque
809 1600 919 1654 Christo
961 1618 1130 1673 rnagnopere
1150 1603 1324 1674 praeparavit.
1345 1603 1380 1657 Et
1402 1602 1469 1672 quia
1490 1600 1577 1655 mmai
1595 1601 1632 1654 ad
1654 1612 1757 1654 noman

128 1686 217 1741 baum
231 1687 290 1741 dici
306 1688 590 1758 potestdreticrniar
600 1690 917 1756 estissntreliprrfidcrn,
961 1700 1095 1749 creature
1115 1692 1251 1757 venimus,
1266 1698 1295 1746 et
1308 1691 1448 1762 sapientia
1461 1691 1491 1744 in
1506 1687 1663 1744 Proverbiis
1681 1688 1758 1743 Salo

128 1782 145 1831 d
154 1776 198 1830 boc
213 1792 272 1830 sion
287 1783 328 1831 cst
342 1793 375 1831 es
390 1778 472 1842 sebia
487 1779 537 1832 liei
546 1781 620 1831 enirn
634 1780 739 1831 densim
754 1783 800 1842 cst,
818 1794 872 1831 raon
888 1769 950 1831 rrB
960 1781 1052 1835 inanis
1062 1797 1092 1834 se
1101 1787 1224 1835 creatam
1234 1780 1419 1835 dicitinitium
1427 1780 1536 1834 riarum
1544 1778 1656 1834 Domini
1664 1780 1756 1846 (aas.

129 1866 561 1934 attribuantncpnisplorirtur.
574 1866 760 1937 Ideainquit,
771 1865 917 1921 abundan-
960 1876 1024 1938 rrn),
1045 1870 1182 1940 multique
1197 1869 1308 1929 tirnore,
1326 1886 1360 1923 ne
1375 1869 1519 1923 Christum
1538 1873 1699 1922 creaturam
1717 1866 1758 1920 di-

129 1966 160 2013 ns
176 1954 292 2009 diritius
311 1955 411 2024 gratiss
432 1972 489 2010 suae
512 1955 541 2009 in
565 1955 689 2010 bonitate
708 1956 918 2026 superventuris
959 1975 1021 2013 cere
1032 1959 1244 2028 compellantur,
1256 1963 1346 2013 totum
1354 1958 1460 2012 Christi
1468 1957 1634 2028 mysterium
1642 1962 1756 2027 negant,

130 2043 219 2097 seculis
233 2050 405 2099 ostensurus
418 2050 471 2109 est,
488 2045 555 2114 quia
567 2045 661 2115 gratia
682 2045 750 2099 salvi
769 2045 835 2098 lacti
851 2045 917 2100 estis
959 2055 991 2102 ut
1004 2047 1099 2102 dicunt
1113 2065 1168 2103 non
1179 2047 1323 2102 Christum
1338 2047 1368 2103 in
1382 2047 1435 2100 hac
1445 2046 1592 2118 sapientia,
1600 2045 1650 2099 sed
1660 2044 1758 2099 mundi

132 2147 167 2200 per
176 2132 261 2187 iidem
271 2150 330 2187 non
341 2149 392 2203 per
409 2149 495 2204 opera
508 2151 513 2184 :
527 2141 557 2187 et
568 2134 627 2187 heac
642 2135 704 2205 ipse
718 2134 796 2195 lides,
817 2151 874 2189 non
884 2150 917 2187 ex
958 2137 1126 2207 sapientiam
1136 2137 1297 2205 significari.
1309 2138 1365 2191 Nos
1376 2135 1463 2189 libere
1473 2136 1688 2206 proclamamus,
1700 2148 1757 2187 non

133 2219 250 2289 suissed
273 2238 310 2275 es
326 2239 370 2289 eo,
388 2222 437 2293 qni
451 2223 557 2277 vocavit
572 2239 628 2277 ros.
655 2223 713 2277 Hoc
732 2230 827 2277 autem
843 2224 914 2288 ideo,
958 2226 1755 2296 essepericuiumeumdiocrccresturam,quemrermem

133 2326 156 2363 ne
165 2309 279 2365 forsitan
292 2310 374 2366 nobis
385 2312 516 2381 cogitatio
527 2312 636 2367 occulta
647 2311 825 2383 subreperet:
836 2313 917 2383 siper
958 2321 987 2368 et
998 2316 1151 2379 hominem,
1169 2321 1198 2368 et
1211 2315 1384 2379 crucifixum,
1401 2318 1431 2367 et
1445 2311 1680 2376 maledictionem,
1695 2316 1756 2364 tota

134 2415 199 2469 apua
211 2408 312 2455 nostra
325 2400 427 2454 salvati
441 2417 496 2455 raon
512 2418 620 2466 suiuus
632 2402 757 2455 certerel
768 2420 819 2472 per
833 2403 917 2456 tidem
958 2405 1017 2475 spei
1041 2410 1142 2459 nostae
1167 2403 1269 2457 fiducia
1290 2402 1466 2465 confitemur,
1488 2400 1618 2466 maxime,
1638 2414 1702 2453 cum
1722 2412 1756 2452 ex

135 2488 211 2543 arisati
225 2506 337 2550 sumus,
349 2496 378 2543 et
392 2490 447 2543 alio
456 2507 559 2559 genere
574 2496 701 2545 nostrum
717 2497 768 2557 est,
781 2492 854 2562 quid
863 2492 916 2545 sal-
957 2493 1066 2547 duobus
1080 2492 1221 2546 versiculis
1232 2492 1279 2562 qni
1288 2489 1527 2562 praeecdunt,ipss
1539 2489 1679 2560 sapientia
1688 2501 1754 2558 pro-

136 2592 219 2631 annr.
229 2579 349 2633 Addidit
363 2579 458 2649 itaque
473 2587 499 2631 et
515 2579 688 2641 dirit,lide1n
702 2597 813 2651 quoque
827 2581 916 2650 ipsam
959 2583 1052 2637 mittat
1065 2600 1125 2636 esse
1143 2583 1283 2635 dictumm
1301 2597 1363 2651 quae
1382 2583 1445 2651 post
1469 2580 1570 2633 secula
1584 2584 1669 2645 sunt3
1690 2590 1754 2631 cum

136 2680 173 2720 hon
185 2678 286 2721 nostra
303 2669 456 2721 voluntatis
472 2685 542 2734 esse,
558 2668 606 2722 sed
628 2668 676 2721 liei
694 2670 817 2722 arusinis
834 2688 839 2721 z
860 2686 916 2723 nan
957 2678 1052 2726 autem
1059 2671 1187 2725 Christus
1197 2670 1298 2724 saecula
1308 2669 1412 2736 feeerit,
1423 2680 1451 2722 et
1460 2686 1522 2739 quae
1531 2666 1754 2738 deincepeloqni-

137 2756 191 2825 qood
204 2756 325 2811 liberum
342 2757 449 2810 homini
465 2758 581 2811 tollatur
599 2757 757 2823 arbitrium,
775 2764 803 2811 et
819 2775 916 2813 sirena·
955 2767 1012 2825 tur,
1028 2777 1061 2814 ea
1074 2761 1140 2825 sint,
1150 2777 1212 2831 «pum
1227 2767 1290 2830 post
1303 2759 1404 2812 meula
1418 2758 1560 2812 dicturum
1574 2774 1604 2810 se
1617 2772 1679 2810 esse
1692 2770 1754 2827 pro·

137 2843 184 2899 iun
196 2846 264 2900 illud
280 2846 408 2916 Apostoli
425 2847 459 2899 ad
475 2847 615 2900 Rornanos
631 2865 636 2899 :
658 2848 722 2901 Non
735 2847 772 2900 sit
786 2847 913 2901 solentis.
956 2851 1074 2917 miserit,
1090 2850 1126 2903 ad
1142 2848 1340 2903 incarnationis
1354 2847 1531 2918 mysterium,
1547 2862 1603 2900 non
1622 2845 1658 2899 ad
1673 2850 1754 2899 natu·

137 2948 206 3005 haue
216 2936 368 3000 currentis,
381 2936 429 2990 sed
440 2936 489 2989 bei
500 2935 764 2997 raiserentislilonrn
774 2950 790 3003 ,a
803 2953 915 2991 :serum
956 2956 1015 2992 rarii
1030 2939 1079 2993 lici
1092 2938 1239 2993 reserenda
1248 2943 1323 3001 sunt,
1337 2954 1398 3007 qnae
1409 2941 1574 3007 sequuntur,
1586 2934 1652 2989 licet
1662 2934 1691 2988 in
1700 2934 1753 2988 lle

138 3023 191 3091 quod
199 3024 308 3083 arbitrii
323 3024 385 3095 ipsa
397 3023 509 3078 libertas
523 3025 613 3078 Deum
624 3024 708 3083 babet
718 3031 870 3091 auctorem,
883 3034 915 3081 nt
956 3027 1036 3083 brasis
1046 3027 1186 3082 codicibus
1196 3042 1253 3081 non
1266 3026 1417 3080 habeatur:
1429 3024 1586 3079 «ilduinus
1595 3023 1700 3078 creavit
1708 3037 1752 3077 me

137 3110 237 3167 sdillius
256 3113 424 3167 beneficium
444 3120 545 3167 iuncta
568 3115 735 3178 referantur,
751 3130 814 3167 eura
828 3114 914 3168 «stiam
923 3090 944 3151 G
954 3117 1066 3171 initium
1074 3118 1182 3171 riarum
1193 3133 1317 3181 suarum,
1329 3136 1342 3167 a
1354 3114 1403 3169 sed
1413 3132 1418 3165 :
1430 3117 1564 3169 Dorrsinus
1572 3114 1689 3182 persedit
1699 3128 1749 3167 ins.

137 3197 279 3259 mannos
293 3203 364 3256 selle
380 3204 440 3274 ipse
455 3203 621 3273 permiserit.
640 3204 699 3258 iios
713 3210 808 3257 autem
822 3209 914 3257 totuin
955 3206 1032 3261 Inter
1045 3206 1250 3277 passessionem
1270 3211 1299 3258 et
1316 3204 1487 3258 creationem
1512 3203 1601 3256 multa
1617 3201 1753 3256 distantls

138 3300 270 3361 propterea,
282 3310 319 3347 ne
327 3293 391 3363 quis
398 3293 561 3362 gloriatura
569 3293 720 3363 semetipso
730 3300 821 3348 etaon
832 3293 913 3347 alteo
955 3302 1010 3350 est:
1019 3296 1137 3367 quiaqni
1148 3294 1316 3366 possidetur,
1326 3294 1350 3347 is
1358 3293 1455 3363 utique
1462 3298 1514 3359 est,
1521 3298 1606 3363 atque
1613 3290 1749 3355 subsistit,

138 3392 181 3433 ese
192 3381 335 3435 miratum.
345 3382 483 3450 lilup.)Et
497 3399 531 3435 ne
547 3383 634 3452 ipsam
649 3382 702 3435 sihi
717 3382 816 3436 saltem
828 3383 912 3437 tidem
954 3391 1038 3439 otest
1056 3384 1194 3455 proprius,
1211 3383 1259 3453 qui
1278 3382 1436 3453 possidetur
1457 3398 1463 3432 :
1484 3386 1594 3435 creator
1612 3394 1678 3434 sero
1692 3379 1750 3445 ille,

137 3466 165 3519 sic
178 3479 347 3540 arrogarent,
364 3478 396 3524 ut
413 3487 469 3525 noa
486 3471 675 3541 intelligerent
694 3471 827 3526 divinitus
851 3488 911 3526 esse
954 3474 1071 3544 quinon
1086 3479 1312 3544 cratonisquam
1326 3472 1416 3536 steret,
1433 3475 1483 3525 aut
1493 3475 1567 3524 certe
1583 3469 1661 3523 deeo
1676 3468 1752 3539 qued

137 3554 254 3623 domum,
263 3559 639 3630 sieutidernhpostolusalio
649 3561 793 3623 locodieit,
805 3567 836 3616 ut
846 3561 913 3615 lide·
953 3568 1022 3627 erat,
1039 3562 1207 3617 transfertur
1221 3563 1250 3616 in
1270 3560 1354 3627 aliud,
1373 3561 1446 3615 sicut
1460 3565 1489 3613 et
1503 3576 1555 3613 nos
1569 3573 1644 3613 nunc
1662 3558 1751 3612 oresti

137 3642 161 3697 bs
170 3655 236 3704 sset
248 3649 469 3704 misericordiam
484 3655 659 3705 consecutus.
673 3651 724 3705 Hic
739 3667 851 3721 quoque
865 3650 912 3705 ad·
953 3652 1073 3707 dicimur
1088 3652 1116 3705 ia
1127 3651 1238 3705 Cluisto
1254 3651 1338 3705 iesu:
1355 3649 1453 3720 utique
1466 3665 1523 3702 non
1539 3648 1681 3720 quisenta
1693 3661 1750 3701 non

135 3732 207 3800 inxit
219 3737 372 3808 atqueait:
388 3742 441 3793 set
454 3739 507 3793 hoc
518 3756 574 3793 non
588 3756 621 3793 ex
632 3739 718 3805 robis,
730 3740 780 3794 sed
796 3740 845 3795 Dei
860 3741 910 3794 do·
952 3741 1065 3805 fuimus,
1083 3741 1132 3795 scd
1146 3739 1233 3794 oresti
1248 3740 1278 3793 in
1297 3739 1427 3809 operibus
1450 3738 1539 3792 bohis.
1561 3738 1641 3801 Quod
1661 3736 1749 3791 David

135 3835 186 3877 nnn
198 3832 246 3895 est,
257 3842 313 3881 uon
325 3827 509 3898 exoperibus,
521 3845 557 3883 nc
570 3828 641 3883 sorte
651 3828 714 3899 quis
728 3830 908 3883 extollamus
951 3847 1063 3901 quoque
1077 3829 1106 3883 in
1121 3829 1233 3883 Psalmo
1246 3828 1413 3898 deprecatur
1422 3826 1518 3880 dicens
1530 3842 1537 3878 ε
1548 3826 1601 3881 aa
1610 3827 1751 3880 mundum
1848 3828 1853 3841 '

135 3912 345 3979 (sintrtl'enim
354 3922 407 3983 est,
418 3917 582 3987 quiaomnis
590 3916 747 3988 gratiarum
756 3919 829 3971 actio
839 3918 912 3972 salu·
952 3936 1014 3975 crsn
1027 3922 1059 3973 in
1075 3935 1125 3985 iris,
1134 3918 1292 3987 beusf'l’soi.
1305 3921 1342 3985 a),
1352 3920 1468 3970 atcerte
1478 3914 1615 3970 reundum
1627 3919 1750 3969 cornuta

133 3999 301 4076 bnosuaad
311 4006 401 4060 Deum
412 4006 557 4061 reserenda
570 4013 623 4074 est,
635 4007 682 4077 qui
692 4007 911 4061 misericordiam
951 4013 1131 4081 conspectum
1144 4007 1195 4062 Dei
1214 4005 1360 4071 habuerat,
1377 4004 1489 4076 quando
1509 4004 1544 4059 de
1566 4018 1599 4060 eo
1613 4002 1749 4060 Dominus

133 4094 286 4151 amnonis
301 4100 426 4166 presbit,
437 4100 470 4149 ut
483 4102 611 4153 errantes
622 4102 764 4154 revocaret
778 4095 910 4152 advitam
951 4098 1121 4169 loquebatur
1136 4115 1142 4149 :
1159 4098 1257 4153 litiani
1263 4096 1351 4150 desid
1361 4097 1454 4162 titiana
1463 4096 1691 4149 tessesscandnm
1703 4108 1749 4146 cor

132 4184 910 4255 smaqooerentosverumnemideoqueaonostglorian·
950 4204 1045 4243 menta
1069 4187 1137 4251 (sict⁴
1164 4187 1233 4253 xrul3
1256 4184 1305 4238 sed
1325 4184 1399 4238 sicut
1417 4182 1456 4237 ibi
1476 4183 1582 4237 creatio
1604 4182 1746 4237 instaura-

132 4264 183 4325 tum
193 4271 271 4327 nobis
284 4273 315 4327 in
330 4272 411 4331 nobis
426 4273 503 4344 ipsis,
514 4274 563 4328 sed
576 4274 605 4329 in
620 4275 686 4331 Deo.
704 4274 752 4344 qui
767 4290 818 4328 nos
833 4290 910 4345 rege-
949 4275 1055 4331 tionem
1069 4282 1159 4341 sonet,
1175 4275 1258 4330 itaet
1273 4274 1302 4328 in
1315 4272 1396 4328 nobis
1411 4278 1440 4326 et
1454 4272 1484 4328 in
1498 4271 1609 4326 Christo
1624 4284 1675 4341 per
1689 4269 1749 4324 sin-

131 4360 219 4415 naris
232 4361 380 4417 satiricis».
394 4363 500 4416 calesti
510 4380 560 4433 per
575 4364 658 4417 tidem
673 4363 787 4429 Christi,
803 4363 838 4416 ad
857 4363 910 4417 hoc
951 4364 1018 4435 gula
1026 4363 1290 4435 operaetproiectus
1300 4368 1430 4416 creatura
1439 4359 1652 4431 atqueconditio
1659 4359 1746 4429 accipi

131 4452 153 4503 lt
166 4446 239 4505 bonis
253 4451 387 4523 operibus
406 4452 560 4519 exercitati,
580 4469 642 4524 (pua
659 4453 734 4507 lieus
753 4452 834 4506 nobis
848 4454 909 4522 jam
951 4460 1052 4524 potest,
1068 4460 1101 4508 ut
1114 4452 1237 4525 quotidie
1249 4452 1278 4505 in
1293 4448 1479 4511 credentibus,
1495 4447 1632 4518 quiveris
1647 4460 1747 4501 secun·

130 4538 216 4593 amris
225 4539 349 4595 decrerit
358 4541 497 4611 promissa
506 4557 666 4596 irrereamur
676 4542 810 4612 rsceipere.
819 4543 908 4610 Ipsius
949 4542 1017 4598 dura
1030 4543 1131 4595 merita
1144 4540 1430 4595 montesdicunturet
1440 4536 1559 4590 valleset
1569 4535 1654 4588 eolles
1663 4542 1748 4606 atque

130 4629 187 4681 rain
195 4644 290 4683 tursius
298 4630 412 4697 feritura
423 4633 509 4683 creati
519 4634 549 4685 in
556 4632 733 4687 Christolssu
743 4634 773 4684 in
782 4634 907 4699 operibns
949 4632 1127 4701 carnpestria,
1149 4630 1278 4684 Christus
1295 4633 1417 4691 creatus,
1433 4628 1526 4690 natus,
1541 4623 1671 4678 conditus
1694 4632 1745 4677 est.

130 4712 448 4787 iaris,pusprspo1·auit
462 4721 539 4786 litera,
556 4726 587 4772 at
604 4723 634 4772 in
652 4723 708 4775 iliis
723 4722 905 4773 stabiliemus.
986 4724 1097 4788 Propter
1112 4720 1183 4786 puori
1202 4731 1334 4770 sperneres
1348 4719 1427 4769 estote
1445 4716 1519 4782 quod
1537 4715 1689 4782 aliquanda
1702 4728 1748 4768 uos

130 4802 211 4877 liiier.)
226 4806 330 4863 Reddit
340 4823 440 4861 causas
449 4824 535 4879 quare
544 4809 742 4878 gratiasalrnti
751 4824 848 4863 suanus
858 4825 908 4880 per
948 4816 1037 4880 peritas
1049 4810 1172 4862 crutisin
1187 4821 1280 4867 corne,
1291 4806 1341 4873 qni
1354 4805 1522 4858 dicebamini
1529 4807 1700 4872 preputium
1713 4805 1748 4857 st

129 4892 205 4963 idern
214 4901 242 4950 et
252 4896 305 4950 hoc
313 4896 408 4968 ipsura
418 4912 474 4951 uon
485 4914 518 4950 es
527 4898 615 4964 nobis,
626 4898 675 4952 sed
686 4915 718 4952 cr
731 4914 847 4952 munere
858 4896 908 4952 Dei
949 4916 989 4964 so,
997 4915 1056 4968 pne
1064 4896 1349 4951 diciturciranacisio
1357 4897 1387 4946 in
1396 4909 1478 4947 certis
1486 4908 1576 4946 muna
1586 4894 1671 4960 secte,
1680 4895 1747 4961 puio

126 4980 202 5038 tuens
217 5004 223 5038 :
240 4986 334 5055 Ipsius
349 4990 424 5041 enini
439 4992 569 5041 erratura
587 5004 693 5049 nanus,
705 4988 757 5043 hoc
771 4992 822 5052 est,
834 4986 907 5056 quod
949 4992 1032 5043 erclis
1048 4991 1080 5041 in
1094 4989 1143 5040 ilio
1154 4992 1269 5053 ternpore
1283 4985 1342 5036 sins
1355 4983 1461 5037 b'ttristo
1473 4985 1591 5037 alicnati
1605 4998 1623 5035 o
1635 4996 1747 5035 arnesr-

126 5070 231 5141 risimus,
244 5075 320 5147 quod
340 5075 491 5146 spiramus,
508 5076 582 5146 quod
597 5076 779 5146 intelligimus
799 5082 827 5130 at
846 5091 906 5129 ere·
948 5075 1142 5131 salionrlsrucl
1149 5080 1173 5128 et
1182 5075 1299 5141 treantes
1310 5075 1534 5163 testeinpntoram
1542 5072 1744 5139 proscissionis,

123 5158 434 5235 tempossuuiuS,ipsius
449 5165 576 5236 cst,quia
586 5166 646 5236 ipse
660 5165 788 5219 conditor
801 5171 905 5219 noster.
947 5183 1020 5235 spran
1036 5181 1090 5218 non
1106 5165 1231 5218 hobinrtes
1246 5164 1334 5215 etsinc
1349 5162 1400 5215 ltco
1415 5164 1446 5214 ia
1461 5161 1510 5213 boc
1525 5160 1629 5211 mundo
1640 5157 1745 5228 (amb.)

122 5248 457 5325 Seddiligenterobserra,
468 5254 598 5324 quianon
607 5254 717 5317 dixerit,
729 5255 818 5325 Ipsius
833 5255 905 5323 sigu-
947 5254 1113 5309 Commouet
1134 5260 1242 5322 gentse,
1260 5256 1292 5305 ut
1311 5248 1525 5303 reminiscentes
1543 5246 1610 5317 quid
1630 5246 1745 5315 luerint,

121 5339 180 5393 nitio
193 5358 291 5396 sarnus
305 5347 392 5413 atque
407 5342 563 5413 plasmatio,
577 5345 625 5397 sed
638 5348 723 5412 ipn'us
733 5346 846 5411 picture
857 5360 905 5396 sn·
947 5343 1113 5397 eranteuiin
1123 5341 1248 5395 cnrirales
1263 5345 1292 5394 et
1301 5339 1361 5392 sine
1371 5336 1541 5408 spe,nullam
1553 5335 1747 5406 promissionis

119 5444 179 5483 uus.
191 5430 343 5489 rasulam
350 5431 453 5503 quippe
461 5432 597 5502 originem
604 5433 638 5487 de
645 5439 728 5488 terre
734 5432 903 5491 limotrabit,
947 5431 1173 5486 communionem
1189 5428 1324 5482 habentes
1336 5428 1350 5482 J
1355 5426 1500 5481 udteorurn
1512 5424 1542 5478 in
1557 5424 1669 5479 Christo
1684 5427 1744 5494 (Ju-

117 5516 214 5574 msera
223 5522 378 5591 rerojuxta
393 5520 608 5576 similitudinem
623 5530 652 5577 et
661 5523 815 5593 imaginem
828 5538 906 5576 sum·
947 5522 1013 5576 daeis
1027 5520 1103 5573 enim
1118 5518 1272 5589 promissus
1286 5522 1348 5571 erat
1362 5514 1501 5579 Cluistus,
1520 5530 1578 5568 non
1591 5513 1743 5584 gestibant,

115 5610 162 5675 lib
184 5608 341 5675 studium,
362 5610 437 5682 quod
454 5610 484 5664 in
504 5611 657 5669 cenmsimo
678 5627 789 5682 quoque
810 5617 908 5667 octsm
948 5608 1115 5682 propensius
1128 5607 1236 5679 gratim
1249 5605 1402 5677 egsntDeo
1415 5620 1467 5675 per
1475 5603 1629 5669 Christum,
1640 5602 1748 5673 ommi-
