3772 6120
120 269 165 322 llll
338 270 627 326 ENARRATIONUM
646 273 685 327 IN
705 273 781 326 EPI'.
804 273 910 328 PAULI
929 275 996 329 LIB.
1018 275 1104 329 xvll.
1120 266 1199 329 -ῘΝ
1219 274 1329 330 EPIST.
1349 275 1397 330 Au
1417 275 1542 332 uellus.
1709 275 1761 334 lot

122 395 234 449 materia
253 395 376 450 illiciens
395 396 586 451 subtrahenda
600 403 650 457 est,
672 403 701 450 et
710 398 810 451 {rriirnre
825 399 952 460 nihilo-A
963 399 1063 470 quibus
1072 398 1482 455 inLatiniscodicibushubetur
1494 405 1703 471 copitationum.
1715 406 1759 461 ln-

122 485 217 545 mimm,
235 502 271 539 ne
287 502 352 538 euni
371 487 413 539 rel
434 487 601 556 cogitatione
620 488 767 558 (terrebunt,
784 489 919 541 attentius
959 494 1004 543 ter
1014 495 1127 558 peccatu
1140 494 1234 541 alitem
1247 490 1339 543 curnis
1354 496 1381 542 et
1394 491 1530 545 mentium
1544 508 1605 546 esse
1617 492 1669 548 hoc
1679 500 1756 565 puto,

124 573 261 627 meditatio
286 575 498 645 seripturarum
522 582 550 629 et
577 577 735 629 sollicitudo
763 578 916 647 peruigilet.
960 578 1760 652 quoilcurnispeccatumestimpudicitiautqueluxuria‚et

126 664 234 732 μυὼν.)
247 664 401 718 Perfidiam
421 666 570 735 significet,
592 666 659 718 dum
678 667 918 720 ilesiileriucurnis
960 667 1375 737 euquieperministeriumejns
1390 668 1419 723 in
1431 668 1577 724 libidinem
1587 671 1735 742 explentur
1750 692 1757 726 :

126 762 263 806 inernorot.
280 754 418 824 l'oluptus
434 755 509 808 enim
524 755 826 809 carnisestrisibilibus
840 756 918 810 oble·
959 757 1097 810 mentium
1108 773 1172 809 iero
1182 756 1314 809 delictum
1325 758 1360 810 ed
1375 758 1507 828 dogmata
1517 759 1640 829 pertinet
1649 767 1758 816 contra·

127 843 192 895 runi.
209 848 240 895 nt
256 842 477 913 elementaque
485 846 559 898 Deus
568 845 862 913 gulieinuculumimdi
874 847 917 899 in·
959 846 1117 913 riaveriteli
1126 846 1318 899 etlmnnticum
1330 847 1506 917 proceritatem,
1523 849 1565 902 ita
1578 854 1610 902 ut
1619 850 1759 919 possimus

128 932 215 995 stituit,
231 933 301 984 ileos
316 933 449 1002 appellet,
462 951 525 987 curn
540 935 592 987 hoc
607 951 708 987 nornen
729 937 775 987 nni
796 936 853 989 Deo
868 938 917 989 de-
959 936 1758 1008 dicereplerosquebaereticorum(quamquamhocrarum

130 1022 222 1081 beetur,
241 1039 276 1073 ex
292 1040 347 1092 quo
362 1029 429 1075 sunt
445 1024 548 1083 onnus,
566 1025 676 1077 utsieut
688 1026 795 1077 nullum
803 1026 917 1094 practici·
959 1025 1002 1087 sit)
1025 1025 1182 1078 uoluntates
1204 1026 1341 1079 mentium
1360 1026 1461 1090 secere,
1479 1033 1507 1081 et
1528 1043 1586 1082 non
1600 1029 1757 1085 voluntates

132 1128 179 1181 pem
196 1109 282 1162 babet
297 1128 329 1163 ex
343 1112 386 1164 bis
403 1112 429 1164 in
445 1112 556 1171 uirtute,
580 1114 618 1165 itu
638 1121 665 1165 et
692 1113 800 1165 nullum
816 1113 918 1167 bellem
958 1114 1756 1177 cur-riis,etmultoscontruecclesiasticoscarnisetnon
1830 1174 1836 1189 ,

132 1208 273 1253 consortem
288 1200 318 1252 in
334 1201 459 1254 nomine.
469 1203 579 1254 (lirum
589 1212 684 1255 nutem
694 1203 796 1255 idcireo
807 1204 857 1256 boc
870 1220 917 1256 no·
958 1204 1095 1256 mentium
1109 1205 1200 1257 lucere
1215 1205 1382 1268 voluntates,
1396 1210 1490 1258 etesse
1503 1207 1596 1276 plures
1606 1207 1654 1277 qui
1665 1209 1757 1263 cernis

134 1308 181 1342 ineu
199 1306 255 1342 non
274 1296 404 1357 negetur,
419 1291 485 1360 quie
504 1292 575 1344 sicut
590 1291 746 1345 eommunis
761 1291 801 1343 eis
816 1299 917 1345 nutura
958 1299 988 1345 et
998 1293 1134 1345 urentium
1150 1293 1255 1363 puriter
1269 1293 1373 1347 eiciant
1396 1295 1562 1350 voluntates.
1580 1296 1645 1350 Haec
1660 1302 1756 1352 sutem

135 1391 169 1431 et.
185 1378 223 1430 itu
242 1378 299 1431 crit.
312 1383 340 1430 et
357 1396 468 1431 nomen.
487 1381 544 1432 lloe
563 1390 657 1433 tumen
673 1381 747 1433 inter
762 1383 874 1434 Putrem
889 1388 917 1434 et
958 1382 1088 1448 diximus,
1104 1399 1160 1435 runi
1175 1383 1248 1452 qnod
1264 1383 1386 1436 lnerctici
1401 1384 1494 1437 curnis
1514 1400 1570 1438 non
1590 1384 1696 1440 faciunt
1707 1403 1756 1440 ro·

135 1468 217 1520 lilium
227 1467 357 1527 interest,
369 1469 434 1537 quin
451 1470 533 1521 Pater
545 1488 561 1522 a
576 1471 653 1522 nullo
664 1471 715 1522 hoc
726 1471 832 1540 aceepit
848 1490 853 1523 :
871 1471 916 1524 Fi·
959 1470 1094 1537 luntutes3
1112 1471 1192 1541 plura
1208 1471 1310 1541 quippe
1325 1472 1400 1541 apud
1411 1488 1457 1525 cos
1468 1472 1537 1526 vitio
1547 1473 1670 1545 corporis
1680 1481 1755 1540 sunt,

136 1556 172 1609 lin
182 1561 274 1610 eutem
290 1574 342 1626 per
353 1559 564 1623 eerrcrutionem
581 1559 676 1611 onnrio
691 1558 781 1611 Putris
799 1561 914 1633 aceepit,
958 1577 1042 1630 quum
1054 1560 1128 1630 apud
1138 1568 1261 1613 nostros:
1272 1561 1319 1613 scd
1330 1566 1369 1625 nl,
1387 1561 1513 1632 ‹exeinplo
1528 1562 1628 1633 posito,
1638 1562 1754 1629 facilius

136 1646 188 1699 utin
200 1646 304 1699 riitute
319 1654 348 1698 et
362 1647 517 1701 substitutis
530 1658 558 1700 et.
568 1648 680 1700 nomine.
692 1648 761 1701 nibil
772 1649 856 1701 distet
874 1650 917 1702 Fi·
958 1649 1030 1718 equod
1042 1648 1210 1713 colebamus,
1224 1648 1448 1719 possitintelligi.
1465 1650 1499 1703 Et
1508 1665 1620 1705 crumas
1639 1656 1755 1717 natura,

136 1735 197 1787 lusa
210 1736 294 1787 Putre
308 1755 313 1789 ;
330 1737 404 1788 irride
414 1736 490 1801 elicit,
498 1741 592 1790 cornio
601 1755 659 1804 que
669 1739 745 1790 bubcl
758 1740 839 1791 lube
856 1756 916 1792 ineu
927 1725 949 1783 Β
960 1737 1061 1808 inquit,
1069 1740 1124 1804 filii
1136 1740 1193 1803 irre,
1202 1740 1400 1791 sicutelre‘teri
1403 1782 1407 1791 .
1418 1738 1616 1809 Respondeant
1622 1739 1755 1807 heretici,

134 1828 190 1885 ierit
207 1830 230 1876 rt
247 1841 305 1878 meu
323 1827 414 1878 l’u-bis
436 1827 498 1878 Non
506 1843 571 1894 erpo
583 1825 738 1895 indignum.
749 1843 839 1897 neque
849 1844 916 1880 eon-
958 1827 1006 1897 qui
1016 1827 1263 1879 diversusrmturss
1272 1844 1332 1879 csse
1343 1828 1525 1893 contendunt,
1533 1829 1673 1899 quomodo
1686 1829 1758 1884 Pau-

135 1912 233 1966 torrium
250 1920 303 1978 cst,
321 1914 344 1965 si
360 1920 389 1966 et
399 1914 527 1967 (irrisus
537 1916 612 1968 lleus
622 1915 848 1968 dicuturlsedde
860 1916 916 1970 Deo
958 1916 1010 1980 lus,
1021 1933 1103 1985 quem
1115 1915 1212 1985 utique
1222 1915 1356 1985 spiritalis
1371 1922 1479 1970 nature
1495 1933 1556 1970 esse
1570 1934 1626 1972 non
1640 1917 1756 1973 dubium

133 2003 206 2065 reue,
223 2012 255 2055 ut
266 2002 350 2055 unius
363 2004 414 2056 Dei
433 2004 585 2056 erictonius
599 2013 787 2058 conservetur.
805 2006 877 2059 Num
893 2006 916 2058 si
958 2011 1009 2067 est,
1035 2004 1119 2058 fuerit
1141 2011 1243 2057 nature
1266 2004 1340 2057 lilius
1357 2005 1413 2070 ire,
1435 2005 1508 2059 sicut
1534 2011 1563 2059 et
1586 2006 1689 2072 caeteri,
1709 2010 1756 2080 qui

134 2091 180 2160 quis
200 2092 277 2143 eliud
292 2099 373 2160 putul
399 2093 559 2161 significare
580 2110 644 2146 cum
666 2094 836 2148 voluntatem
852 2111 916 2147 cur·
957 2094 1047 2147 silhuc
1061 2093 1090 2147 in
1107 2110 1200 2146 errore
1216 2100 1283 2147 sunt
1292 2093 1375 2164 positi
1386 2094 1398 2146 ²?
1413 2095 1471 2148 Nos
1486 2112 1550 2148 vero
1564 2094 1683 2150 dicimus
1696 2113 1757 2150 esse

135 2180 164 2232 uis
189 2180 306 2248 flagitat,
323 2181 393 2232 sciat
416 2182 580 2250 Apostolum
606 2182 740 2235 mundrnn
764 2190 850 2236 utum
868 2183 916 2236 bo-
958 2183 1078 2253 primum
1091 2183 1321 2235 onnreshomines
1331 2189 1434 2237 natura
1444 2184 1583 2252 filiosirae‚
1595 2185 1757 2256 velpropter

134 2268 217 2331 buisse
241 2270 308 2338 ipris
328 2270 484 2323 seeundum
506 2271 645 2340 justitiarii
672 2270 741 2339 legis
773 2288 916 2324 conversa-
957 2289 1057 2342 corpus
1077 2272 1244 2325 humilitatis
1271 2288 1427 2342 corpusque
1452 2272 1560 2338 mortiS,
1577 2273 1694 2343 etquod
1721 2273 1757 2328 ab

135 2371 165 2411 tus
191 2368 231 2411 est
256 2359 317 2411 sine
347 2360 480 2428 querela:
514 2360 561 2412 sed
590 2361 656 2429 quia
685 2366 846 2429 persecutus
875 2369 916 2414 est
957 2361 1144 2414 odolescentia
1167 2377 1313 2414 secernens
1337 2360 1484 2414 hominum
1502 2361 1631 2432 apposita
1658 2360 1696 2415 sit
1720 2363 1755 2416 ad

136 2448 200 2500 iidem
214 2448 329 2501 Christi.
347 2448 450 2500 idcireo
464 2453 624 2513 cericeis-oli,
643 2450 742 2519 inquit.
767 2467 863 2502 sicinus
885 2454 916 2503 in
957 2450 1104 2503 ntulitium.
1124 2449 1201 2503 Unde
1212 2455 1241 2502 et
1255 2450 1387 2503 Salomon
1401 2452 1442 2502 uit
1458 2468 1463 2501 :
1481 2451 1542 2504 ll'on
1561 2455 1598 2503 cst
1613 2452 1707 2518 justus
1724 2453 1756 2504 in

134 2538 256 2589 desideriis
272 2541 368 2590 cornis
383 2543 490 2590 nostre.
508 2540 597 2592 Omne
607 2538 682 2591 enim
698 2545 842 2608 peecatum
852 2556 916 2593 cero
958 2541 1092 2607 terrequi
1100 2541 1186 2606 [orr'el
1197 2541 1297 2591 bonine
1311 2543 1334 2591 el
1347 2555 1401 2592 nou
1410 2543 1496 2607 peccet
1517 2539 1610 2599 (Eccli.
1633 2540 1697 2607 rn);
1714 2539 1755 2594 vel

135 2624 227 2690 dicitnr,
254 2627 376 2679 unanime
399 2627 526 2697 pertidia.
556 2644 617 2697 quae
642 2633 684 2681 est
699 2628 784 2681 totius
804 2629 916 2682 sceleris
958 2629 1031 2700 quod
1053 2645 1085 2681 eo
1107 2635 1242 2698 tempore,
1259 2645 1313 2698 quo
1330 2644 1478 2697 possumus
1502 2627 1606 2681 habere
1626 2627 1756 2683 notitiam

135 2725 216 2768 nster.
232 2717 308 2769 Nulli
326 2733 412 2786 ripere
426 2716 498 2769 bona
508 2728 536 2769 et
553 2717 668 2770 tristitiis
682 2718 816 2786 proderit,
841 2718 863 2770 si
879 2719 916 2772 sit
956 2717 1007 2772 Dei
1022 2717 1092 2771 etad
1102 2716 1423 2786 pubertatcmrcnimus,
1439 2732 1536 2770 omnes
1546 2722 1595 2770 eut
1603 2733 1697 2788 opere,
1707 2724 1757 2772 aut

135 2805 236 2872 pertidus
259 2825 264 2857 :
291 2805 409 2874 persidis
424 2806 498 2859 enim
515 2806 572 2858 baec
587 2807 683 2859 omnis
697 2808 827 2860 nmculat.
844 2807 916 2860 llinc
956 2807 1124 2875 cogitatione
1139 2804 1754 2876 peccemusEramusigiturnaturasrliiirae,

134 2899 165 2945 ee
176 2895 244 2963 quini
260 2894 395 2948 subdidit.
410 2901 550 2948 cleruinue
563 2902 666 2949 reaturo
677 2898 734 2963 flii
747 2900 803 2962 irre,
816 2900 915 2949 sirrilet
957 2897 1030 2949 sicut
1043 2896 1171 2950 ctcaeteri
1181 2902 1209 2948 et
1219 2912 1315 2948 ornnes
1329 2895 1429 2960 sancti,
1442 2895 1490 2965 qui
1504 2894 1539 2949 ub
1551 2895 1594 2948 irs
1611 2895 1756 2966 sanguinis

134 2985 339 3037 sebertb'atuiu
356 2985 430 3037 enim
447 3002 509 3037 cirin
531 2986 604 3038 mala
631 2986 759 3038 voluntas
784 2987 915 3056 supponi·
957 2985 1061 3039 Cbristi
1077 2985 1215 3055 redempti
1230 2989 1304 3038 suut.
1328 2983 1356 3037 Si
1377 2984 1452 3038 emm
1475 2984 1589 3050 Paulus,
1606 2983 1654 3055 qui
1675 2985 1756 3054 juxta

134 3073 332 3131 contionatum
348 3074 405 3132 ine.
422 3074 449 3126 id
466 3082 517 3137 est,
535 3091 595 3144 quie
621 3074 720 3127 ultioni
742 3073 915 3145 subjicienda
926 3087 947 3146 G
956 3074 1269 3144 justitiarnipneinlege
1279 3072 1340 3136 luit,
1348 3072 1632 3143 irreprehensibiliter
1642 3078 1685 3127 est
1692 3089 1757 3128 con·

135 3160 337 3228 stinunnteta,
354 3180 410 3216 non
426 3162 592 3217 substantia.
610 3164 656 3216 sed
672 3164 912 3218 rnalnvoluntate.
956 3170 1092 3230 versutus,
1120 3163 1187 3216 dicit
1214 3181 1243 3216 se
1271 3168 1372 3216 netum
1400 3162 1586 3216 suissesrlium
1612 3162 1683 3216 irae:
1703 3179 1756 3221 cur

136 3249 179 3303 Hoc
194 3252 265 3305 enim
280 3253 435 3321 deputatur
452 3260 568 3317 natium,
588 3253 660 3322 quod
681 3253 817 3321 sequitur.
836 3254 915 3308 Unde
957 3253 1108 3307 timeamus
1123 3253 1209 3306 etiam
1225 3257 1299 3305 retro
1314 3251 1508 3306 sanctosviros
1528 3250 1600 3306 lilios
1611 3250 1659 3306 irae
1668 3251 1755 3307 inisse

134 3340 165 3392 uit
173 3341 197 3393 in
210 3342 280 3394 lsuiu
293 3361 298 3393 :
313 3343 409 3394 Sceleri
424 3345 570 3409 pesnis-uin
591 3344 654 3404 (iso.
674 3355 700 3397 n.
727 3350 755 3394 ot
776 3360 863 3412 illirico
878 3343 915 3397 sil.
956 3343 1071 3395 testari?
1086 3341 1229 3412 dequibus
1246 3340 1449 3395 omnibusrere
1469 3341 1524 3395 dici
1534 3340 1637 3411 possit:
1652 3358 1665 3394 u
1682 3341 1754 3397 Cum

133 3445 211 3484 semen
225 3431 388 3501 pessimum,
407 3430 525 3498 subjecit
542 3450 546 3482 :
561 3432 717 3500 deliquistis
732 3435 807 3485 enim
820 3434 912 3486 lierni·
955 3438 1049 3485 uutcm
1064 3430 1324 3493 rerntmamletnm,
1336 3435 1482 3500 peccatum
1502 3428 1609 3495 revixit,
1626 3429 1680 3501 ipsi
1688 3446 1754 3485 vero

134 3534 196 3583 ruini,
208 3521 255 3585 nit,
268 3527 291 3572 el
300 3522 337 3573 ud
343 3522 520 3572 i'eeeuudiein
532 3523 667 3573 imitantis
675 3526 800 3574 sunctum
816 3524 910 3585 maie,
954 3521 1057 3574 mortui
1068 3526 1150 3586 sunt;
1166 3541 1178 3571 n
1192 3520 1263 3573 lilios
1276 3526 1371 3573 eutem
1386 3519 1433 3572 irus
1453 3519 1491 3572 sic
1504 3517 1707 3590 accipiendum,
1724 3526 1756 3574 ut

132 3620 155 3660 ut
166 3617 255 3662 netum
272 3626 333 3679 quie
349 3609 453 3661 deserit
468 3609 567 3671 Deum,
580 3626 676 3662 semen
692 3610 844 3678 pessinnnn
869 3612 913 3664 di·
954 3611 1026 3663 filios
1041 3609 1215 3679 perditionis
1227 3609 1298 3662 lilio·-
1311 3607 1476 3678 iniquitatis,
1493 3605 1684 3661 filiosmortis:
1697 3623 1754 3662 non

132 3706 204 3751 estur.
226 3700 403 3765 Degenerare
426 3698 499 3751 enini
524 3707 566 3751 est
583 3697 618 3750 ab
641 3707 755 3751 :rectore
771 3700 910 3766 recedere,
955 3699 1028 3770 quod
1040 3698 1133 3768 alique
1150 3697 1294 3762 nemore,
1310 3694 1754 3767 iniqnitasetpcrditiosubsistat

131 3798 153 3837 et
164 3804 218 3840 mm
233 3788 337 3841 malum
349 3788 507 3858 exernplum
517 3787 624 3839 creteris
634 3787 748 3857 priebet,
759 3789 913 3841 malnmcst
954 3794 1056 3841 natura
1067 3804 1127 3852 stru,
1141 3803 1201 3856 quae
1209 3786 1282 3839 lilios
1292 3784 1402 3851 habeat,
1414 3785 1463 3838 sed
1474 3784 1548 3854 quod
1558 3783 1609 3837 lllii
1624 3783 1755 3839 dicantur

130 3892 208 3930 semen
224 3897 229 3929 :
246 3878 354 3929 sinicius
367 3878 442 3929 enim
458 3877 593 3946 pessimos
607 3876 682 3941 sinit,
700 3877 723 3929 si
739 3895 802 3930 iero
817 3878 912 3931 redeat
953 3872 1754 3947 ejusreiquieopereturinsingulis‚sicutliliiappellantur

129 3965 305 4032 nlsuctorem,
319 3966 451 4019 boneerit
461 3974 560 4019 nutum
570 3966 724 4018 secundum
736 3966 909 4035 Apostolum,
952 3960 1752 4036 gelrcnriue‚iquigehennaeignibusconsumendisunttelias

129 4055 166 4123 qui
179 4057 351 4109 innnutnlus.
369 4056 435 4108 dum
453 4056 579 4123 iigrrosrit
590 4063 744 4107 creatorem
756 4073 847 4108 surnn.
865 4074 912 4109 ras
953 4042 1025 4108 filios
1036 4055 1084 4108 ine
1093 4054 1132 4107 sic
1143 4060 1253 4108 rocetos
1264 4058 1390 4125 putatur,
1399 4059 1431 4106 ut
1440 4052 1512 4106 filios
1522 4050 1636 4106 diaboli.
1648 4050 1752 4106 Diabo-
1833 4070 1835 4075 ·

128 4143 254 4197 electionis
275 4146 445 4215 appellatur.
468 4144 717 4213 illiciat-Superius
738 4144 822 4200 enirn.
848 4145 912 4214 [quie
954 4143 1078 4198 lusenini
1088 4143 1208 4214 perditio
1219 4149 1270 4208 est,
1279 4143 1363 4207 etim,
1372 4147 1489 4208 etmors‚
1504 4141 1667 4195 «devoravit
1677 4157 1752 4196 mors

126 4232 170 4286 duo
183 4235 287 4304 pariter
302 4242 444 4304 pesum-at,
461 4240 484 4286 el
504 4251 554 4285 ins.
566 4251 626 4286 eum
640 4237 728 4286 esselis
747 4237 851 4286 elioelui
866 4236 912 4286 de·
954 4234 1144 4295 invalescens;
1160 4256 1171 4283 u
1184 4238 1229 4286 et:
1244 4232 1436 4286 «norissimus
1450 4230 1581 4286 inimicus
1592 4230 1753 4284 destruetur

125 4323 185 4374 lictis
201 4329 222 4373 μ’
236 4326 353 4391 prce-olis
369 4326 472 4385 restris,
490 4323 566 4375 etad
585 4329 696 4391 petente
719 4324 853 4375 retulerat
868 4323 911 4375 di-
952 4340 1054 4388 morse
1068 4323 1139 4376 clud
1150 4323 1242 4394 ipsum
1253 4320 1409 4375 diabolum:
1423 4319 1564 4391 «perditio
1575 4319 1717 4372 fectuses:
1737 4340 1749 4369 n

123 4426 188 4463 rens:
197 4430 224 4464 in
235 4415 336 4481 qiu'bus
348 4413 500 4479 aliquunde
508 4413 680 4476 umberbislis,
692 4413 724 4463 nd
738 4412 909 4465 deliclurero
919 4433 943 4490 D
952 4411 1051 4472 fructus,
1059 4406 1752 4484 inquitpropriuseduntatemonubinitiosiccrea·

112 4500 179 4553 nihil
199 4502 254 4554 tnle
283 4501 431 4553 ridebatur
454 4506 580 4553 secutum
596 4501 668 4570 quod
688 4518 801 4553 sensum
817 4508 911 4570 posset
952 4495 1750 4570 tus.Qnoinod0igiturmoredicitnr‚eoqnodiuvidiadr'o-

122 4591 225 4660 explens,
243 4608 318 4644 nunc
334 4591 376 4642 uit
392 4607 397 4640 :
421 4592 449 4640 iu
470 4593 569 4656 quibus
588 4591 693 4642 deliciis
712 4595 734 4641 el
756 4608 804 4642 rue
818 4608 909 4643 uicinos
952 4592 1006 4644 buli
1018 4590 1348 4643 triersinlreeitiuorbem
1363 4592 1504 4639 rei-rarum
1519 4584 1642 4653 (Setun),
1657 4588 1687 4636 et
1700 4599 1750 4653 per

121 4684 373 4734 orriccmatisinnus.
387 4679 535 4747 sinmlque,
556 4695 589 4730 ne
600 4677 627 4731 in
643 4679 758 4748 eoquod
775 4680 883 4733 dixerat
900 4699 905 4732 :

121 4773 140 4818 et
148 4772 257 4836 peculii
273 4771 371 4821 esui-ii
387 4770 417 4820 in
435 4770 534 4835 qin'lnu
548 4772 570 4820 rt
588 4785 635 4819 uus
650 4785 741 4820 irretirer
756 4772 909 4821 renue-rau

122 4872 209 4923 seirius,
222 4856 498 4928 sepersuperbirnna
505 4856 905 4927 permotovidereturexcipere,

120 4947 245 5017 adjunxit:
260 4947 907 5014 Inqnibusrl-nusorienesiteriirrrsnlimnnnsQui

120 5034 576 5090 tuteiucouversutunimess-edicit
585 5035 618 5086 ile
632 5035 905 5103 preteritisdelictis.

119 5129 200 5179 elnon
208 5123 440 5196 depraeseritilnis
449 5124 599 5175 consuetur
611 5143 616 5173 :
630 5127 790 5185 conrernzti,
807 5124 905 5194 inquit.

119 5229 200 5266 ni·.···:·
217 5215 385 5283 aliquande,
402 5230 457 5264 nun
474 5212 501 5264 in
513 5229 568 5264 uno
579 5212 726 5277 ‹insidii-io,
738 5214 785 5265 sed
797 5216 828 5266 iu
840 5215 907 5265 den-

118 5302 190 5355 dsrii=
201 5307 296 5357 ¹·'':·nr's
308 5307 425 5355 ruostine:
438 5318 501 5353 caro
511 5301 613 5370 qnippe
625 5301 763 5354 desiderat
775 5303 906 5354 adversus

117 5392 290 5462 spiritumet
308 5391 426 5462 spiritns
445 5391 577 5442 inliciens
592 5407 705 5443 (eirenem
720 5392 792 5457 (Geel.
812 5391 850 5456 ri,
870 5391 907 5443 sa-

116 5481 209 5536 cientes
223 5499 279 5536 non
294 5498 382 5533 “rtm
395 5481 565 5533 roluntutmu
581 5479 680 5545 curnis,
697 5480 746 5532 sed
762 5481 865 5550 plures,
882 5487 910 5533 et

115 5571 425 5626 mnsolumvoluntates
431 5569 532 5633 carme,
545 5569 592 5620 sed
605 5569 690 5621 etium
704 5568 850 5632 ruentium,
859 5586 909 5639 pro

950 4671 1749 4748 illumsuntmortui,quisntcvivebcnt,etpcrditio‚quod

950 4768 1048 4838 perdat
1063 4782 1243 4838 quoscunque
1256 4763 1416 4833 deceperit:
1428 4763 1467 4816 sic
1478 4767 1507 4816 et
1518 4762 1562 4816 ira
1574 4761 1678 4816 dicitur
1687 4778 1750 4832 pro-

949 4862 1012 4927 pter
1037 4873 1100 4909 eam
1124 4872 1208 4925 (prtem
1229 4858 1339 4907 exercet
1361 4853 1494 4906 adversus
1509 4851 1637 4906 homines
1657 4849 1749 4905 ferita-

950 4952 1017 4999 tem.

984 5035 1055 5087 lieres
1066 5039 1157 5086 cirtem
1175 5034 1224 5100 qui
1238 5033 1310 5084 dites
1324 5035 1361 5083 cst
1376 5033 1408 5083 in.
1429 5030 1618 5084 misericordia
1637 5034 1749 5096 propter
1811 5099 1814 5105 μ

951 5126 1067 5177 nimiam
1084 5123 1248 5175 eburitutcm
1263 5136 1353 5184 seriem,
1368 5136 1423 5188 quo
1438 5122 1535 5173 dilecti
1555 5133 1611 5182 uos,
1633 5121 1658 5169 el
1685 5132 1748 5169 cum

948 5229 1064 5266 essemus
1081 5213 1185 5264 mortni
1197 5213 1313 5278 percotis
1327 5212 1498 5277 cornifieouit
1521 5222 1568 5260 nos
1583 5209 1614 5258 in
1628 5205 1745 5262 Gbristo.

950 5300 1068 5368 (nenne.)
1086 5301 1133 5354 llae
1148 5317 1218 5353 rei-ee
1233 5298 1335 5354 diritiae
1348 5303 1415 5354 sunt
1429 5293 1694 5360 misericordiarum,
1717 5301 1749 5348 ut

950 5408 1004 5445 non
1025 5388 1214 5460 querentibus
1242 5389 1314 5442 ultro
1339 5386 1532 5441 misericordia
1556 5389 1746 5455 praestaretur,

951 5479 1023 5534 sieut
1033 5478 1100 5531 dicit
1110 5477 1210 5531 lenias:
1223 5479 1319 5530 Polum
1328 5478 1418 5544 foetus
1428 5491 1491 5529 sum
1500 5491 1555 5528 riou
1563 5473 1747 5543 querentibus

952 5586 992 5622 me
1009 5569 1080 5622 :boc
1093 5572 1136 5620 est
1151 5566 1225 5619 enim
1237 5565 1380 5620 abundare
1396 5561 1596 5629 misericordia,
1613 5566 1678 5615 utet
1691 5574 1747 5612 non
