3772 6120
121 233 185 291 lica
409 230 439 285 B.
460 229 595 285 RABANI
616 230 731 285 naum
754 231 926 289 anchise.
949 235 1111 290 MOGUNT.
1132 232 1282 289 OPERUM
1300 230 1393 287 PARS
1411 230 1463 287 Ill.
1692 228 1761 285 litt

117 357 318 426 habitationem
332 362 417 426 atque
429 356 672 423 immutationem,
684 364 778 411 tamen
793 357 827 411 dc
840 362 1002 423 tenaAtao,
1019 361 1068 415 sed
1082 365 1193 414 aterna
1207 358 1378 413 consulatur.
1393 355 1438 411 Ad
1449 370 1535 427 quam
1555 354 1647 411 ueniri
1668 360 1764 427 potest

118 445 280 501 assumendi
290 452 366 500 sunt.
379 446 449 499 Item
459 445 646 499 hatroluntas
656 450 799 509 tuarectc
812 445 902 505 intelli
908 478 917 486 -·
958 450 981 504 si
1000 454 1113 521 peccata
1126 449 1277 509 donentur,
1296 463 1358 518 quaa
1371 445 1468 500 debita
1474 444 1614 501 Dominus
1626 444 1762 517 appellat,

116 537 211 607 gitur:
225 535 371 590 obediatur
382 534 527 606 praeceptis
541 533 606 587 tuis.
625 534 703 588 Sicut
718 535 745 587 in
760 536 829 588 cmlo
845 541 874 589 et
888 536 917 589 in
958 539 1031 594 sicut
1040 539 1069 593 in
1079 537 1229 609 Evangeho
1236 552 1286 591 suo
1293 535 1375 591 dicit:
1385 534 1509 590 «Dimisi
1523 532 1576 589 tibi
1586 549 1673 589 omne
1684 533 1763 589 debi-

119 631 205 689 terra,
217 625 308 690 idest,
320 624 355 678 ab
369 624 477 694 angelis
491 623 531 677 ita
545 622 580 677 ab
595 622 766 678 hominibus.
780 624 917 679 Voluntas
958 621 1532 698 tumquiamerogasttnuant.xv111‚3e);
1547 638 1661 695 »quam
1669 638 1764 679 neces·

119 721 214 769 autem
221 714 272 770 Dei
280 720 331 779 est,
341 729 425 784 quam
436 712 564 766 Christus
576 711 641 767 lecit
650 717 679 767 et
690 712 786 767 docuit
799 731 805 766 :
823 713 917 768 humi·
960 716 1034 771 sarie
1046 722 1151 781 autem,
1163 731 1247 786 quam
1262 714 1416 786 prudenter
1428 720 1458 768 et
1466 711 1623 767 salubriter
1631 711 1764 767 adenem

118 803 182 857 litas
196 803 225 857 in
240 802 461 867 conversatione,
474 799 613 855 stabilitas
628 801 656 854 in
670 801 734 865 fide,
752 802 920 857 verecundia
960 805 1106 876 murquod
1114 811 1275 876 peccatores
1285 820 1392 869 sumus,
1405 802 1454 873 qui
1463 818 1515 873 pro
1526 801 1651 874 peccatis
1663 816 1763 871 rogare

119 892 147 946 in
162 891 261 957 verbis,
273 892 302 944 in
313 891 393 944 tactis
399 890 520 961 iustitia,
535 890 563 943 in
574 889 705 961 oporibus
717 891 917 955 misericordia,
960 893 1155 964 compellimur
1170 910 1175 946 :
1194 892 1242 963 qui
1253 907 1334 946 orare
1349 906 1401 945 nos
1416 905 1466 960 pro
1478 887 1585 943 debitis
1599 893 1629 943 et
1642 887 1763 959 peeoefis

119 982 147 1036 in
159 982 284 1036 moribus
294 980 449 1052 disciplina,
462 979 595 1051 injuriam
609 980 701 1035 tacere
717 998 772 1035 non
788 998 878 1053 posse,
892 986 920 1035 et
961 981 1057 1036 docuit
1065 987 1214 1054 paternam
1224 978 1458 1044 misericordiam,
1473 977 1607 1048 promisit
1616 976 1763 1033 ervenium

119 1072 222 1126 sectam
237 1088 317 1142 posse
332 1071 463 1135 tolerare,
477 1087 540 1123 cum
555 1069 688 1125 lintribus
702 1088 800 1141 paceni
812 1077 918 1136 tencre,
962 1078 1133 1125 secuturam.
1150 1069 1283 1140 Adiunxit
1299 1069 1382 1139 plane
1395 1074 1425 1121 et
1442 1066 1553 1121 addidit
1568 1066 1673 1136 legem,
1687 1070 1764 1121 certa

120 1162 210 1215 Deum
226 1167 285 1214 toto
299 1160 382 1214 corde
396 1159 522 1229 diligere,
535 1176 630 1213 rimare
644 1160 672 1213 in
689 1160 736 1213 illo
752 1160 826 1231 quod
840 1165 921 1231 pater
960 1178 1012 1217 nos
1026 1160 1185 1216 conditione
1199 1166 1228 1215 et
1241 1159 1390 1230 sponsione
1403 1156 1615 1228 constringens,
1626 1156 1764 1211 utmcuo·

120 1258 172 1315 est,
188 1251 289 1305 timere
301 1250 374 1320 quod
390 1250 465 1303 Deus
480 1254 531 1315 est,
547 1248 658 1304 Christo
673 1248 742 1302 nihil
758 1266 920 1321 praeponere
961 1248 1407 1321 bisdimittidebitapostulemus,
1419 1246 1576 1301 secundum
1588 1244 1763 1317 quodetipsi

120 1339 263 1402 debemus,
278 1339 345 1410 quia
365 1354 416 1392 nec
430 1337 510 1392 nobis
525 1337 570 1391 ille
587 1337 739 1408 quidquam
758 1339 918 1410 praeposuit,
962 1339 1135 1395 debitoribus
1151 1338 1253 1394 nostris
1271 1336 1463 1391 dimittimus:
1480 1334 1605 1390 scientes
1617 1334 1763 1406 impetrari

120 1430 251 1484 charitati
268 1429 328 1497 ejus
348 1426 573 1499 inseparabiliter
591 1426 744 1491 adhaerere,
760 1428 834 1482 cruci
859 1430 920 1499 ojus
963 1446 1018 1485 non
1033 1445 1115 1500 posse
1130 1427 1204 1499 quod
1226 1425 1411 1497 propeccatis
1431 1424 1565 1494 petimus,
1585 1422 1643 1478 nisi
1664 1428 1693 1477 et
1708 1422 1761 1496 ipsi

120 1519 231 1573 fortiter
245 1523 274 1571 ct
288 1516 408 1571 sedenter
418 1517 558 1582 assistere,
571 1517 683 1587 quando
692 1518 727 1570 dc
738 1519 799 1587 ejus
808 1517 921 1572 nomino
962 1519 1036 1573 circa
1049 1523 1211 1590 peccatores
1225 1520 1336 1569 nostros
1350 1513 1430 1585 paria
1439 1510 1601 1568 fecerimus.

120 1617 149 1662 et
169 1610 273 1662 honore
290 1614 432 1660 certarnen
449 1610 491 1659 cst
509 1604 640 1659 exhibere
662 1607 848 1660 constantiam
866 1624 923 1677 qua
1000 1608 1064 1662 «Et
1079 1624 1114 1661 ne
1129 1622 1179 1660 nos
1192 1605 1308 1659 inducas
1324 1604 1353 1658 in
1367 1602 1565 1658 tentationem.
1587 1621 1598 1653 ι
1614 1602 1762 1657 Nonacrim

121 1699 298 1761 confitemur,
307 1696 336 1749 in
346 1695 498 1766 quaestione
509 1695 639 1748 fiduciam
650 1712 705 1766 qua
713 1696 917 1767 congredimur,
929 1683 1013 1768 Bper
1022 1696 1146 1767 seipsum
1160 1694 1269 1748 inducit
1280 1694 1354 1747 Deus
1371 1710 1376 1745 :
1392 1691 1441 1746 sed
1456 1690 1553 1746 induci
1577 1690 1688 1761 patitur
1700 1707 1762 1745 eum

122 1787 150 1840 in
166 1792 256 1840 morte
271 1785 436 1858 patientiam
448 1801 504 1854 qua
514 1801 700 1839 coronamur:
715 1786 767 1839 hoc
781 1791 824 1840 est
835 1787 922 1840 cohae·
964 1801 1047 1856 quern
1058 1801 1109 1839 suo
1121 1784 1224 1838 auxilio
1235 1781 1401 1848 deseruerit,
1416 1780 1514 1835 ordine
1529 1779 1721 1835 occultissimo
1732 1796 1763 1835 ac

121 1879 217 1931 rodem
234 1874 339 1929 Christi
358 1876 428 1928 relle
448 1890 519 1935 esse,
543 1874 595 1927 hoe
619 1878 670 1930 cst.
687 1879 856 1944 pracceptum
871 1866 922 1928 Dei
963 1874 1081 1928 meritis.
1094 1874 1192 1928 (tausis
1203 1888 1276 1944 saepe
1291 1872 1375 1925 etiam
1386 1869 1543 1924 manifestis
1557 1869 1678 1939 dignum
1689 1868 1762 1940 judi·

120 1967 222 2027 iacere,
239 1966 291 2019 hoc
305 1971 348 2018 est
363 1966 535 2018 voluntatem
550 1963 642 2017 Patris
657 1963 784 2033 implere.
962 1963 1101 2018 catillum
1122 1980 1205 2033 quem
1228 1962 1349 2025 deserat,
1373 1966 1402 2014 et
1423 1959 1452 2014 in
1467 1959 1660 2014 tentationem
1673 1958 1763 2015 induci

160 2075 172 2107 u
190 2057 292 2109 Panem
309 2059 436 2108 nostrum
451 2052 645 2124 quotidianum
660 2052 697 2106 da
710 2052 790 2106 nobis
803 2052 918 2106 hodie.»
962 2051 1046 2106 sinat.
1058 2051 1143 2105 hliud
1157 2056 1201 2105 est
1212 2057 1307 2105 autem
1319 2048 1413 2104 induci
1429 2049 1458 2102 in
1473 2048 1674 2114 tentationem,
1689 2047 1758 2103 aliud

122 2144 205 2198 Panis
219 2142 400 2214 quotidianus
415 2146 465 2195 aut
477 2158 528 2212 pro
548 2140 592 2194 his
617 2140 747 2195 omnibus
766 2140 856 2194 dictus
877 2145 921 2194 est
962 2146 1004 2194 est
1013 2140 1127 2194 tentari.
1140 2140 1202 2194 Non
1211 2139 1272 2193 sine
1284 2138 1441 2194 tentatione
1453 2138 1591 2211 probatus
1601 2137 1759 2194 esseuqu

122 2232 349 2305 quahujusvitee
360 2230 555 2285 necessitatem
566 2235 735 2293 sustentant,
747 2229 780 2283 dc
792 2246 919 2300 quocum
963 2235 1064 2299 potest.
1080 2230 1142 2284 Non
1156 2245 1224 2299 crgo
1238 2229 1283 2282 hic
1297 2233 1404 2293 oratur,
1421 2232 1526 2283 utnon
1540 2232 1702 2283 tentemur:
1713 2225 1756 2281 sed

122 2322 254 2395 paecepit
269 2321 309 2375 ait
324 2340 329 2374 :
351 2342 361 2372 ι
380 2320 472 2375 Nolite
484 2320 609 2390 cogitare
623 2319 658 2373 de
672 2319 794 2374 crastino
811 2320 920 2385 (Metili.
961 2326 1063 2375 utnon
1080 2318 1234 2373 inferamur
1249 2317 1278 2372 in
1293 2318 1468 2373 tentatione:
1485 2317 1553 2389 quia
1576 2318 1601 2372 si
1626 2317 1755 2391 quispiam

121 2427 160 2477 rr,
171 2409 228 2479 34),
244 2428 257 2463 r
275 2413 303 2463 et
318 2408 380 2463 idco
394 2408 522 2462 additum
536 2407 581 2470 sit,
602 2428 614 2459 ι
631 2407 667 2461 da
692 2406 770 2461 nobis
784 2406 866 2461 hodie
882 2425 889 2474 ;
906 2425 919 2459 a
962 2409 1007 2464 cui
1028 2424 1140 2463 necesse
1159 2411 1203 2462 est
1221 2407 1286 2477 igne
1301 2407 1465 2473 examinari,
1481 2422 1539 2461 non
1561 2411 1627 2462 orat
1645 2413 1678 2462 ut
1698 2407 1754 2477 igne

123 2506 173 2555 aut
187 2518 237 2570 pro
255 2504 431 2553 sacramento
445 2497 569 2568 corporis
584 2496 686 2551 Christi
703 2496 777 2567 quod
796 2495 921 2567 (quotidie
964 2497 1155 2567 contingatur,
1165 2495 1213 2550 sed
1229 2501 1260 2550 ut
1275 2512 1331 2550 non
1345 2500 1488 2551 exuratur.

122 2589 294 2659 accipimus:
313 2593 362 2641 aut
376 2603 426 2658 pro
439 2586 559 2656 spiritali
574 2585 645 2647 cibo,
662 2586 696 2639 dc
712 2603 766 2657 quo
781 2585 856 2640 idem
870 2586 923 2639 Do·
1002 2608 1013 2639 ι
1032 2586 1087 2641 Sed
1102 2584 1190 2639 libera
1202 2602 1253 2640 nos
1265 2603 1283 2639 a
1298 2586 1382 2640 malo.
1397 2587 1498 2640 Amen.
1513 2585 1751 2650 »Quandosutem

123 2678 223 2741 ιιιίιιιιιιΙ
233 2676 320 2730 dicit:
339 2700 350 2723 a
368 2675 530 2745 (leeramini
546 2691 638 2729 escam
652 2692 713 2746 qum
726 2691 782 2728 non
795 2690 923 2730 corrum·
963 2675 1092 2739 dicimus,
1100 2673 1202 2729 Libera
1208 2675 1368 2728 nosamalo
1385 2693 1391 2727 :
1406 2675 1476 2728 nihil
1491 2680 1622 2731 remanet
1634 2675 1750 2748 quodul·

122 2767 199 2838 pitur
220 2767 310 2832 (locri.
331 2782 368 2827 rr,
389 2763 450 2831 ἳῖις
471 2772 527 2817 »et
540 2763 608 2818 illud
625 2781 630 2817 :
650 2782 663 2816 a
679 2764 737 2833 Ego
760 2780 822 2817 sum
842 2764 922 2835 panis
963 2771 1008 2820 tra
1018 2765 1109 2819 adhuc
1121 2763 1223 2819 debeat
1232 2763 1378 2834 postulari,
1388 2764 1500 2834 quando
1514 2765 1603 2820 semel
1612 2765 1750 2837 protectio-

124 2856 195 2921 vitre,
213 2854 260 2925 qui
276 2853 310 2907 de
325 2854 393 2907 calo
407 2853 537 2907 descendi
555 2855 635 2919 (ibid.
653 2870 675 2907 r.
698 2851 744 2923 51)
760 2872 765 2905 :
781 2873 793 2905 e
810 2854 858 2908 sed
870 2854 922 2908 ho-
963 2870 1027 2908 nem
1037 2852 1231 2907 Deiadsersus
1241 2853 1347 2907 rrralum
1359 2858 1503 2925 petamus:
1519 2855 1587 2925 quia
1602 2854 1748 2926 impetrata,

124 2960 186 2999 rum
208 2943 275 3014 quid
290 2943 326 2996 sit
350 2941 521 3013 probabilius
536 2942 706 2996 considerari
732 2947 832 3013 potest.
849 2944 920 2997 Nam
963 2950 1060 2999 contra
1074 2942 1169 2998 omnia
1182 2959 1244 3013 quae
1254 2941 1382 2999 diabolus
1390 2948 1418 2996 et
1425 2943 1749 3016 mundusoperanturse·

123 3033 195 3087 sorte
211 3032 349 3104 quispiam
366 3037 511 3085 moveatur
522 3048 573 3086 cur
586 3048 698 3087 oremus
713 3049 762 3103 pro
777 3033 821 3086 his
836 3004 953 3103 adipi·C
962 3033 1022 3090 curi
1036 3038 1145 3088 samus
1159 3037 1188 3086 ct
1197 3032 1261 3087 tuti.

124 3121 233 3177 scendis
249 3137 310 3192 quae
328 3120 394 3174 huic
412 3120 475 3175 ritae
494 3127 561 3175 sunt
584 3121 749 3185 neccssaria,
771 3121 857 3176 veluti
880 3129 923 3177 cst

123 3211 212 3265 victus
234 3217 262 3263 ct
280 3216 476 3279 tegumentum
492 3225 500 3266 t
514 3226 579 3263 cum
600 3210 660 3281 ipse
680 3209 817 3264 Dominus
831 3209 919 3266 dicit:

125 3318 137 3350 a
152 3298 245 3354 Nolite
260 3298 370 3353 solliciti
386 3315 447 3353 esse
462 3299 528 3370 quid
549 3298 638 3354 edatis
659 3304 709 3353 aut
730 3299 797 3370 quid
821 3299 922 3355 indua·
997 3301 1046 3367 (De
1061 3303 1152 3356 instit.
1170 3304 1248 3367 olen,
1261 3305 1279 3355 l.
1297 3319 1324 3361 n,
1340 3318 1362 3356 c.
1379 3297 1434 3371 56.)
1451 3299 1619 3373 Symbolum
1630 3317 1694 3372 ergo
1708 3298 1748 3355 ali

123 3389 202 3442 rnini.
220 3408 233 3439 a
250 3389 290 3442 De
304 3394 480 3442 sacramento
496 3395 591 3443 autem
611 3388 735 3459 corporis
754 3388 874 3455 Domini,
892 3396 923 3444 ut
963 3387 1072 3441 ratione
1093 3388 1254 3444 institutum
1278 3390 1399 3459 maj0res
1423 3388 1512 3443 nostri
1533 3389 1652 3444 uadunt
1665 3407 1672 3443 ι
1687 3387 1748 3460 quod

122 3476 163 3529 illi
179 3492 233 3530 non
245 3483 376 3531 morcant
386 3477 568 3547 quaestionem
581 3477 629 3548 qui
638 3477 752 3548 plurimi
763 3477 792 3531 in
802 3477 923 3532 oriente-
964 3481 1026 3547 post
1042 3478 1234 3533 ascensionem
1241 3477 1353 3533 Domini
1363 3484 1391 3532 et
1401 3478 1553 3533 Salvatoris
1562 3479 1653 3533 nostri
1662 3477 1696 3533 ad
1708 3476 1749 3533 Pe

123 3563 195 3619 libus
209 3564 336 3636 partibus
357 3582 413 3620 non
438 3567 562 3637 quotidie
576 3583 660 3621 conae
675 3566 826 3621 Dorninicae
845 3584 922 3621 com·
964 3570 1035 3620 trem
1056 3568 1130 3634 (cum
1153 3572 1216 3638 post
1245 3568 1394 3622 adrentum
1425 3568 1515 3622 sancti
1535 3568 1659 3640 Spiritus
1680 3567 1749 3623 disci

122 3656 277 3719 municant,
295 3671 360 3709 curn
376 3655 428 3708 istc
442 3657 522 3726 panis
537 3656 718 3727 quotidianus
731 3661 783 3721 cst,
795 3660 883 3711 restat
891 3662 923 3711 ut
963 3656 1022 3727 puli
1040 3657 1102 3726 ejus
1114 3657 1282 3711 inllammati
1296 3657 1398 3725 linguis
1422 3657 1549 3711 omnium
1572 3658 1700 3727 gentium
1715 3655 1748 3710 lo·

123 3745 318 3816 quotidianum
344 3762 446 3816 panem
470 3746 639 3816 accipiamus
659 3745 824 3816 spiritalem,
850 3762 921 3816 prre·
964 3752 1127 3816 querentur,
1140 3763 1195 3816 quo
1216 3746 1351 3818 praesagio
1373 3752 1555 3801 consecutum
1571 3751 1616 3801 est
1636 3745 1749 3801 utnulla

123 3839 204 3904 cepta
218 3833 437 3897 scilicetdin'na,
450 3851 511 3903 quac
527 3834 650 3904 ‹protidie
666 3839 776 3905 oportet
790 3833 920 3888 sareditari
960 3833 1016 3888 illis
1041 3852 1111 3905 gens
1134 3841 1238 3901 extem,
1256 3836 1333 3889 nulla
1353 3835 1449 3904 lingua
1467 3834 1596 3889 barbaris
1619 3835 1746 3891 inaccessi

123 3928 153 3976 et
162 3923 282 3994 operari.
292 3924 363 3976 Nam
374 3923 409 3976 do
419 3923 487 3993 ipsis
498 3923 633 3977 Dominus
644 3922 711 3977 dicit
720 3943 743 3976 :r
757 3923 920 3993 Operamini
960 3923 1003 3976 rel
1013 3923 1244 3990 inriaridoretur‘)
1256 3931 1426 3995 praeceptum
1438 3923 1478 3978 eis
1486 3929 1530 3978 est
1539 3941 1557 3977 a
1568 3924 1697 3991 Domino,
1710 3924 1747 3978 ds

122 4028 214 4065 escam
231 4028 291 4082 quac
307 4027 361 4064 non
383 4012 582 4082 corrumpitur,
602 4032 612 4063 ι
630 4011 810 4082 quotidianus
825 4018 919 4066 aretem
962 4018 1022 4068 tum
1035 4013 1069 4066 ad
1084 4013 1293 4084 predicandum
1302 4013 1353 4067 Dei
1365 4012 1490 4079 verbum,
1500 4013 1747 4085 adsingulasques

123 4099 175 4153 iste
187 4098 265 4153 cibus
280 4116 354 4153 nunc
368 4101 418 4154 Dei
436 4119 441 4152 :
459 4101 583 4171 quandiu
602 4101 657 4155 ista
680 4101 737 4156 rita
759 4101 921 4172 temporalis
963 4114 1016 4173 que
1031 4102 1159 4157 nationes
1179 4103 1266 4158 adire.
1283 4103 1439 4157 Discessuri
1464 4103 1558 4173 itaque
1576 4102 1613 4157 ab
1631 4103 1745 4159 invicem

122 4205 173 4261 por
188 4188 248 4241 dies
268 4188 442 4243 discedentes
466 4190 701 4261 succedentesque
723 4190 875 4262 peragitur,
892 4196 921 4245 et
961 4207 1089 4246 normam
1113 4192 1191 4263 prius
1213 4191 1267 4246 sibi
1290 4192 1390 4247 firturae
1408 4192 1617 4263 predicationis
1637 4192 1666 4248 in
1686 4206 1745 4247 com

122 4292 219 4331 revera
230 4278 353 4348 quandiu
365 4277 477 4332 nuncin
486 4278 639 4350 superiora,
650 4297 724 4333 nunc
734 4280 762 4334 in
777 4277 1041 4349 inse1·iora,Dmuni
1064 4282 1239 4336 constituunt
1255 4301 1260 4336 :
1277 4299 1312 4336 ne
1340 4281 1466 4336 localiter
1494 4281 1530 4335 ab
1560 4281 1678 4337 invicem
1702 4279 1744 4335 dia

121 4365 150 4420 id
166 4374 218 4432 est,
234 4382 308 4420 nunc
324 4366 351 4420 in
375 4366 521 4438 spiritalia,
540 4383 614 4421 nrum
637 4367 665 4422 in
690 4369 814 4422 carnalia
834 4369 921 4423 animi
962 4370 1093 4425 cedentes
1107 4370 1248 4426 diversum
1270 4370 1376 4442 aliquid
1402 4370 1445 4425 rel
1463 4370 1611 4426 dissonum
1630 4370 1741 4442 pradia

122 4455 237 4510 allectus
245 4457 368 4510 alternat
379 4474 385 4509 :
398 4462 532 4527 tanquam
544 4456 569 4509 ei
580 4456 627 4527 qui
638 4457 788 4527 aliquando
798 4459 922 4529 pascitur
961 4465 1040 4514 retur
1051 4459 1095 4514 his
1112 4460 1159 4530 qui
1173 4460 1209 4514 ed
1225 4460 1308 4515 fidem
1322 4459 1425 4515 Christi
1438 4459 1640 4515 invitabantur.
1655 4460 1740 4516 Omna

122 4543 183 4597 cibo
200 4564 205 4598 :
223 4545 375 4615 aliquando
392 4545 493 4599 samem
511 4546 627 4616 quatitur,
643 4546 767 4616 ‹protidie
777 4547 858 4617 panis
868 4547 920 4601 iste
961 4548 1048 4619 igitur
1058 4549 1088 4604 in
1098 4565 1185 4605 unum
1198 4549 1291 4620 positi,
1299 4556 1327 4604 et
1335 4549 1441 4620 Spiritu
1452 4557 1549 4605 sancto
1560 4550 1667 4622 repleti,
1675 4548 1738 4602 breve

122 4634 296 4687 necessarius
312 4640 363 4701 est,
381 4652 436 4706 quo
455 4635 598 4689 reliciatur
612 4636 739 4689 esuriens
753 4641 782 4689 et
795 4638 920 4692 relevans
962 4637 1015 4692 sibi
1043 4638 1249 4709 praedicationis
1271 4638 1405 4693 indicium
1430 4639 1599 4694 conserendo
1621 4639 1650 4694 in
1668 4650 1735 4693 uam

123 4721 258 4789 erigatur.
272 4723 351 4786 Quod
366 4730 461 4777 aunem
471 4740 573 4794 partem
583 4723 880 4794 supersubstantialem
890 4726 920 4780 in
962 4728 1037 4799 quod
1055 4727 1215 4782 sentiebant
1234 4733 1414 4799 componunt,
1430 4732 1516 4800 atque
1535 4729 1609 4783 hanc
1624 4722 1735 4782 credenti·

123 4811 186 4865 aliis
202 4812 407 4882 exerrrplaribus
423 4813 551 4883 legimus,
562 4815 603 4866 rel
614 4814 792 4884 peculiarem,
801 4815 843 4868 rel
851 4832 921 4886 prr·
961 4816 1014 4870 bus
1029 4816 1150 4871 dandam
1167 4833 1228 4871 esse
1242 4818 1368 4888 regulam
1384 4822 1522 4872 statuunt.
1534 4817 1688 4890 Symbolum
1699 4828 1733 4866 eu

1264 3177 1301 3230 De
1325 3179 1456 3247 spirabolo.

17 4962 20 4966 ,
121 4901 234 4972 eipuurn
250 4901 328 4954 illum
344 4918 445 4972 panem
461 4902 739 4972 sirnilitersignilicet
765 4903 812 4973 qui
829 4903 917 4957 dicit:
961 4909 1018 4959 tem
1030 4905 1083 4960 hoc
1094 4906 1191 4963 multis
1200 4912 1229 4960 et
1236 4906 1399 4977 justissimis
1411 4905 1505 4961 causis
1518 4906 1650 4979 appellari
1662 4904 1732 4959 uolut·

124 4990 205 5060 «Ego
216 5006 278 5044 sum
286 4991 367 5061 panis
377 4991 464 5049 uirus,
477 4984 772 5060 quidecoelodescendi
785 4993 890 5061 titana:
905 5016 916 5040 n
960 5000 1037 5049 runt.
1055 4994 1219 5065 Symbolum
1232 4995 1307 5050 enim
1322 4996 1416 5050 Graece
1432 5001 1461 5051 et
1479 4995 1616 5050 indicium
1637 4993 1684 5049 dici
1697 5004 1730 5062 pr

122 5079 169 5150 qui
184 5080 312 5134 videlicet
336 5087 379 5134 est
397 5097 482 5150 super
499 5096 596 5134 omncs
615 5080 796 5141 substantias,
812 5088 841 5134 ct
855 5081 919 5135 uni·
959 5088 1016 5139 test
1030 5089 1058 5138 et
1072 5084 1194 5147 collatio,
1210 5084 1262 5139 hoc
1277 5089 1329 5152 est,
1346 5086 1420 5156 quod
1434 5086 1531 5156 plures
1542 5085 1572 5141 in
1585 5100 1666 5142 unum
1684 5094 1729 5136 oon·

122 5184 216 5222 versas
227 5174 341 5239 superat
356 5175 508 5223 creaturas.
959 5172 1063 5228 icrunt.
1077 5174 1108 5228 ld
1119 5174 1194 5229 enim
1205 5173 1332 5230 lecerunt
1339 5174 1465 5245 Apostoli
1474 5174 1506 5229 in
1515 5174 1559 5229 his
1571 5170 1725 5231 sermonibus

161 5278 171 5306 ι
191 5259 225 5310 Ει
239 5258 348 5312 dirmtte
363 5258 443 5313 nohis
456 5259 551 5313 debita
564 5267 669 5325 nostra,
686 5260 758 5313 sicut
771 5265 800 5313 et
813 5277 864 5314 nos
878 5260 918 5314 di·
959 5263 988 5317 in
1003 5279 1091 5321 unum
1106 5263 1273 5318 conserendo
1291 5263 1483 5335 unusquisque
1505 5266 1578 5336 quod
1600 5262 1685 5320 sensit.
1697 5258 1728 5312 h

126 5364 137 5394 ι
156 5345 295 5400 mittimus
316 5347 489 5402 debitoribus
508 5349 621 5404 nostris.
646 5368 658 5401 r
675 5350 742 5404 Post
764 5349 919 5404 subsidium
960 5352 1063 5406 dicium
1076 5357 1170 5407 autem
1184 5353 1225 5407 rel
1247 5353 1360 5424 signum
1382 5353 1485 5408 idcirco
1504 5354 1616 5422 dicitur,
1630 5344 1726 5424 quodie

124 5431 177 5486 cibi
190 5434 296 5503 petitur
310 5441 339 5490 et
354 5438 434 5491 venia
448 5438 551 5504 delicti,
572 5448 604 5492 ut
622 5439 669 5510 qui
683 5457 700 5492 a
714 5440 771 5493 Deo
784 5439 917 5509 perscitus,
960 5441 1007 5495 illo
1027 5446 1152 5513 ternpore
1171 5443 1244 5498 sicut
1257 5442 1362 5498 Paulus
1377 5442 1454 5510 dicit,
1470 5450 1500 5499 et
1514 5444 1544 5500 in
1557 5442 1663 5499 ncubus
1681 5449 1726 5508 apt

124 5521 153 5575 in
167 5522 226 5576 Deo
240 5524 321 5591 vivat,
338 5542 390 5582 nec
403 5532 515 5584 tantum
529 5528 660 5599 praesenti
676 5534 705 5582 et
718 5528 866 5599 temporali
881 5529 920 5583 ri·
960 5531 1097 5587 stolorum
1111 5531 1240 5595 retertur,
1254 5533 1336 5588 multi
1350 5533 1522 5590 simulabant
1531 5551 1561 5591 se
1571 5550 1629 5590 esse
1636 5533 1725 5604 Apelt
