3772 6120
158 262 208 321 ιιι
460 263 492 319 ιι.
513 261 649 336 assam
668 259 785 317 ιιιιιιιιι
804 261 962 321 recursa
981 262 1143 321 nocuus.
1165 259 1314 319 οιιιιιιιιι
1332 258 1426 317 ress
1444 259 1495 331 ιιι.
1748 260 1800 323 ιιι
1863 244 1867 252 ’

158 390 245 449 semei
258 389 380 463 seipsum
396 385 514 442 offerens
529 386 681 453 victimam,
693 403 744 441 suo
754 386 889 458 sanguine
905 404 955 443 uos
965 391 989 451 A
998 396 1106 443 naturae
1120 403 1177 445 sure
1191 385 1340 453 custodiat,
1356 400 1391 441 nc
1406 383 1533 457 capiatur
1545 384 1703 450 illecebris:
1720 384 1772 447 ille
1785 401 1800 440 e

158 478 288 539 redemit,
300 477 390 533 omnis
401 476 449 531 illa
459 475 555 548 priscae
564 474 799 547 legisrmietnset
808 475 958 532 diiiicultas
999 484 1097 533 contra
1110 477 1139 532 io
1147 475 1257 532 insidiis
1266 472 1483 545 ingessissent
1492 473 1634 533 hominem
1643 474 1797 543 blanditiis,

159 568 187 622 in
201 568 289 638 ipsius
299 581 384 637 super
393 564 521 619 homines
536 563 682 618 dilectione
698 565 837 636 completa
857 571 908 619 est.
926 566 957 622 In
1000 572 1030 621 ut
1045 571 1160 639 spemnt
1172 571 1342 637 praeceptum
1356 561 1425 633 legis
1440 561 1549 618 dirinae.
1566 563 1637 620 Cum
1651 579 1718 636 ergo
1732 579 1799 619 eon-

158 662 268 711 tantum
285 654 387 727 quippe
409 653 494 709 Peter
515 653 619 706 aruerit
639 652 834 723 mundun1,ut
857 653 957 709 Filium
1000 655 1119 711 senserit
1132 656 1215 711 hemo
1230 653 1285 725 legi
1295 651 1356 719 Dei,
1373 650 1539 709 contradicit
1554 651 1597 707 lex
1613 652 1721 725 peccati
1733 667 1800 709 sue-

158 760 242 800 suum
257 741 452 799 charissimum
468 747 496 796 et
511 741 690 812 unigenitum
711 741 791 795 daret
812 758 863 813 pro
878 741 958 799 nobis
1000 743 1069 801 dens
1083 742 1200 807 homini,
1221 757 1256 798 ne
1275 739 1358 795 secut
1377 739 1451 811 qued
1466 737 1588 812 imperat
1600 739 1644 797 lex
1658 739 1762 801 divina.
1779 740 1802 796 E

160 834 250 898 (loon.
267 836 316 897 ιιι).
328 831 360 885 Fi
371 837 466 886 eutem
482 829 529 900 qui
544 831 631 887 seruet
649 829 751 902 spiritu
766 829 859 886 virens
874 847 959 901 opera
1000 831 1108 887 diverso
1124 837 1219 887 autem
1234 831 1276 887 lex
1290 829 1341 887 Dei
1360 833 1471 883 revocat
1488 827 1642 899 hominene,
1661 844 1697 887 ne
1715 827 1803 892 terim

158 920 251 977 cernis
265 905 455 979 mortificavit,
473 926 501 973 et
516 936 532 972 a
548 918 691 975 salvatore
708 918 835 985 dilectus,
852 935 957 993 neque·
1001 921 1075 995 quod
1090 920 1216 993 suggerit
1233 919 1276 975 lex
1290 917 1405 989 peccati.
1423 916 1503 980 Quod
1517 916 1631 988 quidem
1645 917 1729 985 home
1745 933 1801 979 non

159 1024 243 1081 quum
268 1024 374 1063 semus.
391 1008 439 1061 sed
465 1008 572 1062 amicus
594 1012 710 1063 vocatur
725 1010 813 1074 ιιοιι.
831 1011 887 1077 ιι),
904 1024 958 1065 non
1001 1008 1076 1064 ridet
1097 1025 1158 1066 esse
1178 1006 1331 1073 absurdum
1348 1026 1353 1060 z
1369 1006 1423 1064 scit
1437 1005 1512 1065 enim
1531 1012 1639 1065 naturae
1658 1022 1715 1065 suae
1733 1022 1801 1065 con·

158 1097 287 1152 estnltra
300 1096 343 1151 les
355 1097 456 1169 posita,
474 1113 535 1165 quae
551 1095 644 1166 impiis
665 1103 694 1150 et
715 1095 915 1167 peccatoribus,
933 1103 961 1151 et
999 1113 1110 1170 gruere,
1125 1097 1147 1153 si
1158 1097 1243 1153 iudet
1253 1095 1326 1168 quod
1339 1095 1459 1168 imperat
1469 1094 1512 1150 lex
1522 1094 1582 1153 Ilei.
1598 1094 1719 1164 denique
1732 1111 1803 1168 gau·

158 1201 214 1241 nen
235 1185 326 1239 solum
349 1184 481 1256 subjectis
505 1191 533 1238 et
549 1184 663 1240 nefariis
683 1183 835 1239 constituta
854 1192 905 1240 est.
925 1187 960 1242 At
1001 1186 1048 1241 det
1063 1185 1174 1261 quando
1188 1185 1247 1242 hec
1261 1184 1328 1256 agit.
1345 1184 1416 1239 Cum
1431 1189 1527 1239 eutem
1543 1189 1724 1256 pauperatur
1739 1200 1802 1258 quse

158 1289 242 1338 nunc,
261 1289 324 1328 curu
340 1273 434 1329 omnia
447 1290 509 1346 quie
524 1272 681 1331 clitiiciliora
694 1278 770 1335 sunt,
789 1273 831 1328 rel
848 1274 958 1331 modica
998 1273 1123 1347 suggerit
1150 1274 1193 1329 lex
1221 1273 1337 1346 peceati,
1366 1272 1441 1329 ridet
1465 1287 1494 1327 se
1518 1279 1630 1344 turpem
1653 1279 1681 1329 et
1703 1273 1803 1331 torret

160 1379 193 1419 ex
208 1368 288 1434 parte
299 1362 443 1426 faciamus,
456 1362 507 1417 hoe
522 1362 612 1415 solum
632 1379 688 1429 non
701 1362 829 1429 tacimus,
842 1362 916 1434 quod
931 1370 959 1418 et
999 1371 1063 1437 post
1076 1362 1190 1419 sectum.
1207 1362 1328 1430 ideoque
1350 1361 1420 1433 legis
1443 1360 1558 1433 spiritus
1581 1367 1720 1437 precepta
1739 1377 1802 1419 ser-

158 1451 231 1507 iacto
240 1451 349 1507 facilius
360 1457 412 1511 est,
430 1456 459 1504 et
469 1450 574 1523 absque
589 1467 644 1521 quo
658 1468 736 1507 cassa
749 1457 816 1506 sunt
829 1450 959 1507 universo
1000 1451 1091 1509 rande
1100 1458 1167 1507 sunt
1177 1456 1206 1506 et
1214 1450 1341 1508 carnalis
1348 1449 1489 1525 fugienda.
1503 1449 1804 1523 Ipsnerriurcenscien-

160 1556 222 1611 qus
236 1539 362 1595 facimus.
379 1539 484 1608 Jejunii
504 1556 604 1612 eorpus
625 1539 711 1593 sentit
729 1539 871 1613 injuriam,
888 1539 958 1613 rigi·
999 1540 1039 1601 tia
1048 1546 1170 1609 accusat,
1181 1540 1205 1595 si
1214 1541 1239 1593 ei
1249 1538 1415 1607 consentiat,
1436 1537 1526 1605 sciens
1541 1537 1651 1597 horrori
1668 1554 1803 1616 esseque)

159 1628 203 1701 lise
219 1645 333 1685 carnem
348 1633 501 1693 macerant,
519 1629 702 1701 eleemosynae
722 1627 816 1684 labore
832 1645 959 1699 quaerun·
999 1629 1126 1703 suggerit
1140 1629 1183 1681 lex
1198 1628 1314 1701 peccati.
1333 1628 1468 1695 (Hieron.)
1484 1628 1559 1693 nico,
1575 1626 1675 1698 inquit,
1690 1625 1802 1700 Spiritu

160 1722 216 1791 tur,
231 1716 346 1790 sanguis
356 1718 385 1771 in
400 1717 545 1791 rnnmyrio,
564 1717 691 1787 quumvis
705 1717 804 1773 ardeat
818 1717 897 1783 sides,
914 1705 1139 1775 tii-Baniurae
1153 1723 1176 1773 et
1191 1718 1327 1774 desiderio
1347 1718 1440 1773 cornis
1461 1730 1514 1771 ιιοιι
1529 1717 1685 1787 perficietis.
1701 1715 1736 1781 Et
1748 1715 1804 1775 hcc

160 1821 226 1861 men
237 1805 297 1862 sine
307 1805 409 1861 timore
425 1805 557 1861 etdolore
567 1822 624 1861 non
634 1805 768 1863 funditur.
786 1806 850 1863 llaec
865 1807 959 1864 omnia
1000 1806 1153 1863 secundum
1167 1805 1314 1875 superiora
1332 1803 1482 1879 dupliciter
1495 1803 1697 1876 accipiendum,
1713 1810 1745 1861 ut
1757 1804 1803 1875 di·

160 1900 227 1950 sunt
246 1895 294 1967 qui
315 1893 419 1949 sociant
435 1914 442 1948 :
458 1894 518 1949 sola
536 1895 657 1951 charites
672 1895 733 1951 siue
747 1894 842 1952 labore
857 1901 907 1949 cst.
925 1896 957 1951 Et
999 1910 1095 1952 camus
1113 1911 1169 1957 ces,
1187 1894 1234 1966 qui
1249 1893 1351 1966 spiritu
1366 1908 1451 1962 opero
1466 1891 1558 1949 carnis
1573 1891 1806 1964 ruortitiuarerint

161 1981 227 2057 quia
237 1982 297 2039 sola
307 1999 354 2039 cor
363 1983 500 2039 erundum
508 1982 619 2039 efficito
629 1983 739 2039 diabolo
746 1989 922 2059 expugumur
929 1984 957 2041 iu
1001 1989 1029 2039 et
1042 1983 1242 2040 seminaverint
1257 1983 1287 2039 in
1301 1981 1412 2055 spiritu,
1430 1987 1462 2036 ut
1475 1981 1510 2033 dc
1523 1979 1624 2055 spiritu
1638 1987 1747 2039 metant
1760 1982 1803 2043 ιι-

162 2070 252 2137 nebis,
263 2072 394 2145 neDenm
406 2088 476 2142 pura
486 2079 579 2127 niente
589 2072 740 2127 rideamus.
756 2072 873 2140 Quando
885 2073 958 2129 enini
1001 2078 1057 2128 tam
1068 2078 1210 2127 eternam.
1224 2071 1450 2140 Quotiescunque
1456 2070 1627 2142 voluptatem
1637 2070 1729 2129 curnis
1740 2086 1804 2140 sen·

160 2159 261 2215 sedens
277 2160 607 2233 lequorcentrafrntrem
620 2178 715 2217 cneum
726 2167 754 2217 et
763 2168 860 2217 contra
870 2162 958 2220 filiurn
1000 2161 1089 2219 serint
1102 2160 1226 2225 titillare,
1244 2176 1299 2217 ιιοιι
1314 2160 1448 2233 perticere
1463 2157 1633 2221 desiderium
1644 2159 1715 2229 ejus,
1727 2160 1802 2233 qued

162 2249 260 2307 matris
286 2265 355 2304 merc
378 2265 450 2324 peno
474 2250 647 2316 scandalum,
664 2251 775 2323 quondo
799 2249 890 2305 uliena
904 2256 960 2307 ter·
1001 2250 1113 2320 quidem
1127 2251 1151 2307 si
1165 2249 1305 2323 expletum
1321 2247 1405 2305 suerit
1419 2246 1541 2307 blandiri
1555 2246 1665 2305 ridetur
1679 2247 1714 2307 ud
1729 2253 1803 2307 teur-

161 2351 249 2409 queor
263 2337 403 2405 felicitate,
416 2343 445 2392 et
454 2338 570 2412 alterius
582 2338 686 2399 benum
698 2354 792 2394 mcum
803 2338 908 2395 malum
918 2339 959 2396 ιιι-
1001 2355 1071 2410 pus:
1090 2339 1138 2395 sed
1154 2338 1255 2411 spiritu
1263 2336 1414 2402 refrenare,
1427 2342 1456 2393 et
1464 2335 1618 2395 secundum
1633 2337 1802 2397 sententiani

161 2425 214 2489 cie,
226 2442 319 2481 nonno
331 2426 393 2489 hoc,
406 2427 478 2497 quod
491 2427 628 2498 sequitur,
640 2427 669 2483 in
680 2444 724 2481 me
735 2427 875 2499 expletur?
885 2429 960 2494 Quod
1000 2427 1136 2493 historici,
1152 2426 1237 2483 sunni
1248 2425 1374 2500 imperio,
1392 2423 1517 2499 corperis
1525 2423 1647 2491 servitio,
1660 2425 1751 2497 magis
1761 2425 1803 2483 ri·

159 2516 185 2569 si
199 2517 317 2570 insieme
332 2516 471 2578 inerrieiis,
488 2521 513 2569 ιι
527 2519 676 2578 ceineditis,
693 2518 778 2571 ridete
793 2533 826 2571 ne
840 2517 875 2572 οι
890 2519 960 2572 inri-
1001 2531 1064 2573 rere
1076 2534 1082 2585 3
1095 2531 1210 2575 necnon
1222 2521 1251 2571 et
1263 2515 1342 2579 illud,
1360 2514 1425 2589 quia
1440 2514 1482 2571 lex
1498 2512 1633 2589 spiritalis
1643 2520 1694 2583 est,
1707 2520 1735 2572 et
1746 2530 1803 2573 nen

160 2618 215 2659 cern
237 2606 452 2658 consumemini.
477 2603 632 2659 Charitntis
656 2621 722 2659 rara
745 2604 882 2674 possessio
906 2612 957 2660 est.
1002 2603 1049 2673 qui
1064 2603 1093 2661 in
1108 2601 1256 2661 inanisesto
1269 2601 1390 2671 iudeus,
1407 2601 1456 2661 sed
1476 2600 1523 2675 qui
1537 2601 1566 2661 in
1580 2601 1689 2660 occulto
1703 2606 1733 2660 et
1746 2602 1802 2661 cir·

160 2688 229 2754 Quis
244 2691 304 2745 nult
319 2690 378 2761 ipse
398 2691 549 2746 anathema
564 2708 625 2746 csse
640 2709 657 2746 a
673 2692 783 2747 Christo
799 2709 850 2766 pro
864 2693 959 2748 fratri·
1001 2691 1134 2748 cumcisio
1146 2691 1238 2747 cordis
1251 2691 1280 2751 in
1294 2691 1405 2765 spiritu,
1418 2706 1474 2748 uon
1484 2689 1587 2754 littera
1600 2706 1648 2747 eos
1657 2689 1803 2757 ambulare

159 2776 211 2837 bus
236 2778 294 2834 suis
317 2780 482 2850 Apostolum
506 2781 653 2851 sequens?
674 2782 737 2853 quis
760 2798 822 2836 curn
842 2781 961 2850 iugenti-
1001 2779 1103 2856 spiritu
1119 2786 1148 2835 et
1161 2780 1254 2837 carnis
1268 2779 1438 2837 desiderium
1453 2794 1508 2837 non
1523 2779 1656 2854 perticere
1671 2778 1801 2849 dicimus,

159 2864 213 2923 bus
228 2867 336 2943 ingene,
353 2884 416 2923 cum
435 2867 623 2937 gaudentibus
643 2869 778 2941 gaudens,
795 2870 886 2927 alieno
903 2870 959 2923 vui·
1002 2869 1048 2943 qui
1064 2868 1229 2942 spiritaliter
1243 2867 1427 2941 egrediuntur
1435 2867 1596 2943 AEgpptum,
1608 2872 1636 2925 et
1645 2866 1802 2943 spiritatem

158 2970 225 3034 nere
235 2956 418 3014 vulneratur?
429 2956 491 3029 quis
500 2957 595 3013 fratris
605 2962 695 3016 morte
703 2958 878 3033 percutitur?
894 2958 958 3015 Om-
1000 2974 1092 3015 escam
1102 2964 1255 3030 potumque
1267 2957 1302 3025 de
1310 2956 1430 3028 spiritali
1442 2956 1577 3015 nauriunt
1588 2961 1678 3055 petra,
1687 2955 1734 3042 qui
1746 2972 1801 3017 nen

158 3044 380 3119 nesmagisnma
381 3046 565 3113 teresnostri,
579 3064 664 3116 quam
681 3053 823 3104 curatores
842 3047 893 3121 Dei
909 3065 956 3104 su·
943 3022 1124 3116 -Cjudicant
1112 3052 1159 3109 tur
1178 3047 1208 3107 in
1227 3044 1287 3107 cibo
1313 3045 1408 3113 autin
1431 3051 1508 3121 potu,
1529 3052 1578 3103 eut
1596 3045 1624 3111 in
1645 3051 1725 3116 purte
1746 3045 1801 3108 diei

158 3148 231 3197 tuus.
243 3133 312 3189 Vide
323 3140 458 3207 quantum
470 3133 573 3191 tionum
584 3135 621 3191 ιιι
632 3135 709 3191 char
703 3136 789 3192 itatis
798 3134 826 3191 Si
836 3135 876 3194 ιιι
885 3152 958 3194 mer·
999 3135 1070 3201 testi,
1087 3142 1137 3191 out
1150 3135 1304 3197 neomeniae
1332 3139 1360 3191 et
1381 3132 1509 3201 subbati3
1532 3134 1580 3193 sed
1603 3132 1779 3209 ambulant
1773 3152 1802 3205 ιιι

157 3221 264 3296 tynum
273 3221 430 3288 fecerimus
447 3224 727 3279 ιιιιιοιιιιιιιιίιιιιιι
747 3223 781 3277 ab
798 3224 957 3280 hominibus
999 3223 1128 3283 omnibus
1144 3223 1319 3299 spiritaliter
1338 3239 1393 3283 non
1415 3221 1590 3294 perficientes
1609 3238 1718 3284 carnee
1732 3223 1803 3297 legis

158 3307 291 3387 reliquias
302 3309 392 3369 honor
393 3327 444 3369 arr
461 3312 482 3365 si
499 3312 658 3389 opinionem
673 3312 747 3386 tulgi
763 3319 902 3370 sectantes
918 3313 958 3370 in·
999 3311 1130 3371 litteraeve
1141 3310 1405 3377 (ιιιίιιιιιιιιιι,ιοιιι
1405 3311 1803 3385 uetusrnetentesintelligen·

156 3396 259 3473 trepidi
284 3399 448 3471 sanguinein
469 3401 634 3463 fuderimus,
656 3406 684 3455 et
704 3401 891 3458 substantiam
906 3418 955 3459 ιιο-
999 3400 1044 3459 tiae
1058 3400 1301 3478 spiritalisTertia
1316 3416 1427 3471 quoque
1442 3399 1637 3470 interpretatio
1652 3417 1669 3456 o
1683 3400 1802 3473 quibus·

156 3490 342 3568 strenuusque
358 3488 392 3545 ad
403 3488 611 3547 mendicitatem
627 3490 770 3565 propriam
785 3490 954 3551 dederimus,
998 3488 1220 3553 daminhocleeo
1232 3489 1420 3555 dictaest‚sed
1431 3505 1492 3561 quae
1502 3489 1802 3553 nonmeltumutsne-

158 3573 222 3629 huic
237 3574 314 3648 operi
330 3591 384 3631 non
400 3583 458 3631 tarn
469 3577 615 3648 premium
631 3594 715 3648 quam
731 3593 813 3647 poena
827 3577 954 3644 debetur,
998 3584 1047 3650 pat
1061 3594 1077 3631 a
1089 3578 1221 3639 secunda,
1238 3577 1447 3636 utdesiderium
1463 3577 1554 3636 earnis
1569 3578 1598 3636 in
1614 3577 1657 3636 his
1673 3585 1803 3647 esserunt

158 3669 187 3721 et
197 3663 321 3745 perindie
332 3665 421 3741 nitigis
432 3672 575 3721 tormenta
586 3673 653 3723 sunt
667 3682 863 3738 quamcoroua
873 3667 957 3725 victo-
999 3683 1069 3736 esse,
1087 3667 1134 3743 qui
1143 3667 1251 3739 pertuli
1268 3667 1296 3724 iu
1313 3666 1424 3725 Christo
1441 3673 1524 3723 sunt:
1542 3665 1596 3725 iter
1611 3673 1706 3739 autern
1721 3667 1802 3741 spiri-

157 3750 215 3811 ris.
233 3754 308 3819 (ιιοιι
328 3755 353 3805 si
376 3756 490 3812 r'neieem
508 3757 638 3812 coornet-tr
660 3761 683 3812 et
706 3757 853 3818 comeditis,
872 3757 957 3815 er'dete
998 3760 1044 3815 tus
1060 3755 1231 3831 inperfectis
1245 3754 1320 3819 viris.
1337 3759 1366 3813 et
1380 3771 1440 3815 esse
1455 3771 1567 3813 sensum
1585 3773 1591 3812 ;
1611 3756 1643 3830 ln
1661 3755 1802 3831 gravitate

159 3856 193 3899 ιιι
207 3842 242 3898 οι
256 3844 372 3900 invicem
388 3847 604 3901 connnnomr'm‘.
621 3845 717 3905 Potest
727 3845 778 3901 hec
794 3844 957 3921 simpliciter
998 3844 1123 3921 spiritus,
1137 3844 1165 3903 id
1181 3850 1232 3911 est,
1248 3843 1277 3901 in
1293 3843 1393 3903 itinere
1409 3842 1459 3903 riri
1474 3842 1616 3903 ambulate
1630 3843 1757 3919 perfecti,
1773 3850 1802 3913 et

158 3929 256 4003 accipi,
273 3945 308 3984 ne
329 3930 512 3989 detrahamus
536 3932 664 3996 invicem,
681 3948 716 3987 ne
735 3933 883 3991 maledicto
906 3949 957 3990 ιιοι
998 3949 1054 3993 non
1069 3932 1175 3991 iacietis
1190 3932 1331 3993 desideria
1345 3933 1535 4007 porvulorum.
1560 3934 1629 3993 Gerr
1643 3935 1718 3993 ιιιιιι
1735 3949 1800 3995 cen-

157 4023 289 4086 putemus
299 4017 447 4076 uir-iscire
457 4020 613 4077 contristati
624 4020 789 4076 contristare
799 4021 954 4095 cupiamus,
999 4025 1113 4093 cupiscit
1123 4023 1528 4093 aecer-susspectum,spiritns
1538 4021 1799 4081 edrerruscernein.

105 4129 108 4133 ·
160 4109 189 4159 et
211 4104 317 4163 similes
341 4104 505 4169 bestiarum,
531 4109 661 4165 mordere
681 4109 787 4182 pariter
806 4116 834 4164 et
853 4126 958 4166 remor·
999 4111 1059 4169 Hac
1074 4112 1275 4166 enz'rninriccm
1289 4111 1483 4169 novereantur,
1503 4115 1533 4167 et
1553 4125 1618 4177 ιιοιι,
1634 4126 1802 4183 quecunque

158 4191 228 4259 deri,
246 4199 277 4247 ut
292 4199 355 4263 post
371 4209 482 4248 morsus
497 4201 631 4269 sequatur
646 4196 776 4275 interitus
795 4203 879 4273 atque
894 4214 957 4254 eon
998 4201 1091 4262 eruitis,
1106 4200 1157 4256 ilie
1167 4200 1286 4271 societis
1314 4197 1385 4253 coro
1400 4196 1583 4267 praesentibus
1599 4197 1755 4262 delectatur
1773 4206 1803 4261 et

157 4280 290 4357 sumptio,
999 4283 1128 4350 brevibus
1148 4302 1153 4336 :
1175 4285 1290 4360 spiritus
1307 4286 1450 4360 perpetuis
1470 4292 1498 4339 et
1516 4284 1628 4349 suturis.
1652 4287 1730 4357 Inter
1749 4286 1802 4347 hoe

156 4427 161 4436 p
195 4371 360 4430 iiiceeuteni
374 4370 501 4441 :Spiritu
517 4373 698 4435 neritonensi
710 4378 957 4442 eoricupircrntiem
998 4375 1125 4449 iurgium
1140 4365 1234 4433 media
1248 4374 1342 4433 arrinra
1355 4373 1490 4438 censistit,
1511 4374 1617 4433 habens
1638 4373 1751 4452 quidem
1771 4375 1803 4437 in

159 4461 316 4519 ceraunon
325 4459 608 4531 perficietis.(Anrbr.)
619 4461 770 4539 Postquam
782 4463 958 4535 alegesncto
999 4480 1050 4520 sua
1065 4468 1202 4537 potestate
1214 4462 1317 4521 bonurn
1334 4463 1490 4530 stipulum,
1506 4463 1577 4522 veile
1593 4463 1635 4523 rel
1651 4464 1735 4525 nolle.
1752 4464 1801 4523 sed

157 4562 220 4608 rum
236 4564 283 4605 eos
297 4550 448 4620 prohibuit,
467 4550 494 4607 in
510 4566 564 4625 qua
583 4556 649 4608 sunt
667 4560 806 4627 praeeepta
824 4553 955 4613 earnalis,
1000 4569 1055 4612 non
1071 4551 1176 4611 habens
1190 4553 1241 4605 hoc
1261 4553 1352 4624 ipsum
1375 4553 1445 4610 veile
1470 4569 1503 4605 ac
1525 4552 1598 4619 nolle
1621 4558 1800 4629 perpetuum,

157 4649 231 4691 nunc
242 4643 273 4691 ut
287 4654 303 4689 a
318 4637 390 4694 uitiis
406 4640 497 4699 cernis
514 4656 544 4694 se
562 4639 724 4701 ceuuueant
742 4641 867 4718 prteeipit
888 4661 893 4693 :
914 4642 958 4703 iiic
1000 4641 1066 4713 quia
1077 4641 1136 4700 sieri
1152 4649 1252 4717 potest,
1270 4646 1300 4694 nt
1316 4658 1378 4699 curn
1394 4641 1470 4695 carni
1482 4640 1654 4700 consenserit
1669 4648 1697 4699 et
1716 4657 1803 4716 epeia

158 4723 232 4781 enim
248 4723 348 4797 spiritu
361 4726 496 4797 ambulat,
512 4729 559 4799 qui
574 4729 647 4802 sugit
662 4722 785 4803 peccata·
807 4732 879 4787 Nom
894 4747 957 4787 cero
1000 4730 1061 4801 ejus
1074 4728 1181 4796 iecerit,
1195 4746 1308 4789 rursum
1319 4747 1369 4801 per
1383 4729 1576 4800 poenitentiam
1594 4746 1623 4783 se
1639 4729 1803 4791 remordens

158 4814 613 4884 concerpitcitudecrsurspiritum.
627 4821 813 4891 rpr'riiustme
828 4821 958 4879 adversus
1000 4817 1111 4897 spiritui
1127 4818 1273 4894 copuletur
1294 4823 1323 4877 et
1346 4833 1431 4889 opera
1457 4817 1518 4886 ejus
1541 4816 1652 4887 efficiat.
1675 4816 1734 4879 Hoc
1759 4822 1804 4879 est
1854 4868 1857 4873 ,

157 4914 279 4959 ceraton.
291 4900 351 4959 Hac
365 4903 440 4959 enim
454 4905 508 4961 sitii
523 4908 639 4962 inriccm
655 4907 849 4974 ermenone,
863 4910 892 4967 et
903 4924 956 4967 ιιοιι
1000 4923 1067 4979 ergo
1081 4908 1154 4980 qued
1170 4907 1210 4968 ait
1233 4926 1238 4966 ;
1263 4909 1322 4967 ltro
1336 4909 1410 4965 cirini
1426 4908 1543 4965 inuicem
1562 4907 1756 4969 educerentur,
1773 4906 1802 4965 id

60 5063 65 5069 ἰ
156 5003 187 5041 ee
201 5005 260 5061 que
274 4992 358 5043 eruitis
372 4991 493 5057 societis.
510 4991 586 5067 Duos
601 4994 676 5069 leges
687 4995 826 5066 proponit,
838 4995 911 5053 sicut
920 4994 958 5055 ιιι-
999 5002 1050 5063 est,
1059 5011 1124 5052 caro
1133 5001 1161 5053 et
1171 4995 1295 5070 spiritus,
1311 5000 1341 5053 ui
1352 5011 1405 5051 ιιοιι
1416 5010 1583 5067 praecurrunt
1594 4996 1685 5058 ιιιιιιι,
1699 4995 1803 5062 illast·

155 5075 194 5135 cit
210 5083 238 5130 et
254 5076 282 5135 in
297 5076 422 5156 Epistola
435 5078 469 5135 au
487 5079 635 5150 Romanos,
654 5099 714 5157 qua
729 5083 847 5143 invicem
859 5083 956 5140 adrer—
999 5086 1100 5141 cisiis:
1117 5100 1173 5140 nou
1189 5082 1261 5159 quod
1278 5082 1423 5161 preprium
1435 5082 1514 5142 trebis
1529 5081 1626 5143 tulerit
1640 5081 1801 5161 ιιιιιιιιιιιιιι,

157 5169 265 5235 santur.
283 5183 368 5225 unani
387 5167 447 5231 nei,
469 5167 586 5226 alteram
608 5171 712 5243 pocomi
736 5191 740 5223 :
765 5189 826 5243 qua
844 5172 906 5232 ideo
928 5172 956 5229 in
999 5187 1054 5249 quo
1074 5173 1117 5227 vet
1142 5171 1228 5233 cauri,
1255 5171 1296 5227 rel
1320 5169 1432 5243 spiritui
1450 5170 1644 5237 assentiamus,
1669 5170 1719 5229 see
1736 5170 1803 5242 quin

155 5266 238 5312 carne
247 5254 430 5329 significatur,
445 5257 510 5329 quin
520 5255 674 5316 visibilibus
684 5258 957 5330 oblecnitur,cupido
999 5259 1074 5332 quod
1089 5259 1205 5319 iacintus
1226 5275 1282 5321 non
1303 5265 1346 5313 est
1368 5265 1494 5319 nostrum
1519 5259 1639 5339 proprie,
1661 5258 1710 5319 sed
1731 5275 1803 5336 opus

155 5346 342 5421 peccatorum,
354 5351 387 5401 ut
400 5344 443 5405 his
459 5344 511 5402 sibi
527 5345 737 5405 advereonttous
752 5349 861 5411 medius
874 5350 957 5409 horno
999 5348 1091 5421 ipsum
1104 5349 1147 5403 uel
1161 5347 1246 5413 carni,
1264 5348 1305 5405 rel
1321 5347 1433 5419 spiritui
1450 5348 1609 5416 ecpmatur.
1627 5347 1748 5411 Grandis
1759 5347 1803 5421 la·

155 5445 268 5495 ιοοθο,
284 5432 427 5504 querele,
445 5440 519 5510 agat.
537 5433 635 5495 Divina
653 5435 727 5494 enim
744 5438 787 5513 lex
805 5438 909 5517 premit
930 5443 958 5490 ot
999 5437 1073 5497 boris
1087 5445 1115 5495 et
1127 5435 1325 5515 disputationis
1336 5436 1487 5503 cstntmia,
1500 5435 1802 5513 ostensiscamisepc-

156 5518 338 5605 supertepens
359 5523 464 5599 peceati
483 5523 629 5584 consulens
648 5524 763 5607 homini,
783 5533 816 5587 ut
834 5527 958 5611 vigorem
999 5525 1075 5587 ribus
1088 5531 1115 5585 et
1129 5525 1254 5603 spiritus,
1268 5524 1359 5583 media
1373 5525 1467 5603 aliquo
1483 5524 1615 5604 reperire,
1628 5540 1688 5607 qus
1703 5539 1754 5599 nec
1765 5524 1802 5589 ad
