3772 6120
115 292 189 352 isia
847 285 1040 345 aersroaa.
1163 265 1167 271 ’
1688 287 1759 348 iaso

115 438 132 471 a
148 411 482 483 henderuntlesumzqni
490 416 710 467 connumeratus
720 410 816 466 eratin
824 410 915 477 nobis,
925 409 1017 473 Aside
1035 407 1126 465 eredit
1139 408 1250 465 dicente
1263 407 1384 466 Domino
1400 429 1406 464 ι
1425 432 1438 464 a
1456 412 1510 478 Qui
1531 429 1587 469 non
1607 413 1759 471 manducat

116 512 178 562 eet
188 503 306 561 sortitus
322 507 367 557 est
380 505 485 556 sortem
496 500 646 555 ministerii
659 501 753 571 hujus,
765 506 795 554 et
803 499 849 554 hic
858 498 918 571 qui·
960 514 1103 553 acamem
1123 514 1225 566 meam,
1241 504 1270 554 et
1291 497 1364 555 bibit
1387 501 1555 570 sangninem
1582 518 1683 570 meam,
1700 520 1758 559 nou

119 595 212 649 edem
239 591 365 665 possedit
386 607 487 659 agrum
510 591 545 644 dc
560 589 688 644 mercede
709 588 875 660 iniquitatis,
890 594 919 642 et
962 587 1106 642 «habebit
1119 587 1148 643 in
1162 604 1192 642 se
1207 587 1292 642 vitam
1305 591 1396 655 (loon.
1414 604 1451 655 vi,
1468 589 1523 660 tl),
1541 611 1554 643 a
1571 591 1712 664 intelligit,
1729 597 1759 647 et

118 705 131 736 ι
148 698 303 754 suspensus
317 679 427 751 crepuit
440 679 560 745 medius,
575 687 604 733 et
617 678 718 733 diffusa
733 684 800 733 sunt
815 678 921 733 viscera
961 693 979 732 a
992 677 1171 732 contentione
1184 677 1299 732 recedit.
1315 677 1369 743 Qui
1381 694 1447 734 vero
1461 680 1616 735 secundum
1634 680 1760 754 proposi·

118 767 757 843 eejus.Notumsactumestautemomnibus
772 765 922 822 habitanti·
961 771 1024 820 tum
1046 765 1098 821 Ilei
1120 765 1225 833 vivunt,
1242 765 1384 838 prescitos
1407 783 1468 822 esse
1492 773 1521 823 et
1544 767 1758 840 praedestinatos

118 860 202 916 abus
216 860 246 914 in
268 857 434 922 Jerusalem,
454 856 494 910 ita
516 861 548 910 ut
570 856 760 928 appellaretur
783 870 852 925 ager
875 853 922 908 ille
962 854 1099 910 electione
1110 854 1241 927 gratuite
1253 855 1352 926 gratiae
1375 857 1447 927 ejus,
1463 862 1492 911 et
1512 873 1631 928 regnum
1647 857 1689 914 eis
1702 874 1759 914 ote-

120 946 349 1012 «Acbeldemalr,
375 946 427 998 boc
447 951 490 999 est
513 960 580 1015 ager
602 942 758 1015 sanguinis.
781 941 922 1013 Scriptum
963 943 1054 1000 lomrn
1068 960 1130 1000 esse
1143 943 1372 1017 praedestinatum
1400 945 1460 1000 sine
1474 944 1649 1002 dubitatione
1663 946 1759 1003 dicen-

120 1043 192 1092 ‹est
206 1037 283 1091 enim
301 1036 330 1089 in
350 1033 421 1088 libro
436 1033 612 1088 Psalmorum
629 1052 635 1086 :
659 1031 723 1087 Fiat
740 1031 921 1113 commoratio
962 1032 1030 1089 dum
1044 1039 1097 1089 est.
1112 1034 1170 1089 lloc
1184 1033 1260 1089 enim
1272 1033 1423 1106 Apostolus
1432 1033 1542 1106 probat,
1554 1051 1618 1091 cum
1633 1051 1681 1092 eos
1690 1052 1759 1108 pre·

120 1127 212 1198 «ejus
233 1125 354 1189 deserta,
372 1130 400 1177 et
415 1138 472 1176 non
493 1122 529 1176 sit
548 1122 596 1193 qui
618 1120 759 1176 inhabitet
782 1120 812 1175 in
834 1136 877 1187 ea,
893 1124 923 1174 et
962 1121 1118 1178 destinatos
1128 1122 1334 1178 etelectosesse
1342 1128 1463 1179 testatur
1472 1128 1626 1196 antequam
1637 1125 1761 1181 mundus

121 1236 132 1268 ι
148 1215 343 1288 episcopatum
360 1212 422 1283 ejus
434 1210 552 1282 accipiat
566 1210 637 1265 alter
650 1211 719 1277 (Act.
734 1227 754 1276 1,
772 1207 806 1264 16
818 1210 893 1278 πᾳ).
906 1227 919 1259 »
962 1211 1189 1268 constitueretur.
1199 1211 1328 1266 Scribens
1337 1212 1413 1268 enirn
1424 1213 1551 1285 Ephesiis
1566 1214 1670 1270 dicitzr
1683 1214 1762 1271 Sicut

120 1303 175 1360 Ubi
199 1319 267 1374 ergo
293 1299 523 1356 commemoratio
546 1315 663 1371 operum
677 1300 739 1370 eius
752 1298 890 1353 malorum
905 1312 923 1351 a
964 1319 978 1353 a
995 1300 1081 1372 elegit
1090 1316 1141 1354 nos
1152 1299 1181 1354 in
1191 1299 1284 1371 ipso,»
1296 1300 1325 1356 id
1335 1300 1414 1356 estin
1425 1301 1547 1370 Christo,
1562 1308 1652 1359 eante
1661 1304 1761 1360 mundi

119 1398 219 1449 sancto
232 1392 266 1446 sit
280 1390 388 1462 Spiritu
403 1389 432 1443 in
448 1388 577 1456 Psalmis,
588 1387 753 1461 priusquam
767 1390 922 1458 essetprae·
965 1407 978 1441 o
994 1388 1234 1457 constitutionem,
1251 1394 1284 1443 ut
1301 1405 1427 1446 esserum
1443 1392 1532 1447 sancti
1546 1396 1575 1448 et
1587 1391 1762 1449 immaculati

119 1482 208 1538 scitus
222 1485 275 1545 est,
298 1495 354 1533 non
375 1468 474 1543 sa'ctuS,
492 1477 566 1548 quod
584 1477 649 1531 talis
674 1477 807 1532 adversus
821 1475 923 1531 Filium
967 1479 1025 1532 «in
1038 1483 1188 1550 conspectu
1208 1478 1279 1549 ejus,
1295 1478 1343 1550 qui
1365 1479 1637 1551 pradestinavitnos
1657 1481 1688 1536 in
1710 1481 1761 1537 ad-

119 1570 172 1626 Dei
194 1569 307 1624 iuturus
329 1571 412 1622 essct.
430 1565 459 1621 Si
475 1566 551 1620 enim
565 1565 656 1621 laetus
670 1569 752 1632 esset,
769 1562 923 1637 inculpabi·
966 1588 977 1620 ι
995 1567 1137 1639 optionem
1150 1565 1274 1622 illiorum
1288 1583 1339 1640 per
1354 1568 1450 1624 lesuin
1464 1569 1607 1625 Christum
1620 1570 1651 1625 in
1668 1571 1762 1643 ipsum

121 1659 155 1714 lis
183 1662 314 1724 essetab
334 1654 387 1710 Dei
411 1654 521 1727 opificio
546 1660 735 1727 reputaretur,
755 1670 813 1708 non
833 1653 921 1709 Judae.
966 1675 979 1710 a
997 1657 1100 1726 ldplvas.
1116 1673 1134 1721 1,
1150 1656 1188 1726 l).
1206 1675 1219 1708 n
1234 1655 1339 1711 Taceat
1353 1657 1479 1712 humana
1499 1657 1606 1729 lingna,
1622 1675 1674 1715 nec
1686 1676 1764 1733 pror·

120 1748 231 1819 lnjuste
259 1746 345 1802 etiam
362 1743 393 1799 in
407 1760 440 1799 eo
455 1744 565 1815 prolata
590 1743 734 1798 damnatio
758 1747 841 1798 esset.
867 1733 953 1798 SedB
964 1762 1011 1801 sus
1026 1745 1056 1800 in
1069 1744 1317 1817 praedestinatione
1332 1745 1486 1801 demeritis
1499 1747 1658 1816 extollatur,
1674 1753 1765 1804 atten-

120 1835 195 1892 sbsit
208 1836 262 1890 hoc
275 1850 422 1890 asumma
444 1832 517 1887 bono
548 1832 652 1903 judice,
668 1836 783 1888 auctora
797 1830 923 1886 omnium
965 1835 1014 1890 dat
1027 1833 1143 1901 dictum,
1163 1838 1258 1889 «ante
1273 1833 1503 1890 constitutionem
1512 1835 1765 1894 mundiallivine

120 1923 261 1981 bonorum
270 1923 755 1989 Deo,damnatoreverocunctorum
766 1921 921 1975 malorum:
964 1922 1116 1978 voluntatis
1130 1927 1173 1978 est
1186 1922 1238 1977 boc
1252 1922 1367 1989 donum,
1387 1936 1444 1978 non
1458 1924 1589 1980 humana
1603 1924 1765 1996 fragilitatis

121 2012 191 2086 qnia
211 2012 288 2068 mala
306 2012 394 2079 Judae,
411 2018 444 2066 ut
458 2010 585 2083 praedixi,
608 2009 753 2080 praescivit,
769 2026 827 2065 non
848 2009 922 2076 fecit,
964 2011 1107 2066 meritum.
1118 2010 1246 2082 Denique
1260 2010 1374 2066 attende
1390 2010 1464 2082 quod
1478 2011 1622 2083 sequitur:
1636 2032 1649 2066 r
1661 2013 1694 2068 In
1709 2029 1765 2085 quo

122 2107 262 2157 ettamen
277 2100 421 2172 inquibus
437 2098 585 2171 praescivit,
599 2098 706 2169 judicio
719 2098 797 2169 justo
809 2097 925 2152 tradens
967 2119 980 2154 a
997 2099 1133 2155 babemus
1147 2099 1378 2172 redemptionem,
1390 2100 1440 2168 ait,
1451 2116 1502 2173 per
1512 2099 1677 2173 sanguinem
1691 2103 1762 2173 ejus,

122 2206 191 2247 eum
205 2190 235 2245 in
250 2188 401 2261 reprobum
415 2204 530 2243 sensum
544 2193 576 2241 ut
587 2187 718 2259 impleret
732 2186 879 2258 permisit:
896 2189 926 2240 et
967 2207 980 2241 a
996 2188 1191 2245 remissionem
1207 2193 1395 2260 pcccatorum,
1408 2189 1563 2245 secundum
1577 2189 1688 2246 divitias
1701 2206 1766 2262 gra·

122 2277 188 2334 ideo
200 2278 337 2350 permisit,
352 2277 419 2348 quia
438 2293 489 2349 per
506 2276 644 2348 Spiritum
651 2282 854 2331 sanctumeum
864 2290 926 2347 per·
967 2278 1043 2333 etiae
1061 2278 1133 2349 ejus,
1153 2293 1216 2350 quae
1239 2276 1477 2350 superabundavit
1499 2278 1529 2333 in
1549 2277 1630 2334 nobis
1643 2278 1673 2334 in
1687 2280 1766 2335 omui

121 2369 232 2423 iturum
246 2372 311 2422 ante
324 2365 461 2440 praedixit.
478 2365 551 2430 Quia
565 2364 638 2420 sicut
651 2365 796 2421 christum
812 2370 925 2437 oporte-
968 2366 1136 2439 «sapientia
1155 2370 1185 2421 ct
1204 2365 1363 2438 prudentia,
1380 2372 1413 2422 ut
1430 2370 1530 2423 notum
1553 2366 1634 2422 nobis
1661 2367 1766 2425 faceret

120 2455 173 2511 but
203 2456 262 2529 pati
294 2471 344 2528 per
372 2454 484 2522 ludam,
509 2454 679 2526 precinente
705 2470 756 2526 per
775 2453 926 2526 prophetas
969 2460 1208 2511 esacramentum
1235 2454 1387 2510 voluntatis
1408 2472 1475 2523 suae,
1502 2455 1656 2512 secundum
1684 2456 1766 2514 beno-
1842 2489 1849 2503 ·

121 2549 221 2601 sancto
234 2544 350 2617 Spiritu,
368 2542 409 2598 ita
430 2543 579 2615 oportebat
591 2541 693 2598 ludam
708 2542 810 2615 perire,
827 2541 926 2596 eodem
970 2544 1133 2616 «placitum
1144 2546 1216 2615 ejus,
1232 2544 1307 2616 quod
1321 2544 1466 2616 proposuit
1477 2544 1507 2600 in
1521 2561 1564 2612 eo,
1578 2544 1608 2601 in
1620 2544 1767 2619 dispensa·

122 2638 222 2690 uncto
247 2632 354 2705 Spiritu
382 2631 560 2705 predicente.
586 2632 628 2687 lle
651 2646 685 2687 oo
709 2646 802 2704 quppe
820 2629 927 2686 dictum
968 2632 1074 2699 alione
1085 2631 1268 2706 plenitudinis
1282 2637 1450 2706 temporum,
1458 2633 1617 2690 instaurare
1629 2635 1725 2691 omnia
1735 2635 1766 2692 in

123 2727 215 2779 estu
231 2722 321 2778 Nemo
335 2721 421 2794 periit
432 2721 487 2776 nisi
498 2721 573 2775 lilius
583 2719 749 2792 perditionis
761 2721 849 2790 (loon.
860 2734 925 2784 xvir,
968 2721 1120 2790 «Christo,
1137 2738 1199 2793 quae
1221 2722 1251 2776 in
1274 2721 1351 2777 coelis
1368 2727 1397 2778 et
1412 2739 1474 2794 quaa
1495 2721 1525 2779 in
1547 2728 1624 2780 terra
1646 2730 1713 2781 sunt
1735 2724 1766 2782 in

127 2809 298 2881 12).».Nam
312 2826 396 2883 piena
407 2809 447 2864 illi
458 2809 715 2882 predestinatapro
728 2807 812 2863 malis
820 2808 926 2876 suisio
969 2830 981 2864 r
999 2811 1118 2884 ipso.1n
1137 2827 1192 2882 quo
1215 2809 1301 2866 etiarn
1325 2816 1354 2866 et
1374 2827 1426 2867 nos
1450 2816 1525 2868 sorte
1550 2813 1640 2869 vocati
1654 2830 1763 2883 sumus,

123 2899 238 2973 quibus,
261 2902 294 2954 ut
320 2915 393 2972 sepe
417 2898 485 2966 dixi,
496 2897 643 2970 praescitus
661 2903 705 2953 est
721 2903 844 2965 tantum,
869 2912 927 2953 non
968 2915 983 2954 ι
998 2898 1190 2973 predestinati
1203 2898 1358 2955 secundum
1371 2899 1546 2972 propositum
1557 2901 1629 2972 eius,
1639 2901 1688 2974 qui
1700 2918 1766 2975 ope·

124 2988 353 3062 predestinatus.
367 2988 473 3043 Verum
487 2993 583 3043 autem
608 3002 668 3042 esse
692 2986 768 3059 quod
793 2985 925 3054 diximus
969 2993 1079 3044 aratur
1093 2987 1189 3044 omnia
1202 2988 1357 3044 secundum
1371 2988 1544 3045 voluntatem
1564 3005 1656 3058 suam,
1671 2996 1704 3046 ut
1730 2990 1767 3046 si·

123 3078 193 3134 licet
206 3078 289 3151 plens
304 3077 343 3133 sit
358 3077 543 3149 disputatum,
560 3077 653 3144 idest,
669 3075 802 3149 perituris
815 3091 927 3148 poenam
937 3049 982 3130 αι
1000 3092 1064 3133 inus
1078 3075 1108 3132 iu
1120 3076 1233 3132 laudem
1246 3076 1344 3148 gloriae
1359 3077 1422 3148 ejus
1431 3094 1492 3146 nos,
1505 3078 1553 3149 qui
1563 3078 1768 3152 ante'spsravi·

124 3183 189 3224 esso
206 3165 443 3239 predestinatam,
459 3165 526 3222 audi
549 3165 664 3221 Petrum
679 3164 847 3237 apostolum,
863 3180 927 3220 cum
970 3182 1062 3221 smus
1082 3164 1111 3221 in
1129 3165 1242 3221 Christo
1258 3167 1339 3233 (lbid.
1355 3182 1425 3222 serr.
1446 3165 1536 3237 tlt).
1553 3184 1567 3221 s
1583 3167 1658 3224 audi
1668 3162 1769 3226 secun·

122 3255 237 3314 laturos
249 3255 589 3328 esaepseudoprophetas,
606 3260 635 3310 et
648 3253 798 3325 magistros
814 3253 929 3309 menda·
967 3254 1037 3310 dum
1050 3253 1161 3310 divitias
1179 3254 1278 3326 gratiae
1299 3256 1372 3326 ejus,
1395 3271 1457 3326 qne
1481 3255 1719 3329 superabundavit
1739 3258 1769 3314 in

126 3361 184 3414 ces,
199 3349 230 3401 ot
246 3349 389 3417 apostatas
403 3345 433 3399 in
448 3344 571 3399 Fcclesia
584 3343 662 3411 dicit,
677 3342 751 3399 sicut
764 3343 878 3398 fuerunt
897 3342 927 3398 in
968 3341 1058 3411 nobis,
1070 3343 1099 3399 id
1113 3348 1157 3398 est
1171 3359 1233 3414 quae
1246 3343 1382 3415 praevenit
1398 3360 1458 3412 nos,
1474 3345 1510 3399 ad
1527 3345 1594 3416 quid
1604 3346 1611 3399 l
1623 3351 1656 3402 ut
1668 3351 1769 3403 notum

125 3434 231 3508 populo
245 3434 350 3489 veteri:
364 3452 378 3486 a
393 3432 500 3498 Quibus
510 3432 658 3505 judicium,
674 3431 775 3504 inquit,
789 3431 927 3502 jamolim
967 3430 1073 3487 scilicet
1086 3431 1166 3487 nobis
1181 3432 1286 3487 faceret
1307 3436 1515 3489 sacramentum
1534 3432 1685 3490 voluntatis
1698 3450 1767 3492 ause.

128 3540 216 3580 enon
229 3528 331 3591 cessat,
355 3528 384 3578 st
402 3522 523 3595 perditio
538 3538 635 3577 eorurn
659 3536 716 3576 non
739 3518 874 3576 dormitat
888 3520 929 3588 (ll
968 3520 1102 3591 Nunqnid
1115 3525 1326 3588 meae,auttuae,
1343 3506 1691 3590 autalteiius,utmeritis
1704 3539 1769 3580 con·

126 3630 141 3666 ι
158 3615 231 3669 Patr.
244 3626 273 3680 11,
289 3610 351 3682 3).»
366 3612 438 3667 Item
452 3611 539 3666 ludas
553 3609 696 3683 apostolus
708 3627 714 3663 ι
726 3626 739 3662 a
752 3606 928 3664 Subiutroie·
968 3608 1042 3665 stet‘l
1051 3607 1195 3676 Absit,sed
1202 3625 1336 3680 sueque
1342 3608 1427 3664 etiam
1433 3609 1503 3664 iniis
1510 3626 1580 3682 quos
1589 3610 1769 3682 praedestina·

125 3706 234 3770 tioni,
258 3701 308 3770 sit,
324 3700 439 3772 quidam
453 3699 592 3766 homines,
609 3699 657 3771 qui
680 3698 748 3754 olim
774 3696 928 3770 prescripti
970 3698 1009 3753 vit
1023 3713 1109 3771 opera
1122 3696 1202 3753 bonae
1216 3703 1356 3770 praeparet
1368 3698 1653 3767 voluntatis,utiniis
1667 3699 1768 3758 ambu-

126 3808 142 3844 ι
156 3796 225 3846 sunt
234 3790 264 3845 in
273 3789 326 3844 boc
341 3789 449 3860 judicio
464 3788 553 3860 impii,
568 3788 690 3860 gratiam
704 3786 817 3843 Domini
839 3785 928 3840 nostri
968 3787 1037 3843 lent.
1049 3786 1210 3842 Secundum
1220 3786 1293 3858 quod
1302 3786 1378 3842 idem
1388 3787 1419 3842 in
1433 3787 1531 3842 eadem
1542 3788 1666 3861 Epistola
1679 3789 1765 3846 dicit:

125 3898 141 3934 a
159 3879 360 3936 nausiarentes
371 3878 400 3933 in
415 3878 567 3945 luxuriam,
580 3883 609 3932 et
620 3877 711 3932 solum
721 3875 928 3932 dominatorem
971 3896 982 3928 ι
1000 3875 1098 3930 Gratia
1111 3875 1187 3930 enim
1202 3874 1270 3932 estis
1280 3875 1378 3931 salvati
1391 3893 1442 3949 per
1451 3876 1544 3945 tidem,
1557 3883 1586 3933 et
1599 3877 1652 3934 hoc
1663 3895 1720 3935 non
1734 3895 1768 3936 ex

127 3973 189 4024 eet
201 3968 353 4024 Dominum
367 3973 496 4023 nostrmn
514 3969 611 4023 lesum
633 3971 768 4036 negantes
785 3965 927 4020 Christum
970 3986 981 4017 ι
998 3964 1087 4020 vobis.
1102 3964 1154 4020 Dei
1167 3964 1243 4020 enim
1256 3965 1361 4020 donum
1384 3971 1436 4034 est,
1453 3981 1509 4021 non
1523 3983 1557 4022 ex
1574 3967 1715 4040 operibus,
1735 3975 1768 4025 ut

130 4059 251 4125 stlatis
265 4056 303 4127 l),
326 4080 337 4107 a
364 4058 399 4112 Et
417 4056 553 4111 Dominus
568 4057 597 4110 in
612 4055 762 4124 Evangelio
778 4054 930 4127 peccatori·
972 4068 1038 4107 «ne
1061 4052 1124 4125 quis
1149 4052 1295 4125 glorietur.
1322 4054 1413 4126 Ipsius
1428 4055 1503 4111 enim
1527 4073 1625 4112 sumus
1648 4057 1766 4125 factura,

129 4146 184 4201 bns
200 4167 207 4201 :
226 4146 390 4201 sDiscedite
412 4146 443 4199 in
469 4146 563 4216 ignem
586 4149 732 4210 aternum,
753 4142 801 4214 qui
815 4148 930 4216 paratus
973 4163 984 4195 ι
1001 4142 1087 4197 creati
1103 4143 1132 4197 in
1148 4142 1261 4198 Christo
1276 4143 1305 4197 in
1323 4143 1455 4216 operibus
1476 4143 1565 4214 bonis,
1582 4162 1643 4217 qua
1658 4163 1767 4220 prepa-

129 4240 206 4290 sest
227 4235 338 4290 diabolo
363 4242 392 4289 et
414 4235 522 4305 angelis
547 4234 609 4304 ejus
635 4234 742 4306 (Maltb.
759 4249 823 4299 xxv,
841 4231 896 4302 34).
915 4252 927 4285 i
971 4232 1071 4287 «ravit
1079 4232 1165 4298 Deus,
1180 4231 1312 4287 utinillis
1322 4232 1499 4289 ambulemus
1514 4235 1643 4304 (Ephesi,
1651 4233 1737 4300 eloi.
1753 4256 1765 4288 ι

129 4324 457 4380 Prredestinatisautem:
469 4342 483 4377 s
493 4323 603 4387 Venite,
613 4321 852 4378 benedictiPatris
862 4321 928 4390 mei,
969 4320 1052 4388 nudi,
1070 4338 1083 4373 a
1099 4320 1129 4376 in
1149 4321 1280 4394 operibus
1301 4321 1382 4376 bonis
1397 4310 1458 4394 quse
1472 4322 1638 4395 preparavit
1650 4323 1765 4393 Deus»

129 4429 146 4469 ι
162 4414 296 4486 percipite
312 4400 431 4484 regnum
442 4411 519 4468 vobis
527 4418 658 4484 paratum
669 4410 704 4466 ab
715 4407 999 4481 originemundiDet
1012 4410 1037 4464 si
1055 4410 1122 4482 quid
1138 4416 1167 4464 te
1185 4409 1251 4465 boni
1271 4426 1352 4482 posse
1366 4411 1454 4480 vides,
1471 4427 1523 4482 age
1536 4411 1643 4482 gratias
1657 4428 1766 4486 praepa·

129 4519 146 4559 ι
164 4505 255 4575 (laid,
266 4520 337 4558 ocra.
349 4505 427 4573 ll),i
443 4503 470 4557 id
486 4508 528 4557 est
540 4500 780 4574 praedestinatum.
797 4501 930 4556 Tenenda
969 4498 1043 4554 nanti
1059 4499 1134 4570 quod
1149 4504 1239 4570 potes,
1255 4515 1312 4554 non
1326 4499 1447 4571 proprie
1459 4500 1607 4568 voluntati,
1624 4517 1686 4574 quae
1704 4519 1767 4559 om·

128 4597 175 4648 est
191 4592 278 4664 igitur
302 4593 467 4647 inconcusse
490 4592 575 4663 hujus
598 4590 796 4663 disputationis
819 4591 926 4660 regula,
969 4586 1035 4642 nino
1048 4588 1108 4642 sine
1118 4587 1166 4642 illo
1176 4587 1247 4643 nihil
1262 4593 1355 4659 potest
1367 4587 1416 4659 qui
1429 4586 1514 4642 dicit:
1529 4608 1540 4641 r
1559 4589 1626 4646 Sine
1640 4607 1686 4648 me
1696 4590 1767 4649 nibil

127 4696 191 4753 qne
204 4681 376 4737 testimoniis
390 4682 478 4736 claret
493 4681 711 4753 scripturarum,
722 4683 883 4751 peccatores
897 4679 927 4734 in
971 4694 984 4729 a
998 4676 1115 4749 potestis
1125 4676 1318 4749 laceretloaa.
1333 4689 1391 4744 xlx,
1409 4676 1443 4747 5).
1460 4677 1546 4732 »Noli
1557 4678 1653 4751 itaque
1665 4686 1766 4753 putare

127 4770 211 4831 malis
222 4770 353 4844 propriis,
370 4776 523 4842 antequam
537 4775 632 4825 essent
646 4769 675 4823 in
691 4768 807 4835 mundo,
819 4767 928 4840 praesci-
968 4765 1041 4837 quod
1057 4766 1153 4821 haecet
1168 4765 1331 4837 hujusmodl
1343 4764 1467 4820 dicentes
1480 4764 1600 4823 liberum
1613 4768 1766 4825 voluntatis

127 4861 245 4914 tosesse
258 4862 380 4924 tanturn,
392 4874 449 4912 non
463 4857 693 4929 praedestinatos:
706 4872 818 4928 poensm
832 4860 927 4911 autem
967 4859 1146 4927 amputemus
1162 4853 1321 4922 arbitrium,
1335 4871 1399 4909 cum
1414 4859 1510 4910 umen
1527 4861 1637 4912 constet
1653 4874 1688 4912 ea
1703 4873 1765 4930 que

126 4946 169 5002 eis
193 4963 254 5002 esse
279 4946 510 5019 predestinatam
535 4946 688 5001 secundum
714 4945 789 5017 quod
805 4944 925 5018 praesciti
967 4943 1109 5016 loquimur
1123 4960 1156 4999 ex
1172 4943 1340 4999 auctoritate
1349 4943 1765 5015 divinapendere,vel,utnobis

126 5041 203 5091 sunt.
215 5036 350 5091 Parvulos
361 5051 535 5107 quoquenon
544 5040 657 5090 renatos
666 5051 698 5089 ex
706 5034 925 5106 aqnaetSpiritu
966 5033 1136 5088 calumniam
1155 5031 1286 5104 objicitis,
1301 5032 1376 5103 quod
1389 5032 1530 5105 operando
1544 5031 1615 5088 bene
1628 5033 1762 5104 intentos,

126 5129 234 5193 macto,
243 5125 449 5197 predestinata
467 5141 555 5196 poenae
566 5140 626 5178 esse
637 5123 780 5179 obnoxios.
789 5123 843 5188 Qui
853 5139 925 5195 prae·
965 5127 995 5177 et
1007 5122 1037 5177 in
1048 5122 1100 5178 Dei
1113 5122 1256 5196 proposito
1264 5122 1397 5177 sollicitos
1412 5121 1621 5193 prohibeamus.
1630 5122 1705 5188 Quin
1714 5141 1763 5197 po-

125 5214 191 5270 sciti
197 5219 273 5281 sunt,
288 5230 345 5269 non
355 5212 475 5286 propriis
490 5212 689 5279 voluntatibus,
705 5228 825 5284 quorum
840 5212 923 5268 nnllae
963 5210 1030 5278 tius,
1047 5210 1095 5282 qui
1105 5228 1136 5266 se
1148 5211 1221 5267 dono
1234 5211 1333 5282 mana
1347 5211 1383 5265 ad
1397 5211 1448 5266 Dei
1460 5211 1681 5267 misericordiam
1697 5230 1762 5269 sen·

126 5302 170 5358 rel
184 5301 314 5358 bonaevel
323 5303 405 5358 malae
414 5307 490 5370 sunt,
500 5302 554 5357 nisi
564 5307 674 5357 tantum
684 5300 713 5355 in
722 5301 789 5356 ndae
798 5305 921 5373 peccato,
964 5301 1039 5356 bunt
1051 5300 1203 5372 pertinere,
1219 5300 1367 5356 hortamur
1384 5305 1513 5373 oportere
1525 5299 1687 5358 incumbere
1702 5319 1764 5359 ora·
1807 5300 1818 5306 “

126 5391 202 5464 quod
214 5397 325 5447 traxere
337 5398 493 5459 nascentes,
514 5397 543 5446 et
561 5391 591 5446 in
606 5391 659 5445 hoc
673 5396 820 5445 manentes
833 5390 924 5445 solve·
963 5388 1096 5457 tionibus,
1106 5389 1233 5460 jejuniis,
1246 5389 1356 5461 vigiliis,
1370 5389 1505 5461 omnique
1519 5390 1597 5462 operi
1610 5390 1764 5453 voluntatis

125 5486 311 5555 rnnttempus
322 5480 385 5537 rite
395 5480 549 5554 presentis.
562 5478 635 5545 Quid
645 5478 839 5549 enimjustitia
848 5477 924 5534 deils
964 5478 1074 5534 divine.
1090 5477 1299 5534 Praedestiustis
1308 5477 1384 5533 euim
1398 5477 1468 5534 dicit
1478 5480 1640 5552 Apostolus,
1647 5487 1764 5540 cuma

124 5570 221 5642 ledat,
237 5568 338 5644 quibus
361 5569 622 5628 misericordianon
636 5566 775 5637 subvenit,
791 5567 839 5640 qui
853 5583 926 5641 pura
965 5565 1363 5642 mengensmlesitquodilli
1379 5566 1641 5634 dicitursebristo
1654 5572 1763 5648 prede·
