3772 6120
119 261 184 317 lull
411 258 442 314 u.
463 257 599 313 RABANI
618 257 734 338 ninum
753 254 921 313 nuuulup.
943 251 1105 310 Mouunu.
1128 251 1276 309 OPERUM
1296 213 1389 307 13}le
1407 250 1459 307 111.
1694 247 1758 305 ima

118 386 176 453 nio,
193 402 238 441 res
248 400 413 457 pauperum,
421 385 565 439 ariminus
571 385 737 455 potentium,
753 399 857 451 emere,
868 386 917 436 aut
926 381 953 441 Α
963 380 1097 452 scriptum
1111 384 1171 435 est:
1192 379 1246 444 Qui
1259 376 1416 433 voluntarie
1429 373 1615 430 homicidium
1636 371 1759 441 taam,

118 476 216 530 tollere
231 474 334 529 audeat
350 492 356 527 :
375 474 422 528 sed
431 474 558 544 quisquis
573 475 658 529 exeis
672 473 777 546 aliquid
806 488 919 543 compa·
961 469 1133 541 poenitentiae
1148 467 1262 540 quidem
1266 466 1374 537 jugiter
1387 483 1418 521 se
1430 463 1611 530 submittant,
1620 463 1762 534 perlectio-

118 581 182 618 rare
195 563 324 631 voluerit,
333 564 363 617 in
378 562 487 634 publico
503 563 606 634 placito
620 580 714 618 coram
730 563 837 617 idoneis
862 568 920 615 tes·
961 575 1025 612 nem
1040 574 1106 611 vero
1117 557 1190 611 circa
1203 557 1266 610 vitm
1281 555 1385 609 exitum
1408 558 1632 625 consequantur.
1646 552 1679 608 lu
1701 568 1761 608 con·

117 653 193 708 tibus
204 659 232 708 et
247 670 310 707 cum
332 653 441 707 ratione
455 654 508 707 hoc
521 653 606 707 saciat
621 672 627 710 :
641 654 809 724 ubicumque
825 658 920 705 autem
962 648 1025 701 cilio
1039 663 1105 701 voro
1126 645 1290 716 Agathcnsi,
1306 661 1367 715 cap.
1379 640 1425 709 37,
1436 643 1472 697 de
1501 641 1652 697 homicidis
1664 645 1694 695 et
1710 641 1760 696 fal-

119 741 202 798 aliter
216 741 360 797 inventurn
373 742 457 797 suerit
481 742 596 809 sactum,
611 743 664 796 hoc
688 742 803 796 omnino
828 756 922 795 omon-
962 738 1000 791 sis
1015 735 1134 791 testibus
1153 735 1193 788 ita
1212 733 1315 804 legitur
1331 734 1448 804 :itaque
1471 731 1638 787 censuimus
1652 730 1760 786 homici-

119 831 180 886 dari
199 848 250 903 per
268 831 374 902 regiam
385 831 514 886 convenit
529 832 695 902 jussionem.
962 827 1013 880 das
1041 831 1069 879 et
1095 824 1180 879 salsos
1201 829 1287 878 testes
1309 839 1327 877 a
1354 820 1555 876 commuuione
1580 819 1761 875 ecclesiastice

121 957 187 1012 (ian.
201 957 275 1012 xlx.
287 985 319 998 -
336 959 372 1011 lle
384 957 426 1011 bis
437 959 487 1026 qui
500 959 536 1010 od
558 957 765 1010 statuertemlom
776 957 919 1024 iristitiam
962 913 1176 1015 SUb¹T¹⁰v⁰nfi⁰ffi
1186 917 1429 1013 ,⁰¹⁸¹poenftenuae
1436 910 1636 1011 &mmm
1646 924 1761 1010 ‚mmm

383 1044 501 1082 ,numm
514 1031 665 1097 accipiam·
960 1005 1083 1059 admissa
1092 1002 1236 1057 diluerunt.
1247 1002 1353 1056 ltemm
1365 1000 1485 1055 conciho
1493 998 1665 1070 Agathenm,
1675 1014 1699 1053 c.
1715 996 1757 1062 62,

961 1093 1096 1165 scriptum
1115 1099 1158 1147 est
1171 1092 1258 1146 dehis
1272 1091 1320 1163 qui
1344 1106 1439 1146 servos
1460 1087 1682 1160 extraljudiocm
1713 1103 1760 1144 ne-

961 1188 1026 1238 cant
1050 1181 1184 1253 :Siquis
1208 1196 1319 1236 servum
1343 1179 1489 1251 proprium
1509 1178 1574 1232 sine
1598 1177 1763 1233 conscientia

962 1271 1068 1326 biennii
1082 1275 1194 1326 reatum
1205 1268 1350 1341 sanguinis
1366 1266 1545 1323 emundabit.
1571 1268 1644 1323 item
1659 1266 1689 1321 in
1703 1282 1762 1322 ccu-

962 1361 1025 1415 cilio
1040 1359 1221 1426 Eliberiteno,
1239 1375 1300 1429 cap,
1321 1356 1347 1423 5,
1370 1357 1508 1428 scriptum
1524 1360 1572 1410 est
1600 1355 1636 1412 de
1656 1356 1763 1411 domina

963 1465 1083 1522 quaeper
1095 1449 1184 1504 zelum
1199 1447 1329 1502 ancillam
1345 1462 1426 1502 suam
1435 1445 1575 1501 occiderit
1590 1463 1597 1498 :
1613 1445 1644 1501 Si
1665 1460 1719 1516 qua
1729 1444 1764 1500 le·

962 1540 1041 1594 mina
1058 1539 1153 1593 surore
1171 1537 1223 1593 zeli
1251 1552 1367 1591 accensa
1396 1535 1520 1606 flagellis
1549 1532 1764 1589 verbaveritan-

932 1615 1060 1682 Boillam
1072 1644 1161 1692 suam,
1176 1627 1216 1681 ita
1230 1626 1342 1681 utintra
1349 1625 1466 1680 tertium
1479 1623 1559 1679 diem
1572 1624 1764 1678 animamcun

316 1703 382 1756 Cli·
393 1702 454 1755 XX·
465 1732 493 1742 ··
506 1703 541 1756 ⁰⁶
556 1704 722 1770 llal‘rl'ssf‘il's·
967 1717 1092 1771 cruciatu
1107 1715 1241 1778 effundat,
1258 1730 1290 1768 eo
1301 1713 1375 1784 quod
1386 1713 1528 1767 incertum
1537 1712 1764 1767 siteoluntatean

157 1809 343 1865 Parricidium
359 1813 455 1863 autem
471 1824 556 1880 quam
575 1809 613 1862 sit
627 1807 792 1863 detestabile
808 1808 925 1873 crimen,
967 1823 1032 1861 casu
1047 1804 1179 1860 occiderit
1194 1803 1233 1858 :si
1245 1803 1398 1868 voluntate,
1408 1799 1639 1873 postseptimum
1646 1816 1766 1874 anuum

122 1897 271 1969 injudicio
286 1897 443 1952 iactointer
463 1897 532 1950 Cain
560 1902 589 1950 et
608 1897 678 1950 Abel
703 1897 818 1951 fratrem
841 1912 924 1951 suum
967 1895 991 1950 si
1005 1911 1082 1960 casu,
1095 1891 1339 1966 perquinquennii
1353 1895 1565 1963 temporaacte
1579 1888 1765 1961 legitimapoe·

122 1984 262 2041 Dominus
276 1986 399 2040 ostendit
412 1984 481 2057 ipse,
492 2002 555 2040 cum
567 1985 602 2039 ad
614 1985 682 2040 Cain
687 1985 856 2057 parricidam
862 1984 902 2039 ait
913 2003 920 2052 3
965 1984 1095 2049 nitentia,
1106 1981 1141 2037 ad
1153 1981 1380 2036 communionem
1396 1978 1641 2050 pincuitadmitti.
1657 1977 1734 2043 Quod
1745 1978 1765 2033 a'

124 2074 313 2130 «Maledictus
342 2075 397 2128 eris
422 2091 507 2146 super
535 2079 648 2140 terram,
675 2092 736 2146 quae
757 2075 867 2146 aperuit
891 2091 923 2128 os
963 2069 1420 2143 verointmtcmporaconstituta
1437 2068 1528 2123 fucrit
1548 2066 1704 2135 infirmata,
1724 2081 1762 2122 ae·

124 2183 137 2214 ι
154 2180 246 2230 suum,
263 2169 292 2218 et
303 2162 426 2234 suscepit
437 2162 602 2233 sanguinem
612 2162 706 2217 fratris
721 2163 763 2218 tui
774 2163 808 2216 de
836 2178 922 2217 manu
963 2162 1049 2234 cipiet
1062 2161 1299 2216 communionem.

125 2259 221 2307 utun:
239 2269 303 2308 cum
327 2259 458 2324 operatus
480 2252 566 2306 fucris
589 2269 661 2320 cam,
685 2268 742 2307 non
765 2251 844 2307 dabit
869 2251 921 2307 tibi
999 2288 1063 2342 cm
1079 2286 1179 2341 xxm·
1197 2296 1229 2327 ..—
1249 2287 1285 2340 De

156 1135 210 1200 Qui
223 1133 552 1189 veroadsubvertendam
565 1133 705 1204 Justitiam
714 1150 731 1187 a
741 1131 920 1187 duobusmu-

121 1240 191 1280 nera
204 1223 354 1295 accipiunt,
369 1223 421 1277 hoc
435 1229 478 1277 cst
492 1222 526 1277 ab
541 1239 573 1276 co
587 1223 635 1294 qui
651 1222 725 1293 quod
738 1221 790 1276 sibi
815 1221 920 1292 injuste

120 1313 245 1368 ablatum
255 1318 299 1367 cst
308 1313 384 1383 juste
398 1312 525 1383 requirit,
542 1317 569 1366 et
591 1310 626 1365 ab
636 1327 669 1366 co
697 1310 745 1382 qui
763 1310 860 1364 eedem
880 1310 922 1364 in-

117 1404 194 1472 juste
208 1401 318 1466 invasit,
335 1400 504 1455 admonendi
518 1400 734 1454 suntetfortitcr
747 1398 919 1471 increpandi.

120 1505 156 1546 ne
170 1505 289 1560 regnum
302 1488 415 1555 Christi,
432 1488 506 1560 quod
519 1487 650 1542 omnibus
665 1489 741 1557 juste
756 1485 921 1541 iacientibus

120 1583 207 1652 patet,
224 1576 277 1632 sibi
286 1578 345 1632 sinc
359 1577 419 1632 ulla
428 1576 626 1632 retractatione
639 1577 793 1631 secludant.

1299 2284 1459 2339 liomieidiis
1478 2299 1540 2338 non
1554 2287 1651 2353 sponte
1664 2299 1733 2338 eom·

126 2345 137 2393 i
155 2341 262 2396 fructus
275 2358 341 2397 auos
358 2358 463 2412 :vagus
476 2348 505 2396 et
519 2341 655 2413 profugus
683 2341 737 2395 evis
760 2358 845 2412 super
867 2347 922 2396 ter·
1308 2357 1409 2410 mim,

127 2446 223 2486 nram.
244 2430 475 2502 »lnquoetiam
502 2431 595 2502 posuit
617 2430 740 2500 signum,
757 2430 815 2530 ‘hoc
836 2435 924 2486 estut
1000 2466 1032 2521 In
1047 2465 1164 2521 concilio
1183 2464 1341 2536 Ancyram,
1357 2478 1419 2532 cap‘
1438 2458 1484 2528 ῃ,
1511 2459 1655 2533 scripmm
1668 2464 1710 2515 m
1733 2457 1762 2515 de

123 2526 246 2576 tremens
261 2525 414 2591 ctgemens
441 2519 576 2591 profugus
604 2535 716 2591 semper
739 2524 853 2586 viveret,
869 2536 920 2574 nec
961 2553 1300 2625 homicidiisnonspome
1316 2548 1594 2621 commissis.pri⁰r
1608 2547 1763 2621 quidem

123 2608 241 2663 auderet
253 2608 333 2663 sedes
347 2607 450 2662 habere
460 2611 582 2680 quietas
600 2608 654 2663 Sed
670 2607 921 2680 quiainmodernis
963 2645 1054 2700 finitio
1089 2649 1133 2699 ost

123 2696 296 2769 temporibus
311 2696 449 2769 parricide
461 2696 570 2769 profugi
588 2703 706 2752 currunt
730 2714 781 2768 per
802 2696 921 2764 diversa,
1070 2662 1087 2716 p

125 2789 152 2841 et
164 2786 250 2840 variis
263 2785 338 2841 vitiis
350 2791 435 2858 atquc
446 2786 520 2857 gula¹
531 2785 670 2842 illecebris
683 2786 853 2853 deserviunt,
869 2802 925 2842 me·

124 2874 180 2929 lius
191 2873 388 2929 nobisvidctur
400 2880 434 2930 ut
445 2875 540 2930 inuno
553 2875 613 2930 loco
627 2880 773 2930 manentes
788 2875 926 2948 poeniten-

124 2962 165 3017 tia
179 2963 306 3018 districta
319 2963 637 3036 semeptisoscastigcnt,
657 2964 680 3018 si
696 2964 837 3019 aDomini
847 2931 954 3019 boni·c
1000 2969 1065 3022 cin.
1085 2963 1184 3020 XXIV.
1200 2992 1232 3005 -
1248 2963 1284 3018 De
1298 2963 1392 3018 occisis
1404 2962 1579 3030 presbyteria
1593 2961 1629 3015 in
1642 2959 1730 3029 pmdu

124 3055 183 3106 tate
211 3051 386 3122 indulgentia
406 3051 537 3106 facinoris
563 3051 607 3106 sui
623 3053 767 3125 percipere
795 3070 923 3109 merean-
1311 3035 1418 3103 immi·

123 3145 181 3195 tur.
196 3139 259 3193 Non
269 3139 343 3194 enim
353 3140 393 3194 cis
408 3139 502 3195 licebit
514 3140 590 3195 ultra
603 3140 710 3195 militiae
723 3141 867 3213 cingulum
877 3159 925 3197 su·
1001 3144 1056 3210 Qui
1068 3141 1265 3217 presbyterum
1279 3139 1390 3206 occidit,
1413 3136 1569 3194 duodecim
1593 3135 1763 3193 mnommei

124 3244 210 3316 merc,
227 3233 256 3283 et
268 3228 374 3300 nuptiis
388 3228 431 3282 vel
450 3228 588 3300 conjugiis
614 3229 750 3302 copulari,
766 3230 832 3302 quia
851 3230 923 3286 sacri
965 3233 1131 3309 poenitentia
1143 3230 1298 3287 secundum
1311 3233 1419 3285 sumta
1430 3227 1561 3299 priorum
1588 3226 1762 3300 imponetur,

123 3333 245 3373 canones
255 3317 356 3372 hoceis
370 3333 427 3372 non
437 3317 627 3376 consentiunt·
964 3329 1014 3380 aut
1029 3321 1216 3405 si'negavem,
1240 3320 1264 3374 si
1279 3318 1349 3372 liber
1362 3323 1415 3384 est,
1426 3333 1494 3371 cum
1515 3315 1672 3373 duodecim
1680 3316 1762 3387 June:

159 3423 225 3480 (iar.
246 3425 773 3496 XX1.-1)emolieriousquaeparius
787 3443 849 3481 5120,
875 3443 924 3481 m.
964 3414 989 3469 si
1002 3417 1098 3468 autem
1114 3426 1219 3476 servus,
1235 3424 1286 3482 per
1305 3405 1453 3462 duodecim
1480 3420 1617 3460 vomeres
1638 3404 1766 3459 fervente

487 3502 560 3551 wlti-
964 3519 994 3558 se
1004 3505 1115 3574 purget.
1127 3498 1275 3555 Convictus
1283 3512 1347 3551 vero
1361 3511 1449 3561 noxae,
1458 3509 1553 3566 usque
1579 3493 1618 3549 ad
1643 3493 1764 3562 ultimum

158 3604 199 3659 De
208 3602 375 3659 mulieribus
390 3619 452 3675 quae
462 3602 636 3658 iomicantur
646 3609 674 3658 et
683 3609 781 3675 partus
796 3618 861 3657 suos
876 3619 925 3657 ne·
964 3593 1027 3647 Viiae
1041 3596 1143 3662 t0¹¹P¹¹⁸
1158 3587 1266 3643 militi&
1290 3585 1435 3657 cinssfflum
1455 3582 1597 3655 delmati
1616 3588 1765 3639 02¹1¹⁰m

122 3698 197 3760 caut,
213 3693 256 3748 vel
270 3708 332 3765 quae
346 3697 434 3764 agunt
444 3709 539 3748 secum
554 3697 587 3746 ut
605 3699 685 3747 utero
704 3696 851 3764 conceptos
877 3709 921 3746 ex·
962 3680 1084 3740 amittat·

123 3782 240 3849 cutiant,
253 3783 371 3854 antiqua
385 3781 498 3854 quidem
510 3781 636 3836 definitio
660 3797 750 3854 usque
765 3780 800 3835 ad
815 3781 921 3836 exitum
999 3789 1064 3844 cip.
1075 3784 1161 3841 XXV.
1174 3814 1207 3825 -
1222 3785 1258 3839 De
1269 3782 1436 3852 presbyteris
1455 3785 1520 3848 post
1540 3780 1763 3849 depredationem

123 3870 186 3925 vitae
201 3886 248 3925 cas
259 3869 294 3924 ab
309 3871 426 3926 ecclesia
434 3875 569 3937 removet,
582 3871 732 3924 humanius
740 3876 835 3924 autem
849 3885 923 3924 nune
1218 3936 1222 3948 ¹
1312 3855 1415 3907 Occisi&

123 3957 273 4015 definimus
283 3965 315 4013 ut
330 3960 354 4013 ei
368 3961 465 4013 decem
488 3975 627 4014 annorum
643 3966 754 4030 tempus
768 3957 921 4012 secundum
999 3963 1168 4020 Nuntiatum
1183 3966 1227 4017 est
1251 3958 1331 4015 nobis
1350 3958 1425 4030 quod
1440 3958 1531 4030 aliqui
1547 3958 1601 4030 qui
1616 3957 1684 4012 olim
1700 3955 1764 4011 due

1160 2646 1325 2714 septennem
1350 2638 1553 2713 poenitentiam
1576 2637 1765 2711 perlectionem

965 2733 1098 2805 consequi
1106 2731 1253 2804 praecepit3
1268 2729 1391 2786 secunda
1405 2744 1481 2796 vero,
1498 2726 1692 2801 quinquennii
1701 2731 1762 2784 tem·

964 2822 1142 2894 pusexplere.

123 4049 359 4117 prmsvxosgradus
369 4048 540 4119 poenitentiae
556 4048 702 4118 largiatur.
716 4049 787 4102 item
798 4047 827 4102 in
858 4062 922 4102 con·
963 4061 1029 4109 runt
1043 4070 1072 4108 se
1088 4052 1173 4107 fuisse
1189 4050 1357 4115 sacerdotes,
1387 4052 1417 4101 et
1429 4052 1530 4119 postea
1547 4045 1698 4118 degradati
1719 4059 1763 4115 pro

123 4135 187 4190 cilio
204 4134 385 4204 Eliberitano,
406 4153 466 4208 cap.
483 4134 527 4201 63,
545 4136 679 4207 scriptum
696 4142 739 4189 est
753 4136 787 4189 do
802 4136 845 4189 his
860 4152 921 4206 quae
961 4144 1019 4198 suis
1033 4142 1163 4214 peccatis,
1178 4137 1372 4212 poenitentiam
1384 4135 1494 4207 agendo
1510 4135 1650 4207 suffragia
1664 4137 1762 4189 saumu-

123 4222 195 4279 fllios
206 4240 238 4279 cx
249 4225 387 4279 adulterio
408 4231 526 4279 necant:
544 4225 573 4280 Si
594 4242 649 4296 qua
675 4242 724 4296 per
751 4225 1025 4319 adulteriumDrum
1040 4248 1090 4302 per
1107 4231 1217 4284 diversa
1231 4228 1292 4282 loca
1313 4230 1495 4280 transeuntes
1509 4225 1696 4296 quaesierunt,
1709 4228 1761 4277 tm

122 4315 291 4385 conceperit,
306 4315 391 4386 idque
406 4320 470 4386 post
484 4315 591 4369 lacinus
606 4314 747 4382 occiderit,
764 4314 868 4386 placuit
877 4315 920 4368 vix
961 4320 1128 4375 cidntisnnt.
1144 4314 1345 4388 Hujuscemodi
1367 4311 1621 4368 interrectionibus
1632 4309 1760 4384 [Fericiu-

123 4403 153 4457 in
168 4403 223 4456 siue
233 4404 258 4457 ei
271 4403 281 4473 [
295 4404 320 4457 ci
331 4421 382 4458 nec
395 4404 423 4458 in
436 4403 504 4476 sine]
524 4404 646 4457 dandam
670 4421 730 4458 csse
749 4404 921 4458 communio-
960 4407 1167 4478 terfectoribus]
1179 4421 1291 4461 omnem
1309 4400 1528 4457 ecclesiasticam
1538 4400 1759 4456 communionem

124 4505 199 4558 nem,
211 4507 244 4545 eo
259 4492 332 4562 quod
357 4492 543 4563 geminaverit
568 4493 667 4547 scelus.
679 4494 750 4547 item
761 4493 788 4547 in
804 4493 920 4547 concilio
962 4499 1143 4569 denegamus,
1159 4495 1247 4550 donec
1263 4490 1585 4564 dignampoenitentiam
1608 4507 1660 4563 pro
1687 4491 1757 4543 reeb]

123 4580 269 4647 ilerdensi,
285 4598 346 4652 cap.
359 4581 385 4648 ⁶2,
401 4582 536 4653 scriptum
561 4589 604 4636 ost
619 4583 653 4636 de
665 4583 708 4636 liis
719 4599 779 4653 quae
791 4583 860 4654 [qui]
876 4582 922 4636 ab·
962 4605 1013 4643 suo
1025 4585 1179 4642 secundum
1191 4582 1329 4655 judicium
1344 4578 1541 4653 episcoporum
1557 4579 1711 4634 exsolvant.

124 4674 217 4723 ortum
232 4670 346 4736 taciunt,
360 4672 403 4725 vel
425 4677 506 4725 natos
531 4687 595 4725 suos
612 4671 782 4741 exstingunt.
804 4672 840 4725 lli
856 4689 921 4727 vero
998 4714 1054 4767 CM,
1080 4711 1167 4766 XXVI
1196 4738 1228 4751 -
1238 4711 1274 4764 De
1287 4708 1410 4775 infirmis
1429 4708 1461 4759 in
1479 4707 1609 4775 periculo
1632 4705 1726 4759 „wrm

124 4758 257 4829 quimale
275 4766 423 4831 conceptos
444 4777 477 4814 ex
499 4760 637 4814 adulterio
655 4761 737 4824 fctuS,
763 4760 804 4814 vol
833 4761 922 4815 editos
1057 4753 1063 4766 ⁶
1173 4751 1179 4766 '
1278 4779 1444 4833 commun„

121 4862 223 4903 nemra
233 4849 402 4914 studuerint,
418 4850 461 4903 vel
476 4850 505 4903 in
520 4849 662 4905 ventribus
687 4854 809 4903 matrum
834 4851 922 4921 potio-

122 4937 204 4992 nibus
215 4938 354 5009 aliquibus
369 4937 530 5002 colliserint,
542 4939 572 4991 in
580 4944 699 5010 utroquo
711 4955 777 4992 sexu
787 4938 921 4993 adulteris

120 5034 185 5098 post
194 5033 302 5098 septem
314 5044 451 5082 annorum
459 5027 628 5099 poenitentiae
642 5028 781 5083 curricula
793 5045 920 5083 commu·

122 5115 168 5170 nio
179 5116 329 5184 tribuatur,
344 5117 385 5171 ita
395 5122 491 5171 tamen
498 5122 530 5171 ut
543 5117 619 5171 omni
633 5123 759 5191 tempore
780 5117 842 5172 vitae
862 5136 920 5173 suae

122 5204 234 5260 fletibus
248 5212 277 5261 et
291 5206 444 5261 humilitati
458 5205 600 5261 insistant.

998 4890 1040 4945 nb
1054 4888 1174 4944 infirmis
1187 4888 1217 4942 in
1227 4885 1326 4942 mortis
1340 4882 1464 4955 periculo
1490 4883 1594 4954 positis
1615 4899 1668 4956 per
1688 4895 1753 4954 pres·

962 4978 1156 5051 byterospura
1177 4975 1398 5049 inquirendaest
1419 4973 1569 5040 confessio,
1593 4990 1652 5030 non
1668 4978 1752 5028 tenen

960 5068 1016 5123 illis
1036 5067 1207 5139 imponenda
1225 5064 1367 5137 quantitas
1381 5062 1569 5135 ponitentiae,
1587 5063 1639 5118 sed
1656 5062 1753 5119 iuncte

961 5157 1184 5225 scenda,etcum
1198 5154 1353 5210 amicorum
1373 5151 1559 5218 orationibus,
1584 5157 1615 5207 ct
1640 5152 1751 5208 eleeme-

411 5315 420 5327 ν
642 5316 673 5328 ..
699 5317 715 5327 ..
960 5262 1094 5317 synamm
1109 5244 1209 5301 studiis
1222 5244 1332 5317 pondus
1347 5241 1520 5314 paenitentiae
1531 5240 1748 5298 sublevandum:

290 5314 355 5369 cip·
372 5314 460 5370 XXII·
471 5344 504 5355 “
520 5316 557 5369 ⁰⁰
571 5315 738 5369 '‘⁰'’2md'2‘5·
959 5342 991 5388 ut
1009 5335 1033 5388 si
1043 5335 1115 5390 forte
1131 5332 1322 5406 migraverint,
1339 5347 1375 5386 ne
1389 5330 1506 5402 obligati
1536 5330 1749 5389 excommunice-

155 5418 186 5471 ln
202 5419 318 5473 concilio
332 5422 490 5491 Ancyrano,
509 5437 568 5491 cap.
584 5419 628 5476 21.
645 5420 681 5474 de
708 5420 855 5476 homicidis
880 5422 916 5478 ita
958 5423 1044 5490 tione,
1062 5424 1146 5479 alieni
1165 5440 1198 5479 ex
1217 5420 1356 5479 consortio
1382 5420 1451 5475 bene
1477 5421 1551 5477 nan
1564 5421 1664 5493 [Forte
1692 5415 1748 5475 obli·

155 5532 166 5564 ¹
182 5524 230 5579 Est
246 5539 334 5580 canon
345 5525 381 5584 20
395 5527 504 5583 concilii
514 5514 664 5600 ancyrani.
