3772 6120
159 307 231 373 uss
459 301 1433 371 amsammomnnonrsr.uooomorceuumss
1451 256 1529 370 ιιι.Ι
1732 298 1801 360 isso

146 436 244 495 aliter
261 442 357 494 autem
371 437 428 494 Deo
442 437 554 512 placere
567 452 624 493 non
639 448 797 510 possamus,
811 439 878 510 quis
895 439 1196 510 sineAprincipotum
1204 438 1265 491 sine
1273 439 1353 508 cujus
1364 426 1536 510 perfectione
1542 435 1615 491 nibil
1622 436 1683 491 Deo
1691 435 1801 507 placere

159 526 216 584 ilde
225 527 398 600 impossibile
412 534 456 583 est
466 527 524 583 lieo
545 526 665 600 placere.
682 527 754 582 Vera
768 528 843 582 enim
859 528 957 584 beatius
998 542 1079 599 possa
1091 528 1193 581 Paulus
1202 529 1345 598 apostolus
1356 531 1478 582 testatur
1489 545 1496 580 :
1507 527 1557 599 qui
1568 540 1620 580 nec
1632 525 1798 596 martyrium

158 623 212 685 est,
228 618 277 690 qui
291 620 321 673 et
339 620 416 672 recte
436 615 575 672 credendo
594 616 665 672 bene
681 616 749 671 risit
765 632 771 670 t
787 619 817 671 et
831 617 956 672 bens·ri-
999 628 1050 673 nec
1063 617 1156 671 saculi
1171 621 1363 687 contemptum
1377 630 1429 672 nec
1452 616 1699 686 eleemosynarum
1719 613 1800 685 largi-

157 705 248 762 rendo
262 704 346 762 iidem
361 710 466 761 rectam
476 706 607 761 custodit.
620 706 710 777 Igitur
724 706 797 760 sicut
810 706 901 761 otiosa
914 714 959 761 est
996 705 1103 760 tionem
1117 706 1177 760 sine
1200 706 1345 760 charitatis
1370 706 1460 760 cilicio
1484 702 1642 776 quidquam
1667 704 1799 774 prolicere

157 795 228 851 lides
241 795 444 868 sincopcribus
458 795 547 859 bonis,
564 795 604 849 ita
625 794 695 850 ninii
710 795 859 866 proliciunt
872 810 956 866 opera
998 808 1079 866 posse
1092 795 1224 849 ostendit.
1246 792 1325 849 Unde
1349 796 1378 849 et
1400 794 1460 866 ipse
1476 792 1613 849 Dominus
1640 792 1798 863 aquodam

159 883 233 939 bona
245 880 306 939 sine
320 884 375 941 ilde
389 891 475 940 recta.
493 882 572 940 Unde
591 889 619 939 et
644 884 742 939 beatus
756 883 877 939 lacobus
891 898 957 955 epe
997 883 1095 939 sonos
1103 884 1292 955 interrogatus
1299 882 1373 955 quod
1379 890 1454 938 esset
1461 880 1797 943 mandatummaximum,

111 992 120 1013 ι
157 972 248 1029 stolus
261 972 331 1028 dixlt
347 993 353 1028 :
372 972 469 1039 «Quid
481 972 616 1044 proderit,
632 973 734 1028 iratres
752 973 818 1039 mai,
834 974 858 1027 si
871 970 956 1028 fldem
996 971 1163 1042 respondite
1182 969 1314 1041 «Diliges
1327 971 1479 1025 Dominum
1494 971 1585 1025 ὓιιιιιι
1595 975 1680 1025 tuum
1694 984 1728 1023 ea
1741 972 1797 1023 toto

158 1063 221 1136 quis
233 1059 310 1117 dicat
321 1078 351 1117 se
366 1060 570 1134 ualereopers
584 1065 678 1116 autem
693 1062 755 1133 ipsa
767 1076 824 1116 non
838 1061 956 1116 lrabeat?
996 1061 1079 1114 corde
1094 1066 1152 1119 tuo.
1169 1066 1198 1114 ct
1212 1064 1316 1114 estote
1335 1061 1429 1113 unirna
1447 1066 1507 1126 tua,
1522 1065 1552 1114 et
1574 1074 1607 1113 cx
1630 1058 1693 1113 tota
1706 1062 1797 1113 mente

154 1150 226 1222 (loc.
241 1166 268 1216 n,
279 1149 331 1220 iil.
351 1148 517 1222 »Numquid
531 1151 633 1222 poterit
655 1150 724 1205 ddes
748 1150 854 1205 salvare
868 1152 955 1206 cum?
997 1153 1076 1209 tuas
1089 1149 1197 1203 addidit
1206 1163 1316 1220 quoque
1326 1151 1480 1203 secundum
1491 1149 1583 1203 simile
1590 1149 1667 1215 huic,
1681 1146 1797 1218 sdidges

156 1237 239 1295 Fides
252 1241 314 1295 sine
329 1239 460 1312 operibus
481 1244 593 1294 monus
607 1243 659 1293 est.
676 1239 840 1293 sicutenim
853 1252 955 1311 corpus
996 1238 1154 1308 proximum
1166 1241 1245 1291 tuum
1257 1238 1329 1292 sicut
1342 1238 1474 1308 teipsum.
1491 1238 1523 1292 in
1538 1237 1582 1290 liis
1596 1235 1710 1291 duobus
1720 1250 1796 1291 man-

156 1328 218 1385 slne
229 1329 331 1400 spiritu
346 1336 391 1384 est
403 1335 556 1394 mortuum,
574 1329 651 1382 itaet
664 1326 734 1382 fides
748 1328 809 1381 sins
824 1328 954 1400 operibus
995 1326 1068 1381 datis
1078 1326 1189 1381 totalex
1200 1326 1303 1396 pendet
1313 1331 1341 1381 et
1350 1326 1611 1397 prophetatiiottl.
1625 1336 1691 1391 xxti,
1711 1324 1767 1389 ott.
1783 1346 1794 1378 ι

156 1420 341 1473 mortuaest!
354 1415 438 1473 iidem
452 1423 518 1473 ante
533 1417 627 1471 omnin
639 1421 744 1471 rectam
754 1421 783 1471 et
792 1416 954 1472 immacula-
995 1415 1075 1480 Quod
1086 1415 1210 1480 verbali,
1224 1435 1237 1466 ι
1249 1428 1282 1469 ex
1295 1418 1355 1469 toto
1370 1415 1463 1479 corde,
1479 1421 1508 1468 et
1522 1430 1556 1468 ex
1573 1416 1637 1469 toto
1650 1414 1755 1479 anima,
1770 1422 1795 1468 st

156 1512 216 1562 um
230 1520 343 1562 necesse
358 1510 402 1561 est
425 1502 528 1561 habere
547 1510 595 1560 :et
616 1506 769 1560 secundum
789 1506 954 1577 Apostollcsa
995 1516 1029 1558 ex
1042 1504 1103 1558 tots
1117 1504 1221 1568 mente,
1233 1522 1246 1557 r
1258 1505 1286 1558 id
1299 1507 1350 1567 est,
1371 1507 1432 1558 toto
1452 1504 1607 1570 intellectu,
1623 1506 1687 1557 tota
1705 1502 1795 1559 rotm-

156 1594 343 1651 institutlonls
359 1610 486 1650 normam
498 1595 655 1667 symbolum
671 1610 689 1649 a
706 1595 810 1648 sanctis
825 1594 954 1649 Patribus
995 1597 1053 1647 tate
1066 1596 1136 1648 etex
1160 1594 1236 1647 omni
1259 1594 1394 1647 memoria
1417 1590 1507 1647 Deum
1530 1608 1592 1647 csse
1612 1592 1793 1663 diligendum,

156 1683 340 1740 constitutum
355 1685 518 1738 memoriter
527 1670 639 1745 tenere,
655 1687 685 1738 ci
711 1683 840 1754 religiose
863 1684 955 1739 uivere
995 1682 1047 1737 Dei
1063 1696 1126 1736 sero
1141 1682 1253 1736 dilectio
1267 1683 1296 1736 in
1312 1682 1505 1736 observatione
1523 1682 1726 1736 mandatotum
1739 1683 1795 1752 elus

156 1773 279 1837 studere,
311 1772 504 1827 hereticorum
524 1773 656 1841 dogmata
678 1773 810 1845 pestilera
832 1773 930 1842 fugere
946 1760 984 1826 :B
994 1776 1054 1826 totu
1065 1772 1200 1837 consistit,
1209 1772 1282 1825 sicut
1291 1787 1376 1842 supra
1384 1771 1468 1825 dicit:
1486 1790 1499 1821 s
1515 1771 1544 1824 Si
1557 1770 1623 1841 quis
1637 1770 1732 1841 diligit
1744 1784 1793 1837 me,

156 1861 348 1917 maledicorum
362 1862 605 1916 etincantatorum
615 1876 722 1916 venena
731 1862 875 1916 mortifera
888 1863 954 1915 bor·
995 1874 1139 1915 sennoncs
1153 1876 1230 1915 ineos
1249 1868 1342 1914 serrat
1362 1863 1451 1926 (ioan.
1470 1872 1524 1924 ιιιι,
1538 1859 1585 1925 lo)
1598 1879 1604 1921 ;
1618 1876 1632 1910 s
1650 1860 1725 1914 unde
1739 1860 1795 1931 ipsa

156 1962 265 2006 tessere
281 1968 287 2003 ι
301 1949 459 2005 divinorum
475 1956 503 2004 et
524 1950 731 2020 sortilegiorum
745 1950 881 2004 nefandas
895 1955 954 2004 tra-
995 1949 1107 2003 Veritas
1121 1944 1186 2002 alibi
1202 1949 1241 2003 ait
1257 1967 1263 2001 :
1285 1967 1298 2000 ιι
1315 1950 1347 2003 ln
1360 1949 1413 2003 hoc
1433 1952 1604 2019 cognoscent
1615 1960 1716 2003 omnes
1734 1949 1794 2019 quit

156 2037 285 2105 ditiones,
299 2052 438 2112 quacum
454 2039 626 2094 demonibus
648 2038 811 2093 societatem
838 2039 951 2101 habent,
995 2039 1126 2092 meiestis
1141 2038 1279 2109 discipuli,
1295 2039 1318 2092 si
1338 2038 1515 2092 dilectionem
1538 2036 1697 2092 imbueritis
1710 2038 1745 2091 ad
1758 2039 1794 2093 ia

155 2128 268 2201 penitus
275 2142 417 2200 respuere,
425 2134 453 2183 at
464 2128 534 2183 nilrli
547 2127 623 2182 aliud
638 2144 723 2200 quam
734 2128 806 2199 quod
817 2128 954 2183 catholica
994 2127 1082 2181 ricem
1094 2130 1184 2194 (loon.
1197 2140 1254 2195 ιιιιι,
1264 2127 1319 2195 35).
1330 2142 1342 2179 ι
1354 2128 1424 2182 item
1444 2128 1610 2198 Apostolus:
1625 2124 1794 2182 «Plenitudo

154 2215 225 2271 ddes
238 2215 344 2283 laudat,
362 2223 448 2280 amet,
464 2216 598 2288 praedicat
619 2218 649 2272 ln
664 2219 758 2271 manis
770 2217 827 2270 sive
851 2217 880 2271 in
892 2232 955 2287 pro
995 2216 1064 2286 legis
1089 2222 1131 2270 est
1160 2216 1272 2270 dilectio
1288 2218 1373 2279 (doris.
1399 2232 1455 2279 ιιιιι,
1472 2217 1526 2283 10).
1550 2234 1563 2269 ι
1588 2216 1662 2271 itam
1678 2217 1794 2272 loannes

153 2302 275 2361 sessione
289 2308 396 2373 tenere,
410 2320 459 2360 sau
474 2305 560 2361 etlam
575 2306 699 2360 moribus
711 2306 868 2360 ostendere.
888 2307 955 2360 Post
995 2304 1167 2375 avangelista
1186 2325 1190 2358 :
1210 2323 1221 2356 ι
1237 2306 1305 2369 Hoc,
1330 2305 1430 2376 inquit,
1444 2305 1612 2359 mandatum
1626 2303 1763 2360 habemus
1779 2315 1794 2360 t

155 2393 227 2450 itanc
255 2408 322 2467 ergo
347 2392 441 2461 iidem,
467 2408 546 2466 spem
574 2395 685 2449 iirmam
709 2394 820 2459 habere,
836 2394 952 2460 discere,
995 2395 1062 2459 Deo,
1075 2401 1107 2448 ut
1122 2394 1169 2464 qui
1184 2394 1275 2463 diligit
1287 2395 1387 2459 Deum,
1403 2394 1503 2465 diligat
1516 2399 1545 2449 et
1558 2392 1752 2465 proximum.»
1767 2396 1793 2450 oi

156 2494 218 2555 quta
231 2482 358 2538 animum
372 2488 500 2538 nostrum
510 2482 546 2537 ad
560 2478 710 2537 invisibilia
719 2481 852 2549 trabiuei
861 2483 954 2537 lntcn-
995 2482 1066 2537 sorte
1081 2483 1395 2555 quislibetquaeratquis
1403 2483 1598 2555 siiproxunus,
1606 2484 1679 2538 sciat
1687 2500 1793 2539 ornnem

91 2638 98 2654 ι
154 2571 262 2628 tionem
287 2574 413 2627 nostram
435 2572 464 2625 in
478 2571 602 2626 colestia
624 2578 653 2626 ct
676 2576 781 2626 eterna
802 2571 911 2638 inserit,
927 2577 956 2625 at
996 2572 1186 2630 Christianum
1211 2577 1285 2626 recte
1305 2570 1462 2643 proximum
1486 2566 1551 2638 dici,
1568 2573 1636 2642 quia
1650 2589 1749 2628 omnes
1766 2575 1793 2628 in

156 2660 362 2732 quodammodo
376 2660 494 2714 nexibus
518 2659 712 2715 insolubilibus
726 2660 805 2730 ligat,
822 2674 883 2732 quse
898 2672 955 2715 non
995 2660 1135 2731 baptismo
1155 2661 1205 2714 iilii
1229 2661 1280 2715 Dei
1301 2661 1518 2725 sanctliicantur,
1534 2666 1567 2716 ut
1578 2654 1684 2716 iratres
1698 2663 1790 2719 sunus

154 2748 268 2822 decipit,
292 2748 342 2804 sed
360 2763 391 2803 se
413 2749 532 2804 fideliter
553 2746 737 2820 obsequentes
762 2750 798 2805 ad
821 2755 955 2804 eternam
996 2746 1161 2820 spirituliter
1175 2751 1204 2804 in
1219 2749 1356 2804 charitate
1371 2750 1501 2821 perlecta.
1515 2750 1645 2805 Nobilior
1657 2757 1702 2806 cst
1714 2761 1792 2822 geue

155 2836 358 2894 beatitudinem
369 2837 705 2910 perducithmoigitur,
714 2838 953 2909 quamvlstngenti
994 2839 1066 2893 ratio
1081 2839 1216 2910 spiritatis
1230 2852 1316 2910 quam
1329 2839 1459 2893 carnalis.
1476 2840 1516 2894 De
1531 2856 1586 2910 qua
1601 2841 1630 2894 in
1646 2840 1790 2912 Evangelio

155 2930 334 2999 peccatorum
347 2927 470 2998 pondere
485 2932 638 2998 prematur,
656 2928 691 2982 dc
705 2926 830 2982 bonitate
853 2926 953 2982 divina
994 2928 1055 2999 ipsa
1069 2927 1180 2982 Veritas
1190 2928 1247 2982 citi
1262 2945 1275 2977 ι
1287 2927 1347 2982 Nisi
1367 2928 1430 2999 quis
1443 2934 1558 2983 renatus
1572 2924 1662 2984 tuerit
1675 2946 1709 2984 ex
1722 2944 1789 3001 aqua

155 3015 269 3089 pletatis
281 3015 432 3087 desperare
443 3014 592 3081 debet,scd
607 3031 685 3087 spem
702 3021 778 3071 certe
794 3016 953 3071 misericor—
996 3016 1140 3088 etilpiritu
1154 3022 1260 3083 sonmo,
1276 3030 1333 3071 non
1347 3020 1440 3087 potest
1450 3017 1606 3071 introirem
1616 3019 1789 3088 regnumilei

155 3103 208 3159 tiiat
235 3103 311 3159 illios
333 3104 515 3175 indulgentiae
543 3104 596 3158 sibi
623 3100 793 3175 quotidianis
808 3078 1087 3176 deprecsriflttoon.
1100 3123 1136 3172 ιιι,
1152 3105 1188 3175 5).
1207 3106 1285 3171 »Qui
1307 3112 1401 3160 autem
1421 3107 1516 3160 taliter
1532 3107 1693 3177 proximum
1714 3108 1789 3162 most

155 3192 288 3266 lacrymis
301 3203 386 3264 quem
399 3195 474 3247 recte
485 3206 598 3265 sperare
613 3197 739 3264 possunt.
756 3194 780 3247 si
794 3192 829 3247 ab
844 3193 953 3250 actione
994 3195 1084 3265 ligeris
1104 3190 1205 3265 diligit,
1228 3194 1288 3248 sine
1307 3195 1392 3250 dublo
1409 3194 1576 3250 charitatem
1595 3208 1691 3251 veram
1706 3198 1734 3251 in
1747 3212 1787 3251 se·

155 3280 233 3357 pravi
245 3280 337 3355 operis
351 3280 508 3337 cessabunt.
525 3282 591 3337 Ideo
614 3297 670 3336 non
688 3289 803 3354 propter
816 3295 894 3354 spem
905 3298 953 3337 ss·
994 3282 1113 3355 metipso
1131 3284 1247 3339 tenebit.
1264 3284 1352 3354 Cujus
1373 3284 1485 3338 evidens
1510 3282 1647 3341 indicium
1674 3291 1701 3341 ct
1728 3285 1787 3340 emi

154 3369 210 3428 nise
232 3374 445 3444 perseveranter
467 3375 582 3444 psc‘care
608 3370 751 3439 debemus,
772 3384 863 3443 neque
887 3372 953 3443 quia
994 3384 1065 3427 nens
1080 3373 1168 3427 uirtus
1186 3388 1318 3446 seraper
1332 3378 1383 3428 est.
1407 3375 1461 3427 Per
1477 3390 1562 3445 quam
1581 3374 1632 3428 filii
1652 3375 1702 3430 Dei
1726 3390 1786 3446 pre

154 3458 230 3517 usos
242 3459 319 3532 juste
333 3462 447 3530 peccata
459 3459 551 3531 punit,
567 3460 677 3514 veniam
697 3460 847 3531 desperare
869 3460 953 3514 deba·
993 3461 1074 3532 cipue
1088 3461 1301 3532 dignoscuntur,
1318 3462 1385 3533 qula
1395 3474 1533 3534 nusquam
1548 3465 1672 3535 perfecte
1683 3478 1732 3536 par
1746 3460 1786 3516 ite

155 3558 228 3615 mus,
243 3548 293 3604 sed
307 3553 428 3620 utroque
441 3548 565 3620 periculo
580 3549 682 3602 evitato
700 3553 729 3603 et
743 3549 817 3602 mala
831 3550 953 3604 declina·
993 3550 1053 3605 beri
1068 3555 1168 3622 potest,
1186 3550 1239 3605 nisi
1254 3551 1302 3605 ubi
1327 3553 1449 3607 charitas
1464 3554 1525 3623 ejus
1540 3554 1693 3624 operatrix,
1706 3554 1785 3607 adest.

55 3648 58 3653 '
155 3650 229 3706 tous,
245 3639 320 3693 cide
334 3637 439 3710 pietate
456 3637 505 3694 Dei
524 3637 634 3692 venium
650 3648 803 3709 speremus.
821 3638 955 3693 Similiter
996 3640 1055 3694 Hoc
1071 3641 1147 3695 enim
1161 3644 1222 3694 tota
1237 3641 1324 3694 series
1340 3641 1548 3712 scripturatum
1563 3652 1709 3697 sacrarum
1717 3640 1785 3697 nobis

155 3733 186 3783 et
198 3729 228 3783 in
241 3728 318 3783 omni
328 3725 680 3798 tribulationumangustia
690 3742 739 3799 sps
752 3727 788 3781 od
800 3727 901 3781 solatio
911 3744 956 3783 su·
996 3730 1128 3784 ostendit.

156 3816 368 3888 pcmaepietatia
381 3818 609 3880 currendumest,
620 3816 722 3887 quiaiu
736 3816 784 3871 illo
795 3817 854 3871 solo
865 3817 955 3871 omnis
1247 3820 1283 3872 De
1296 3833 1362 3888 poce
1377 3822 1402 3873 ct
1414 3824 1532 3874 ienitate.

155 3921 220 3977 spes
234 3910 263 3959 et
277 3906 353 3960 salus
366 3905 427 3959 sine
439 3904 524 3960 dubio
533 3905 669 3970 consistit,
678 3905 788 3959 dicente
797 3906 952 3976 Propheta:
1034 3908 1105 3961 Nam
1120 3906 1239 3978 legimus
1259 3908 1288 3961 in
1302 3907 1451 3979 Evangelio
1465 3909 1539 3980 quod
1555 3909 1685 3965 Salvator
1698 3916 1724 3965 at
1736 3908 1782 3966 Do-

159 4012 172 4046 ι
190 3992 223 4049 in
236 3993 295 4048 Dco
309 3993 433 4047 salutare
449 4006 553 4057 mcum,
570 4000 598 4047 et
618 3994 709 4064 gioria
727 4006 799 4048 mea.
816 3994 891 4049 Deus
904 4012 955 4049 au·
996 3996 1090 4051 minus
1104 4001 1200 4051 noster
1213 4010 1277 4050 cum
1289 3998 1529 4069 appropinquaret
1537 4000 1781 4070 passioni,ettran

154 4080 212 4137 xiiii
226 4079 291 4149 mei,
307 4085 336 4136 et
349 4098 412 4152 spes
423 4096 487 4137 mea
499 4083 528 4136 in
541 4082 600 4137 Deo
611 4085 654 4136 cst
665 4085 746 4150 (Psoi.
759 4098 814 4147 xci,
823 4084 859 4152 8).
869 4085 956 4138 »Cum
997 4085 1083 4139 situm
1096 4099 1179 4139 suum
1202 4086 1237 4139 dc
1263 4086 1315 4141 hoc
1343 4087 1448 4141 mundo
1468 4087 1504 4141 ad
1528 4093 1640 4161 patrem
1653 4089 1782 4161 discipulis

154 4169 231 4225 enlm
245 4168 330 4225 ildam
345 4173 460 4234 rectam,
478 4175 506 4225 et
525 4186 603 4242 spem
627 4173 739 4226 sirmam
752 4173 954 4243 persuademus
996 4174 1160 4240 insinuaret,
1173 4175 1247 4229 inter
1261 4176 1316 4229 alia
1331 4176 1415 4230 rerba
1426 4192 1487 4246 cquae
1502 4176 1537 4231 cb
1556 4178 1599 4231 sul
1624 4194 1781 4233 commemo

155 4256 267 4325 habere,
284 4260 337 4313 hoc
351 4258 470 4313 maxime
484 4260 632 4314 hortamur
640 4267 673 4315 ut
686 4261 852 4316 charitatem
868 4263 896 4315 itt
906 4276 954 4316 no·
995 4263 1133 4316 rationem
1144 4263 1252 4317 dilectis
1263 4264 1411 4318 comitibus
1421 4265 1479 4318 suls
1491 4265 1783 4336 impenderattnaxime

152 4344 196 4403 bis
210 4346 323 4415 habete,
340 4352 369 4403 et
383 4362 467 4420 opere
481 4349 629 4403 ostendere
653 4364 703 4421 per
723 4350 818 4404 omnia
840 4355 953 4421 sataga—
994 4351 1071 4423 pacis
1083 4350 1198 4417 bonum,
1210 4357 1238 4406 et
1248 4354 1328 4422 quasi
1342 4353 1462 4424 speciale
1480 4366 1585 4408 munus
1605 4356 1721 4410 unitatis
1738 4353 1788 4408 illis

153 4436 290 4492 mos.Pcr
302 4438 393 4509 ipsam
401 4438 477 4492 enim
491 4442 520 4493 ct
532 4438 632 4510 inipso
647 4439 847 4494 beatitudinem
857 4454 953 4493 reram
994 4438 1204 4495 corirmendarct
1212 4439 1308 4495 dicens
1317 4458 1342 4494 :o
1356 4442 1454 4496 Pacem
1465 4444 1789 4516 meamdorcbis,pacam

154 4524 301 4581 babituros
316 4542 370 4581 nos
385 4542 446 4581 esse
460 4528 590 4586 adamus.
600 4527 667 4598 quia
680 4527 741 4581 sine
756 4528 807 4581 hac
819 4544 902 4582 nemo
912 4529 953 4582 ri-
994 4544 1086 4584 meam
1102 4529 1231 4600 relinquo
1245 4530 1323 4584 robis
1338 4534 1427 4597 (loon.
1436 4546 1491 4595 ιιι,
1501 4531 1558 4601 27).
1570 4534 1633 4587 »Ac
1642 4532 1666 4587 si
1680 4533 1786 4591 diceret.

153 4612 231 4670 debit
249 4614 348 4670 Deum
366 4615 431 4670 Hoc
444 4621 539 4671 autem
554 4617 617 4671 ideo
632 4618 725 4687 major
737 4617 791 4671 ilde
813 4623 842 4671 et
856 4632 904 4689 sps
919 4617 954 4671 ab
995 4618 1102 4690 inpacc
1114 4618 1269 4686 rosdimisi,
1284 4621 1312 4674 in
1323 4621 1793 4691 pacesosinreniam.Proilcisceus

154 4701 289 4774 Apostolc
301 4718 361 4758 esse
377 4713 509 4759 narratur
526 4725 531 4758 :
549 4706 616 4774 quia
637 4705 745 4761 ceteris
759 4704 954 4761 recedentibus
994 4707 1083 4761 voluit
1097 4707 1175 4772 ders,
1192 4722 1253 4778 quta
1271 4703 1457 4774 desiderabat,
1472 4710 1585 4764 rediens
1613 4711 1644 4765 in
1667 4710 1790 4766 omnibus

152 4788 214 4864 ipsa
227 4790 286 4845 sola
300 4791 466 4855 remanebit,
480 4793 544 4846 ildci
555 4793 629 4847 onim
642 4795 767 4849 succedit
779 4796 954 4866 spes,etspci
994 4797 1129 4850 inrcnirc.
1147 4798 1225 4851 lianc
1239 4798 1296 4852 suis
1311 4798 1502 4853 hereditatam
1523 4799 1602 4853 dedit
1614 4800 1692 4854 dona
1703 4800 1790 4855 omnia

152 4877 307 4946 Mmltudo,
330 4880 460 4935 charitati
484 4887 577 4936 autem
600 4896 657 4936 non
679 4884 888 4950 transmutatio,
904 4885 952 4938 scd
994 4900 1052 4941 me
1062 4886 1273 4958 pollicitationis
1288 4892 1317 4941 et
1329 4887 1445 4957 premia
1457 4883 1486 4942 in
1501 4889 1577 4960 pacis
1584 4890 1792 4945 conversatione

152 4967 213 5024 sola
226 4973 316 5024 restat
329 4969 471 5041 perfectio.
482 4972 548 5026 llaec
557 4973 682 5027 omnium
693 4988 739 5027 ars
748 4977 792 5028 est
806 4973 950 5039 virtutum,
994 4974 1139 5046 promisit:
1155 4982 1240 5046 atquc
1251 4976 1342 5030 idcosi
1353 4974 1588 5032 liaeredcsChristi
1596 4994 1661 5032 esse
1668 4980 1792 5035 volumus

151 5056 212 5113 isaeo
224 5058 372 5130 promissio
384 5060 473 5131 regni.
490 5061 548 5115 baec
561 5061 708 5132 premium
730 5074 871 5116 summum
886 5078 952 5116 san·
993 5064 1023 5117 in
1034 5065 1095 5133 ejus
1106 5078 1173 5135 pace
1183 5080 1297 5119 manere
1309 5064 1562 5120 debemus.Pacem
1577 5067 1662 5122 nobis
1668 5069 1793 5124 Christis

150 5150 259 5202 scoram
274 5154 319 5203 est
341 5148 371 5203 ln
395 5149 473 5214 coelo,
493 5150 559 5221 quia
574 5150 601 5204 in
626 5151 742 5223 perenni
756 5151 859 5222 gaudio
881 5150 951 5205 nihil
992 5152 1078 5218 dedit,
1092 5153 1243 5207 concordes
1256 5160 1340 5224 atque
1355 5155 1503 5209 unanimes
1513 5172 1574 5210 csse
1587 5158 1727 5229 prrecepit
1737 5175 1743 5210 :
1753 5158 1794 5213 di-

149 5237 269 5306 gratius,
284 5236 355 5291 nihil
372 5237 481 5292 dulcius
500 5238 604 5293 babent
615 5241 703 5294 sancti
719 5240 842 5311 perlecto
856 5254 951 5295 amoro
992 5241 1119 5295 lectionis
1134 5248 1163 5295 st
1186 5241 1331 5296 charitatis
1345 5242 1450 5296 foedera
1464 5243 1629 5315 incorrupta
1651 5250 1737 5318 atque
1752 5247 1793 5300 in-

149 5320 201 5378 llci
218 5343 223 5376 :
240 5338 323 5394 quern
338 5326 386 5397 qai
402 5332 570 5397 presentem
583 5328 679 5383 sidant
692 5330 805 5383 suavius
819 5326 949 5398 diligunt,
992 5330 1244 5384 violatamandarlt
1257 5348 1262 5382 :
1276 5333 1356 5401 cujus
1367 5332 1444 5402 pacis
1453 5338 1623 5388 armamenta
1629 5335 1793 5391 mirabiliter

149 5415 178 5465 et
191 5410 446 5470 osuiustmcntor
458 5416 518 5488 ipso
534 5417 615 5471 bouo.
992 5419 1048 5473 allo
1066 5420 1124 5473 loco
1139 5420 1262 5473 ostendit
1272 5420 1367 5474 dicans
1384 5438 1389 5472 :
1410 5444 1420 5470 ι
1437 5422 1516 5476 Beati
1531 5422 1792 5495 pacifici,quoniam

454 5504 489 5558 lte
503 5507 647 5560 otiositate.
991 5508 1040 5561 lilii
1055 5508 1104 5562 Dei
1119 5508 1292 5567 vocabuntur
1307 5510 1413 5577 (liutet.
1427 5526 1453 5573 ι’,
1466 5508 1521 5573 u.»
1541 5511 1581 5566 En
1594 5513 1673 5568 illius
1687 5508 1739 5568 ost
1752 5514 1793 5568 in·

185 5586 445 5657 Oportetaosscire
454 5593 522 5662 qsia
533 5595 562 5648 in
573 5595 950 5652 omnltcsclroritesobtinct
990 5596 1059 5670 cipit
1072 5598 1163 5652 vocari
1177 5597 1223 5668 qui
1239 5598 1373 5667 pacifices
1386 5612 1446 5654 osse
1468 5601 1530 5669 jam
1549 5602 1647 5672 coepit,
1666 5612 1724 5657 nen
1736 5602 1793 5657 tuit
