3772 6120
134 272 155 325 ii
348 265 638 322 ENARRATIONUM
657 267 696 322 IN
716 224 792 322 EPi'.
814 268 920 322 PAULI
940 267 1006 320 LIB.
1030 266 1063 319 ll.
1080 295 1112 305 -
1130 264 1166 319 IN
1187 263 1298 318 EPIST.
1319 264 1331 318 l
1350 268 1398 322 AD
1418 268 1497 323 COR.
1709 269 1741 321 78

132 402 186 450 asel
197 394 251 447 illic
268 393 413 447 divinitas.
431 394 465 449 lit
479 395 644 447 contuentia
656 395 773 448 illoram
792 409 855 446 cum
869 395 939 454 sitA
1251 392 1367 449 CAPUT
1387 393 1433 448 lx.

131 488 223 549 latrina
241 485 454 550 coinquinatur.
473 482 630 536 Masulatur
643 482 812 537 couscientia
826 482 849 535 si
867 483 907 536 in·
947 482 1057 536 Induat
1070 484 1211 550 Apostolus
1220 483 1418 536 Corinthiasad
1431 484 1543 537 uirtutis
1549 485 1742 551 perfectionem

130 576 192 627 imru
215 579 259 626 est
276 572 350 624 cirea
372 572 473 626 Deum.
489 572 559 626 Esca
574 576 666 625 autent
683 588 730 625 nas
754 588 810 625 aon
837 588 907 625 eom·
1031 555 1214 622 Wt'm'tti’ib
1232 559 1312 622 “istut
1325 556 1546 608 currentiumia
1560 555 1658 610 imitt-

130 663 219 715 inundat
232 662 294 715 ltro.
312 660 419 714 lterum
438 668 491 727 est,
512 661 581 731 quia
597 676 654 714 non
669 660 731 714 ideo
747 661 803 715 Deo
818 661 908 731 place-
984 659 1045 714 lton
1059 675 1121 712 sum.
1135 662 1271 727 apostotus
1283 665 1296 712 i
1310 675 1366 714 non
1381 661 1473 714 tiber?
1488 675 1580 715 nortae
1591 664 1685 717 tasum
1694 663 1745 717 Do-

129 751 201 804 bimus
213 750 236 803 si
247 750 345 803 omnia
359 750 511 816 ederimus,
528 755 578 803 aut
590 749 763 803 offendemus
776 750 800 802 si
814 749 910 819 aliqua
950 750 1060 800 initiunt
1077 752 1203 801 nostrum
1217 749 1276 801 vidi
1289 753 1301 801 i
1317 750 1417 817 (Amo.)
1436 749 1507 803 Cum
1521 765 1626 820 negare
1636 751 1747 807 videtur

127 839 370 909 contempserimus,
392 855 479 908 niaque
493 841 603 893 cainiti
617 840 764 907 ederimus,
782 840 909 891 abunda·
949 837 1098 890 confirmat
1109 854 1114 888 :
1127 836 1217 891 iratus
1227 836 1303 890 enim
1309 837 1443 907 loquitur.
1454 838 1620 909 Apostolum
1629 840 1705 895 enim
1717 857 1747 895 se

128 932 207 991 tinam,
232 945 319 996 sicque
339 931 365 979 si
386 944 443 981 non
463 929 608 991 ederimus,
632 928 719 981 doerit
734 928 820 982 uobis.
840 928 910 982 Con·
951 924 1570 996 probat,quiamissusestudgentes,dicente
1579 929 1699 984 Domino
1713 931 1748 984 ad

127 1024 216 1087 tempta
232 1016 309 1069 enim
334 1016 536 1070 sacrificiorum
549 1033 621 1079 esca,
637 1032 694 1069 non
709 1016 806 1087 utique
821 1015 912 1069 deerit
952 1031 1017 1068 eum
1034 1033 1039 1066 :
1055 1015 1108 1082 Epo
1124 1016 1256 1082 allocutos
1271 1019 1381 1070 anillam
1396 1022 1418 1069 ta
1434 1018 1502 1083 (rtet.
1519 1024 1585 1087 xxu)
1604 1037 1612 1085 ς
1628 1017 1749 1074 liberum

126 1106 185 1176 quod
201 1105 321 1160 edatur:
344 1106 368 1158 si
385 1112 481 1159 autem
503 1110 616 1176 sumpta
636 1104 732 1170 fuerit,
754 1121 810 1158 non
824 1103 912 1158 abun·
953 1109 1048 1158 autem
1063 1120 1093 1157 se
1112 1103 1243 1170 ostendit,
1260 1105 1327 1175 quia
1344 1105 1448 1160 nullius
1461 1103 1567 1177 aliquid
1581 1107 1748 1179 concupivit.

125 1194 197 1251 dabit.
211 1195 253 1247 ita
266 1194 378 1247 utuibil
388 1194 559 1265 requiratur,
571 1210 603 1247 ac
618 1195 729 1264 perhoc
742 1193 907 1263 abjicienda,
952 1209 1043 1264 neque
1056 1192 1085 1246 in
1097 1193 1372 1248 adulationedocuit:
1388 1196 1484 1249 lesum
1494 1202 1590 1250 autem
1599 1196 1750 1252 Dominum

125 1284 180 1354 qnia
193 1299 285 1354 neque
299 1284 362 1336 sine
380 1283 430 1336 illa
443 1299 500 1338 uon
520 1282 623 1338 vivitur
637 1289 666 1337 et
683 1283 846 1338 scandalum
859 1282 913 1335 ira-
954 1288 1081 1337 nostrum
1097 1282 1175 1347 vidit,
1191 1283 1259 1337 dum
1274 1290 1369 1337 omret
1384 1283 1413 1337 iu
1432 1284 1537 1355 templo
1550 1284 1752 1357 Hierosolymis

123 1372 202 1426 uibus
222 1380 276 1425 est.
311 1373 397 1425 l'idrtr
419 1377 512 1426 taraeu
534 1387 566 1425 aa
586 1373 657 1439 sorte
684 1375 796 1426 licentia
824 1377 913 1425 uestra
956 1373 1052 1426 lionae
1067 1387 1132 1440 apios
1147 1388 1239 1425 orreum
1255 1389 1299 1425 aas
1312 1376 1374 1425 estis
1394 1376 1425 1426 in
1440 1375 1556 1427 Domino
1570 1381 1582 1427 t
1598 1374 1663 1429 Ideo
1682 1392 1752 1446 opus

123 1464 222 1528 offensio
237 1464 287 1527 tiat
307 1463 440 1527 infirmis.
472 1460 529 1514 Hoc
549 1465 642 1513 estne
658 1461 725 1530 quia
739 1460 822 1514 licere
837 1460 915 1514 vobis
957 1462 1018 1530 ejus
1032 1466 1106 1525 sunt,
1125 1459 1191 1530 quia
1209 1461 1268 1530 ipse
1283 1460 1346 1514 illos
1368 1461 1503 1531 plantavit
1515 1462 1544 1515 in
1559 1463 1687 1528 Domino,
1703 1481 1755 1535 per

121 1550 195 1603 edere
206 1565 324 1603 mrnem
338 1549 373 1602 de
383 1549 519 1602 sacrificio
534 1549 637 1612 dicitis,
647 1565 698 1619 per
710 1549 739 1602 id
756 1548 830 1620 quod
844 1548 914 1602 nihil
956 1565 1062 1603 annum
1077 1557 1106 1603 et
1120 1566 1167 1603 sex
1183 1566 1294 1603 menses
1309 1549 1499 1619 evangelizans
1514 1551 1555 1605 eis
1570 1552 1686 1608 verbum
1700 1553 1754 1607 Do·

122 1655 175 1692 esse
188 1639 297 1692 idolum
313 1638 400 1698 scitis,
417 1637 599 1691 offensionem
613 1639 753 1707 generetis
768 1637 911 1703 smtribus,
959 1638 1027 1692 mini
1050 1639 1117 1695 (let.
1137 1639 1222 1700 ruunt.
1240 1639 1272 1692 Et
1287 1642 1313 1692 si
1325 1642 1390 1694 attis
1406 1655 1462 1693 noa
1475 1656 1538 1694 sum
1551 1645 1697 1710 apostotus,
1713 1658 1755 1696 ue·

121 1729 162 1798 qui
178 1727 308 1782 nesciunt
326 1727 418 1780 adbuc
432 1726 500 1796 quia
514 1726 585 1779 nihil
600 1731 643 1779 est
659 1726 775 1780 idolum.
795 1728 827 1782 Si
841 1730 915 1781 raim
927 1713 1119 1781 Brurntarnra
1129 1729 1281 1781 cahissunr.
1293 1728 1366 1791 Quia
1374 1728 1476 1783 ludaeis
1490 1729 1667 1784 credentibus
1680 1735 1707 1785 et
1715 1730 1756 1785 ni·

120 1822 175 1885 puis
187 1819 289 1871 uiderit
305 1833 368 1869 curn
379 1819 430 1884 qui
436 1817 514 1868 babet
521 1817 665 1869 solstitiani
673 1819 705 1869 in
716 1817 800 1869 idolio
810 1832 915 1870 recum-
957 1815 1110 1870 hilominus
1126 1817 1216 1885 legem
1227 1816 1402 1870 servantibus
1412 1819 1555 1887 apostolus
1564 1836 1625 1873 esse
1637 1818 1756 1889 negaba·

119 1908 228 1967 britoni,
247 1922 340 1959 sionna
353 1907 519 1957 ceruicalia
531 1907 597 1971 ejus,
610 1906 718 1957 urstisii
730 1905 916 1970 infirmandi·
955 1911 1012 1960 tur.
1029 1907 1091 1958 lain
1105 1904 1181 1959 enim
1195 1905 1354 1958 eircumcidi
1375 1922 1430 1959 non
1448 1905 1550 1961 debere
1568 1907 1693 1974 docebat,
1710 1925 1757 1963 ne·

119 1997 243 2061 trabitur
257 1995 294 2047 art
310 1994 578 2047 rroauducandurnrte
589 1995 769 2046 simulacris?
782 1992 840 2046 lloe
853 1992 915 2046 ideo
958 2010 1012 2064 que
1026 1992 1174 2047 sabbatum
1199 1994 1342 2059 custodiri,
1367 1994 1475 2048 caeteris
1497 2001 1592 2050 autem
1614 1997 1756 2067 Apostolis

117 2084 182 2136 dixit
197 2083 266 2153 quia
280 2083 379 2136 sidens
395 2082 459 2151 quis
472 2081 587 2134 hatrem
602 2080 723 2152 peritum
735 2081 763 2134 in
778 2081 861 2134 idolio
877 2081 916 2135 in·
957 2087 1072 2153 propter
1078 2082 1241 2136 scandulum
1251 2081 1286 2135 ab
1297 2083 1383 2137 haere
1395 2083 1646 2149 dissimulantibus,
1654 2085 1699 2138 bic
1707 2085 1756 2139 ali·

118 2173 243 2236 vitatum,
259 2170 472 2225 recumbentem
490 2171 572 2224 edere
591 2186 690 2224 carnes
705 2169 914 2237 sacrificiorum,
957 2174 1001 2224 ter
1025 2171 1170 2225 ridebatur
1195 2171 1304 2225 doecre.
1330 2171 1396 2225 ldeo
1420 2173 1562 2242 apostolus
1585 2172 1620 2225 ab
1643 2172 1687 2226 his
1711 2189 1758 2226 ne·

117 2253 193 2332 putat
205 2278 269 2315 esse
279 2260 337 2313 illic
354 2260 461 2331 aliquid
473 2259 581 2329 gratiae,
598 2265 627 2313 et
636 2258 750 2329 incipiet
762 2258 823 2329 ipse
834 2259 916 2312 edere
956 2259 1085 2330 gebatur,
1107 2260 1150 2313 his
1169 2259 1244 2313 euim
1264 2267 1325 2314 erat
1347 2261 1489 2330 apostolus
1514 2260 1562 2331 qui
1581 2260 1710 2314 viderant
1728 2260 1758 2315 in

119 2367 213 2404 earnes
228 2349 443 2407 sacrificiorum,
461 2365 517 2402 non
535 2348 583 2401 illa
603 2348 781 2413 conscientia,
800 2365 856 2418 qua
869 2348 916 2401 ille
958 2348 1246 2419 eovirtutisinsignia.
1258 2349 1330 2403 ,l'am
1341 2351 1757 2417 siaaaculuraapostotatusmei

118 2440 221 2510 peritiae
237 2455 334 2498 causa,
344 2438 435 2491 sciens
450 2437 521 2491 nihil
536 2454 597 2491 esse
613 2437 728 2501 idolum,
745 2437 793 2491 sed
810 2452 871 2490 esse
885 2437 917 2491 il·
957 2454 1002 2492 aas
1017 2441 1079 2492 estis
1094 2440 1264 2491 irritamina.
1282 2437 1340 2490 lloc
1355 2437 1431 2490 enim
1441 2436 1619 2507 praedicante,
1632 2437 1757 2492 conversi

118 2618 206 2671 edere.
216 2634 269 2671 nec
281 2617 407 2670 horrere.
416 2616 449 2670 lit
460 2616 561 2683 peribit
575 2618 624 2684 qui
637 2614 770 2684 infirmus
779 2619 817 2669 est
827 2619 859 2668 ia
870 2620 917 2669 tua
959 2632 1000 2670 aas
1014 2618 1064 2684 qui
1079 2632 1120 2668 na
1136 2619 1309 2684 intarroaant
1330 2617 1384 2669 bue
1398 2621 1445 2668 ast.
1461 2615 1542 2669 Nunc
1560 2614 1660 2685 incipit
1674 2631 1757 2685 agere

118 2710 227 2760 atsutia
242 2709 343 2772 frater,
349 2721 401 2774 pro
415 2721 468 2773 quo
482 2705 605 2758 Christus
616 2710 743 2757 mortuus
757 2710 804 2757 ast.
814 2703 919 2759 Peribit
959 2721 1073 2760 eausam
1083 2720 1167 2774 quam
1176 2705 1305 2775 superius
1312 2703 1448 2775 praemisit
1457 2704 1566 2758 dicens:
1578 2704 1679 2759 Omnia
1688 2705 1759 2758 mitti

117 2794 244 2848 intimans
258 2795 282 2846 si
299 2794 366 2847 edat
376 2800 475 2847 contra
490 2793 573 2848 unius
593 2793 644 2848 Dei
663 2792 747 2849 tidem
762 2793 797 2846 de
815 2793 918 2847 sacriti—
961 2795 1105 2857 licentsert
1114 2795 1219 2861 rposub
1230 2796 1339 2847 uirilius
1350 2794 1606 2861 radiparpctestato.
1619 2793 1686 2847 lisca
1696 2809 1758 2848 aaa

118 2884 273 2954 carisque,
283 2882 359 2953 quod
370 2882 483 2952 quidem
494 2882 573 2952 quasi
580 2882 728 2936 irascentis
743 2881 828 2935 verba
841 2888 916 2947 suut,
960 2886 999 2936 tri
1014 2887 1038 2935 et
1053 2888 1146 2936 center
1161 2880 1406 2952 escis(Suprav1).
1423 2911 1457 2921 —
1470 2883 1530 2934 Mea
1546 2883 1665 2949 miratio
1681 2885 1758 2951 apud

119 2981 145 3026 et
161 2971 340 3026 ostendentis
358 2971 425 3042 quid
445 2971 512 3024 mali
531 2971 619 3041 possit
633 2987 732 3041 parere
748 2971 874 3037 scientia,
895 2971 919 3025 si
959 2988 1000 3024 ros
1011 2975 1060 3039 qui
1075 2987 1117 3024 orsa
1127 2974 1303 3038 interruperit
1314 2971 1423 3032 tuaest,
1442 2975 1471 3023 et
1484 2986 1546 3040 quse
1560 2970 1597 3023 sit
1606 2969 1757 3040 subjiciens

117 3078 169 3114 non
176 3061 264 3114 tuerit
272 3067 434 3131 temperata
448 3076 464 3112 a
477 3059 623 3113 charitate.
640 3062 673 3114 la
689 3065 737 3114 tua
750 3062 873 3124 scientia,
890 3031 1040 3113 idssdieit:
1053 3060 1251 3127 lt'uaquidnoa
1262 3059 1554 3126 hatariiuspotastatarn
1566 3060 1758 3113 rimaduaandi

117 3157 160 3214 est,
176 3159 226 3204 tua
241 3149 346 3220 peritia
358 3149 439 3203 illum
448 3148 557 3207 occidit.
569 3148 682 3218 quando
697 3165 714 3200 a
730 3154 758 3201 te
773 3147 834 3200 fleri
849 3147 919 3202 vidit
959 3154 983 3202 et
999 3148 1117 3201 bibendi.
1127 3149 1185 3201 lloc
1199 3153 1229 3201 et
1242 3146 1316 3217 quod
1331 3147 1453 3200 dixerat:
1471 3147 1573 3202 Omnia
1582 3147 1654 3202 tuitii
1663 3151 1754 3203 licoat.
1823 3205 1828 3213 .
1868 3154 1872 3169 ¹

117 3240 186 3309 quod
201 3240 251 3292 ille
267 3238 352 3291 aliter
367 3237 516 3307 intelligit:
533 3242 562 3290 et
571 3242 604 3290 tu
622 3236 678 3289 eris
696 3236 803 3290 occasio
819 3235 918 3289 mortis
958 3237 1094 3304 Nuroquid
1108 3237 1302 3291 aestuabamus
1311 3239 1626 3305 potestatarurnutirrem
1640 3240 1760 3291 circutu-

116 3328 202 3392 tratri,
214 3344 302 3398 quem
315 3326 446 3380 Christus
460 3332 494 3379 ut
507 3325 657 3379 redimeret
675 3324 797 3394 crucifigi
812 3341 842 3378 se
857 3341 918 3395 per·
958 3326 1084 3389 discendi,
1101 3328 1172 3379 sicut
1191 3330 1216 3378 rt
1235 3328 1324 3379 caleri
1339 3328 1461 3394 aposloli,
1474 3330 1499 3378 et
1512 3325 1615 3392 fratres
1633 3327 1754 3391 Domini,

118 3417 200 3469 misit.
216 3433 249 3469 ae
263 3432 315 3486 per
328 3415 382 3469 hoc
396 3414 547 3485 aliquando
557 3413 592 3467 ab
608 3413 726 3467 seientia
741 3412 918 3466 dissimulari·
959 3420 982 3467 et
997 3414 1097 3482 Cophos
1109 3420 1120 3466 i
1132 3414 1197 3467 ldeo
1207 3413 1314 3467 addidit
1323 3419 1348 3467 et
1363 3414 1473 3483 (lapitas,
1488 3414 1555 3484 quia
1568 3431 1633 3468 cum
1647 3415 1755 3486 primus

118 3505 180 3557 dum
192 3505 276 3558 docet
286 3504 434 3558 eharitatis
449 3520 542 3564 causa,
555 3502 621 3574 quia
632 3502 693 3556 sine
704 3501 788 3556 dubio
799 3503 861 3572 plus
876 3508 919 3555 est
959 3509 1034 3556 esset
1048 3503 1122 3555 inter
1136 3503 1287 3572 apostolos,
1301 3518 1357 3556 non
1379 3502 1521 3557 refutabat
1533 3512 1663 3575 sumptus
1683 3503 1757 3559 obla-
1829 3488 1835 3495 ¹

118 3594 188 3647 salus
199 3594 298 3647 fratris
310 3592 492 3664 quamcibus
504 3592 570 3663 quia
582 3592 647 3646 licet
661 3591 786 3662 quidem,
799 3591 847 3644 sed
862 3607 917 3644 nou
958 3597 1011 3644 tos.
1029 3591 1138 3662 Cephas
1153 3591 1212 3662 ipse
1230 3598 1273 3645 est
1292 3591 1388 3645 Simon
1407 3590 1515 3646 Petrus.
1532 3593 1663 3647 Mulieres
1680 3594 1756 3648 enim

117 3683 241 3753 expedit:
260 3683 314 3736 hoc
331 3683 386 3735 erit
401 3681 560 3751 cognouisse
582 3681 655 3735 sicut
669 3686 780 3750 oportet
793 3685 822 3733 et
835 3679 915 3732 scire.
958 3680 1096 3738 desiderio
1106 3680 1240 3733 doctrina
1250 3679 1401 3734 Dominicis
1411 3687 1440 3733 et
1448 3681 1555 3751 cupida
1566 3681 1701 3736 virtutum
1715 3700 1757 3736 se-

118 3773 409 3840 Sieaulernpeerantes
417 3773 447 3823 iu
457 3773 587 3838 fratrosrt
593 3770 775 3838 paruulieutes
783 3772 918 3822 couscr'on-
959 3768 1117 3839 quebantur
1130 3769 1279 3838 apostolas,
1291 3767 1483 3822 ministrantes
1494 3768 1534 3822 eis
1548 3776 1577 3823 et
1591 3775 1720 3839 sumptus
1729 3777 1759 3825 et

120 3864 180 3913 tiam
193 3865 314 3914 illorum
329 3862 484 3926 infirmam,
495 3861 526 3911 iu
541 3860 650 3914 Christo
658 3861 783 3926 peccatis.
798 3857 916 3921 Quando
958 3857 1080 3916 servitia,
1090 3856 1162 3910 sicut
1176 3861 1204 3909 et
1218 3856 1389 3909 salvatorem
1404 3863 1505 3911 secutae
1519 3857 1757 3912 suntministrau·

119 3951 188 4002 enim
203 3949 356 4002 charitatis
373 3964 430 4001 non
444 3947 537 4001 aemuli
557 3953 632 4011 sunt,
649 3962 704 4017 qua
723 3945 851 4000 Christus
865 3962 917 4000 nos
956 3951 1000 3999 tes
1015 3945 1040 3999 ei
1053 3946 1087 3998 de
1101 3943 1278 3999 facultatibus
1288 3943 1355 3998 suis.
1370 3944 1507 3999 Airtsatus
1522 3963 1567 4014 apo
1580 3948 1757 4002 elltamatra's

120 4037 253 4097 bberasit,
263 4043 381 4108 peceant
393 4036 423 4089 in
437 4035 563 4101 Christo,
576 4051 633 4088 non
643 4033 672 4087 in
683 4034 837 4095 Christum,
851 4035 918 4104 quia
959 4051 1015 4088 uon-
1025 4035 1154 4087 trademus
1163 4038 1320 4101 protestatem
1330 4034 1378 4087 toa
1388 4037 1538 4102 operandi?
1550 4035 1608 4089 lloc
1622 4041 1665 4090 est
1674 4035 1756 4091 habe·
1838 4042 1845 4054 '

121 4125 417 4196 inCluistumpeccare
427 4140 531 4194 negare
541 4124 736 4178 Christumest
748 4140 753 4174 :
767 4123 917 4177 inchristo
958 4140 1021 4176 tuus
1036 4128 1205 4193 potestatem
1224 4123 1369 4194 operandi,
1388 4123 1437 4177 sed
1452 4124 1597 4187 uolumus3
1617 4141 1668 4196 pro
1687 4126 1756 4180 acci·

119 4223 220 4273 autem,
239 4215 269 4268 in
289 4214 348 4268 haec
368 4219 513 4285 quaesunt
532 4212 646 4277 Christi,
669 4212 742 4265 sicut
759 4218 787 4266 et
809 4211 854 4264 hic
869 4211 916 4281 qui
958 4211 1154 4281 pienditamen
1162 4234 1174 4262 n
1184 4211 1333 4282 operandi»
1344 4211 1754 4285 ait,uthcnestiusloqueretur,

118 4303 242 4374 sublege
261 4308 315 4357 est.
336 4303 365 4356 in
378 4303 440 4373 lege
455 4300 558 4356 dicitur
577 4317 702 4373 peecare,
715 4301 755 4355 ita
769 4306 797 4354 et
813 4300 851 4367 hi,
869 4300 916 4371 qui
958 4308 987 4354 et
1001 4307 1034 4353 ut
1051 4300 1103 4354 hoc
1120 4302 1277 4368 coinfirmet,
1296 4301 1424 4371 exempla
1439 4300 1553 4372 subjicit
1561 4302 1671 4356 dicens:
1689 4306 1755 4370 (luis

119 4390 917 4462 subChristosunt,inchristopecearedieuntur.l’rapter
958 4392 1126 4443 mititatsuis
1135 4392 1277 4458 stipendiis
1285 4391 1756 4459 iraquaruittuisptautatsiaaarnat

120 4484 219 4548 quodsi
228 4498 286 4535 esca
297 4482 604 4547 scandat-isatsralrem,
613 4495 669 4535 nort
678 4481 752 4533 aderio.
762 4495 874 4533 carnem
885 4481 917 4532 in
958 4479 989 4531 de
1002 4479 1098 4546 fructu
1114 4480 1171 4546 ejus
1186 4494 1242 4532 aaa
1256 4477 1329 4531 editi
1350 4479 1416 4545 Quis
1427 4480 1515 4546 pascit
1527 4493 1636 4546 prepara
1649 4481 1751 4543 auium,

121 4575 259 4631 aternani,
270 4567 917 4636 nefratremscandalizanrlntantumcharitati
957 4573 981 4620 et
995 4568 1027 4621 de
1043 4571 1110 4621 laeta
1124 4582 1222 4620 aarum
1237 4582 1293 4620 aon
1305 4567 1438 4634 percipit?
1453 4565 1588 4634 Numquid
1601 4567 1753 4622 saliarium

121 4658 288 4712 studendum
303 4658 394 4722 decet,
415 4663 448 4711 ut
466 4657 541 4711 licitu
559 4673 610 4728 pro
630 4657 735 4712 illicitis
749 4656 914 4723 habeantur,
957 4655 1097 4709 barisiacus
1116 4657 1170 4710 tias
1190 4659 1311 4722 loquor?
1333 4653 1364 4707 Id
1383 4658 1435 4721 est,
1456 4655 1581 4725 nunquid
1598 4655 1752 4711 humanam

122 4762 152 4799 ne
169 4747 265 4801 absint
282 4746 362 4800 fratri
383 4765 388 4798 :
410 4751 545 4818 quantum
565 4748 641 4801 cuim
661 4745 728 4800 mali
745 4752 789 4800 est
810 4762 862 4817 per
885 4746 916 4799 il·
957 4745 1103 4798 scientiam
1122 4742 1248 4814 sequar?
1266 4743 1311 4796 Aa
1325 4746 1349 4795 ct
1368 4745 1411 4796 tra
1425 4743 1479 4798 tiae
1493 4745 1586 4799 eadam
1600 4760 1658 4799 aaa
1674 4747 1750 4802 dicit.

123 4834 192 4888 licita
209 4852 266 4890 non
286 4835 460 4907 delinquere,
477 4840 505 4889 et
518 4852 568 4907 per
582 4851 615 4889 ea
631 4851 691 4907 quae
705 4851 837 4890 concessa
850 4840 917 4889 sunt
958 4833 1132 4888 concordare
1142 4831 1237 4886 docuit
1245 4846 1331 4901 supra
1340 4830 1416 4885 dicta
1429 4832 1590 4887 testimonia
1603 4833 1753 4890 documen-

122 4924 266 4989 odendere,
295 4934 327 4980 ut
353 4925 397 4978 lex
429 4929 555 4979 servetur
580 4924 609 4978 in
634 4923 727 4987 licitis,
755 4925 784 4978 in
812 4923 916 4978 illicitis
957 4921 994 4975 tis
1009 4920 1120 4982 divinis,
1132 4926 1165 4974 ut
1180 4918 1310 4973 ostendat
1323 4935 1379 4972 non
1394 4920 1454 4974 sine
1468 4936 1553 4975 causa
1567 4922 1665 4993 utique
1678 4923 1752 4977 nolle

123 5028 171 5067 non
188 5015 373 5080 custodiatur,
393 5013 462 5068 dum
480 5013 686 5068 inconsiderate
705 5013 845 5067 eduntur?
860 5015 915 5067 Lex
957 5026 986 5064 se
1001 5009 1105 5064 abillis
1124 5013 1253 5078 sumptus
1272 5007 1406 5077 accipere,
1429 5010 1540 5079 quando
1558 5015 1602 5064 tot
1619 5010 1753 5081 exemplis

123 5104 192 5156 enim
206 5104 248 5158 sic
267 5103 406 5175 permisit,
424 5115 485 5173 quoe
499 5103 645 5168 concessit,
662 5110 694 5157 ut
707 5103 807 5156 modus
820 5109 916 5156 tamen
957 5099 1081 5153 ostendit
1098 5103 1127 5151 et
1149 5096 1272 5150 dandum
1292 5101 1320 5150 et
1337 5098 1529 5168 accipiendum
1550 5114 1618 5152 esse.
1643 5100 1677 5152 ln
1698 5103 1752 5168 tear

123 5190 153 5244 sit
162 5186 429 5262 ‹puemcustodiant:
447 5198 647 5245 uxoremeerte
661 5191 725 5245 licet
741 5178 853 5256 habere,
868 5191 916 5243 sed
957 5191 1032 5241 enirn.
1047 5191 1178 5255 scriptum
1193 5185 1422 5254 stillantium:
1441 5186 1502 5241 iton
1511 5188 1640 5253 altisaltis
1655 5203 1683 5240 os
1693 5188 1753 5242 boui

126 5279 144 5331 si
160 5282 297 5336 fornicata
318 5280 414 5346 suerit,
437 5278 663 5349 abjiciendam,
685 5280 726 5334 ita
750 5285 778 5333 et
802 5296 916 5333 earnem
959 5279 1117 5330 trituranti.
1129 5272 1368 5344 (tirupllnbobus
1382 5291 1450 5352 erga
1465 5275 1614 5345 aliquando
1626 5275 1751 5330 luxurio·

125 5366 181 5423 lieet
193 5372 288 5431 edere.
309 5371 360 5426 sed
382 5369 406 5424 si
429 5367 511 5422 idolis
531 5368 625 5427 oblata
643 5368 736 5435 suerit,
758 5369 917 5438 respuenda
957 5381 1052 5419 sorum
1062 5363 1212 5427 dementia,
1226 5363 1376 5434 aliquando
1385 5362 1525 5418 laboriosa
1538 5364 1672 5418 tortitudo
1680 5381 1753 5436 pra·

123 5469 165 5510 at.
956 5453 1120 5519 dicentium,
1137 5453 1287 5525 aliquando
1302 5452 1447 5507 humilitas
1463 5453 1629 5525 exprimitur
1643 5452 1753 5509 lemeli-

956 5549 1060 5610 tarum‚
1073 5542 1141 5615 quia
1150 5543 1227 5600 euim
1241 5542 1319 5599 basis
1336 5541 1450 5598 nemim
1463 5547 1555 5624 etpar
1568 5540 1752 5614 comparatio-
