3772 6120
198 285 267 352 ¹563
491 282 523 338 B.
544 281 680 337 RABth
698 280 814 337 navat
836 278 1005 336 nacfflsr.
1025 278 1189 336 nocant.
1209 278 1358 337 OPERUM
1375 278 1470 336 PARS
1488 277 1539 334 111.
1769 276 1834 335 lhbl

193 423 256 464 vtco
270 424 341 463 verre
356 406 500 477 religionis
512 406 709 461 strenuissimo
723 406 835 472 rectori,
851 422 884 459 ae
898 405 992 460 deten-
1001 406 1027 466 Α
1036 404 1128 476 primo
1138 405 1312 461 decrevimus
1321 404 1475 476 unicuique
1487 417 1616 475 personae
1630 398 1676 455 vel
1690 399 1768 456 sexui
1779 415 1838 456 oon·
1862 471 1870 486 ⁹

194 496 251 552 sori
266 502 369 552 sancta
385 496 435 551 Dei
451 495 588 560 Ecclesiae,
606 511 663 549 una
677 512 741 550 eum
764 511 849 550 uxore
872 499 901 549 et
919 494 996 566 prole
1037 510 1141 565 gruum
1154 494 1289 549 honorem
1298 493 1460 566 impendere
1471 491 1630 549 secundum
1639 488 1837 545 dictumsancti

194 601 254 652 sua,
274 586 391 657 ejusque
406 584 544 650 fidelibus,
553 584 610 638 vita
618 590 647 638 et
661 585 747 651 salus,
763 585 854 639 honor
869 590 897 638 et
910 583 994 638 bene·
1037 583 1113 638 Petri
1124 583 1209 654 primi
1218 583 1339 656 pastoris
1348 583 1487 646 Ecclesiae,
1498 597 1554 652 quo
1564 580 1623 634 ait:
1642 601 1653 628 ι
1675 578 1779 634 Omnes
1791 578 1838 634 ho-

193 674 288 741 dietio,
306 690 369 729 eum
384 674 501 729 victoria
516 673 576 727 sine
587 676 641 728 stne
658 690 801 728 mansura.
1039 678 1173 740 «nomae,
1193 671 1401 727 fraternitatem
1415 670 1536 742 diligite,
1552 669 1647 723 Deum
1669 666 1776 734 timete,
1801 685 1839 753 re

179 824 182 829 Α
230 763 408 834 Dignissimae
433 763 594 818 reverentiae
623 769 720 817 vestrae
740 755 922 834 patefecimus
943 778 993 817 nos
1038 738 1130 831 ‹g'em
1146 761 1339 817 honorificate.
1360 759 1448 826 Servi,
1475 757 1582 813 subditi
1603 761 1698 811 estote
1722 756 1752 810 in
1769 758 1839 812 ontu¹

195 851 345 907 humillimi
360 852 457 906 famuli
471 852 565 917 vestri,
583 850 714 906 Rabanus
730 851 864 916 videlieet,
880 852 995 921 Mognn-
1038 867 1051 901 n
1068 849 1170 904 timore
1184 849 1316 916 dominis,
1326 866 1383 905 non
1390 854 1501 904 tantum
1511 846 1594 902 bonis
1601 851 1632 901 et
1642 844 1785 911 modestis,
1795 847 1838 900 sed

193 941 325 996 tianensis
354 941 482 996 Ecclesire
511 941 642 1012 indignus
669 940 903 1012 archiepiscopus,
932 957 996 994 cunr
1039 938 1155 993 retiam
1167 938 1297 1010 dyscolis,
1308 939 1367 995 heae
1376 944 1420 993 cst
1428 938 1504 993 enim
1512 936 1610 1008 gratia
1619 935 1650 989 in
1660 933 1772 989 Christo
1780 935 1839 991 lesu

107 1096 112 1103 ι
194 1029 366 1101 coepiscopis
380 1031 451 1084 meis
466 1029 562 1100 quiad
583 1029 722 1100 predic&
744 1028 871 1086 Ecclesiae
893 1028 996 1083 dioeee·
1040 1027 1187 1082 «Domino
1197 1033 1293 1083 nostro
1304 1027 1328 1103 (l
1337 1030 1409 1082 Patr.
1426 1031 1469 1098 11).
1485 1045 1496 1078 r
1514 1025 1569 1081 Cui
1582 1023 1667 1097 paria
1676 1023 1840 1095 doctorgen·

194 1118 249 1173 sim
262 1119 405 1189 pertinent
416 1136 422 1186 3
435 1119 488 1173 hoc
499 1123 551 1183 est,
569 1119 708 1184 Samuele,
727 1117 893 1189 Egorbaldo,
910 1118 997 1172 Batu·
1037 1114 1120 1183 tium,
1132 1115 1168 1170 ad
1176 1115 1356 1172 Timotheum
1366 1115 1536 1188 discipulum
1547 1131 1635 1169 suum
1645 1111 1838 1179 scribensmit:

194 1211 266 1273 rato,
290 1206 416 1273 Hebone‚
443 1206 611 1273 Gorbratho,
639 1207 803 1274 llemmone,
829 1206 994 1277 Waltgario,
1041 1204 1190 1260 «Attende
1203 1204 1256 1260 tibi
1273 1211 1302 1261 et
1314 1205 1457 1272 doctrinae,
1475 1204 1552 1259 insta
1572 1203 1603 1257 in
1619 1201 1687 1268 illis,
1703 1201 1839 1257 hoeenim

193 1296 341 1368 hosgerio,
372 1296 497 1367 Otgario,
527 1297 662 1361 Lentone,
688 1295 836 1350 Salomone
855 1301 884 1350 et
906 1293 997 1350 Gebe·
1042 1292 1173 1349 «taciens
1188 1298 1258 1349 ette
1272 1294 1363 1366 ipsum
1377 1292 1590 1360 salvumfacies,
1603 1297 1635 1347 et
1644 1306 1694 1346 eos
1705 1289 1840 1362 quitean·

196 1384 293 1450 bardo,
309 1400 373 1439 cum
395 1383 512 1455 reliquis
527 1383 641 1453 collegis
661 1383 767 1437 nostris
781 1382 994 1454 chorepiscopis,
1040 1382 1161 1438 «diunt.
1178 1383 1323 1439 Seniorem
1336 1400 1371 1438 ne
1389 1381 1590 1454 increpaveris,
1613 1379 1665 1435 sed
1685 1378 1841 1435 obsecrem

193 1472 350 1540 abbatibus,
364 1472 517 1538 monachis,
533 1471 713 1544 presbyteris,
734 1477 763 1527 et
785 1471 893 1526 crateris
907 1472 995 1526 eccle·
1039 1490 1050 1523 r
1067 1477 1192 1542 patrem;
1207 1474 1334 1544 Juvenes,
1346 1477 1380 1526 ut
1387 1471 1489 1526 fratres
1503 1489 1510 1538 ;
1526 1486 1612 1537 anus,
1630 1474 1665 1524 ut
1676 1470 1840 1540 matres3ju·

193 1560 314 1617 siasticis
330 1561 475 1616 ordinibus
491 1577 498 1616 :
516 1561 883 1632 quiavenimussecundum
895 1560 997 1631 jussio·
1039 1563 1209 1630 ovenculas,
1225 1569 1259 1617 ut
1277 1578 1397 1629 sorores,
1423 1561 1452 1615 in
1477 1558 1555 1615 omni
1581 1558 1717 1613 castitate
1731 1559 1758 1626 (Ι
1775 1559 1837 1613 Tim.

194 1666 260 1706 nem
269 1656 391 1706 vestram
401 1651 431 1706 in
441 1650 583 1705 civitatem
590 1650 773 1721 Mogentiam,
786 1650 880 1721 ibique
891 1649 997 1722 pariter
1041 1669 1053 1702 r
1069 1652 1119 1723 tv).
1134 1670 1147 1704 a
1164 1652 1283 1724 Insuper
1296 1651 1383 1706 eham
1397 1665 1555 1721 congruum
1567 1663 1636 1703 esse
1650 1646 1743 1703 rmum
1759 1651 1800 1702 est
1812 1653 1840 1702 et

194 1739 322 1807 adunati
334 1746 398 1812 post
406 1740 570 1795 triduanum
573 1740 724 1810 jejunium,
734 1739 808 1810 quod
816 1756 880 1794 cum
889 1739 996 1795 litaniis
1007 1725 1199 1796 Bsaceidotes
1214 1746 1243 1796 et
1255 1740 1382 1796 Ecclesiae
1397 1739 1448 1795 Dei
1459 1739 1526 1810 jure
1538 1735 1672 1808 legitimo
1687 1735 1839 1791 masmae

194 1828 407 1896 celebravimus,
422 1829 545 1884 divinam
559 1829 724 1902 suppliciter
743 1828 919 1900 postulantes
940 1829 996 1884 cle·
1038 1829 1263 1898 honorarentur;
1279 1828 1429 1900 dequibus
1442 1825 1584 1883 Dominus
1597 1825 1663 1881 ait:
1686 1843 1702 1879 ι
1724 1825 1778 1890 Qui
1798 1840 1839 1880 vce

197 1917 343 1986 mantiam,
360 1922 499 1990 quatenus
512 1923 608 1972 sancta
618 1918 711 1988 gratia
725 1934 777 1972 sua
789 1923 956 1973 conventum
968 1922 998 1972 et
1040 1936 1053 1970 r
1068 1919 1158 1986 audit,
1170 1935 1216 1974 me
1231 1918 1331 1986 audit,
1355 1923 1384 1974 et
1399 1916 1447 1990 qui
1460 1933 1510 1972 ros
1531 1915 1648 1988 recipit,
1664 1931 1713 1969 me
1726 1913 1836 1986 recipit:

193 2007 334 2062 actionem
362 2006 450 2079 ipsius
479 2007 579 2079 synodi
606 2005 660 2062 sibi
684 2005 882 2079 acceptabilem
905 2007 997 2063 tacere
1039 2008 1117 2079 «qui
1132 2012 1229 2064 autem
1241 2025 1287 2063 me
1301 2007 1409 2080 recipit,
1427 2005 1529 2078 recipit
1546 2021 1618 2061 eum
1637 2003 1688 2076 qui
1710 2019 1756 2059 me
1771 2002 1839 2058 misit

192 2095 368 2167 dignaretur,
386 2101 415 2151 et
429 2096 590 2151 Christiano
602 2095 706 2168 populo
716 2097 897 2168 proficentem
908 2096 943 2150 ad
953 2112 997 2150 sa·
1040 2099 1142 2165 attae.
1158 2115 1185 2166 x,
1202 2097 1299 2152 Matre.
1316 2101 1354 2166 ι).
1371 2114 1385 2150 r
1403 2097 1438 2150 Et
1454 2094 1614 2167 Apostolus
1634 2092 1672 2148 ad
1694 2090 1836 2148 Hebraea:

192 2185 279 2241 lutera
296 2191 326 2239 et
340 2184 428 2240 vitam
442 2190 618 2258 perpetuam,
645 2184 777 2257 vobisque
802 2184 838 2239 ad
860 2190 995 2240 aeternum
1040 2205 1051 2237 ι
1070 2186 1199 2254 Obedite,
1219 2185 1322 2258 inquit,
1339 2185 1496 2258 praepositis
1511 2182 1627 2247 vestris,
1653 2186 1684 2237 et
1708 2180 1839 2255 subjacete

193 2273 331 2330 honorem
344 2281 373 2330 et
385 2274 517 2346 gloriam.
535 2273 587 2330 Ubi
602 2274 689 2330 etiam
702 2273 876 2330 decrevimus
891 2280 922 2330 ut
940 2274 996 2329 sin·
1040 2272 1128 2331 seis:
1146 2275 1199 2348 ipsi
1211 2275 1287 2331 enim
1298 2275 1474 2349 pervigilant,
1493 2273 1577 2346 quasi
1592 2272 1740 2348 rabonem
1759 2271 1839 2329 reddi

191 2363 267 2436 gulis
279 2363 420 2436 parochiis
432 2380 483 2436 per
493 2363 637 2436 episcopos
647 2369 675 2418 et
684 2363 807 2431 elericos,
820 2381 871 2437 per
882 2362 997 2418 abbates
1038 2383 1051 2419 r
1067 2364 1124 2420 turi
1139 2382 1190 2437 pro
1205 2364 1353 2420 animabus
1373 2363 1472 2419 vestris
1485 2363 1585 2433 (Hebr.
1601 2361 1679 2432 nur).
1697 2381 1711 2417 s
1731 2361 1800 2418 Nam
1810 2360 1839 2416 de

192 2456 222 2506 et
237 2453 400 2520 monachos,
415 2452 564 2526 oratiopro
578 2451 655 2507 vobis
666 2460 693 2507 et
703 2469 754 2524 pro
764 2458 857 2507 vestra
866 2454 994 2526 conjuge,
1037 2453 1195 2508 reverentia
1208 2452 1388 2508 ecelesiarum
1402 2451 1540 2508 Dominus
1554 2450 1599 2505 ait
1616 2470 1623 2505 :
1637 2471 1651 2502 s
1666 2450 1774 2506 Domus
1786 2465 1839 2505 mee

194 2541 997 2614 simulprolenobilissimalieret(cujusorationissumma
1040 2561 1051 2593 ι
1070 2542 1170 2622 domus
1184 2541 1320 2597 orationis
1337 2540 1480 2596 vocabitur
1498 2539 1613 2595 cunctis
1629 2537 1766 2611 gentibus
1782 2540 1835 2610 tlte.

190 2636 244 2697 est,
262 2630 413 2686 missamm
430 2631 486 2685 tria
500 2630 590 2685 millia
606 2636 636 2684 et
653 2630 816 2701 quingenta,
844 2637 873 2685 et
891 2631 996 2702 psalte-
1039 2630 1134 2702 navt).
1145 2631 1225 2687 Unde
1238 2631 1323 2686 enam
1339 2631 1443 2702 legitur
1465 2630 1496 2684 in
1517 2629 1678 2700 Evangelio
1698 2627 1793 2698 (tltcrc.
1806 2642 1836 2694 n,

194 2719 302 2774 riorum
312 2718 389 2774 mille
404 2720 591 2792 septingenta)
610 2740 615 2771 :
629 2720 680 2773 hoc
690 2719 766 2773 omni
776 2719 921 2774 devotione
935 2736 997 2790 pos·
1036 2722 1119 2774 loon.
1139 2723 1181 2789 11),
1194 2720 1268 2792 quod
1278 2720 1337 2792 ipse
1348 2719 1485 2774 Dominus
1495 2735 1562 2773 cum
1576 2718 1706 2773 venisset
1720 2717 1755 2772 ad
1768 2717 1837 2773 lera-

191 2807 315 2862 tulantes
344 2812 378 2863 ut
407 2808 481 2863 Deus
511 2807 689 2878 omnipotens
719 2806 882 2862 diuturnam
918 2805 995 2861 vobis
1037 2808 1125 2863 salem
1146 2815 1175 2864 et
1188 2808 1532 2880 introissetintemplum,
1546 2805 1836 2879 eosquinegotiater·

193 2895 343 2962 sartitatem
370 2913 402 2950 ac
437 2895 651 2968 prosperitatem
685 2895 827 2961 concedat,
860 2912 994 2966 regnum·
1036 2912 1105 2953 rena
1120 2902 1149 2952 et
1164 2897 1323 2969 emptiones
1334 2903 1418 2969 atquc
1433 2896 1617 2952 venditiones
1631 2895 1747 2951 illicitas
1764 2895 1836 2950 inec·

192 3000 246 3055 que
270 2991 394 3039 vestrum
418 2985 466 3039 diu
491 2985 615 3038 stabiliat
641 2983 675 3038 ab
696 2985 772 3038 orriri
796 2985 875 3040 hoste
899 2985 995 3039 defen·
1038 2985 1102 3040 dem
1117 2984 1293 3052 exercebant,
1306 2983 1833 3057 quasillagellumdetuniculistacieos,

190 3089 254 3127 sum
264 3073 293 3127 in
303 3080 389 3138 terra,
401 3080 520 3144 postque
535 3073 619 3143 hujus
631 3073 692 3127 vitre
703 3073 855 3127 terminum
866 3074 895 3128 in
908 3032 1027 3145 regnoC
1038 3091 1135 3130 omnes
1150 3074 1216 3129 inde
1226 3074 1349 3146 ejecerit.
1364 3060 1439 3129 Proh
1449 3073 1545 3128 dolor!
1558 3073 1606 3127 his
1616 3072 1836 3145 temporibusaes

190 3161 296 3217 eoelesti
308 3161 428 3233 gloriam
443 3160 520 3216 vobis
533 3162 617 3216 simul
633 3179 695 3215 cunr
707 3162 811 3216 sanctis
827 3162 885 3217 suis
900 3179 996 3217 conce·
1037 3162 1098 3218 loca
1112 3170 1211 3218 sancta
1225 3170 1404 3230 venerantur,
1424 3178 1517 3234 neque
1541 3162 1675 3218 ministri
1690 3163 1743 3218 Dei
1759 3159 1836 3217 condi·

194 3250 244 3306 dat
257 3251 468 3323 sempiternam.
484 3251 561 3305 Tunc
570 3268 635 3306 vero
647 3251 824 3306 considentes
832 3251 862 3305 in
872 3252 994 3307 claustro
1034 3269 1090 3323 gne
1105 3252 1281 3308 honorantur
1294 3272 1300 3307 :
1313 3252 1361 3307 sed
1377 3267 1457 3306 versa
1466 3251 1526 3305 vice
1541 3250 1586 3306 illi
1598 3251 1650 3324 qui
1660 3249 1836 3307 honorande·

192 3340 284 3395 sancti
294 3339 543 3412 Albanimartyris,
555 3340 708 3394 seeundum
719 3357 827 3394 morem
839 3340 928 3403 illum,
940 3357 995 3412 quo
1036 3339 1834 3413 bueruntflagellanturspolianturatquediversisculum

169 3496 172 3500 Ι
191 3429 291 3502 priscis
305 3428 478 3501 temporibus
493 3429 544 3484 sub
559 3430 659 3484 Carolo
670 3429 840 3501 imperatore
855 3429 995 3484 Hildebal·
1035 3429 1090 3484 uiis
1104 3430 1283 3501 tranguntur.
1299 3430 1378 3485 Unde
1393 3428 1547 3483 necessitas
1563 3446 1677 3501 magna
1691 3445 1743 3484 ncs
1760 3425 1835 3498 coegit

194 3519 246 3573 dus
261 3525 290 3573 et
304 3519 476 3590 Richolpbus
488 3535 551 3572 curn
567 3518 674 3573 caeteris
692 3517 828 3590 episcopis
844 3525 873 3573 et
889 3517 995 3572 abbati·
1034 3535 1085 3590 pro
1100 3519 1197 3574 haere
1212 3519 1248 3573 ad
1263 3535 1311 3573 vos
1326 3519 1491 3583 reclamare,
1506 3522 1621 3589 petere,
1638 3524 1675 3572 ut
1689 3518 1762 3573 sicut
1775 3515 1835 3588 apud

190 3606 242 3662 bns
256 3608 323 3662 illuc
344 3607 573 3662 convenientibus
597 3608 733 3671 fecerunt,
757 3614 787 3661 et
806 3606 941 3679 ecepimus
965 3608 993 3662 in
1034 3614 1225 3664 antecessores
1239 3614 1346 3663 vestros
1367 3624 1448 3679 reges
1469 3612 1558 3677 atque
1586 3607 1776 3679 imperatores
1797 3605 1835 3678 qvi

190 3697 241 3751 Dei
256 3697 369 3753 nomine
379 3697 523 3752 communi
535 3713 672 3752 consensu
682 3702 710 3751 et
719 3697 862 3752 voluntate
873 3702 994 3752 tractare
1034 3702 1100 3752 ante
1114 3714 1162 3752 vos
1174 3697 1299 3764 suerunt,
1312 3698 1448 3751 honorem
1466 3701 1569 3750 saneta
1582 3696 1638 3750 Dei
1660 3695 1780 3752 Ecclesia
1793 3693 1834 3748 hs·

189 3785 298 3857 pariter
313 3786 348 3840 de
363 3791 439 3840 statu
453 3802 525 3840 verae
544 3785 698 3856 religionis,
715 3790 800 3856 atquc
822 3784 945 3839 utilitate
966 3791 995 3840 et
1034 3785 1104 3851 buit,
1119 3792 1147 3840 et
1161 3803 1212 3859 per
1224 3786 1432 3841 immunitatem
1448 3801 1549 3840 eorum
1559 3782 1834 3857 possessienoeeoele-

189 3872 314 3944 prosectu
335 3873 501 3928 Christianae
524 3873 622 3944 plebis.
648 3873 783 3927 Convenit
801 3874 940 3927 internos
959 3872 993 3926 de
1034 3874 1328 3931 siastieaeinoonvulsae
1343 3875 1538 3947 perstiterunt,
1550 3869 1833 3946 manentesqueincis

189 3966 285 4016 nostro
296 3961 439 4016 communi
448 3961 564 4031 collegio
575 3961 741 4016 clericorum
749 3967 834 4032 atque
845 3961 993 4015 monacho·
1034 3980 1146 4036 semper
1155 3964 1235 4020 illaesi
1244 3970 1492 4036 perseveraverunt
1503 3983 1509 4018 :
1523 3963 1566 4018 ita
1577 3964 1657 4036 apud
1672 3981 1722 4019 vos
1736 3962 1832 4018 moder·

189 4066 251 4104 rum
266 4050 336 4103 duas
350 4050 441 4103 facere
452 4057 568 4115 turmas,
588 4050 661 4104 sieut
675 4056 703 4104 et
718 4049 835 4104 fecimus
848 4067 853 4101 :
866 4049 905 4103 ita
919 4054 951 4104 ut
964 4050 993 4103 iu
1033 4053 1077 4109 nis
1104 4052 1280 4126 temporibus
1301 4053 1529 4109 incontaminatae
1555 4058 1756 4126 perrnanesnt.
1780 4050 1832 4105 Zelo

189 4154 246 4192 una
258 4145 353 4192 turma
363 4139 542 4193 considerent
556 4138 678 4210 episcopi
693 4155 755 4193 cum
767 4137 934 4209 quibusdam
944 4155 992 4193 no·
1033 4143 1109 4198 enim
1128 4143 1179 4197 Dei
1194 4147 1366 4214 oportetvos
1386 4142 1536 4197 defendere
1560 4143 1704 4198 Ecclesiae
1729 4138 1829 4201 Christi.

188 4227 278 4292 tariis,
296 4227 421 4296 legentes
437 4233 522 4298 atque
535 4232 747 4298 perscrutantes
762 4232 890 4281 sanctum
906 4228 992 4282 Evan·
1033 4232 1080 4303 qui
1095 4231 1171 4286 vobis
1187 4248 1305 4303 regnum
1317 4231 1345 4286 in
1357 4236 1433 4286 terra
1445 4236 1473 4286 et
1488 4230 1719 4286 dominationem
1733 4228 1829 4292 tribuit,

186 4317 302 4387 gelinm,
314 4332 433 4371 necnon
444 4315 583 4387 Epistolas
594 4316 926 4387 athetusapostolorum,
948 4334 992 4370 ca·
1033 4328 1065 4374 ut
1079 4336 1130 4392 per
1144 4320 1248 4374 nullius
1263 4320 1456 4391 suggestiones
1467 4319 1583 4391 iniquas
1596 4324 1725 4375 vestram
1733 4333 1829 4374 conces

188 4421 275 4460 nones
290 4422 411 4477 quoque,
430 4421 462 4459 ac
477 4405 587 4460 diversa
602 4410 763 4460 sanctorum
787 4406 903 4460 Patrem
924 4421 992 4476 opu·
1032 4410 1149 4475 sionem,
1169 4425 1254 4480 quam
1275 4409 1305 4463 in
1326 4409 1534 4480 eleemosynam
1558 4414 1688 4463 vestram
1712 4405 1828 4463 aeteus

187 4495 273 4560 scula,
287 4511 352 4548 cunr
367 4493 477 4549 caeteris
491 4494 578 4548 sacris
592 4492 778 4565 dogmatibus
792 4494 919 4564 diligenti
934 4500 991 4550 stu·
1030 4497 1138 4554 Christi
1151 4498 1320 4565 contulistis
1336 4496 1434 4551 sinatis
1445 4497 1617 4569 permutari.
1635 4498 1711 4563 Quia
1723 4497 1827 4552 inhone-

140 4636 142 4639 .
187 4582 234 4637 dio
244 4583 432 4654 perquirendo
448 4582 549 4654 quibus
564 4583 654 4637 modis
670 4587 775 4638 statum
798 4582 925 4638 Ecclesiae
940 4583 989 4638 Dei
1032 4595 1108 4643 stum
1124 4588 1274 4643 estuthoc
1288 4587 1363 4659 quod
1379 4585 1540 4641 nonsolum
1552 4586 1727 4642 Christianis
1736 4592 1828 4656 ampo

188 4675 219 4725 et
243 4672 411 4725 Christianae
433 4672 521 4743 plebis
542 4672 698 4743 protectum
721 4688 789 4726 sarva
813 4672 941 4726 doctrina
963 4679 992 4727 et
1033 4675 1110 4731 ribus
1124 4675 1319 4730 schristianis
1329 4673 1557 4746 imperatoribus,
1568 4674 1620 4729 sed
1632 4676 1827 4746 etiamapage

187 4759 322 4832 exemplis
330 4760 447 4831 justitia
459 4761 663 4828 inconvulsum,
676 4762 812 4831 largiente
825 4762 919 4832 gralia
928 4762 989 4829 Dei,
1033 4765 1076 4819 nis
1091 4763 1204 4836 regibus
1216 4770 1341 4837 tempore
1354 4763 1523 4835 gentilitatis
1534 4762 1571 4816 ad
1581 4763 1723 4819 honorem
1731 4759 1827 4818 Deieci-

188 4851 324 4924 pertieere
339 4856 368 4904 et
381 4866 545 4904 conservare
560 4854 683 4922 possent.
701 4851 733 4904 ln
748 4850 804 4904 alia
817 4868 883 4905 vero
897 4856 992 4906 turma
1032 4855 1121 4910 latum
1131 4860 1184 4920 est,
1197 4854 1298 4909 vestris
1307 4851 1518 4925 temporibusin
1529 4857 1627 4907 vestro
1636 4864 1826 4926 regnopermn

186 4940 321 4996 sederunt
333 4938 496 4999 abbatesac
512 4939 622 5010 probati
632 4939 771 5006 monachi,
786 4940 913 5010 regulam
923 4957 990 4995 san·
1033 4948 1119 4999 tetur.
1136 4945 1209 4999 Nam
1223 4942 1343 5014 legimus
1358 4942 1432 5014 apud
1447 4941 1568 4996 moran
1582 4943 1663 5014 quod
1677 4943 1824 4996 murare

186 5029 224 5084 cti
240 5028 384 5084 Benedicti
398 5028 534 5099 legentes
555 5035 640 5099 atque
662 5033 816 5084 tractantes
843 5028 992 5100 diligenter
1032 5050 1081 5088 rex
1096 5033 1190 5088 Esdrae
1205 5031 1302 5087 scribae
1314 5031 1384 5102 legis
1403 5030 1454 5086 Dei
1467 5030 1678 5102 perepistolam
1695 5029 1823 5085 mandere

186 5119 309 5189 qualiter
324 5118 525 5172 monachorum
541 5118 626 5171 vitam
639 5118 668 5172 in
680 5117 825 5173 meliorem
837 5123 941 5173 statum
951 5125 992 5174 at·
1032 5121 1078 5186 rit,
1098 5121 1139 5175 ita
1153 5118 1250 5175 dicens
1267 5139 1273 5173 τ
1292 5140 1303 5172 ι
1322 5121 1379 5190 Ego
1393 5120 1562 5173 Artaxerxes
1578 5135 1628 5172 rex
1650 5118 1736 5173 statui
1753 5123 1822 5187 atquc

186 5222 240 5277 que
254 5213 438 5277 augmentum
454 5223 518 5262 cunr
531 5200 684 5277 Dei‘grotia
695 5208 848 5278 perducere
864 5215 988 5279 possent,
1034 5231 1048 5258 ι
1064 5210 1174 5265 decrevi
1191 5209 1321 5265 omnibus
1330 5207 1492 5264 custodibus
1502 5223 1575 5264 areae
1584 5207 1706 5281 publicae
1715 5207 1761 5281 qui
1770 5209 1821 5261 sunt

187 5300 216 5347 et
224 5295 383 5365 ubicunque
392 5311 443 5366 per
451 5294 651 5365 negligentiam
661 5301 745 5366 atque
755 5296 893 5350 desidiam
903 5303 990 5351 recto
1033 5318 1045 5350 <t
1063 5300 1274 5354 transflumen:
1289 5298 1480 5368 Quodcunque
1490 5297 1608 5369 petierit
1618 5315 1637 5352 a
1650 5296 1728 5353 robis
1737 5295 1819 5352 aava

186 5398 250 5435 rum
263 5384 401 5452 regularis
416 5385 483 5437 ortlo
498 5385 623 5455 dilapsus
638 5385 745 5449 suisset,
764 5402 878 5439 rursum
894 5403 990 5441 seeun-
1033 5407 1044 5438 r
1062 5389 1192 5442 sacerdos
1208 5387 1299 5442 scriba
1314 5386 1382 5456 legis
1397 5386 1448 5439 Dei
1459 5386 1533 5453 cmii,
1548 5386 1626 5457 quod
1639 5387 1675 5442 ad
1687 5387 1768 5441 ritum
1780 5379 1816 5437 oei

132 5493 139 5499 ·
159 5533 164 5548 Ι
187 5471 255 5525 dum
270 5486 397 5525 normam
413 5474 516 5543 regulae
527 5475 616 5529 sancti
632 5474 775 5530 Benedicti
789 5476 825 5529 ad
838 5475 989 5547 ,integrum
1034 5497 1046 5531 e
1059 5479 1121 5533 coeli
1143 5477 1275 5550 pertinet,
1296 5475 1438 5531 tribuatur
1457 5474 1611 5547 diligenter
1632 5475 1662 5531 in
1679 5475 1758 5531 domo
1778 5470 1816 5526 oet

189 5557 390 5618 testitueretur.
411 5560 460 5616 llis
471 5579 537 5633 ergo
552 5562 592 5619 ita
606 5563 749 5638 dispositis
763 5569 848 5638 atque
857 5565 988 5639 peractis,
1033 5588 1044 5621 r
1063 5566 1125 5624 creli
1140 5586 1146 5622 :
1165 5583 1201 5624 ne
1215 5566 1287 5624 torte
1302 5565 1443 5624 irascatur
1465 5568 1566 5623 metra
1579 5581 1700 5640 regnum
1713 5561 1780 5636 tegit
1796 5563 1816 5612 ti
