<?xml version="1.0" encoding="UTF-8"?>
<!DOCTYPE html PUBLIC "-//W3C//DTD XHTML 1.0 Transitional//EN"
    "http://www.w3.org/TR/xhtml1/DTD/xhtml1-transitional.dtd">
<html xmlns="http://www.w3.org/1999/xhtml" xml:lang="en" lang="en">
 <head>
  <title>
</title>
<meta http-equiv="Content-Type" content="text/html;charset=utf-8" />
  <meta name='ocr-system' content='tesseract 3.04.00' />
  <meta name='ocr-capabilities' content='ocr_page ocr_carea ocr_par ocr_line ocrx_word'/>
</head>
<body>
  <div class='ocr_page' id='page_1' title='image "./patrologiaecurs22goog_0172.png"; bbox 0 0 3772 6120; ppageno 0'>
   <div class='ocr_carea' id='block_1_1' title="bbox 120 343 1757 404">
    <p class='ocr_par' dir='ltr' id='par_1_1' title="bbox 120 343 1757 404">
     <span class='ocr_line' id='line_1_1' title="bbox 120 343 1757 404; baseline 0.003 -9"><span class='ocrx_word' id='word_1_1' title='bbox 120 345 169 404; x_wconf 72' lang='lat'><strong>333</strong></span> <span class='ocrx_word' id='word_1_2' title='bbox 340 345 629 400; x_wconf 78' lang='lat' dir='ltr'><strong>ENARRATIONUM</strong></span> <span class='ocrx_word' id='word_1_3' title='bbox 649 346 687 400; x_wconf 82' lang='lat' dir='ltr'><strong>IN</strong></span> <span class='ocrx_word' id='word_1_4' title='bbox 707 346 783 400; x_wconf 86' lang='lat' dir='ltr'>EPP.</span> <span class='ocrx_word' id='word_1_5' title='bbox 807 344 911 399; x_wconf 81' lang='lat' dir='ltr'><strong>PAULI</strong></span> <span class='ocrx_word' id='word_1_6' title='bbox 932 345 1000 399; x_wconf 85' lang='lat' dir='ltr'><strong>LlB.</strong></span> <span class='ocrx_word' id='word_1_7' title='bbox 1020 344 1078 397; x_wconf 70' lang='lat' dir='ltr'><strong>XV.</strong></span> <span class='ocrx_word' id='word_1_8' title='bbox 1098 374 1129 381; x_wconf 94' lang='lat'><em>-</em></span> <span class='ocrx_word' id='word_1_9' title='bbox 1151 344 1189 398; x_wconf 80' lang='lat' dir='ltr'><strong>IN</strong></span> <span class='ocrx_word' id='word_1_10' title='bbox 1209 344 1319 399; x_wconf 83' lang='lat' dir='ltr'>EPIST.</span> <span class='ocrx_word' id='word_1_11' title='bbox 1340 345 1388 397; x_wconf 80' lang='lat' dir='ltr'><strong>AD</strong></span> <span class='ocrx_word' id='word_1_12' title='bbox 1408 344 1535 400; x_wconf 70' lang='lat' dir='ltr'><strong>GdLAT.</strong></span> <span class='ocrx_word' id='word_1_13' title='bbox 1705 343 1757 400; x_wconf 74' lang='lat'><strong>334</strong></span> 
     </span>
    </p>
   </div>
   <div class='ocr_carea' id='block_1_2' title="bbox 116 470 1761 1164">
    <p class='ocr_par' dir='ltr' id='par_1_2' title="bbox 116 470 1761 1164">
     <span class='ocr_line' id='line_1_2' title="bbox 117 470 1757 540; baseline 0.002 -18"><span class='ocrx_word' id='word_1_14' title='bbox 117 480 184 535; x_wconf 76' lang='lat' dir='ltr'><strong>ticin,</strong></span> <span class='ocrx_word' id='word_1_15' title='bbox 203 475 243 525; x_wconf 82' lang='lat' dir='ltr'><strong>ila</strong></span> <span class='ocrx_word' id='word_1_16' title='bbox 258 477 283 524; x_wconf 78' lang='lat' dir='ltr'><strong>et</strong></span> <span class='ocrx_word' id='word_1_17' title='bbox 297 487 382 525; x_wconf 72' lang='lat' dir='ltr'><strong>neeric</strong></span> <span class='ocrx_word' id='word_1_18' title='bbox 399 472 461 527; x_wconf 79' lang='lat' dir='ltr'><strong>Non</strong></span> <span class='ocrx_word' id='word_1_19' title='bbox 471 473 561 526; x_wconf 88' lang='lat' dir='ltr'><strong>solum</strong></span> <span class='ocrx_word' id='word_1_20' title='bbox 576 472 840 525; x_wconf 87' lang='lat' dir='ltr'><strong>lsrnaelsecandum</strong></span> <span class='ocrx_word' id='word_1_21' title='bbox 855 486 917 523; x_wconf 87' lang='lat' dir='ltr'><strong>car·</strong></span> <span class='ocrx_word' id='word_1_22' title='bbox 928 474 953 530; x_wconf 81' lang='grc' dir='ltr'>Α</span> <span class='ocrx_word' id='word_1_23' title='bbox 959 470 1097 540; x_wconf 86' lang='lat' dir='ltr'><strong>persecuti</strong></span> <span class='ocrx_word' id='word_1_24' title='bbox 1107 476 1181 525; x_wconf 84' lang='lat' dir='ltr'><strong>sunt.</strong></span> <span class='ocrx_word' id='word_1_25' title='bbox 1190 470 1408 523; x_wconf 82' lang='lat' dir='ltr'><strong>etadversantur</strong></span> <span class='ocrx_word' id='word_1_26' title='bbox 1418 470 1554 524; x_wconf 73' lang='lat' dir='ltr'><strong>voluntati</strong></span> <span class='ocrx_word' id='word_1_27' title='bbox 1569 472 1628 527; x_wconf 85' lang='lat' dir='ltr'><strong>Dei.</strong></span> <span class='ocrx_word' id='word_1_28' title='bbox 1639 482 1667 525; x_wconf 84' lang='lat' dir='ltr'><strong>et</strong></span> <span class='ocrx_word' id='word_1_29' title='bbox 1681 472 1757 526; x_wconf 84' lang='lat' dir='ltr'><strong>vide·</strong></span> 
     </span>
     <span class='ocr_line' id='line_1_3' title="bbox 117 558 1758 630; baseline 0.001 -17"><span class='ocrx_word' id='word_1_30' title='bbox 117 578 178 614; x_wconf 86' lang='lat' dir='ltr'><strong>nem</strong></span> <span class='ocrx_word' id='word_1_31' title='bbox 192 567 280 615; x_wconf 85' lang='lat' dir='ltr'><strong>nutus</strong></span> <span class='ocrx_word' id='word_1_32' title='bbox 295 568 348 625; x_wconf 79' lang='lat' dir='ltr'><strong>est,</strong></span> <span class='ocrx_word' id='word_1_33' title='bbox 359 560 409 614; x_wconf 69' lang='lat' dir='ltr'><strong>ared</strong></span> <span class='ocrx_word' id='word_1_34' title='bbox 424 565 453 613; x_wconf 88' lang='lat' dir='ltr'><strong>et</strong></span> <span class='ocrx_word' id='word_1_35' title='bbox 466 560 548 623; x_wconf 81' lang='lat' dir='ltr'><strong>Esau,</strong></span> <span class='ocrx_word' id='word_1_36' title='bbox 564 560 630 630; x_wconf 86' lang='lat' dir='ltr'><strong>quin</strong></span> <span class='ocrx_word' id='word_1_37' title='bbox 649 566 677 613; x_wconf 93' lang='lat' dir='ltr'><strong>et</strong></span> <span class='ocrx_word' id='word_1_38' title='bbox 695 560 754 630; x_wconf 87' lang='lat' dir='ltr'><strong>ipse</strong></span> <span class='ocrx_word' id='word_1_39' title='bbox 775 560 803 612; x_wconf 94' lang='lat' dir='ltr'><strong>in</strong></span> <span class='ocrx_word' id='word_1_40' title='bbox 822 559 916 629; x_wconf 89' lang='lat' dir='ltr'><strong>pepuli</strong></span> <span class='ocrx_word' id='word_1_41' title='bbox 959 558 1050 612; x_wconf 88' lang='lat' dir='ltr'><strong>bimus</strong></span> <span class='ocrx_word' id='word_1_42' title='bbox 1069 559 1156 611; x_wconf 91' lang='lat' dir='ltr'><strong>multo</strong></span> <span class='ocrx_word' id='word_1_43' title='bbox 1173 559 1293 627; x_wconf 88' lang='lat' dir='ltr'><strong>maj0res</strong></span> <span class='ocrx_word' id='word_1_44' title='bbox 1308 559 1514 628; x_wconf 82' lang='lat' dir='ltr'><strong>persecutiones</strong></span> <span class='ocrx_word' id='word_1_45' title='bbox 1526 576 1596 629; x_wconf 74' lang='lat' dir='ltr'><strong>queis</strong></span> <span class='ocrx_word' id='word_1_46' title='bbox 1607 578 1658 615; x_wconf 82' lang='lat' dir='ltr'><strong>rios</strong></span> <span class='ocrx_word' id='word_1_47' title='bbox 1672 561 1758 615; x_wconf 87' lang='lat' dir='ltr'><strong>etiam</strong></span> 
     </span>
     <span class='ocr_line' id='line_1_4' title="bbox 116 647 1760 720; baseline 0.002 -19"><span class='ocrx_word' id='word_1_48' title='bbox 116 648 224 703; x_wconf 72' lang='lat' dir='ltr'><strong>Iudaici</strong></span> <span class='ocrx_word' id='word_1_49' title='bbox 231 656 333 719; x_wconf 74' lang='lat' dir='ltr'><strong>typum</strong></span> <span class='ocrx_word' id='word_1_50' title='bbox 345 655 484 703; x_wconf 86' lang='lat' dir='ltr'><strong>natusest.</strong></span> <span class='ocrx_word' id='word_1_51' title='bbox 492 649 593 719; x_wconf 85' lang='lat' dir='ltr'><strong>Deque</strong></span> <span class='ocrx_word' id='word_1_52' title='bbox 603 649 631 702; x_wconf 90' lang='lat' dir='ltr'><strong>ia</strong></span> <span class='ocrx_word' id='word_1_53' title='bbox 640 649 916 718; x_wconf 77' lang='lat' dir='ltr'><strong>Malaelnapropbeta</strong></span> <span class='ocrx_word' id='word_1_54' title='bbox 958 647 1080 701; x_wconf 78' lang='lat' dir='ltr'><strong>historin</strong></span> <span class='ocrx_word' id='word_1_55' title='bbox 1100 648 1210 712; x_wconf 83' lang='lat' dir='ltr'><strong>docent,</strong></span> <span class='ocrx_word' id='word_1_56' title='bbox 1227 664 1244 700; x_wconf 87' lang='lat' dir='ltr'><strong>a</strong></span> <span class='ocrx_word' id='word_1_57' title='bbox 1259 647 1361 701; x_wconf 69' lang='lat' dir='ltr'><strong>ludaeis</strong></span> <span class='ocrx_word' id='word_1_58' title='bbox 1378 648 1404 700; x_wconf 92' lang='lat' dir='ltr'><strong>in</strong></span> <span class='ocrx_word' id='word_1_59' title='bbox 1433 647 1617 713; x_wconf 76' lang='lat' dir='ltr'>Christianos,</span> <span class='ocrx_word' id='word_1_60' title='bbox 1642 666 1729 720; x_wconf 86' lang='lat' dir='ltr'><strong>quam</strong></span> <span class='ocrx_word' id='word_1_61' title='bbox 1742 668 1760 705; x_wconf 85' lang='lat' dir='ltr'><strong>a</strong></span> 
     </span>
     <span class='ocr_line' id='line_1_5' title="bbox 117 735 1758 808; baseline 0.001 -17"><span class='ocrx_word' id='word_1_62' title='bbox 117 738 252 808; x_wconf 86' lang='lat' dir='ltr'><strong>scriptum</strong></span> <span class='ocrx_word' id='word_1_63' title='bbox 267 744 310 791; x_wconf 88' lang='lat' dir='ltr'><strong>est</strong></span> <span class='ocrx_word' id='word_1_64' title='bbox 326 740 424 791; x_wconf 82' lang='lat' dir='ltr'><strong>:Jacob</strong></span> <span class='ocrx_word' id='word_1_65' title='bbox 434 739 527 801; x_wconf 76' lang='lat' dir='ltr'><strong>ditari,</strong></span> <span class='ocrx_word' id='word_1_66' title='bbox 542 738 615 792; x_wconf 72' lang='lat' dir='ltr'><strong>Euan</strong></span> <span class='ocrx_word' id='word_1_67' title='bbox 626 754 685 791; x_wconf 81' lang='lat' dir='ltr'><strong>uero</strong></span> <span class='ocrx_word' id='word_1_68' title='bbox 699 740 773 791; x_wconf 74' lang='lat' dir='ltr'><strong>cilici</strong></span> <span class='ocrx_word' id='word_1_69' title='bbox 788 739 915 803; x_wconf 77' lang='lat' dir='ltr'><strong>(Malean.</strong></span> <span class='ocrx_word' id='word_1_70' title='bbox 959 735 1097 790; x_wconf 75' lang='lat' dir='ltr'>Gentibus</span> <span class='ocrx_word' id='word_1_71' title='bbox 1116 735 1268 789; x_wconf 83' lang='lat' dir='ltr'><strong>concitatas</strong></span> <span class='ocrx_word' id='word_1_72' title='bbox 1284 738 1387 806; x_wconf 48' lang='lat' dir='ltr'><strong>(zlapi.</strong></span> <span class='ocrx_word' id='word_1_73' title='bbox 1414 736 1578 800; x_wconf 62' lang='lat' dir='ltr'><strong>Quaeramus</strong></span> <span class='ocrx_word' id='word_1_74' title='bbox 1592 737 1659 808; x_wconf 90' lang='lat' dir='ltr'><strong>quid</strong></span> <span class='ocrx_word' id='word_1_75' title='bbox 1674 738 1714 792; x_wconf 85' lang='lat' dir='ltr'><strong>ait</strong></span> <span class='ocrx_word' id='word_1_76' title='bbox 1730 739 1758 793; x_wconf 89' lang='lat' dir='ltr'><strong>iu</strong></span> 
     </span>
     <span class='ocr_line' id='line_1_6' title="bbox 118 825 1757 897; baseline 0.002 -17"><span class='ocrx_word' id='word_1_77' title='bbox 118 837 151 893; x_wconf 80' lang='lat' dir='ltr'><strong>n:</strong></span> <span class='ocrx_word' id='word_1_78' title='bbox 163 827 210 881; x_wconf 90' lang='lat' dir='ltr'><strong>bic</strong></span> <span class='ocrx_word' id='word_1_79' title='bbox 225 826 448 897; x_wconf 77' lang='lat' dir='ltr'><strong>persequebatur</strong></span> <span class='ocrx_word' id='word_1_80' title='bbox 462 827 557 893; x_wconf 73' lang='lat' dir='ltr'><strong>lsrcob,</strong></span> <span class='ocrx_word' id='word_1_81' title='bbox 569 827 617 897; x_wconf 91' lang='lat' dir='ltr'><strong>qui</strong></span> <span class='ocrx_word' id='word_1_82' title='bbox 631 827 661 880; x_wconf 92' lang='lat' dir='ltr'><strong>in</strong></span> <span class='ocrx_word' id='word_1_83' title='bbox 676 826 771 897; x_wconf 91' lang='lat' dir='ltr'><strong>populi</strong></span> <span class='ocrx_word' id='word_1_84' title='bbox 786 827 919 881; x_wconf 76' lang='lat' dir='ltr'><strong>Christia-</strong></span> <span class='ocrx_word' id='word_1_85' title='bbox 960 826 1061 879; x_wconf 80' lang='lat' dir='ltr'><strong>Gerresi</strong></span> <span class='ocrx_word' id='word_1_86' title='bbox 1075 844 1080 876; x_wconf 89' lang='lat'>:</span> <span class='ocrx_word' id='word_1_87' title='bbox 1095 825 1126 878; x_wconf 77' lang='lat' dir='ltr'><strong>Et</strong></span> <span class='ocrx_word' id='word_1_88' title='bbox 1141 830 1245 890; x_wconf 76' lang='lat' dir='ltr'><strong>larana</strong></span> <span class='ocrx_word' id='word_1_89' title='bbox 1261 831 1297 878; x_wconf 83' lang='lat' dir='ltr'><strong>cd</strong></span> <span class='ocrx_word' id='word_1_90' title='bbox 1313 842 1373 878; x_wconf 87' lang='lat' dir='ltr'><strong>cnm</strong></span> <span class='ocrx_word' id='word_1_91' title='bbox 1392 829 1400 877; x_wconf 95' lang='lat' dir='ltr'><strong>l</strong></span> <span class='ocrx_word' id='word_1_92' title='bbox 1405 828 1516 879; x_wconf 80' lang='lat' dir='ltr'><strong>uclercnl</strong></span> <span class='ocrx_word' id='word_1_93' title='bbox 1529 828 1625 880; x_wconf 80' lang='lat' dir='ltr'><strong>lsrrtael</strong></span> <span class='ocrx_word' id='word_1_94' title='bbox 1636 832 1660 880; x_wconf 85' lang='lat' dir='ltr'><strong>el</strong></span> <span class='ocrx_word' id='word_1_95' title='bbox 1671 828 1757 889; x_wconf 71' lang='lat' dir='ltr'><strong>Isaac,</strong></span> 
     </span>
     <span class='ocr_line' id='line_1_7' title="bbox 118 914 1760 986; baseline 0 -16"><span class='ocrx_word' id='word_1_96' title='bbox 118 916 355 986; x_wconf 74' lang='lat' dir='ltr'><strong>nillgurenatas,</strong></span> <span class='ocrx_word' id='word_1_97' title='bbox 382 923 495 969; x_wconf 76' lang='lat' dir='ltr'><strong>vocatus</strong></span> <span class='ocrx_word' id='word_1_98' title='bbox 513 924 556 969; x_wconf 86' lang='lat' dir='ltr'><strong>est</strong></span> <span class='ocrx_word' id='word_1_99' title='bbox 583 916 679 980; x_wconf 89' lang='lat' dir='ltr'><strong>lsrael,</strong></span> <span class='ocrx_word' id='word_1_100' title='bbox 710 916 760 968; x_wconf 89' lang='lat' dir='ltr'><strong>boc</strong></span> <span class='ocrx_word' id='word_1_101' title='bbox 778 923 821 969; x_wconf 89' lang='lat' dir='ltr'><strong>est</strong></span> <span class='ocrx_word' id='word_1_102' title='bbox 836 916 918 969; x_wconf 92' lang='lat' dir='ltr'><strong>bomo</strong></span> <span class='ocrx_word' id='word_1_103' title='bbox 962 917 1028 968; x_wconf 70' lang='lat' dir='ltr'><strong>milit</strong></span> <span class='ocrx_word' id='word_1_104' title='bbox 1040 932 1080 967; x_wconf 80' lang='lat' dir='ltr'><strong>ros</strong></span> <span class='ocrx_word' id='word_1_105' title='bbox 1096 914 1227 967; x_wconf 77' lang='lat' dir='ltr'><strong>ludentes.</strong></span> <span class='ocrx_word' id='word_1_106' title='bbox 1239 914 1308 978; x_wconf 89' lang='lat' dir='ltr'><strong>Quis</strong></span> <span class='ocrx_word' id='word_1_107' title='bbox 1318 920 1480 985; x_wconf 87' lang='lat' dir='ltr'><strong>persecutus</strong></span> <span class='ocrx_word' id='word_1_108' title='bbox 1490 916 1554 969; x_wconf 80' lang='lat' dir='ltr'><strong>cst?</strong></span> <span class='ocrx_word' id='word_1_109' title='bbox 1567 931 1651 985; x_wconf 86' lang='lat' dir='ltr'><strong>quem</strong></span> <span class='ocrx_word' id='word_1_110' title='bbox 1665 932 1760 986; x_wconf 89' lang='lat' dir='ltr'><strong>perse·</strong></span> 
     </span>
     <span class='ocr_line' id='line_1_8' title="bbox 119 1003 1760 1073; baseline 0.003 -18"><span class='ocrx_word' id='word_1_111' title='bbox 119 1005 213 1059; x_wconf 82' lang='lat' dir='ltr'><strong>ridens</strong></span> <span class='ocrx_word' id='word_1_112' title='bbox 226 1004 639 1059; x_wconf 82' lang='lat' dir='ltr'><strong>Deurn.Similiteretludeees</strong></span> <span class='ocrx_word' id='word_1_113' title='bbox 653 1004 843 1073; x_wconf 81' lang='lat' dir='ltr'><strong>perinvidiam</strong></span> <span class='ocrx_word' id='word_1_114' title='bbox 859 1018 920 1072; x_wconf 92' lang='lat' dir='ltr'><strong>per·</strong></span> <span class='ocrx_word' id='word_1_115' title='bbox 960 1010 1041 1057; x_wconf 87' lang='lat' dir='ltr'><strong>cutus</strong></span> <span class='ocrx_word' id='word_1_116' title='bbox 1065 1009 1108 1056; x_wconf 88' lang='lat' dir='ltr'><strong>est</strong></span> <span class='ocrx_word' id='word_1_117' title='bbox 1123 1004 1135 1053; x_wconf 75' lang='lat' dir='ltr'><strong>‘l</strong></span> <span class='ocrx_word' id='word_1_118' title='bbox 1149 1003 1289 1057; x_wconf 87' lang='lat' dir='ltr'><strong>Ludentes</strong></span> <span class='ocrx_word' id='word_1_119' title='bbox 1318 1020 1366 1056; x_wconf 87' lang='lat' dir='ltr'><strong>cos</strong></span> <span class='ocrx_word' id='word_1_120' title='bbox 1385 1003 1453 1057; x_wconf 83' lang='lat' dir='ltr'><strong>vidit</strong></span> <span class='ocrx_word' id='word_1_121' title='bbox 1477 1006 1556 1069; x_wconf 83' lang='lat' dir='ltr'><strong>Sura,</strong></span> <span class='ocrx_word' id='word_1_122' title='bbox 1573 1011 1600 1058; x_wconf 91' lang='lat' dir='ltr'><strong>et</strong></span> <span class='ocrx_word' id='word_1_123' title='bbox 1615 1005 1760 1073; x_wconf 61' lang='lat' dir='ltr'><strong>ainana</strong></span> 
     </span>
     <span class='ocr_line' id='line_1_9' title="bbox 119 1092 1761 1164; baseline 0.001 -16"><span class='ocrx_word' id='word_1_124' title='bbox 119 1095 196 1164; x_wconf 84' lang='lat' dir='ltr'><strong>sequi</strong></span> <span class='ocrx_word' id='word_1_125' title='bbox 205 1094 378 1164; x_wconf 73' lang='lat' dir='ltr'><strong>significarit</strong></span> <span class='ocrx_word' id='word_1_126' title='bbox 392 1093 575 1147; x_wconf 87' lang='lat' dir='ltr'><strong>Christianos.</strong></span> <span class='ocrx_word' id='word_1_127' title='bbox 595 1093 675 1147; x_wconf 92' lang='lat' dir='ltr'><strong>Unde</strong></span> <span class='ocrx_word' id='word_1_128' title='bbox 688 1093 755 1147; x_wconf 81' lang='lat' dir='ltr'><strong>data</strong></span> <span class='ocrx_word' id='word_1_129' title='bbox 770 1108 856 1163; x_wconf 86' lang='lat' dir='ltr'><strong>opera</strong></span> <span class='ocrx_word' id='word_1_130' title='bbox 865 1096 921 1145; x_wconf 79' lang='lat' dir='ltr'><strong>tla-</strong></span> <span class='ocrx_word' id='word_1_131' title='bbox 961 1096 1095 1145; x_wconf 78' lang='lat' dir='ltr'><strong>ancillam</strong></span> <span class='ocrx_word' id='word_1_132' title='bbox 1121 1097 1144 1144; x_wconf 85' lang='lat' dir='ltr'><strong>ct</strong></span> <span class='ocrx_word' id='word_1_133' title='bbox 1167 1093 1260 1158; x_wconf 66' lang='lat' dir='ltr'><strong>filiam</strong></span> <span class='ocrx_word' id='word_1_134' title='bbox 1289 1095 1357 1159; x_wconf 65' lang='lat' dir='ltr'><strong>cpias.</strong></span> <span class='ocrx_word' id='word_1_135' title='bbox 1378 1092 1501 1154; x_wconf 75' lang='lat' dir='ltr'><strong>Quare?</strong></span> <span class='ocrx_word' id='word_1_136' title='bbox 1530 1092 1603 1157; x_wconf 82' lang='lat' dir='ltr'><strong>Quia</strong></span> <span class='ocrx_word' id='word_1_137' title='bbox 1629 1093 1684 1147; x_wconf 75' lang='lat' dir='ltr'><strong>vidi</strong></span> <span class='ocrx_word' id='word_1_138' title='bbox 1713 1111 1761 1149; x_wconf 85' lang='lat' dir='ltr'><strong>eos</strong></span> 
     </span>
    </p>
   </div>
   <div class='ocr_carea' id='block_1_3' title="bbox 121 1176 1858 1251">
    <p class='ocr_par' dir='ltr' id='par_1_3' title="bbox 121 1176 1858 1251">
     <span class='ocr_line' id='line_1_10' title="bbox 121 1176 1858 1251; baseline 0.002 -16"><span class='ocrx_word' id='word_1_139' title='bbox 121 1184 362 1237; x_wconf 83' lang='lat' dir='ltr'><strong>lateseverterant</strong></span> <span class='ocrx_word' id='word_1_140' title='bbox 377 1182 482 1237; x_wconf 87' lang='lat' dir='ltr'><strong>carnali</strong></span> <span class='ocrx_word' id='word_1_141' title='bbox 498 1182 666 1238; x_wconf 61' lang='lat' dir='ltr'><strong>estuantis</strong></span> <span class='ocrx_word' id='word_1_142' title='bbox 680 1184 748 1251; x_wconf 84' lang='lat' dir='ltr'><strong>qaid</strong></span> <span class='ocrx_word' id='word_1_143' title='bbox 761 1183 828 1235; x_wconf 84' lang='lat' dir='ltr'><strong>dicit</strong></span> <span class='ocrx_word' id='word_1_144' title='bbox 843 1182 919 1233; x_wconf 76' lang='lat' dir='ltr'><strong>Scri·</strong></span> <span class='ocrx_word' id='word_1_145' title='bbox 962 1181 1098 1235; x_wconf 89' lang='lat' dir='ltr'><strong>ludentes.</strong></span> <span class='ocrx_word' id='word_1_146' title='bbox 1116 1180 1170 1233; x_wconf 84' lang='lat' dir='ltr'><strong>Sed</strong></span> <span class='ocrx_word' id='word_1_147' title='bbox 1185 1181 1279 1233; x_wconf 87' lang='lat' dir='ltr'><strong>lusum</strong></span> <span class='ocrx_word' id='word_1_148' title='bbox 1302 1181 1382 1234; x_wconf 89' lang='lat' dir='ltr'><strong>illum</strong></span> <span class='ocrx_word' id='word_1_149' title='bbox 1410 1181 1514 1235; x_wconf 86' lang='lat' dir='ltr'><strong>Paulus</strong></span> <span class='ocrx_word' id='word_1_150' title='bbox 1537 1183 1761 1251; x_wconf 63' lang='lat' dir='ltr'><strong>persecutionem</strong></span> <span class='ocrx_word' id='word_1_151' title='bbox 1849 1176 1858 1185; x_wconf 77' lang='grc'>’</span> 
     </span>
    </p>
   </div>
   <div class='ocr_carea' id='block_1_4' title="bbox 120 1268 1776 2585">
    <p class='ocr_par' dir='ltr' id='par_1_4' title="bbox 120 1268 1776 2585">
     <span class='ocr_line' id='line_1_11' title="bbox 120 1268 1761 1340; baseline 0.001 -15"><span class='ocrx_word' id='word_1_152' title='bbox 120 1278 201 1340; x_wconf 65' lang='lat' dir='ltr'><strong>,vona</strong></span> <span class='ocrx_word' id='word_1_153' title='bbox 213 1271 307 1340; x_wconf 75' lang='lat' dir='ltr'><strong>llijice-</strong></span> <span class='ocrx_word' id='word_1_154' title='bbox 321 1275 458 1326; x_wconf 75' lang='lat' dir='ltr'><strong><em>ancillam</em></strong></span> <span class='ocrx_word' id='word_1_155' title='bbox 468 1278 491 1324; x_wconf 81' lang='lat' dir='ltr'><strong>ct</strong></span> <span class='ocrx_word' id='word_1_156' title='bbox 506 1272 738 1338; x_wconf 61' lang='lat' dir='ltr'><strong>micantissima</strong></span> <span class='ocrx_word' id='word_1_157' title='bbox 750 1274 822 1324; x_wconf 84' lang='lat' dir='ltr'><strong>enim</strong></span> <span class='ocrx_word' id='word_1_158' title='bbox 838 1271 920 1324; x_wconf 81' lang='lat' dir='ltr'><strong>bans</strong></span> <span class='ocrx_word' id='word_1_159' title='bbox 963 1276 1041 1324; x_wconf 79' lang='lat' dir='ltr'><strong>secut</strong></span> <span class='ocrx_word' id='word_1_160' title='bbox 1053 1268 1213 1339; x_wconf 86' lang='lat' dir='ltr'><strong>;quialusio</strong></span> <span class='ocrx_word' id='word_1_161' title='bbox 1226 1268 1282 1331; x_wconf 84' lang='lat' dir='ltr'><strong>illa,</strong></span> <span class='ocrx_word' id='word_1_162' title='bbox 1295 1269 1459 1324; x_wconf 85' lang='lat' dir='ltr'><strong>illusioerat</strong></span> <span class='ocrx_word' id='word_1_163' title='bbox 1470 1289 1474 1322; x_wconf 96' lang='lat'><strong>:</strong></span> <span class='ocrx_word' id='word_1_164' title='bbox 1487 1271 1511 1323; x_wconf 90' lang='lat' dir='ltr'><strong>si</strong></span> <span class='ocrx_word' id='word_1_165' title='bbox 1520 1270 1623 1335; x_wconf 89' lang='lat' dir='ltr'><strong>illusio,</strong></span> <span class='ocrx_word' id='word_1_166' title='bbox 1636 1272 1761 1327; x_wconf 77' lang='lat' dir='ltr'><strong>seductio</strong></span> 
     </span>
     <span class='ocr_line' id='line_1_12' title="bbox 120 1357 1762 1428; baseline 0.001 -15"><span class='ocrx_word' id='word_1_167' title='bbox 120 1365 169 1413; x_wconf 80' lang='lat' dir='ltr'><strong>erit</strong></span> <span class='ocrx_word' id='word_1_168' title='bbox 184 1363 383 1427; x_wconf 73' lang='lat' dir='ltr'><strong>flliusanrilla</strong></span> <span class='ocrx_word' id='word_1_169' title='bbox 397 1377 461 1413; x_wconf 76' lang='lat' dir='ltr'><strong>cirin</strong></span> <span class='ocrx_word' id='word_1_170' title='bbox 478 1364 536 1427; x_wconf 65' lang='lat' dir='ltr'><strong>filie</strong></span> <span class='ocrx_word' id='word_1_171' title='bbox 552 1361 651 1414; x_wconf 76' lang='lat' dir='ltr'><strong>libera.</strong></span> <span class='ocrx_word' id='word_1_172' title='bbox 667 1361 731 1413; x_wconf 70' lang='lat' dir='ltr'><strong>llaec</strong></span> <span class='ocrx_word' id='word_1_173' title='bbox 746 1359 831 1413; x_wconf 83' lang='lat' dir='ltr'><strong>verba</strong></span> <span class='ocrx_word' id='word_1_174' title='bbox 845 1359 920 1413; x_wconf 80' lang='lat' dir='ltr'><strong>Sarae</strong></span> <span class='ocrx_word' id='word_1_175' title='bbox 962 1366 991 1411; x_wconf 91' lang='lat' dir='ltr'><strong>et</strong></span> <span class='ocrx_word' id='word_1_176' title='bbox 1004 1357 1130 1428; x_wconf 81' lang='lat' dir='ltr'><strong>deceptio</strong></span> <span class='ocrx_word' id='word_1_177' title='bbox 1141 1362 1184 1411; x_wconf 91' lang='lat' dir='ltr'><strong>est</strong></span> <span class='ocrx_word' id='word_1_178' title='bbox 1199 1376 1204 1409; x_wconf 89' lang='lat'>:</span> <span class='ocrx_word' id='word_1_179' title='bbox 1220 1357 1312 1411; x_wconf 87' lang='lat' dir='ltr'><strong>omnis</strong></span> <span class='ocrx_word' id='word_1_180' title='bbox 1322 1358 1399 1410; x_wconf 89' lang='lat' dir='ltr'><strong>lusus</strong></span> <span class='ocrx_word' id='word_1_181' title='bbox 1408 1374 1570 1428; x_wconf 86' lang='lat' dir='ltr'><strong>puerorum,</strong></span> <span class='ocrx_word' id='word_1_182' title='bbox 1581 1359 1762 1415; x_wconf 83' lang='lat' dir='ltr'><strong>simulacrum</strong></span> 
     </span>
     <span class='ocr_line' id='line_1_13' title="bbox 121 1446 1762 1521; baseline 0.002 -20"><span class='ocrx_word' id='word_1_183' title='bbox 121 1456 259 1519; x_wconf 77' lang='lat' dir='ltr'><strong>suntquae</strong></span> <span class='ocrx_word' id='word_1_184' title='bbox 272 1458 374 1521; x_wconf 81' lang='lat' dir='ltr'><strong>typum</strong></span> <span class='ocrx_word' id='word_1_185' title='bbox 386 1448 470 1502; x_wconf 88' lang='lat' dir='ltr'><strong>babet</strong></span> <span class='ocrx_word' id='word_1_186' title='bbox 481 1449 657 1502; x_wconf 86' lang='lat' dir='ltr'><strong>Hierusalem</strong></span> <span class='ocrx_word' id='word_1_187' title='bbox 667 1449 797 1514; x_wconf 74' lang='lat' dir='ltr'><strong>scelestis,</strong></span> <span class='ocrx_word' id='word_1_188' title='bbox 809 1449 843 1502; x_wconf 93' lang='lat' dir='ltr'><strong>de</strong></span> <span class='ocrx_word' id='word_1_189' title='bbox 856 1463 921 1519; x_wconf 84' lang='lat' dir='ltr'><strong>pro·</strong></span> <span class='ocrx_word' id='word_1_190' title='bbox 963 1455 1006 1501; x_wconf 85' lang='lat' dir='ltr'><strong>est</strong></span> <span class='ocrx_word' id='word_1_191' title='bbox 1028 1446 1133 1517; x_wconf 83' lang='lat' dir='ltr'><strong>negotii</strong></span> <span class='ocrx_word' id='word_1_192' title='bbox 1156 1447 1288 1519; x_wconf 85' lang='lat' dir='ltr'><strong>rnajoris:</strong></span> <span class='ocrx_word' id='word_1_193' title='bbox 1308 1448 1462 1517; x_wconf 77' lang='lat' dir='ltr'><strong>ecquando</strong></span> <span class='ocrx_word' id='word_1_194' title='bbox 1491 1449 1581 1516; x_wconf 87' lang='lat' dir='ltr'><strong>rnajor</strong></span> <span class='ocrx_word' id='word_1_195' title='bbox 1603 1448 1675 1502; x_wconf 88' lang='lat' dir='ltr'><strong>ludit</strong></span> <span class='ocrx_word' id='word_1_196' title='bbox 1696 1466 1762 1505; x_wconf 87' lang='lat' dir='ltr'><strong>cum</strong></span> 
     </span>
     <span class='ocr_line' id='line_1_14' title="bbox 122 1534 1766 1607; baseline -0.001 -15"><span class='ocrx_word' id='word_1_197' title='bbox 122 1538 253 1592; x_wconf 83' lang='lat' dir='ltr'><strong>missione</strong></span> <span class='ocrx_word' id='word_1_198' title='bbox 269 1554 411 1607; x_wconf 79' lang='lat' dir='ltr'><strong>generans</strong></span> <span class='ocrx_word' id='word_1_199' title='bbox 428 1539 505 1591; x_wconf 85' lang='lat' dir='ltr'><strong>Isaac</strong></span> <span class='ocrx_word' id='word_1_200' title='bbox 521 1544 571 1591; x_wconf 92' lang='lat' dir='ltr'><strong>:ut</strong></span> <span class='ocrx_word' id='word_1_201' title='bbox 584 1539 673 1607; x_wconf 81' lang='lat' dir='ltr'><strong>ejecto</strong></span> <span class='ocrx_word' id='word_1_202' title='bbox 695 1538 752 1590; x_wconf 82' lang='lat' dir='ltr'><strong>silio</strong></span> <span class='ocrx_word' id='word_1_203' title='bbox 762 1536 879 1600; x_wconf 77' lang='lat' dir='ltr'><strong>ancilla,</strong></span> <span class='ocrx_word' id='word_1_204' title='bbox 891 1536 920 1590; x_wconf 91' lang='lat' dir='ltr'><strong>id</strong></span> <span class='ocrx_word' id='word_1_205' title='bbox 967 1536 1083 1599; x_wconf 89' lang='lat' dir='ltr'><strong>minore,</strong></span> <span class='ocrx_word' id='word_1_206' title='bbox 1096 1534 1174 1604; x_wconf 89' lang='lat' dir='ltr'><strong>quasi</strong></span> <span class='ocrx_word' id='word_1_207' title='bbox 1185 1543 1215 1589; x_wconf 92' lang='lat' dir='ltr'><strong>ut</strong></span> <span class='ocrx_word' id='word_1_208' title='bbox 1224 1534 1374 1589; x_wconf 89' lang='lat' dir='ltr'><strong>seducatur</strong></span> <span class='ocrx_word' id='word_1_209' title='bbox 1388 1535 1479 1589; x_wconf 89' lang='lat' dir='ltr'><strong>sciens</strong></span> <span class='ocrx_word' id='word_1_210' title='bbox 1493 1554 1522 1590; x_wconf 89' lang='lat' dir='ltr'><strong>se</strong></span> <span class='ocrx_word' id='word_1_211' title='bbox 1536 1535 1640 1590; x_wconf 87' lang='lat' dir='ltr'><strong>habere</strong></span> <span class='ocrx_word' id='word_1_212' title='bbox 1653 1537 1766 1606; x_wconf 84' lang='lat' dir='ltr'><strong>negotia</strong></span> 
     </span>
     <span class='ocr_line' id='line_1_15' title="bbox 122 1624 1764 1696; baseline 0 -15"><span class='ocrx_word' id='word_1_213' title='bbox 122 1636 162 1681; x_wconf 88' lang='lat' dir='ltr'><strong>est</strong></span> <span class='ocrx_word' id='word_1_214' title='bbox 185 1627 285 1681; x_wconf 79' lang='lat' dir='ltr'><strong>ludaeo</strong></span> <span class='ocrx_word' id='word_1_215' title='bbox 306 1627 421 1696; x_wconf 86' lang='lat' dir='ltr'><strong>popule,</strong></span> <span class='ocrx_word' id='word_1_216' title='bbox 447 1626 651 1681; x_wconf 76' lang='lat' dir='ltr'><strong>incredulitatis</strong></span> <span class='ocrx_word' id='word_1_217' title='bbox 688 1641 772 1680; x_wconf 87' lang='lat' dir='ltr'><strong>causa</strong></span> <span class='ocrx_word' id='word_1_218' title='bbox 802 1625 921 1695; x_wconf 85' lang='lat' dir='ltr'><strong>abjecto,</strong></span> <span class='ocrx_word' id='word_1_219' title='bbox 964 1625 1019 1678; x_wconf 86' lang='lat' dir='ltr'><strong>alia</strong></span> <span class='ocrx_word' id='word_1_220' title='bbox 1028 1641 1089 1695; x_wconf 78' lang='lat' dir='ltr'><strong>qua</strong></span> <span class='ocrx_word' id='word_1_221' title='bbox 1099 1624 1230 1689; x_wconf 86' lang='lat' dir='ltr'><strong>intendit,</strong></span> <span class='ocrx_word' id='word_1_222' title='bbox 1241 1632 1270 1678; x_wconf 93' lang='lat' dir='ltr'><strong>et</strong></span> <span class='ocrx_word' id='word_1_223' title='bbox 1284 1624 1409 1689; x_wconf 87' lang='lat' dir='ltr'><strong>simulat,</strong></span> <span class='ocrx_word' id='word_1_224' title='bbox 1425 1625 1552 1695; x_wconf 80' lang='lat' dir='ltr'><strong>quadam</strong></span> <span class='ocrx_word' id='word_1_225' title='bbox 1568 1642 1664 1695; x_wconf 89' lang='lat' dir='ltr'><strong>puere,</strong></span> <span class='ocrx_word' id='word_1_226' title='bbox 1680 1625 1709 1680; x_wconf 91' lang='lat' dir='ltr'><strong>id</strong></span> <span class='ocrx_word' id='word_1_227' title='bbox 1722 1632 1764 1681; x_wconf 85' lang='lat' dir='ltr'><strong>est</strong></span> 
     </span>
     <span class='ocr_line' id='line_1_16' title="bbox 124 1705 1776 1789; baseline 0.001 -20"><span class='ocrx_word' id='word_1_228' title='bbox 124 1715 203 1783; x_wconf 60' lang='lat' dir='ltr'><strong>(semi</strong></span> <span class='ocrx_word' id='word_1_229' title='bbox 220 1716 298 1769; x_wconf 88' lang='lat' dir='ltr'><strong>enim</strong></span> <span class='ocrx_word' id='word_1_230' title='bbox 312 1715 419 1786; x_wconf 88' lang='lat' dir='ltr'><strong>peccati</strong></span> <span class='ocrx_word' id='word_1_231' title='bbox 432 1724 507 1779; x_wconf 82' lang='lat' dir='ltr'><strong>sunt,</strong></span> <span class='ocrx_word' id='word_1_232' title='bbox 529 1714 630 1789; x_wconf 74' lang='lat' dir='ltr'><strong>quibus</strong></span> <span class='ocrx_word' id='word_1_233' title='bbox 644 1716 711 1769; x_wconf 86' lang='lat' dir='ltr'><strong>data</strong></span> <span class='ocrx_word' id='word_1_234' title='bbox 724 1715 852 1769; x_wconf 87' lang='lat' dir='ltr'><strong>remissio</strong></span> <span class='ocrx_word' id='word_1_235' title='bbox 867 1730 923 1768; x_wconf 77' lang='lat' dir='ltr'><strong>iton</strong></span> <span class='ocrx_word' id='word_1_236' title='bbox 966 1714 1089 1778; x_wconf 65' lang='lat' dir='ltr'><strong>inlirme,</strong></span> <span class='ocrx_word' id='word_1_237' title='bbox 1100 1712 1199 1767; x_wconf 89' lang='lat' dir='ltr'><strong>ludens</strong></span> <span class='ocrx_word' id='word_1_238' title='bbox 1209 1731 1274 1768; x_wconf 88' lang='lat' dir='ltr'><strong>cum</strong></span> <span class='ocrx_word' id='word_1_239' title='bbox 1288 1714 1345 1767; x_wconf 90' lang='lat' dir='ltr'><strong>illo.</strong></span> <span class='ocrx_word' id='word_1_240' title='bbox 1358 1715 1448 1784; x_wconf 82' lang='lat' dir='ltr'><strong>Major</strong></span> <span class='ocrx_word' id='word_1_241' title='bbox 1462 1715 1630 1769; x_wconf 87' lang='lat' dir='ltr'><strong>eratlsmael</strong></span> <span class='ocrx_word' id='word_1_242' title='bbox 1644 1722 1672 1769; x_wconf 89' lang='lat' dir='ltr'><strong>et</strong></span> <span class='ocrx_word' id='word_1_243' title='bbox 1681 1705 1776 1770; x_wconf 65' lang='lat' dir='ltr'><strong>rouo?</strong></span> 
     </span>
     <span class='ocr_line' id='line_1_17' title="bbox 123 1782 1762 1875; baseline 0.001 -17"><span class='ocrx_word' id='word_1_244' title='bbox 123 1812 184 1870; x_wconf 81' lang='lat' dir='ltr'><strong>est),</strong></span> <span class='ocrx_word' id='word_1_245' title='bbox 200 1805 293 1859; x_wconf 79' lang='lat' dir='ltr'><strong>baeres</strong></span> <span class='ocrx_word' id='word_1_246' title='bbox 305 1805 343 1858; x_wconf 89' lang='lat' dir='ltr'><strong>sit</strong></span> <span class='ocrx_word' id='word_1_247' title='bbox 357 1804 432 1858; x_wconf 87' lang='lat' dir='ltr'><strong>lilius</strong></span> <span class='ocrx_word' id='word_1_248' title='bbox 445 1804 539 1858; x_wconf 74' lang='lat' dir='ltr'><strong>liberie</strong></span> <span class='ocrx_word' id='word_1_249' title='bbox 548 1805 624 1858; x_wconf 88' lang='lat' dir='ltr'><strong>illius</strong></span> <span class='ocrx_word' id='word_1_250' title='bbox 637 1804 813 1858; x_wconf 84' lang='lat' dir='ltr'><strong>Hierusalem</strong></span> <span class='ocrx_word' id='word_1_251' title='bbox 825 1782 1044 1875; x_wconf 78' lang='lat' dir='ltr'><strong>super-Brutus</strong></span> <span class='ocrx_word' id='word_1_252' title='bbox 1062 1803 1091 1857; x_wconf 93' lang='lat' dir='ltr'><strong>in</strong></span> <span class='ocrx_word' id='word_1_253' title='bbox 1120 1802 1228 1857; x_wconf 88' lang='lat' dir='ltr'><strong>malitia</strong></span> <span class='ocrx_word' id='word_1_254' title='bbox 1245 1821 1252 1867; x_wconf 66' lang='grc' dir='ltr'><strong>ς</strong></span> <span class='ocrx_word' id='word_1_255' title='bbox 1267 1803 1315 1856; x_wconf 86' lang='lat' dir='ltr'><strong>sed</strong></span> <span class='ocrx_word' id='word_1_256' title='bbox 1344 1803 1444 1857; x_wconf 86' lang='lat' dir='ltr'><strong>ludens</strong></span> <span class='ocrx_word' id='word_1_257' title='bbox 1472 1818 1537 1858; x_wconf 87' lang='lat' dir='ltr'><strong>cum</strong></span> <span class='ocrx_word' id='word_1_258' title='bbox 1560 1820 1646 1874; x_wconf 89' lang='lat' dir='ltr'><strong>puero</strong></span> <span class='ocrx_word' id='word_1_259' title='bbox 1674 1804 1762 1869; x_wconf 82' lang='lat' dir='ltr'><strong>lsaee,</strong></span> 
     </span>
     <span class='ocr_line' id='line_1_18' title="bbox 125 1891 1763 1965; baseline -0.001 -16"><span class='ocrx_word' id='word_1_260' title='bbox 125 1911 174 1960; x_wconf 75' lang='lat' dir='ltr'><strong>aa,</strong></span> <span class='ocrx_word' id='word_1_261' title='bbox 189 1894 239 1965; x_wconf 91' lang='lat' dir='ltr'><strong>qui</strong></span> <span class='ocrx_word' id='word_1_262' title='bbox 254 1900 299 1948; x_wconf 86' lang='lat' dir='ltr'><strong>est</strong></span> <span class='ocrx_word' id='word_1_263' title='bbox 316 1894 436 1965; x_wconf 87' lang='lat' dir='ltr'><strong>populus</strong></span> <span class='ocrx_word' id='word_1_264' title='bbox 450 1910 538 1947; x_wconf 80' lang='lat' dir='ltr'><strong>novus</strong></span> <span class='ocrx_word' id='word_1_265' title='bbox 550 1894 629 1963; x_wconf 80' lang='lat' dir='ltr'><strong>regni</strong></span> <span class='ocrx_word' id='word_1_266' title='bbox 649 1894 792 1947; x_wconf 71' lang='lat' dir='ltr'><strong>ciclorum.</strong></span> <span class='ocrx_word' id='word_1_267' title='bbox 818 1896 922 1961; x_wconf 83' lang='lat' dir='ltr'><strong>ltaque,</strong></span> <span class='ocrx_word' id='word_1_268' title='bbox 965 1891 1116 1946; x_wconf 78' lang='lat' dir='ltr'><strong>seducebat</strong></span> <span class='ocrx_word' id='word_1_269' title='bbox 1130 1892 1216 1955; x_wconf 85' lang='lat' dir='ltr'><strong>Isaac,</strong></span> <span class='ocrx_word' id='word_1_270' title='bbox 1245 1898 1273 1944; x_wconf 91' lang='lat' dir='ltr'><strong>et</strong></span> <span class='ocrx_word' id='word_1_271' title='bbox 1287 1892 1424 1961; x_wconf 80' lang='lat' dir='ltr'><strong>quasdem</strong></span> <span class='ocrx_word' id='word_1_272' title='bbox 1440 1891 1553 1947; x_wconf 83' lang='lat' dir='ltr'><strong>liaudes</strong></span> <span class='ocrx_word' id='word_1_273' title='bbox 1570 1893 1684 1948; x_wconf 89' lang='lat' dir='ltr'><strong>ludendi</strong></span> <span class='ocrx_word' id='word_1_274' title='bbox 1699 1910 1763 1948; x_wconf 91' lang='lat' dir='ltr'><strong>cum</strong></span> 
     </span>
     <span class='ocr_line' id='line_1_19' title="bbox 125 1979 1764 2049; baseline 0.002 -16"><span class='ocrx_word' id='word_1_275' title='bbox 125 1984 237 2047; x_wconf 72' lang='lat' dir='ltr'><strong>fratres,</strong></span> <span class='ocrx_word' id='word_1_276' title='bbox 247 1984 526 2035; x_wconf 75' lang='lat' dir='ltr'><strong>notisnmnsancdla·</strong></span> <span class='ocrx_word' id='word_1_277' title='bbox 533 1984 649 2048; x_wconf 71' lang='lat' dir='ltr'><strong>filii,scd</strong></span> <span class='ocrx_word' id='word_1_278' title='bbox 659 1984 756 2045; x_wconf 78' lang='lat' dir='ltr'><strong>libera,</strong></span> <span class='ocrx_word' id='word_1_279' title='bbox 765 1984 832 2049; x_wconf 77' lang='lat' dir='ltr'><strong>qino</strong></span> <span class='ocrx_word' id='word_1_280' title='bbox 845 1983 924 2037; x_wconf 81' lang='lat' dir='ltr'><strong>liber·</strong></span> <span class='ocrx_word' id='word_1_281' title='bbox 966 1979 1764 2046; x_wconf 70' lang='lat' dir='ltr'><strong>intirmolaciebat3animadvertitrnaterlusumillumin·</strong></span> 
     </span>
     <span class='ocr_line' id='line_1_20' title="bbox 128 2070 1764 2140; baseline 0.002 -19"><span class='ocrx_word' id='word_1_282' title='bbox 128 2076 178 2125; x_wconf 71' lang='lat' dir='ltr'><strong>latr¹</strong></span> <span class='ocrx_word' id='word_1_283' title='bbox 201 2071 394 2124; x_wconf 59' lang='lat' dir='ltr'><strong>circulariter</strong></span> <span class='ocrx_word' id='word_1_284' title='bbox 419 2072 554 2123; x_wconf 68' lang='lat' dir='ltr'><strong>liberarit.</strong></span> <span class='ocrx_word' id='word_1_285' title='bbox 573 2070 689 2124; x_wconf 80' lang='lat' dir='ltr'><strong>Fuimus</strong></span> <span class='ocrx_word' id='word_1_286' title='bbox 713 2071 800 2140; x_wconf 82' lang='lat' dir='ltr'><strong>igitur</strong></span> <span class='ocrx_word' id='word_1_287' title='bbox 816 2070 924 2125; x_wconf 79' lang='lat' dir='ltr'><strong>nrrcillae</strong></span> <span class='ocrx_word' id='word_1_288' title='bbox 965 2070 1764 2140; x_wconf 69' lang='lat' dir='ltr'><strong>telligitEcclesialusurnillurn.Saradixitzlijiccanrillam</strong></span> 
     </span>
     <span class='ocr_line' id='line_1_21' title="bbox 127 2157 1761 2230; baseline 0 -18"><span class='ocrx_word' id='word_1_289' title='bbox 127 2159 250 2214; x_wconf 88' lang='lat' dir='ltr'><strong>liliidum</strong></span> <span class='ocrx_word' id='word_1_290' title='bbox 259 2157 690 2230; x_wconf 76' lang='lat' dir='ltr'><strong>peccatiseramusobnexiitsed</strong></span> <span class='ocrx_word' id='word_1_291' title='bbox 706 2166 819 2230; x_wconf 86' lang='lat' dir='ltr'><strong>acceptu</strong></span> <span class='ocrx_word' id='word_1_292' title='bbox 828 2159 925 2213; x_wconf 90' lang='lat' dir='ltr'><strong>remis·</strong></span> <span class='ocrx_word' id='word_1_293' title='bbox 965 2165 988 2211; x_wconf 86' lang='lat' dir='ltr'><strong>rt</strong></span> <span class='ocrx_word' id='word_1_294' title='bbox 1003 2162 1096 2225; x_wconf 79' lang='lat' dir='ltr'><strong>filiurn</strong></span> <span class='ocrx_word' id='word_1_295' title='bbox 1106 2163 1172 2227; x_wconf 73' lang='lat' dir='ltr'><strong>rp&#39;res,</strong></span> <span class='ocrx_word' id='word_1_296' title='bbox 1190 2175 1246 2212; x_wconf 76' lang='lat' dir='ltr'><strong>iton</strong></span> <span class='ocrx_word' id='word_1_297' title='bbox 1260 2165 1336 2212; x_wconf 74' lang='lat' dir='ltr'><strong>cirini</strong></span> <span class='ocrx_word' id='word_1_298' title='bbox 1347 2160 1428 2212; x_wconf 78' lang='lat' dir='ltr'><strong>baras·</strong></span> <span class='ocrx_word' id='word_1_299' title='bbox 1440 2163 1491 2212; x_wconf 83' lang='lat' dir='ltr'><strong>crit</strong></span> <span class='ocrx_word' id='word_1_300' title='bbox 1503 2163 1761 2225; x_wconf 73' lang='lat' dir='ltr'><strong>tiliusamu&#39;llacrnn</strong></span> 
     </span>
     <span class='ocr_line' id='line_1_22' title="bbox 125 2247 1764 2318; baseline 0.001 -16"><span class='ocrx_word' id='word_1_301' title='bbox 125 2248 200 2303; x_wconf 70' lang='lat' dir='ltr'><strong>uene</strong></span> <span class='ocrx_word' id='word_1_302' title='bbox 217 2256 399 2318; x_wconf 67' lang='lat' dir='ltr'><strong>peccauerunt</strong></span> <span class='ocrx_word' id='word_1_303' title='bbox 413 2265 431 2300; x_wconf 89' lang='lat' dir='ltr'><strong>a</strong></span> <span class='ocrx_word' id='word_1_304' title='bbox 444 2247 565 2311; x_wconf 86' lang='lat' dir='ltr'><strong>Christo,</strong></span> <span class='ocrx_word' id='word_1_305' title='bbox 582 2247 693 2302; x_wconf 87' lang='lat' dir='ltr'><strong>liberati</strong></span> <span class='ocrx_word' id='word_1_306' title='bbox 709 2265 806 2303; x_wconf 78' lang='lat' dir='ltr'><strong>suiuus</strong></span> <span class='ocrx_word' id='word_1_307' title='bbox 824 2250 922 2316; x_wconf 71' lang='lat' dir='ltr'><strong>(Ilien.)</strong></span> <span class='ocrx_word' id='word_1_308' title='bbox 966 2252 1022 2314; x_wconf 73' lang='lat' dir='ltr'><strong>lilio</strong></span> <span class='ocrx_word' id='word_1_309' title='bbox 1039 2265 1094 2300; x_wconf 80' lang='lat' dir='ltr'><strong>niro</strong></span> <span class='ocrx_word' id='word_1_310' title='bbox 1115 2251 1201 2301; x_wconf 81' lang='lat' dir='ltr'><strong>Isaac.</strong></span> <span class='ocrx_word' id='word_1_311' title='bbox 1218 2248 1341 2301; x_wconf 80' lang='lat' dir='ltr'><strong>Ecclesia</strong></span> <span class='ocrx_word' id='word_1_312' title='bbox 1357 2248 1425 2303; x_wconf 92' lang='lat' dir='ltr'><strong>dicit</strong></span> <span class='ocrx_word' id='word_1_313' title='bbox 1441 2266 1446 2299; x_wconf 76' lang='grc' dir='ltr'>ε</span> <span class='ocrx_word' id='word_1_314' title='bbox 1461 2248 1535 2317; x_wconf 83' lang='lat' dir='ltr'><strong>Ejiee</strong></span> <span class='ocrx_word' id='word_1_315' title='bbox 1549 2249 1668 2302; x_wconf 76' lang='lat' dir='ltr'><strong>haereses</strong></span> <span class='ocrx_word' id='word_1_316' title='bbox 1682 2254 1712 2303; x_wconf 91' lang='lat' dir='ltr'><strong>et</strong></span> <span class='ocrx_word' id='word_1_317' title='bbox 1734 2252 1764 2303; x_wconf 90' lang='lat' dir='ltr'><strong>li·</strong></span> 
     </span>
     <span class='ocr_line' id='line_1_23' title="bbox 126 2335 1763 2408; baseline 0.001 -17"><span class='ocrx_word' id='word_1_318' title='bbox 126 2338 184 2391; x_wconf 79' lang='lat' dir='ltr'><strong>Nou</strong></span> <span class='ocrx_word' id='word_1_319' title='bbox 200 2342 269 2407; x_wconf 90' lang='lat' dir='ltr'><strong>puto</strong></span> <span class='ocrx_word' id='word_1_320' title='bbox 286 2336 413 2391; x_wconf 75' lang='lat' dir='ltr'><strong>invenire</strong></span> <span class='ocrx_word' id='word_1_321' title='bbox 423 2352 473 2390; x_wconf 89' lang='lat' dir='ltr'><strong>nos</strong></span> <span class='ocrx_word' id='word_1_322' title='bbox 486 2352 566 2407; x_wconf 87' lang='lat' dir='ltr'><strong>posse</strong></span> <span class='ocrx_word' id='word_1_323' title='bbox 583 2336 629 2391; x_wconf 89' lang='lat' dir='ltr'><strong>ubi</strong></span> <span class='ocrx_word' id='word_1_324' title='bbox 645 2338 744 2391; x_wconf 86' lang='lat' dir='ltr'><strong>lsmael</strong></span> <span class='ocrx_word' id='word_1_325' title='bbox 760 2345 924 2408; x_wconf 90' lang='lat' dir='ltr'><strong>persecutus</strong></span> <span class='ocrx_word' id='word_1_326' title='bbox 965 2337 1017 2391; x_wconf 87' lang='lat' dir='ltr'><strong>lios</strong></span> <span class='ocrx_word' id='word_1_327' title='bbox 1032 2353 1144 2389; x_wconf 85' lang='lat' dir='ltr'><strong>earum:</strong></span> <span class='ocrx_word' id='word_1_328' title='bbox 1165 2353 1219 2390; x_wconf 92' lang='lat' dir='ltr'><strong>non</strong></span> <span class='ocrx_word' id='word_1_329' title='bbox 1235 2337 1310 2389; x_wconf 91' lang='lat' dir='ltr'><strong>enim</strong></span> <span class='ocrx_word' id='word_1_330' title='bbox 1325 2335 1449 2390; x_wconf 82' lang='lat' dir='ltr'><strong>ineredrs</strong></span> <span class='ocrx_word' id='word_1_331' title='bbox 1463 2343 1547 2389; x_wconf 92' lang='lat' dir='ltr'><strong>erunt</strong></span> <span class='ocrx_word' id='word_1_332' title='bbox 1561 2337 1684 2391; x_wconf 77' lang='lat' dir='ltr'><strong>haretici</strong></span> <span class='ocrx_word' id='word_1_333' title='bbox 1698 2352 1763 2393; x_wconf 89' lang='lat' dir='ltr'><strong>cum</strong></span> 
     </span>
     <span class='ocr_line' id='line_1_24' title="bbox 126 2425 1764 2498; baseline 0.002 -20"><span class='ocrx_word' id='word_1_334' title='bbox 126 2426 207 2480; x_wconf 86' lang='lat' dir='ltr'><strong>luerit</strong></span> <span class='ocrx_word' id='word_1_335' title='bbox 216 2426 297 2480; x_wconf 85' lang='lat' dir='ltr'><strong>Isaac</strong></span> <span class='ocrx_word' id='word_1_336' title='bbox 308 2444 314 2477; x_wconf 92' lang='lat'>:</span> <span class='ocrx_word' id='word_1_337' title='bbox 327 2426 376 2479; x_wconf 89' lang='lat' dir='ltr'><strong>sed</strong></span> <span class='ocrx_word' id='word_1_338' title='bbox 384 2432 494 2479; x_wconf 87' lang='lat' dir='ltr'><strong>tantum</strong></span> <span class='ocrx_word' id='word_1_339' title='bbox 502 2426 579 2491; x_wconf 88' lang='lat' dir='ltr'><strong>illud,</strong></span> <span class='ocrx_word' id='word_1_340' title='bbox 589 2427 661 2496; x_wconf 90' lang='lat' dir='ltr'><strong>quod</strong></span> <span class='ocrx_word' id='word_1_341' title='bbox 677 2444 741 2480; x_wconf 87' lang='lat' dir='ltr'><strong>curn</strong></span> <span class='ocrx_word' id='word_1_342' title='bbox 755 2427 830 2481; x_wconf 88' lang='lat' dir='ltr'><strong>lilius</strong></span> <span class='ocrx_word' id='word_1_343' title='bbox 842 2427 925 2498; x_wconf 75' lang='lat' dir='ltr'><strong>AEgy·</strong></span> <span class='ocrx_word' id='word_1_344' title='bbox 965 2425 1117 2479; x_wconf 79' lang='lat' dir='ltr'><strong>catholicis.</strong></span> <span class='ocrx_word' id='word_1_345' title='bbox 1130 2425 1184 2479; x_wconf 83' lang='lat' dir='ltr'><strong>Sed</strong></span> <span class='ocrx_word' id='word_1_346' title='bbox 1201 2442 1288 2495; x_wconf 63' lang='lat' dir='ltr'><strong>(quare</strong></span> <span class='ocrx_word' id='word_1_347' title='bbox 1299 2433 1448 2479; x_wconf 88' lang='lat' dir='ltr'><strong>nonerunt</strong></span> <span class='ocrx_word' id='word_1_348' title='bbox 1462 2425 1586 2480; x_wconf 74' lang='lat' dir='ltr'><strong>licercdes</strong></span> <span class='ocrx_word' id='word_1_349' title='bbox 1599 2427 1611 2478; x_wconf 83' lang='lat' dir='ltr'><strong>l</strong></span> <span class='ocrx_word' id='word_1_350' title='bbox 1622 2442 1715 2480; x_wconf 78' lang='lat' dir='ltr'><strong>uenire</strong></span> <span class='ocrx_word' id='word_1_351' title='bbox 1729 2428 1764 2481; x_wconf 88' lang='lat' dir='ltr'><strong>dc</strong></span> 
     </span>
     <span class='ocr_line' id='line_1_25' title="bbox 127 2514 1764 2585; baseline 0.001 -16"><span class='ocrx_word' id='word_1_352' title='bbox 127 2514 186 2584; x_wconf 79' lang='lat' dir='ltr'><strong>ptiae</strong></span> <span class='ocrx_word' id='word_1_353' title='bbox 200 2515 250 2585; x_wconf 91' lang='lat' dir='ltr'><strong>qui</strong></span> <span class='ocrx_word' id='word_1_354' title='bbox 264 2515 357 2585; x_wconf 86' lang='lat' dir='ltr'><strong>major</strong></span> <span class='ocrx_word' id='word_1_355' title='bbox 371 2521 439 2569; x_wconf 77' lang='lat' dir='ltr'><strong>motu</strong></span> <span class='ocrx_word' id='word_1_356' title='bbox 454 2522 515 2568; x_wconf 87' lang='lat' dir='ltr'><strong>erat</strong></span> <span class='ocrx_word' id='word_1_357' title='bbox 529 2515 638 2569; x_wconf 81' lang='lat' dir='ltr'><strong>luderet</strong></span> <span class='ocrx_word' id='word_1_358' title='bbox 660 2532 723 2569; x_wconf 84' lang='lat' dir='ltr'><strong>curn</strong></span> <span class='ocrx_word' id='word_1_359' title='bbox 745 2516 833 2577; x_wconf 86' lang='lat' dir='ltr'><strong>isaac,</strong></span> <span class='ocrx_word' id='word_1_360' title='bbox 850 2515 924 2569; x_wconf 92' lang='lat' dir='ltr'><strong>indi·</strong></span> <span class='ocrx_word' id='word_1_361' title='bbox 965 2514 1072 2568; x_wconf 88' lang='lat' dir='ltr'><strong>semine</strong></span> <span class='ocrx_word' id='word_1_362' title='bbox 1085 2514 1268 2568; x_wconf 77' lang='lat' dir='ltr'><strong>Abrabaenati</strong></span> <span class='ocrx_word' id='word_1_363' title='bbox 1283 2515 1294 2566; x_wconf 74' lang='lat' dir='ltr'><strong>&#39;l</strong></span> <span class='ocrx_word' id='word_1_364' title='bbox 1304 2515 1338 2569; x_wconf 82' lang='lat' dir='ltr'><strong>Et</strong></span> <span class='ocrx_word' id='word_1_365' title='bbox 1348 2514 1662 2585; x_wconf 73' lang='lat' dir='ltr'><strong>‹luornedobeptismum</strong></span> <span class='ocrx_word' id='word_1_366' title='bbox 1673 2516 1764 2570; x_wconf 70' lang='lat' dir='ltr'><strong>Ensis·</strong></span> 
     </span>
    </p>
   </div>
   <div class='ocr_carea' id='block_1_5' title="bbox 126 2602 1854 2673">
    <p class='ocr_par' dir='ltr' id='par_1_5' title="bbox 126 2602 1854 2673">
     <span class='ocr_line' id='line_1_26' title="bbox 126 2602 1854 2673; baseline 0.001 -16"><span class='ocrx_word' id='word_1_367' title='bbox 126 2612 207 2671; x_wconf 71' lang='lat' dir='ltr'><strong>prata</strong></span> <span class='ocrx_word' id='word_1_368' title='bbox 221 2604 260 2657; x_wconf 87' lang='lat' dir='ltr'><strong>sit</strong></span> <span class='ocrx_word' id='word_1_369' title='bbox 284 2604 402 2665; x_wconf 67' lang='lat' dir='ltr'><strong>Sarmat</strong></span> <span class='ocrx_word' id='word_1_370' title='bbox 415 2603 517 2657; x_wconf 84' lang='lat' dir='ltr'><strong>dixerit</strong></span> <span class='ocrx_word' id='word_1_371' title='bbox 538 2604 573 2656; x_wconf 89' lang='lat' dir='ltr'><strong>ad</strong></span> <span class='ocrx_word' id='word_1_372' title='bbox 599 2603 740 2657; x_wconf 81' lang='lat' dir='ltr'><strong>Abrabam</strong></span> <span class='ocrx_word' id='word_1_373' title='bbox 756 2623 761 2655; x_wconf 90' lang='grc'>;</span> <span class='ocrx_word' id='word_1_374' title='bbox 779 2605 851 2672; x_wconf 78' lang='lat' dir='ltr'><strong>lijicc</strong></span> <span class='ocrx_word' id='word_1_375' title='bbox 870 2622 923 2658; x_wconf 74' lang='lat' dir='ltr'><strong>‹crt—</strong></span> <span class='ocrx_word' id='word_1_376' title='bbox 966 2604 1012 2657; x_wconf 80' lang='lat' dir='ltr'><strong>sim</strong></span> <span class='ocrx_word' id='word_1_377' title='bbox 1026 2603 1130 2657; x_wconf 88' lang='lat' dir='ltr'><strong>babent</strong></span> <span class='ocrx_word' id='word_1_378' title='bbox 1143 2604 1155 2655; x_wconf 91' lang='lat' dir='ltr'><strong>&#39;l</strong></span> <span class='ocrx_word' id='word_1_379' title='bbox 1169 2604 1344 2673; x_wconf 84' lang='lat' dir='ltr'><strong>Baptismum</strong></span> <span class='ocrx_word' id='word_1_380' title='bbox 1359 2602 1471 2665; x_wconf 87' lang='lat' dir='ltr'><strong>babent,</strong></span> <span class='ocrx_word' id='word_1_381' title='bbox 1497 2604 1637 2658; x_wconf 81' lang='lat' dir='ltr'><strong>baeredeni</strong></span> <span class='ocrx_word' id='word_1_382' title='bbox 1659 2604 1765 2659; x_wconf 79' lang='lat' dir='ltr'><strong>faceret</strong></span> <span class='ocrx_word' id='word_1_383' title='bbox 1849 2648 1854 2667; x_wconf 87' lang='lat'><strong>,</strong></span> 
     </span>
    </p>
   </div>
   <div class='ocr_carea' id='block_1_6' title="bbox 122 2691 1853 5696">
    <p class='ocr_par' dir='ltr' id='par_1_6' title="bbox 126 2691 1799 3207">
     <span class='ocr_line' id='line_1_27' title="bbox 127 2691 1765 2762; baseline 0.002 -17"><span class='ocrx_word' id='word_1_384' title='bbox 127 2695 220 2746; x_wconf 83' lang='lat' dir='ltr'><strong>cilium</strong></span> <span class='ocrx_word' id='word_1_385' title='bbox 234 2699 259 2745; x_wconf 79' lang='lat' dir='ltr'><strong>et</strong></span> <span class='ocrx_word' id='word_1_386' title='bbox 264 2695 358 2759; x_wconf 77' lang='lat' dir='ltr'><strong>filiurn</strong></span> <span class='ocrx_word' id='word_1_387' title='bbox 372 2696 431 2760; x_wconf 80' lang='lat' dir='ltr'><strong>ejus</strong></span> <span class='ocrx_word' id='word_1_388' title='bbox 443 2712 451 2746; x_wconf 91' lang='lat'><em>:</em></span> <span class='ocrx_word' id='word_1_389' title='bbox 462 2696 599 2746; x_wconf 72' lang='lat' dir='ltr'><strong>noticiam</strong></span> <span class='ocrx_word' id='word_1_390' title='bbox 609 2694 778 2747; x_wconf 70' lang='lat' dir='ltr'><strong>hereditabit</strong></span> <span class='ocrx_word' id='word_1_391' title='bbox 785 2697 860 2759; x_wconf 74' lang='lat' dir='ltr'><strong>litias</strong></span> <span class='ocrx_word' id='word_1_392' title='bbox 875 2710 925 2747; x_wconf 81' lang='lat' dir='ltr'><strong>ert·</strong></span> <span class='ocrx_word' id='word_1_393' title='bbox 965 2709 1061 2746; x_wconf 89' lang='lat' dir='ltr'><strong>semen</strong></span> <span class='ocrx_word' id='word_1_394' title='bbox 1076 2692 1204 2757; x_wconf 71' lang='lat' dir='ltr'><strong>Abrabae,</strong></span> <span class='ocrx_word' id='word_1_395' title='bbox 1222 2692 1274 2745; x_wconf 88' lang='lat' dir='ltr'><strong>nisi</strong></span> <span class='ocrx_word' id='word_1_396' title='bbox 1294 2691 1329 2745; x_wconf 87' lang='lat' dir='ltr'><strong>ab</strong></span> <span class='ocrx_word' id='word_1_397' title='bbox 1350 2693 1513 2746; x_wconf 79' lang='lat' dir='ltr'><strong>haereditate</strong></span> <span class='ocrx_word' id='word_1_398' title='bbox 1527 2693 1659 2762; x_wconf 88' lang='lat' dir='ltr'><strong>superbia</strong></span> <span class='ocrx_word' id='word_1_399' title='bbox 1674 2695 1765 2749; x_wconf 86' lang='lat' dir='ltr'><strong>exclu-</strong></span> 
     </span>
     <span class='ocr_line' id='line_1_28' title="bbox 126 2780 1799 2851; baseline 0.002 -18"><span class='ocrx_word' id='word_1_400' title='bbox 126 2784 192 2834; x_wconf 69' lang='lat' dir='ltr'><strong>cilla</strong></span> <span class='ocrx_word' id='word_1_401' title='bbox 204 2798 270 2834; x_wconf 82' lang='lat' dir='ltr'><strong>curn</strong></span> <span class='ocrx_word' id='word_1_402' title='bbox 284 2783 343 2847; x_wconf 64' lang='lat' dir='ltr'><strong>,ilio</strong></span> <span class='ocrx_word' id='word_1_403' title='bbox 359 2798 415 2834; x_wconf 80' lang='lat' dir='ltr'><strong>mm</strong></span> <span class='ocrx_word' id='word_1_404' title='bbox 431 2783 507 2835; x_wconf 84' lang='lat' dir='ltr'><strong>lsaac</strong></span> <span class='ocrx_word' id='word_1_405' title='bbox 521 2781 595 2843; x_wconf 82' lang='lat' dir='ltr'><strong>(Gen.</strong></span> <span class='ocrx_word' id='word_1_406' title='bbox 614 2787 681 2849; x_wconf 75' lang='lat' dir='ltr'><strong>arr).</strong></span> <span class='ocrx_word' id='word_1_407' title='bbox 699 2781 735 2834; x_wconf 84' lang='lat' dir='ltr'><strong>Et</strong></span> <span class='ocrx_word' id='word_1_408' title='bbox 749 2782 845 2851; x_wconf 88' lang='lat' dir='ltr'><strong>utique</strong></span> <span class='ocrx_word' id='word_1_409' title='bbox 856 2782 924 2836; x_wconf 87' lang='lat' dir='ltr'><strong>sim-</strong></span> <span class='ocrx_word' id='word_1_410' title='bbox 965 2781 1053 2835; x_wconf 89' lang='lat' dir='ltr'><strong>deret.</strong></span> <span class='ocrx_word' id='word_1_411' title='bbox 1072 2782 1176 2835; x_wconf 85' lang='lat' dir='ltr'><strong>Eodem</strong></span> <span class='ocrx_word' id='word_1_412' title='bbox 1198 2780 1281 2835; x_wconf 79' lang='lat' dir='ltr'><strong>verbo</strong></span> <span class='ocrx_word' id='word_1_413' title='bbox 1301 2781 1433 2846; x_wconf 83' lang='lat' dir='ltr'><strong>nasceris,</strong></span> <span class='ocrx_word' id='word_1_414' title='bbox 1454 2781 1552 2835; x_wconf 89' lang='lat' dir='ltr'><strong>eodem</strong></span> <span class='ocrx_word' id='word_1_415' title='bbox 1567 2788 1763 2845; x_wconf 81' lang='lat' dir='ltr'><strong>sacramento,</strong></span> <span class='ocrx_word' id='word_1_416' title='bbox 1792 2814 1799 2821; x_wconf 56' lang='grc' dir='ltr'><em>ι</em></span> 
     </span>
     <span class='ocr_line' id='line_1_29' title="bbox 128 2869 1764 2943; baseline 0.002 -20"><span class='ocrx_word' id='word_1_417' title='bbox 128 2869 185 2939; x_wconf 74' lang='lat' dir='ltr'><strong>ples</strong></span> <span class='ocrx_word' id='word_1_418' title='bbox 199 2869 280 2924; x_wconf 87' lang='lat' dir='ltr'><strong>lusus</strong></span> <span class='ocrx_word' id='word_1_419' title='bbox 293 2869 367 2923; x_wconf 83' lang='lat' dir='ltr'><strong>inter</strong></span> <span class='ocrx_word' id='word_1_420' title='bbox 393 2869 513 2924; x_wconf 82' lang='lat' dir='ltr'><strong>infantes</strong></span> <span class='ocrx_word' id='word_1_421' title='bbox 533 2869 694 2940; x_wconf 77' lang='lat' dir='ltr'><strong>expulsione</strong></span> <span class='ocrx_word' id='word_1_422' title='bbox 708 2877 737 2923; x_wconf 91' lang='lat' dir='ltr'><strong>et</strong></span> <span class='ocrx_word' id='word_1_423' title='bbox 751 2869 925 2925; x_wconf 86' lang='lat' dir='ltr'><strong>abdicatione</strong></span> <span class='ocrx_word' id='word_1_424' title='bbox 965 2870 1013 2923; x_wconf 88' lang='lat' dir='ltr'><strong>sed</strong></span> <span class='ocrx_word' id='word_1_425' title='bbox 1030 2870 1065 2924; x_wconf 85' lang='lat' dir='ltr'><strong>ad</strong></span> <span class='ocrx_word' id='word_1_426' title='bbox 1079 2870 1206 2924; x_wconf 85' lang='lat' dir='ltr'><strong>eamdem</strong></span> <span class='ocrx_word' id='word_1_427' title='bbox 1221 2870 1413 2925; x_wconf 71' lang='lat' dir='ltr'><strong>hereditatem</strong></span> <span class='ocrx_word' id='word_1_428' title='bbox 1428 2870 1616 2935; x_wconf 69' lang='lat' dir='ltr'><strong>cimeteria</strong></span> <span class='ocrx_word' id='word_1_429' title='bbox 1630 2887 1687 2926; x_wconf 91' lang='lat' dir='ltr'><strong>nou</strong></span> <span class='ocrx_word' id='word_1_430' title='bbox 1700 2888 1764 2943; x_wconf 82' lang='lat' dir='ltr'><strong>per-</strong></span> 
     </span>
     <span class='ocr_line' id='line_1_30' title="bbox 127 2957 1763 3029; baseline 0.003 -19"><span class='ocrx_word' id='word_1_431' title='bbox 127 2957 257 3029; x_wconf 77' lang='lat' dir='ltr'><strong>iudignus</strong></span> <span class='ocrx_word' id='word_1_432' title='bbox 272 2966 325 3012; x_wconf 88' lang='lat' dir='ltr'><strong>est.</strong></span> <span class='ocrx_word' id='word_1_433' title='bbox 342 2957 447 3012; x_wconf 88' lang='lat' dir='ltr'><strong>Verum</strong></span> <span class='ocrx_word' id='word_1_434' title='bbox 474 2959 624 3029; x_wconf 85' lang='lat' dir='ltr'><strong>Apostolus</strong></span> <span class='ocrx_word' id='word_1_435' title='bbox 643 2959 722 3028; x_wconf 86' lang='lat' dir='ltr'><strong>quasi</strong></span> <span class='ocrx_word' id='word_1_436' title='bbox 743 2957 876 3013; x_wconf 76' lang='lat' dir='ltr'><strong>Hebraeus</strong></span> <span class='ocrx_word' id='word_1_437' title='bbox 890 2975 923 3013; x_wconf 82' lang='lat' dir='ltr'><strong>er</strong></span> <span class='ocrx_word' id='word_1_438' title='bbox 965 2959 1113 3025; x_wconf 76' lang='lat' dir='ltr'><strong>venis,nisi</strong></span> <span class='ocrx_word' id='word_1_439' title='bbox 1127 2959 1163 3013; x_wconf 85' lang='lat' dir='ltr'><strong>ad</strong></span> <span class='ocrx_word' id='word_1_440' title='bbox 1179 2959 1330 3013; x_wconf 70' lang='lat' dir='ltr'><strong>Ecclesiam</strong></span> <span class='ocrx_word' id='word_1_441' title='bbox 1345 2959 1509 3014; x_wconf 81' lang='lat' dir='ltr'><strong>catholicam</strong></span> <span class='ocrx_word' id='word_1_442' title='bbox 1525 2974 1652 3015; x_wconf 81' lang='lat' dir='ltr'><strong>reversus</strong></span> <span class='ocrx_word' id='word_1_443' title='bbox 1666 2961 1763 3017; x_wconf 75' lang='lat' dir='ltr'><strong>ruera.</strong></span> 
     </span>
     <span class='ocr_line' id='line_1_31' title="bbox 128 3046 1764 3118; baseline 0.002 -17"><span class='ocrx_word' id='word_1_444' title='bbox 128 3046 260 3113; x_wconf 72' lang='lat' dir='ltr'><strong>Hebraeis,</strong></span> <span class='ocrx_word' id='word_1_445' title='bbox 275 3047 353 3101; x_wconf 86' lang='lat' dir='ltr'><strong>etad</strong></span> <span class='ocrx_word' id='word_1_446' title='bbox 373 3047 458 3118; x_wconf 91' lang='lat' dir='ltr'><strong>pedes</strong></span> <span class='ocrx_word' id='word_1_447' title='bbox 471 3048 599 3118; x_wconf 79' lang='lat' dir='ltr'><strong>magistri</strong></span> <span class='ocrx_word' id='word_1_448' title='bbox 616 3047 778 3102; x_wconf 86' lang='lat' dir='ltr'><strong>Gamelielis</strong></span> <span class='ocrx_word' id='word_1_449' title='bbox 798 3048 922 3113; x_wconf 86' lang='lat' dir='ltr'><strong>edoctus,</strong></span> <span class='ocrx_word' id='word_1_450' title='bbox 967 3048 1005 3101; x_wconf 84' lang='lat' dir='ltr'><strong>Ex</strong></span> <span class='ocrx_word' id='word_1_451' title='bbox 1020 3048 1126 3102; x_wconf 87' lang='lat' dir='ltr'><strong>semiue</strong></span> <span class='ocrx_word' id='word_1_452' title='bbox 1135 3046 1256 3103; x_wconf 79' lang='lat' dir='ltr'><strong>Abrahae</strong></span> <span class='ocrx_word' id='word_1_453' title='bbox 1271 3048 1409 3103; x_wconf 85' lang='lat' dir='ltr'><strong>nasceris:</strong></span> <span class='ocrx_word' id='word_1_454' title='bbox 1428 3049 1476 3102; x_wconf 84' lang='lat' dir='ltr'><strong>sed</strong></span> <span class='ocrx_word' id='word_1_455' title='bbox 1485 3049 1561 3104; x_wconf 82' lang='lat' dir='ltr'><strong>lilius</strong></span> <span class='ocrx_word' id='word_1_456' title='bbox 1575 3050 1683 3105; x_wconf 74' lang='lat' dir='ltr'><strong>ancilla</strong></span> <span class='ocrx_word' id='word_1_457' title='bbox 1696 3051 1764 3105; x_wconf 84' lang='lat' dir='ltr'><strong>soris</strong></span> 
     </span>
     <span class='ocr_line' id='line_1_32' title="bbox 127 3118 1260 3207; baseline -0.001 -16"><span class='ocrx_word' id='word_1_458' title='bbox 127 3136 323 3207; x_wconf 86' lang='lat' dir='ltr'><strong>quiquondarn</strong></span> <span class='ocrx_word' id='word_1_459' title='bbox 331 3136 456 3190; x_wconf 81' lang='lat' dir='ltr'><strong>iurantes</strong></span> <span class='ocrx_word' id='word_1_460' title='bbox 469 3137 601 3191; x_wconf 76' lang='lat' dir='ltr'><strong>adversas</strong></span> <span class='ocrx_word' id='word_1_461' title='bbox 610 3136 762 3191; x_wconf 88' lang='lat' dir='ltr'><strong>Dominum</strong></span> <span class='ocrx_word' id='word_1_462' title='bbox 770 3118 954 3192; x_wconf 72' lang='lat' dir='ltr'><strong>PharisaeosC</strong></span> <span class='ocrx_word' id='word_1_463' title='bbox 966 3143 1081 3207; x_wconf 87' lang='lat' dir='ltr'><strong>prepter</strong></span> <span class='ocrx_word' id='word_1_464' title='bbox 1089 3135 1260 3207; x_wconf 84' lang='lat' dir='ltr'><strong>superbiam.</strong></span> 
     </span>
    </p>

    <p class='ocr_par' dir='ltr' id='par_1_7' title="bbox 127 3224 1444 3291">
     <span class='ocr_line' id='line_1_33' title="bbox 127 3224 1444 3291; baseline 0.001 -13"><span class='ocrx_word' id='word_1_465' title='bbox 127 3224 239 3279; x_wconf 76' lang='lat' dir='ltr'><strong>romilio</strong></span> <span class='ocrx_word' id='word_1_466' title='bbox 254 3224 422 3289; x_wconf 77' lang='lat' dir='ltr'><strong>refrenaret,</strong></span> <span class='ocrx_word' id='word_1_467' title='bbox 448 3241 482 3279; x_wconf 84' lang='lat' dir='ltr'><strong>ex</strong></span> <span class='ocrx_word' id='word_1_468' title='bbox 503 3225 594 3280; x_wconf 78' lang='lat' dir='ltr'><strong>verbis</strong></span> <span class='ocrx_word' id='word_1_469' title='bbox 619 3226 695 3280; x_wconf 83' lang='lat' dir='ltr'><strong>Sorae</strong></span> <span class='ocrx_word' id='word_1_470' title='bbox 709 3225 836 3291; x_wconf 88' lang='lat' dir='ltr'><strong>dicentis,</strong></span> <span class='ocrx_word' id='word_1_471' title='bbox 864 3227 925 3280; x_wconf 71' lang='lat' dir='ltr'><strong>d&#39;on</strong></span> <span class='ocrx_word' id='word_1_472' title='bbox 1277 3227 1393 3282; x_wconf 77' lang='lat' dir='ltr'><strong>CAPUT</strong></span> <span class='ocrx_word' id='word_1_473' title='bbox 1412 3228 1444 3279; x_wconf 82' lang='lat' dir='ltr'><strong>V.</strong></span> 
     </span>
    </p>

    <p class='ocr_par' dir='ltr' id='par_1_8' title="bbox 122 3315 1853 5696">
     <span class='ocr_line' id='line_1_34' title="bbox 128 3315 1766 3388; baseline 0.005 -22"><span class='ocrx_word' id='word_1_474' title='bbox 128 3318 198 3367; x_wconf 79' lang='lat' dir='ltr'><strong>enirn</strong></span> <span class='ocrx_word' id='word_1_475' title='bbox 211 3315 387 3369; x_wconf 69' lang='lat' dir='ltr'><strong>hereditabit</strong></span> <span class='ocrx_word' id='word_1_476' title='bbox 403 3317 480 3380; x_wconf 78' lang='lat' dir='ltr'><strong>filius</strong></span> <span class='ocrx_word' id='word_1_477' title='bbox 493 3317 603 3369; x_wconf 70' lang='lat' dir='ltr'><strong>coalia</strong></span> <span class='ocrx_word' id='word_1_478' title='bbox 617 3330 680 3368; x_wconf 73' lang='lat' dir='ltr'><strong>artic</strong></span> <span class='ocrx_word' id='word_1_479' title='bbox 694 3317 753 3382; x_wconf 69' lang='lat' dir='ltr'><strong>filie</strong></span> <span class='ocrx_word' id='word_1_480' title='bbox 767 3318 924 3379; x_wconf 70' lang='lat' dir='ltr'><strong>critolaus,</strong></span> <span class='ocrx_word' id='word_1_481' title='bbox 966 3317 1143 3368; x_wconf 75' lang='lat' dir='ltr'><strong>lnrlucanlar</strong></span> <span class='ocrx_word' id='word_1_482' title='bbox 1165 3316 1267 3370; x_wconf 80' lang='lat' dir='ltr'><strong>Galata</strong></span> <span class='ocrx_word' id='word_1_483' title='bbox 1295 3319 1395 3385; x_wconf 72' lang='lat' dir='ltr'><strong>lapella</strong></span> <span class='ocrx_word' id='word_1_484' title='bbox 1419 3333 1475 3371; x_wconf 76' lang='lat' dir='ltr'><strong>icon</strong></span> <span class='ocrx_word' id='word_1_485' title='bbox 1489 3319 1630 3373; x_wconf 79' lang='lat' dir='ltr'><strong>observa-rc</strong></span> <span class='ocrx_word' id='word_1_486' title='bbox 1653 3325 1766 3388; x_wconf 73' lang='lat' dir='ltr'><strong>proptor</strong></span> 
     </span>
     <span class='ocr_line' id='line_1_35' title="bbox 126 3401 1761 3474; baseline 0.002 -18"><span class='ocrx_word' id='word_1_487' title='bbox 126 3401 261 3457; x_wconf 84' lang='lat' dir='ltr'><strong>intellexit</strong></span> <span class='ocrx_word' id='word_1_488' title='bbox 283 3403 380 3457; x_wconf 83' lang='lat' dir='ltr'><strong>lusum</strong></span> <span class='ocrx_word' id='word_1_489' title='bbox 396 3402 476 3456; x_wconf 90' lang='lat' dir='ltr'><strong>illum</strong></span> <span class='ocrx_word' id='word_1_490' title='bbox 498 3403 651 3474; x_wconf 86' lang='lat' dir='ltr'><strong>simplicem</strong></span> <span class='ocrx_word' id='word_1_491' title='bbox 676 3420 732 3457; x_wconf 92' lang='lat' dir='ltr'><strong>non</strong></span> <span class='ocrx_word' id='word_1_492' title='bbox 759 3403 845 3457; x_wconf 82' lang='lat' dir='ltr'><strong>luisse</strong></span> <span class='ocrx_word' id='word_1_493' title='bbox 857 3422 862 3456; x_wconf 90' lang='lat'>:</span> <span class='ocrx_word' id='word_1_494' title='bbox 876 3403 925 3457; x_wconf 88' lang='lat' dir='ltr'><strong>sed</strong></span> <span class='ocrx_word' id='word_1_495' title='bbox 1000 3407 1152 3458; x_wconf 82' lang='lat' dir='ltr'><strong>censionem</strong></span> <span class='ocrx_word' id='word_1_496' title='bbox 1169 3407 1318 3469; x_wconf 74' lang='lat' dir='ltr'><strong>vitulorum,</strong></span> <span class='ocrx_word' id='word_1_497' title='bbox 1336 3409 1586 3460; x_wconf 71' lang='lat' dir='ltr'><strong>reconsecrationem</strong></span> <span class='ocrx_word' id='word_1_498' title='bbox 1603 3409 1737 3461; x_wconf 84' lang='lat' dir='ltr'><strong>bonoram</strong></span> <span class='ocrx_word' id='word_1_499' title='bbox 1755 3425 1761 3460; x_wconf 87' lang='lat'>:</span> 
     </span>
     <span class='ocr_line' id='line_1_36' title="bbox 126 3491 1632 3563; baseline 0.001 -17"><span class='ocrx_word' id='word_1_500' title='bbox 126 3492 189 3562; x_wconf 76' lang='lat' dir='ltr'><strong>quia</strong></span> <span class='ocrx_word' id='word_1_501' title='bbox 200 3491 323 3547; x_wconf 77' lang='lat' dir='ltr'><strong>forsitan</strong></span> <span class='ocrx_word' id='word_1_502' title='bbox 331 3491 435 3546; x_wconf 84' lang='lat' dir='ltr'><strong>ismael</strong></span> <span class='ocrx_word' id='word_1_503' title='bbox 445 3491 526 3562; x_wconf 88' lang='lat' dir='ltr'><strong>quasi</strong></span> <span class='ocrx_word' id='word_1_504' title='bbox 537 3493 629 3561; x_wconf 85' lang='lat' dir='ltr'><strong>major</strong></span> <span class='ocrx_word' id='word_1_505' title='bbox 636 3499 705 3546; x_wconf 86' lang='lat' dir='ltr'><strong>natu</strong></span> <span class='ocrx_word' id='word_1_506' title='bbox 714 3497 743 3545; x_wconf 90' lang='lat' dir='ltr'><strong>et</strong></span> <span class='ocrx_word' id='word_1_507' title='bbox 752 3507 786 3546; x_wconf 89' lang='lat' dir='ltr'><strong>co</strong></span> <span class='ocrx_word' id='word_1_508' title='bbox 798 3499 923 3562; x_wconf 87' lang='lat' dir='ltr'><strong>ternpore</strong></span> <span class='ocrx_word' id='word_1_509' title='bbox 1000 3498 1024 3545; x_wconf 87' lang='lat' dir='ltr'><strong>ct</strong></span> <span class='ocrx_word' id='word_1_510' title='bbox 1038 3495 1255 3561; x_wconf 73' lang='lat' dir='ltr'><strong>distinpnnntur</strong></span> <span class='ocrx_word' id='word_1_511' title='bbox 1267 3509 1348 3562; x_wconf 83' lang='lat' dir='ltr'><strong>opera</strong></span> <span class='ocrx_word' id='word_1_512' title='bbox 1363 3497 1458 3548; x_wconf 74' lang='lat' dir='ltr'><strong>carreis</strong></span> <span class='ocrx_word' id='word_1_513' title='bbox 1468 3501 1493 3548; x_wconf 82' lang='lat' dir='ltr'><strong>ct</strong></span> <span class='ocrx_word' id='word_1_514' title='bbox 1507 3498 1632 3563; x_wconf 77' lang='lat' dir='ltr'><strong>spiritns.</strong></span> 
     </span>
     <span class='ocr_line' id='line_1_37' title="bbox 126 3579 1853 3657; baseline 0.002 -23"><span class='ocrx_word' id='word_1_515' title='bbox 126 3579 306 3635; x_wconf 86' lang='lat' dir='ltr'><strong>circumcisus</strong></span> <span class='ocrx_word' id='word_1_516' title='bbox 322 3596 378 3651; x_wconf 87' lang='lat' dir='ltr'><strong>quo</strong></span> <span class='ocrx_word' id='word_1_517' title='bbox 391 3581 452 3650; x_wconf 85' lang='lat' dir='ltr'><strong>jam</strong></span> <span class='ocrx_word' id='word_1_518' title='bbox 468 3586 580 3651; x_wconf 85' lang='lat' dir='ltr'><strong>poterat</strong></span> <span class='ocrx_word' id='word_1_519' title='bbox 591 3581 748 3657; x_wconf 84' lang='lat' dir='ltr'><strong>intelligere</strong></span> <span class='ocrx_word' id='word_1_520' title='bbox 769 3590 799 3635; x_wconf 90' lang='lat' dir='ltr'><strong>et</strong></span> <span class='ocrx_word' id='word_1_521' title='bbox 820 3581 925 3636; x_wconf 87' lang='lat' dir='ltr'><strong>sentire</strong></span> <span class='ocrx_word' id='word_1_522' title='bbox 999 3582 1073 3636; x_wconf 82' lang='lat' dir='ltr'><strong>State</strong></span> <span class='ocrx_word' id='word_1_523' title='bbox 1084 3586 1190 3648; x_wconf 71' lang='lat' dir='ltr'><strong>erpact</strong></span> <span class='ocrx_word' id='word_1_524' title='bbox 1201 3585 1285 3636; x_wconf 85' lang='lat' dir='ltr'><strong>nolite</strong></span> <span class='ocrx_word' id='word_1_525' title='bbox 1299 3586 1400 3636; x_wconf 78' lang='lat' dir='ltr'><strong>itmcm</strong></span> <span class='ocrx_word' id='word_1_526' title='bbox 1411 3586 1760 3652; x_wconf 70' lang='lat' dir='ltr'><strong>servitutisjrcqccolriberi.</strong></span> <span class='ocrx_word' id='word_1_527' title='bbox 1844 3646 1853 3655; x_wconf 56' lang='lat'><strong>„</strong></span> 
     </span>
     <span class='ocr_line' id='line_1_38' title="bbox 125 3668 1764 3741; baseline 0.002 -16"><span class='ocrx_word' id='word_1_528' title='bbox 125 3670 194 3738; x_wconf 86' lang='lat' dir='ltr'><strong>qnod</strong></span> <span class='ocrx_word' id='word_1_529' title='bbox 203 3678 372 3740; x_wconf 85' lang='lat' dir='ltr'><strong>passusest,</strong></span> <span class='ocrx_word' id='word_1_530' title='bbox 388 3668 441 3723; x_wconf 86' lang='lat' dir='ltr'><strong>sibi</strong></span> <span class='ocrx_word' id='word_1_531' title='bbox 465 3669 652 3740; x_wconf 81' lang='lat' dir='ltr'><strong>primogenita</strong></span> <span class='ocrx_word' id='word_1_532' title='bbox 665 3669 831 3734; x_wconf 81' lang='lat' dir='ltr'><strong>vindicabat,</strong></span> <span class='ocrx_word' id='word_1_533' title='bbox 850 3669 924 3724; x_wconf 87' lang='lat' dir='ltr'><strong>Scri·</strong></span> <span class='ocrx_word' id='word_1_534' title='bbox 965 3669 1069 3737; x_wconf 78' lang='lat' dir='ltr'><strong>(Amb.)</strong></span> <span class='ocrx_word' id='word_1_535' title='bbox 1088 3670 1226 3724; x_wconf 81' lang='lat' dir='ltr'><strong>standum</strong></span> <span class='ocrx_word' id='word_1_536' title='bbox 1250 3677 1347 3724; x_wconf 89' lang='lat' dir='ltr'><strong>monet</strong></span> <span class='ocrx_word' id='word_1_537' title='bbox 1369 3670 1397 3725; x_wconf 92' lang='lat' dir='ltr'><strong>ia</strong></span> <span class='ocrx_word' id='word_1_538' title='bbox 1415 3679 1530 3741; x_wconf 85' lang='lat' dir='ltr'><strong>accepta</strong></span> <span class='ocrx_word' id='word_1_539' title='bbox 1547 3673 1649 3741; x_wconf 75' lang='lat' dir='ltr'><strong>gratis,</strong></span> <span class='ocrx_word' id='word_1_540' title='bbox 1670 3686 1706 3728; x_wconf 88' lang='lat' dir='ltr'><strong>ne</strong></span> <span class='ocrx_word' id='word_1_541' title='bbox 1721 3690 1764 3728; x_wconf 87' lang='lat' dir='ltr'><strong>re-</strong></span> 
     </span>
     <span class='ocr_line' id='line_1_39' title="bbox 126 3757 1763 3832; baseline 0.004 -20"><span class='ocrx_word' id='word_1_542' title='bbox 126 3763 205 3827; x_wconf 87' lang='lat' dir='ltr'><strong>ptnra</strong></span> <span class='ocrx_word' id='word_1_543' title='bbox 231 3757 361 3828; x_wconf 78' lang='lat' dir='ltr'><strong>jurgium</strong></span> <span class='ocrx_word' id='word_1_544' title='bbox 387 3758 566 3828; x_wconf 79' lang='lat' dir='ltr'><strong>parvulorum</strong></span> <span class='ocrx_word' id='word_1_545' title='bbox 590 3759 682 3813; x_wconf 89' lang='lat' dir='ltr'><strong>lusum</strong></span> <span class='ocrx_word' id='word_1_546' title='bbox 705 3759 819 3813; x_wconf 78' lang='lat' dir='ltr'><strong>vocadt.</strong></span> <span class='ocrx_word' id='word_1_547' title='bbox 845 3759 925 3813; x_wconf 89' lang='lat' dir='ltr'><strong>Unde</strong></span> <span class='ocrx_word' id='word_1_548' title='bbox 964 3760 1082 3814; x_wconf 90' lang='lat' dir='ltr'><strong>deantes</strong></span> <span class='ocrx_word' id='word_1_549' title='bbox 1096 3759 1131 3811; x_wconf 85' lang='lat' dir='ltr'><strong>ad</strong></span> <span class='ocrx_word' id='word_1_550' title='bbox 1145 3766 1249 3821; x_wconf 79' lang='lat' dir='ltr'><strong>vetera,</strong></span> <span class='ocrx_word' id='word_1_551' title='bbox 1267 3758 1400 3813; x_wconf 84' lang='lat' dir='ltr'><strong>amittant</strong></span> <span class='ocrx_word' id='word_1_552' title='bbox 1415 3759 1520 3814; x_wconf 89' lang='lat' dir='ltr'><strong>denum</strong></span> <span class='ocrx_word' id='word_1_553' title='bbox 1535 3759 1674 3815; x_wconf 82' lang='lat' dir='ltr'><strong>libertatis</strong></span> <span class='ocrx_word' id='word_1_554' title='bbox 1687 3762 1763 3832; x_wconf 84' lang='lat' dir='ltr'><strong>quod</strong></span> 
     </span>
     <span class='ocr_line' id='line_1_40' title="bbox 125 3846 1764 3914; baseline 0.003 -13"><span class='ocrx_word' id='word_1_555' title='bbox 125 3856 150 3901; x_wconf 90' lang='lat' dir='ltr'><strong>et</strong></span> <span class='ocrx_word' id='word_1_556' title='bbox 166 3848 240 3903; x_wconf 83' lang='lat' dir='ltr'><strong>Sara</strong></span> <span class='ocrx_word' id='word_1_557' title='bbox 258 3847 320 3901; x_wconf 70' lang='lat' dir='ltr'><strong>haec</strong></span> <span class='ocrx_word' id='word_1_558' title='bbox 335 3846 420 3900; x_wconf 80' lang='lat' dir='ltr'><strong>verba</strong></span> <span class='ocrx_word' id='word_1_559' title='bbox 444 3863 500 3900; x_wconf 92' lang='lat' dir='ltr'><strong>non</strong></span> <span class='ocrx_word' id='word_1_560' title='bbox 523 3847 675 3907; x_wconf 86' lang='lat' dir='ltr'><strong>sustinens,</strong></span> <span class='ocrx_word' id='word_1_561' title='bbox 693 3855 722 3900; x_wconf 91' lang='lat' dir='ltr'><strong>et</strong></span> <span class='ocrx_word' id='word_1_562' title='bbox 747 3846 924 3902; x_wconf 90' lang='lat' dir='ltr'><strong>consuctudi-</strong></span> <span class='ocrx_word' id='word_1_563' title='bbox 963 3847 1235 3902; x_wconf 84' lang='lat' dir='ltr'><strong>fuerantcensecuti.</strong></span> <span class='ocrx_word' id='word_1_564' title='bbox 1249 3849 1348 3914; x_wconf 78' lang='lat' dir='ltr'><strong>(lllcr.)</strong></span> <span class='ocrx_word' id='word_1_565' title='bbox 1363 3847 1442 3911; x_wconf 84' lang='lat' dir='ltr'><strong>Quod</strong></span> <span class='ocrx_word' id='word_1_566' title='bbox 1457 3856 1553 3903; x_wconf 86' lang='lat' dir='ltr'><strong>autem</strong></span> <span class='ocrx_word' id='word_1_567' title='bbox 1565 3849 1614 3913; x_wconf 88' lang='lat' dir='ltr'><strong>ait,</strong></span> <span class='ocrx_word' id='word_1_568' title='bbox 1626 3855 1704 3913; x_wconf 78' lang='lat' dir='ltr'><strong>atala,</strong></span> <span class='ocrx_word' id='word_1_569' title='bbox 1716 3852 1764 3906; x_wconf 86' lang='lat' dir='ltr'><strong>lir-</strong></span> 
     </span>
     <span class='ocr_line' id='line_1_41' title="bbox 125 3935 1762 4006; baseline 0.004 -17"><span class='ocrx_word' id='word_1_570' title='bbox 125 3952 186 3991; x_wconf 85' lang='lat' dir='ltr'><strong>aem</strong></span> <span class='ocrx_word' id='word_1_571' title='bbox 209 3935 265 3990; x_wconf 86' lang='lat' dir='ltr'><strong>sibi</strong></span> <span class='ocrx_word' id='word_1_572' title='bbox 290 3935 480 4006; x_wconf 85' lang='lat' dir='ltr'><strong>primogenita</strong></span> <span class='ocrx_word' id='word_1_573' title='bbox 502 3936 668 3990; x_wconf 73' lang='lat' dir='ltr'><strong>vindicantis</strong></span> <span class='ocrx_word' id='word_1_574' title='bbox 696 3936 803 3989; x_wconf 84' lang='lat' dir='ltr'><strong>ancillae</strong></span> <span class='ocrx_word' id='word_1_575' title='bbox 828 3937 878 3990; x_wconf 85' lang='lat' dir='ltr'><strong>filii</strong></span> <span class='ocrx_word' id='word_1_576' title='bbox 907 3952 925 3989; x_wconf 89' lang='lat' dir='ltr'><strong>a</strong></span> <span class='ocrx_word' id='word_1_577' title='bbox 964 3954 1039 3991; x_wconf 91' lang='lat' dir='ltr'><strong>mam</strong></span> <span class='ocrx_word' id='word_1_578' title='bbox 1051 3935 1214 3991; x_wconf 82' lang='lat' dir='ltr'><strong>etstabilem</strong></span> <span class='ocrx_word' id='word_1_579' title='bbox 1223 3935 1251 3989; x_wconf 90' lang='lat' dir='ltr'><strong>iu</strong></span> <span class='ocrx_word' id='word_1_580' title='bbox 1261 3936 1372 3991; x_wconf 86' lang='lat' dir='ltr'><strong>Christo</strong></span> <span class='ocrx_word' id='word_1_581' title='bbox 1381 3937 1511 3992; x_wconf 79' lang='lat' dir='ltr'><strong>licitatur</strong></span> <span class='ocrx_word' id='word_1_582' title='bbox 1519 3938 1614 4003; x_wconf 84' lang='lat' dir='ltr'><strong>tidem,</strong></span> <span class='ocrx_word' id='word_1_583' title='bbox 1632 3939 1762 3996; x_wconf 71' lang='lat' dir='ltr'><strong>utrone-</strong></span> 
     </span>
     <span class='ocr_line' id='line_1_42' title="bbox 124 4024 1763 4099; baseline 0.003 -19"><span class='ocrx_word' id='word_1_584' title='bbox 124 4030 306 4095; x_wconf 76' lang='lat' dir='ltr'><strong>parraaetate</strong></span> <span class='ocrx_word' id='word_1_585' title='bbox 319 4041 377 4079; x_wconf 89' lang='lat' dir='ltr'><strong>non</strong></span> <span class='ocrx_word' id='word_1_586' title='bbox 401 4025 520 4096; x_wconf 87' lang='lat' dir='ltr'><strong>patiens,</strong></span> <span class='ocrx_word' id='word_1_587' title='bbox 552 4025 645 4095; x_wconf 89' lang='lat' dir='ltr'><strong>erupit</strong></span> <span class='ocrx_word' id='word_1_588' title='bbox 667 4024 802 4078; x_wconf 88' lang='lat' dir='ltr'><strong>invocem</strong></span> <span class='ocrx_word' id='word_1_589' title='bbox 827 4044 831 4076; x_wconf 93' lang='lat'>:</span> <span class='ocrx_word' id='word_1_590' title='bbox 852 4026 924 4093; x_wconf 65' lang='lat' dir='ltr'><strong>dilue</strong></span> <span class='ocrx_word' id='word_1_591' title='bbox 963 4026 1010 4081; x_wconf 82' lang='lat' dir='ltr'><strong>siae</strong></span> <span class='ocrx_word' id='word_1_592' title='bbox 1030 4025 1146 4080; x_wconf 78' lang='lat' dir='ltr'><strong>Galatia·</strong></span> <span class='ocrx_word' id='word_1_593' title='bbox 1162 4027 1216 4079; x_wconf 82' lang='lat' dir='ltr'><strong>fixo</strong></span> <span class='ocrx_word' id='word_1_594' title='bbox 1231 4026 1260 4080; x_wconf 91' lang='lat' dir='ltr'><strong>in</strong></span> <span class='ocrx_word' id='word_1_595' title='bbox 1276 4026 1613 4097; x_wconf 85' lang='lat' dir='ltr'><strong>Salvatorepermaneant</strong></span> <span class='ocrx_word' id='word_1_596' title='bbox 1624 4029 1705 4099; x_wconf 89' lang='lat' dir='ltr'><strong>pede.</strong></span> <span class='ocrx_word' id='word_1_597' title='bbox 1722 4030 1763 4085; x_wconf 80' lang='lat' dir='ltr'><strong>De</strong></span> 
     </span>
     <span class='ocr_line' id='line_1_43' title="bbox 122 4114 1762 4188; baseline 0.004 -22"><span class='ocrx_word' id='word_1_598' title='bbox 122 4117 259 4169; x_wconf 57' lang='lat' dir='ltr'><strong>olitanam</strong></span> <span class='ocrx_word' id='word_1_599' title='bbox 275 4129 339 4167; x_wconf 71' lang='lat' dir='ltr'><strong>aaut</strong></span> <span class='ocrx_word' id='word_1_600' title='bbox 353 4116 412 4181; x_wconf 79' lang='lat' dir='ltr'><strong>filio</strong></span> <span class='ocrx_word' id='word_1_601' title='bbox 426 4129 475 4167; x_wconf 84' lang='lat' dir='ltr'><strong>sao</strong></span> <span class='ocrx_word' id='word_1_602' title='bbox 490 4133 498 4166; x_wconf 92' lang='lat'><strong>.·</strong></span> <span class='ocrx_word' id='word_1_603' title='bbox 513 4116 654 4166; x_wconf 84' lang='lat' dir='ltr'><strong>nonenim</strong></span> <span class='ocrx_word' id='word_1_604' title='bbox 669 4114 924 4179; x_wconf 69' lang='lat' dir='ltr'><strong>liarcditcbitdlias</strong></span> <span class='ocrx_word' id='word_1_605' title='bbox 964 4131 1019 4185; x_wconf 88' lang='lat' dir='ltr'><strong>quo</strong></span> <span class='ocrx_word' id='word_1_606' title='bbox 1034 4122 1062 4168; x_wconf 89' lang='lat' dir='ltr'><strong>et</strong></span> <span class='ocrx_word' id='word_1_607' title='bbox 1077 4115 1106 4167; x_wconf 92' lang='lat' dir='ltr'><strong>in</strong></span> <span class='ocrx_word' id='word_1_608' title='bbox 1129 4115 1255 4168; x_wconf 89' lang='lat' dir='ltr'><strong>alioloco</strong></span> <span class='ocrx_word' id='word_1_609' title='bbox 1267 4116 1762 4188; x_wconf 77' lang='lat' dir='ltr'><strong>justusloquitur:Stulrcitsnpcrpe-</strong></span> 
     </span>
     <span class='ocr_line' id='line_1_44' title="bbox 123 4201 1764 4277; baseline 0.004 -22"><span class='ocrx_word' id='word_1_610' title='bbox 123 4206 231 4257; x_wconf 65' lang='lat' dir='ltr'><strong>emilia</strong></span> <span class='ocrx_word' id='word_1_611' title='bbox 258 4218 321 4256; x_wconf 74' lang='lat' dir='ltr'><strong>cairi</strong></span> <span class='ocrx_word' id='word_1_612' title='bbox 344 4201 406 4270; x_wconf 70' lang='lat' dir='ltr'><strong>tilio</strong></span> <span class='ocrx_word' id='word_1_613' title='bbox 435 4218 490 4255; x_wconf 71' lang='lat' dir='ltr'><strong>&gt;creo</strong></span> <span class='ocrx_word' id='word_1_614' title='bbox 511 4205 598 4257; x_wconf 84' lang='lat' dir='ltr'><strong>Isaac.</strong></span> <span class='ocrx_word' id='word_1_615' title='bbox 626 4201 705 4265; x_wconf 81' lang='lat' dir='ltr'><strong>Quod</strong></span> <span class='ocrx_word' id='word_1_616' title='bbox 729 4218 793 4255; x_wconf 88' lang='lat' dir='ltr'><strong>cum</strong></span> <span class='ocrx_word' id='word_1_617' title='bbox 821 4203 923 4255; x_wconf 90' lang='lat' dir='ltr'><strong>durum</strong></span> <span class='ocrx_word' id='word_1_618' title='bbox 965 4205 1294 4272; x_wconf 72' lang='lat' dir='ltr'><strong>trampcdcsmeosll’sal.</strong></span> <span class='ocrx_word' id='word_1_619' title='bbox 1311 4218 1406 4269; x_wconf 75' lang='lat' dir='ltr'><strong>xxxrxt</strong></span> <span class='ocrx_word' id='word_1_620' title='bbox 1421 4225 1428 4272; x_wconf 75' lang='lat'><em>3</em></span> <span class='ocrx_word' id='word_1_621' title='bbox 1443 4206 1764 4277; x_wconf 83' lang='lat' dir='ltr'><strong>precequedestsnper</strong></span> 
     </span>
     <span class='ocr_line' id='line_1_45' title="bbox 124 4289 1762 4361; baseline 0.003 -16"><span class='ocrx_word' id='word_1_622' title='bbox 124 4292 210 4345; x_wconf 60' lang='lat' dir='ltr'><strong>mura</strong></span> <span class='ocrx_word' id='word_1_623' title='bbox 241 4289 475 4345; x_wconf 78' lang='lat' dir='ltr'><strong>missetnuraha</strong></span> <span class='ocrx_word' id='word_1_624' title='bbox 511 4296 631 4361; x_wconf 66' lang='lat' dir='ltr'><strong>(semper</strong></span> <span class='ocrx_word' id='word_1_625' title='bbox 651 4290 725 4344; x_wconf 86' lang='lat' dir='ltr'><strong>enirn</strong></span> <span class='ocrx_word' id='word_1_626' title='bbox 749 4289 921 4360; x_wconf 83' lang='lat' dir='ltr'><strong>primogeni-</strong></span> <span class='ocrx_word' id='word_1_627' title='bbox 964 4295 1116 4359; x_wconf 66' lang='lat' dir='ltr'><strong>sinistam,</strong></span> <span class='ocrx_word' id='word_1_628' title='bbox 1148 4310 1183 4346; x_wconf 90' lang='lat' dir='ltr'><strong>ne</strong></span> <span class='ocrx_word' id='word_1_629' title='bbox 1201 4293 1306 4347; x_wconf 86' lang='lat' dir='ltr'><strong>seilicet</strong></span> <span class='ocrx_word' id='word_1_630' title='bbox 1328 4294 1559 4349; x_wconf 79' lang='lat' dir='ltr'><strong>circumferantur</strong></span> <span class='ocrx_word' id='word_1_631' title='bbox 1578 4295 1655 4348; x_wconf 88' lang='lat' dir='ltr'><strong>omui</strong></span> <span class='ocrx_word' id='word_1_632' title='bbox 1680 4303 1762 4349; x_wconf 86' lang='lat' dir='ltr'><strong>vento</strong></span> 
     </span>
     <span class='ocr_line' id='line_1_46' title="bbox 124 4377 1761 4452; baseline 0.003 -20"><span class='ocrx_word' id='word_1_633' title='bbox 124 4379 157 4433; x_wconf 84' lang='lat' dir='ltr'><strong>tis</strong></span> <span class='ocrx_word' id='word_1_634' title='bbox 186 4380 300 4450; x_wconf 73' lang='lat' dir='ltr'><strong>maiora</strong></span> <span class='ocrx_word' id='word_1_635' title='bbox 315 4377 475 4448; x_wconf 87' lang='lat' dir='ltr'><strong>debentur),</strong></span> <span class='ocrx_word' id='word_1_636' title='bbox 498 4395 553 4433; x_wconf 91' lang='lat' dir='ltr'><strong>non</strong></span> <span class='ocrx_word' id='word_1_637' title='bbox 570 4380 662 4434; x_wconf 87' lang='lat' dir='ltr'><strong>solum</strong></span> <span class='ocrx_word' id='word_1_638' title='bbox 678 4380 825 4433; x_wconf 83' lang='lat' dir='ltr'><strong>lsrnaelem</strong></span> <span class='ocrx_word' id='word_1_639' title='bbox 844 4379 921 4451; x_wconf 85' lang='lat' dir='ltr'><strong>prio·</strong></span> <span class='ocrx_word' id='word_1_640' title='bbox 963 4382 1106 4447; x_wconf 77' lang='lat' dir='ltr'><strong>doctrina,</strong></span> <span class='ocrx_word' id='word_1_641' title='bbox 1123 4389 1152 4435; x_wconf 87' lang='lat' dir='ltr'><strong>et</strong></span> <span class='ocrx_word' id='word_1_642' title='bbox 1171 4382 1201 4435; x_wconf 93' lang='lat' dir='ltr'><strong>in</strong></span> <span class='ocrx_word' id='word_1_643' title='bbox 1228 4383 1338 4436; x_wconf 84' lang='lat' dir='ltr'><strong>diversa</strong></span> <span class='ocrx_word' id='word_1_644' title='bbox 1357 4383 1511 4452; x_wconf 85' lang='lat' dir='ltr'><strong>rapiantur.</strong></span> <span class='ocrx_word' id='word_1_645' title='bbox 1540 4384 1643 4451; x_wconf 74' lang='lat' dir='ltr'><strong>lugam</strong></span> <span class='ocrx_word' id='word_1_646' title='bbox 1665 4390 1761 4437; x_wconf 88' lang='lat' dir='ltr'><strong>autem</strong></span> 
     </span>
     <span class='ocr_line' id='line_1_47' title="bbox 124 4444 1761 4540; baseline 0.004 -19"><span class='ocrx_word' id='word_1_647' title='bbox 124 4485 181 4522; x_wconf 84' lang='lat' dir='ltr'><strong>rem</strong></span> <span class='ocrx_word' id='word_1_648' title='bbox 194 4484 259 4523; x_wconf 81' lang='lat' dir='ltr'><strong>esse</strong></span> <span class='ocrx_word' id='word_1_649' title='bbox 273 4467 413 4534; x_wconf 77' lang='lat' dir='ltr'><strong>desinere,</strong></span> <span class='ocrx_word' id='word_1_650' title='bbox 424 4468 473 4522; x_wconf 83' lang='lat' dir='ltr'><strong>sed</strong></span> <span class='ocrx_word' id='word_1_651' title='bbox 482 4485 518 4522; x_wconf 90' lang='lat' dir='ltr'><strong>ne</strong></span> <span class='ocrx_word' id='word_1_652' title='bbox 527 4468 663 4539; x_wconf 84' lang='lat' dir='ltr'><strong>aequalem</strong></span> <span class='ocrx_word' id='word_1_653' title='bbox 678 4469 860 4540; x_wconf 89' lang='lat' dir='ltr'><strong>quidcmcum</strong></span> <span class='ocrx_word' id='word_1_654' title='bbox 869 4444 1114 4536; x_wconf 77' lang='lat' dir='ltr'><strong>ini-Dservitutis,</strong></span> <span class='ocrx_word' id='word_1_655' title='bbox 1134 4470 1224 4540; x_wconf 82' lang='lat' dir='ltr'><strong>legem</strong></span> <span class='ocrx_word' id='word_1_656' title='bbox 1239 4477 1319 4525; x_wconf 80' lang='lat' dir='ltr'><strong>vocat</strong></span> <span class='ocrx_word' id='word_1_657' title='bbox 1331 4472 1441 4534; x_wconf 83' lang='lat' dir='ltr'><strong>duram,</strong></span> <span class='ocrx_word' id='word_1_658' title='bbox 1471 4470 1621 4533; x_wconf 83' lang='lat' dir='ltr'><strong>dilticilem,</strong></span> <span class='ocrx_word' id='word_1_659' title='bbox 1642 4469 1761 4527; x_wconf 83' lang='lat' dir='ltr'><strong>laberio·</strong></span> 
     </span>
     <span class='ocr_line' id='line_1_48' title="bbox 124 4556 1759 4630; baseline 0.002 -19"><span class='ocrx_word' id='word_1_660' title='bbox 124 4573 190 4611; x_wconf 85' lang='lat' dir='ltr'><strong>uere</strong></span> <span class='ocrx_word' id='word_1_661' title='bbox 200 4557 292 4612; x_wconf 72' lang='lat' dir='ltr'><strong>isaac</strong></span> <span class='ocrx_word' id='word_1_662' title='bbox 316 4557 443 4628; x_wconf 84' lang='lat' dir='ltr'><strong>accipere</strong></span> <span class='ocrx_word' id='word_1_663' title='bbox 457 4558 625 4628; x_wconf 87' lang='lat' dir='ltr'><strong>portionem,</strong></span> <span class='ocrx_word' id='word_1_664' title='bbox 642 4558 717 4611; x_wconf 88' lang='lat' dir='ltr'><strong>Deus</strong></span> <span class='ocrx_word' id='word_1_665' title='bbox 737 4557 784 4628; x_wconf 89' lang='lat' dir='ltr'><strong>qui</strong></span> <span class='ocrx_word' id='word_1_666' title='bbox 805 4556 922 4611; x_wconf 87' lang='lat' dir='ltr'><strong>liberam</strong></span> <span class='ocrx_word' id='word_1_667' title='bbox 963 4576 1033 4623; x_wconf 85' lang='lat' dir='ltr'><strong>sam,</strong></span> <span class='ocrx_word' id='word_1_668' title='bbox 1046 4559 1163 4630; x_wconf 74' lang='lat' dir='ltr'><strong>‹luadie</strong></span> <span class='ocrx_word' id='word_1_669' title='bbox 1177 4574 1210 4613; x_wconf 88' lang='lat' dir='ltr'><strong>ac</strong></span> <span class='ocrx_word' id='word_1_670' title='bbox 1232 4565 1313 4614; x_wconf 91' lang='lat' dir='ltr'><strong>nocte</strong></span> <span class='ocrx_word' id='word_1_671' title='bbox 1330 4560 1451 4613; x_wconf 87' lang='lat' dir='ltr'><strong>cultores</strong></span> <span class='ocrx_word' id='word_1_672' title='bbox 1477 4576 1543 4613; x_wconf 86' lang='lat' dir='ltr'><strong>suos</strong></span> <span class='ocrx_word' id='word_1_673' title='bbox 1568 4560 1647 4628; x_wconf 73' lang='lat' dir='ltr'><strong>gravi</strong></span> <span class='ocrx_word' id='word_1_674' title='bbox 1675 4576 1759 4630; x_wconf 86' lang='lat' dir='ltr'><strong>opere</strong></span> 
     </span>
     <span class='ocr_line' id='line_1_49' title="bbox 125 4645 1757 4719; baseline 0.003 -20"><span class='ocrx_word' id='word_1_675' title='bbox 125 4645 198 4701; x_wconf 81' lang='lat' dir='ltr'><strong>inuis</strong></span> <span class='ocrx_word' id='word_1_676' title='bbox 213 4662 287 4714; x_wconf 84' lang='lat' dir='ltr'><strong>esse,</strong></span> <span class='ocrx_word' id='word_1_677' title='bbox 303 4645 421 4700; x_wconf 81' lang='lat' dir='ltr'><strong>etseras</strong></span> <span class='ocrx_word' id='word_1_678' title='bbox 435 4646 534 4717; x_wconf 81' lang='lat' dir='ltr'><strong>expelli</strong></span> <span class='ocrx_word' id='word_1_679' title='bbox 560 4645 671 4700; x_wconf 85' lang='lat' dir='ltr'><strong>volebat</strong></span> <span class='ocrx_word' id='word_1_680' title='bbox 693 4645 833 4707; x_wconf 84' lang='lat' dir='ltr'><strong>arreillam,</strong></span> <span class='ocrx_word' id='word_1_681' title='bbox 847 4649 922 4700; x_wconf 74' lang='lat' dir='ltr'><strong>Sarte</strong></span> <span class='ocrx_word' id='word_1_682' title='bbox 963 4649 1102 4702; x_wconf 87' lang='lat' dir='ltr'><strong>consumit</strong></span> <span class='ocrx_word' id='word_1_683' title='bbox 1119 4667 1125 4714; x_wconf 68' lang='grc' dir='ltr'><strong>ς</strong></span> <span class='ocrx_word' id='word_1_684' title='bbox 1142 4648 1215 4703; x_wconf 88' lang='lat' dir='ltr'><strong>sicut</strong></span> <span class='ocrx_word' id='word_1_685' title='bbox 1230 4654 1259 4701; x_wconf 91' lang='lat' dir='ltr'><strong>et</strong></span> <span class='ocrx_word' id='word_1_686' title='bbox 1268 4649 1368 4702; x_wconf 89' lang='lat' dir='ltr'><strong>Petrus</strong></span> <span class='ocrx_word' id='word_1_687' title='bbox 1381 4648 1409 4701; x_wconf 93' lang='lat' dir='ltr'><strong>in</strong></span> <span class='ocrx_word' id='word_1_688' title='bbox 1423 4646 1539 4702; x_wconf 79' lang='lat' dir='ltr'><strong>Actibus</strong></span> <span class='ocrx_word' id='word_1_689' title='bbox 1548 4649 1757 4719; x_wconf 85' lang='lat' dir='ltr'><strong>apostolorum:</strong></span> 
     </span>
     <span class='ocr_line' id='line_1_50' title="bbox 125 4734 1760 4807; baseline 0.005 -23"><span class='ocrx_word' id='word_1_690' title='bbox 125 4734 205 4789; x_wconf 81' lang='lat' dir='ltr'><strong>rerba</strong></span> <span class='ocrx_word' id='word_1_691' title='bbox 226 4735 388 4797; x_wconf 78' lang='lat' dir='ltr'><strong>confirmat,</strong></span> <span class='ocrx_word' id='word_1_692' title='bbox 412 4740 441 4789; x_wconf 86' lang='lat' dir='ltr'><strong>et</strong></span> <span class='ocrx_word' id='word_1_693' title='bbox 455 4735 580 4806; x_wconf 88' lang='lat' dir='ltr'><strong>loquitur</strong></span> <span class='ocrx_word' id='word_1_694' title='bbox 607 4735 642 4789; x_wconf 88' lang='lat' dir='ltr'><strong>ad</strong></span> <span class='ocrx_word' id='word_1_695' title='bbox 666 4734 834 4789; x_wconf 76' lang='lat' dir='ltr'><strong>Abraham:</strong></span> <span class='ocrx_word' id='word_1_696' title='bbox 860 4736 920 4789; x_wconf 79' lang='lat' dir='ltr'><strong>lb&#39;on</strong></span> <span class='ocrx_word' id='word_1_697' title='bbox 963 4739 1165 4804; x_wconf 75' lang='lat' dir='ltr'><strong>(liridtentolis,</strong></span> <span class='ocrx_word' id='word_1_698' title='bbox 1179 4737 1280 4807; x_wconf 85' lang='lat' dir='ltr'><strong>inquit,</strong></span> <span class='ocrx_word' id='word_1_699' title='bbox 1303 4739 1441 4804; x_wconf 74' lang='lat' dir='ltr'><strong>insponcrc</strong></span> <span class='ocrx_word' id='word_1_700' title='bbox 1464 4740 1568 4805; x_wconf 78' lang='lat' dir='ltr'><strong>jupam</strong></span> <span class='ocrx_word' id='word_1_701' title='bbox 1582 4753 1664 4806; x_wconf 77' lang='lat' dir='ltr'><strong>praec</strong></span> <span class='ocrx_word' id='word_1_702' title='bbox 1678 4755 1760 4807; x_wconf 81' lang='lat' dir='ltr'><strong>snper</strong></span> 
     </span>
     <span class='ocr_line' id='line_1_51' title="bbox 124 4823 1761 4897; baseline 0.004 -23"><span class='ocrx_word' id='word_1_703' title='bbox 124 4826 225 4897; x_wconf 79' lang='lat' dir='ltr'><strong>duram</strong></span> <span class='ocrx_word' id='word_1_704' title='bbox 243 4827 285 4879; x_wconf 85' lang='lat' dir='ltr'><strong>sic</strong></span> <span class='ocrx_word' id='word_1_705' title='bbox 298 4840 394 4878; x_wconf 85' lang='lat' dir='ltr'><strong>eoram</strong></span> <span class='ocrx_word' id='word_1_706' title='bbox 422 4829 446 4878; x_wconf 84' lang='lat' dir='ltr'><strong>te</strong></span> <span class='ocrx_word' id='word_1_707' title='bbox 460 4823 492 4877; x_wconf 81' lang='lat' dir='ltr'><strong>dc</strong></span> <span class='ocrx_word' id='word_1_708' title='bbox 512 4840 600 4893; x_wconf 71' lang='lat' dir='ltr'><strong>praere</strong></span> <span class='ocrx_word' id='word_1_709' title='bbox 623 4830 647 4877; x_wconf 87' lang='lat' dir='ltr'><strong>ct</strong></span> <span class='ocrx_word' id='word_1_710' title='bbox 673 4828 788 4879; x_wconf 70' lang='lat' dir='ltr'><strong>caecilia.</strong></span> <span class='ocrx_word' id='word_1_711' title='bbox 821 4825 921 4879; x_wconf 74' lang='lat' dir='ltr'><strong>(licinia</strong></span> <span class='ocrx_word' id='word_1_712' title='bbox 961 4830 1062 4880; x_wconf 83' lang='lat' dir='ltr'><strong>collrnn</strong></span> <span class='ocrx_word' id='word_1_713' title='bbox 1074 4827 1292 4894; x_wconf 65' lang='lat' dir='ltr'><strong>[calennaqaed</strong></span> <span class='ocrx_word' id='word_1_714' title='bbox 1307 4842 1459 4894; x_wconf 69' lang='lat' dir='ltr'><strong>trequentes,</strong></span> <span class='ocrx_word' id='word_1_715' title='bbox 1472 4832 1656 4895; x_wconf 76' lang='lat' dir='ltr'><strong>neqtrcpatrcs</strong></span> <span class='ocrx_word' id='word_1_716' title='bbox 1671 4831 1761 4882; x_wconf 77' lang='lat' dir='ltr'><strong>riustri</strong></span> 
     </span>
     <span class='ocr_line' id='line_1_52' title="bbox 125 4913 1757 4987; baseline 0.005 -24"><span class='ocrx_word' id='word_1_717' title='bbox 125 4928 180 4977; x_wconf 70' lang='lat' dir='ltr'><strong>qua</strong></span> <span class='ocrx_word' id='word_1_718' title='bbox 206 4913 311 4966; x_wconf 76' lang='lat' dir='ltr'><strong>dicerit</strong></span> <span class='ocrx_word' id='word_1_719' title='bbox 332 4914 384 4966; x_wconf 79' lang='lat' dir='ltr'><strong>liti</strong></span> <span class='ocrx_word' id='word_1_720' title='bbox 415 4914 488 4967; x_wconf 85' lang='lat' dir='ltr'><strong>Sara</strong></span> <span class='ocrx_word' id='word_1_721' title='bbox 518 4914 588 4966; x_wconf 80' lang='lat' dir='ltr'><strong>cccli</strong></span> <span class='ocrx_word' id='word_1_722' title='bbox 622 4929 710 4966; x_wconf 84' lang='lat' dir='ltr'><strong>uocem</strong></span> <span class='ocrx_word' id='word_1_723' title='bbox 747 4917 823 4982; x_wconf 76' lang='lat' dir='ltr'><strong>ejas,</strong></span> <span class='ocrx_word' id='word_1_724' title='bbox 854 4916 921 4982; x_wconf 84' lang='lat' dir='ltr'><strong>qnia</strong></span> <span class='ocrx_word' id='word_1_725' title='bbox 959 4915 1331 4984; x_wconf 73' lang='lat' dir='ltr'><strong>portcrcpotanumt?(Act.</strong></span> <span class='ocrx_word' id='word_1_726' title='bbox 1349 4914 1757 4987; x_wconf 77' lang='lat' dir='ltr'><strong>xv.)Quodautemappesuit,</strong></span> 
     </span>
     <span class='ocr_line' id='line_1_53' title="bbox 127 5000 1759 5074; baseline 0.006 -25"><span class='ocrx_word' id='word_1_727' title='bbox 127 5002 154 5052; x_wconf 79' lang='lat' dir='ltr'><strong>in</strong></span> <span class='ocrx_word' id='word_1_728' title='bbox 167 5003 243 5055; x_wconf 77' lang='lat' dir='ltr'><strong>isaac</strong></span> <span class='ocrx_word' id='word_1_729' title='bbox 254 5004 400 5057; x_wconf 75' lang='lat' dir='ltr'><strong>secabitur</strong></span> <span class='ocrx_word' id='word_1_730' title='bbox 423 5002 474 5055; x_wconf 81' lang='lat' dir='ltr'><strong>liln</strong></span> <span class='ocrx_word' id='word_1_731' title='bbox 488 5018 588 5056; x_wconf 73' lang='lat' dir='ltr'><strong>seiitcn.</strong></span> <span class='ocrx_word' id='word_1_732' title='bbox 601 5000 680 5055; x_wconf 83' lang='lat' dir='ltr'><strong>Sicut</strong></span> <span class='ocrx_word' id='word_1_733' title='bbox 693 5020 759 5072; x_wconf 80' lang='lat' dir='ltr'><strong>ergo</strong></span> <span class='ocrx_word' id='word_1_734' title='bbox 774 5009 840 5056; x_wconf 92' lang='lat' dir='ltr'><strong>tunc</strong></span> <span class='ocrx_word' id='word_1_735' title='bbox 863 5018 921 5056; x_wconf 85' lang='lat' dir='ltr'><strong>rnn-</strong></span> <span class='ocrx_word' id='word_1_736' title='bbox 962 5006 1045 5057; x_wconf 79' lang='lat' dir='ltr'><strong>riclitc</strong></span> <span class='ocrx_word' id='word_1_737' title='bbox 1056 5007 1168 5068; x_wconf 77' lang='lat' dir='ltr'><strong>iterum,</strong></span> <span class='ocrx_word' id='word_1_738' title='bbox 1184 5018 1241 5057; x_wconf 89' lang='lat' dir='ltr'><strong>non</strong></span> <span class='ocrx_word' id='word_1_739' title='bbox 1255 5002 1395 5074; x_wconf 86' lang='lat' dir='ltr'><strong>quoprius</strong></span> <span class='ocrx_word' id='word_1_740' title='bbox 1409 5004 1499 5073; x_wconf 83' lang='lat' dir='ltr'><strong>legem</strong></span> <span class='ocrx_word' id='word_1_741' title='bbox 1507 5003 1614 5058; x_wconf 78' lang='lat' dir='ltr'><strong>Galata</strong></span> <span class='ocrx_word' id='word_1_742' title='bbox 1622 5005 1759 5059; x_wconf 86' lang='lat' dir='ltr'><strong>custodie·</strong></span> 
     </span>
     <span class='ocr_line' id='line_1_54' title="bbox 124 5084 1758 5163; baseline 0.004 -22"><span class='ocrx_word' id='word_1_743' title='bbox 124 5084 531 5155; x_wconf 73' lang='lat' dir='ltr'><strong>jort-atcrlsmaellactantem</strong></span> <span class='ocrx_word' id='word_1_744' title='bbox 542 5090 633 5144; x_wconf 83' lang='lat' dir='ltr'><strong>adhuc</strong></span> <span class='ocrx_word' id='word_1_745' title='bbox 648 5098 676 5144; x_wconf 93' lang='lat' dir='ltr'><strong>et</strong></span> <span class='ocrx_word' id='word_1_746' title='bbox 694 5092 840 5162; x_wconf 86' lang='lat' dir='ltr'><strong>parvulum</strong></span> <span class='ocrx_word' id='word_1_747' title='bbox 856 5108 920 5161; x_wconf 89' lang='lat' dir='ltr'><strong>pcr-</strong></span> <span class='ocrx_word' id='word_1_748' title='bbox 961 5092 1028 5158; x_wconf 89' lang='lat' dir='ltr'><strong>rint,</strong></span> <span class='ocrx_word' id='word_1_749' title='bbox 1043 5093 1092 5146; x_wconf 87' lang='lat' dir='ltr'><strong>sed</strong></span> <span class='ocrx_word' id='word_1_750' title='bbox 1108 5108 1163 5162; x_wconf 88' lang='lat' dir='ltr'><strong>quo</strong></span> <span class='ocrx_word' id='word_1_751' title='bbox 1177 5098 1206 5145; x_wconf 95' lang='lat' dir='ltr'><strong>et</strong></span> <span class='ocrx_word' id='word_1_752' title='bbox 1219 5091 1384 5147; x_wconf 76' lang='lat' dir='ltr'><strong>idololatriae</strong></span> <span class='ocrx_word' id='word_1_753' title='bbox 1400 5093 1502 5163; x_wconf 80' lang='lat' dir='ltr'><strong>jugum</strong></span> <span class='ocrx_word' id='word_1_754' title='bbox 1515 5108 1600 5162; x_wconf 83' lang='lat' dir='ltr'><strong>greve</strong></span> <span class='ocrx_word' id='word_1_755' title='bbox 1628 5092 1674 5155; x_wconf 85' lang='lat' dir='ltr'><strong>sit,</strong></span> <span class='ocrx_word' id='word_1_756' title='bbox 1702 5109 1758 5163; x_wconf 90' lang='lat' dir='ltr'><strong>quo</strong></span> 
     </span>
     <span class='ocr_line' id='line_1_55' title="bbox 127 5178 1761 5252; baseline 0.002 -19"><span class='ocrx_word' id='word_1_757' title='bbox 127 5178 293 5249; x_wconf 74' lang='lat' dir='ltr'><strong>sequebatur</strong></span> <span class='ocrx_word' id='word_1_758' title='bbox 305 5179 395 5245; x_wconf 85' lang='lat' dir='ltr'><strong>Isaac,</strong></span> <span class='ocrx_word' id='word_1_759' title='bbox 406 5179 625 5234; x_wconf 88' lang='lat' dir='ltr'><strong>circumcisionis</strong></span> <span class='ocrx_word' id='word_1_760' title='bbox 633 5180 654 5234; x_wconf 91' lang='lat' dir='ltr'><strong>si</strong></span> <span class='ocrx_word' id='word_1_761' title='bbox 659 5180 685 5233; x_wconf 91' lang='lat' dir='ltr'><strong>bi</strong></span> <span class='ocrx_word' id='word_1_762' title='bbox 695 5186 831 5250; x_wconf 74' lang='lat' dir='ltr'><strong>praerogat</strong></span> <span class='ocrx_word' id='word_1_763' title='bbox 836 5181 917 5245; x_wconf 77' lang='lat' dir='ltr'><strong>ivaro,</strong></span> <span class='ocrx_word' id='word_1_764' title='bbox 961 5181 1155 5252; x_wconf 73' lang='lat' dir='ltr'><strong>AEgyptiorum</strong></span> <span class='ocrx_word' id='word_1_765' title='bbox 1171 5182 1289 5252; x_wconf 85' lang='lat' dir='ltr'><strong>populus</strong></span> <span class='ocrx_word' id='word_1_766' title='bbox 1302 5182 1498 5252; x_wconf 78' lang='lat' dir='ltr'><strong>oppressusad</strong></span> <span class='ocrx_word' id='word_1_767' title='bbox 1512 5182 1601 5235; x_wconf 85' lang='lat' dir='ltr'><strong>instar</strong></span> <span class='ocrx_word' id='word_1_768' title='bbox 1608 5181 1716 5252; x_wconf 91' lang='lat' dir='ltr'><strong>plumbi</strong></span> <span class='ocrx_word' id='word_1_769' title='bbox 1731 5182 1761 5237; x_wconf 90' lang='lat' dir='ltr'><strong>in</strong></span> 
     </span>
     <span class='ocr_line' id='line_1_56' title="bbox 127 5265 1760 5341; baseline 0.006 -24"><span class='ocrx_word' id='word_1_770' title='bbox 127 5265 174 5319; x_wconf 73' lang='lat' dir='ltr'><strong>sibi</strong></span> <span class='ocrx_word' id='word_1_771' title='bbox 186 5268 379 5339; x_wconf 82' lang='lat' dir='ltr'><strong>primogenita</strong></span> <span class='ocrx_word' id='word_1_772' title='bbox 392 5267 535 5322; x_wconf 78' lang='lat' dir='ltr'><strong>vindicans</strong></span> <span class='ocrx_word' id='word_1_773' title='bbox 552 5287 557 5320; x_wconf 95' lang='lat'>:</span> <span class='ocrx_word' id='word_1_774' title='bbox 577 5268 655 5322; x_wconf 86' lang='lat' dir='ltr'><strong>itaet</strong></span> <span class='ocrx_word' id='word_1_775' title='bbox 671 5286 744 5323; x_wconf 78' lang='lat' dir='ltr'><strong>itanc</strong></span> <span class='ocrx_word' id='word_1_776' title='bbox 765 5271 919 5324; x_wconf 66' lang='lat' dir='ltr'><strong>saecundum</strong></span> <span class='ocrx_word' id='word_1_777' title='bbox 961 5269 1087 5324; x_wconf 84' lang='lat' dir='ltr'><strong>Rubrum</strong></span> <span class='ocrx_word' id='word_1_778' title='bbox 1102 5287 1180 5323; x_wconf 77' lang='lat' dir='ltr'><strong>risere</strong></span> <span class='ocrx_word' id='word_1_779' title='bbox 1194 5284 1304 5325; x_wconf 84' lang='lat' dir='ltr'><strong>mersus</strong></span> <span class='ocrx_word' id='word_1_780' title='bbox 1318 5276 1377 5324; x_wconf 87' lang='lat' dir='ltr'><strong>cst:</strong></span> <span class='ocrx_word' id='word_1_781' title='bbox 1393 5272 1474 5339; x_wconf 83' lang='lat' dir='ltr'><strong>juxta</strong></span> <span class='ocrx_word' id='word_1_782' title='bbox 1487 5286 1570 5341; x_wconf 81' lang='lat' dir='ltr'><strong>quern</strong></span> <span class='ocrx_word' id='word_1_783' title='bbox 1598 5288 1711 5326; x_wconf 89' lang='lat' dir='ltr'><strong>sensum</strong></span> <span class='ocrx_word' id='word_1_784' title='bbox 1730 5277 1760 5327; x_wconf 89' lang='lat' dir='ltr'><strong>et</strong></span> 
     </span>
     <span class='ocr_line' id='line_1_57' title="bbox 127 5354 1759 5428; baseline 0.003 -18"><span class='ocrx_word' id='word_1_785' title='bbox 127 5369 234 5411; x_wconf 72' lang='lat' dir='ltr'><strong>carmin</strong></span> <span class='ocrx_word' id='word_1_786' title='bbox 261 5354 361 5423; x_wconf 83' lang='lat' dir='ltr'><strong>lsrael,</strong></span> <span class='ocrx_word' id='word_1_787' title='bbox 386 5357 534 5411; x_wconf 78' lang='lat' dir='ltr'><strong>adversum</strong></span> <span class='ocrx_word' id='word_1_788' title='bbox 569 5358 706 5411; x_wconf 88' lang='lat' dir='ltr'><strong>minorem</strong></span> <span class='ocrx_word' id='word_1_789' title='bbox 738 5358 862 5417; x_wconf 80' lang='lat' dir='ltr'><strong>fratrem,</strong></span> <span class='ocrx_word' id='word_1_790' title='bbox 885 5359 920 5412; x_wconf 91' lang='lat' dir='ltr'><strong>dc</strong></span> <span class='ocrx_word' id='word_1_791' title='bbox 961 5376 1046 5428; x_wconf 87' lang='lat' dir='ltr'><strong>snpra</strong></span> <span class='ocrx_word' id='word_1_792' title='bbox 1069 5358 1192 5413; x_wconf 86' lang='lat' dir='ltr'><strong>dixerat:</strong></span> <span class='ocrx_word' id='word_1_793' title='bbox 1210 5362 1345 5426; x_wconf 72' lang='lat' dir='ltr'><strong>Orrornedo</strong></span> <span class='ocrx_word' id='word_1_794' title='bbox 1374 5362 1567 5413; x_wconf 82' lang='lat' dir='ltr'><strong>cenrerliminr</strong></span> <span class='ocrx_word' id='word_1_795' title='bbox 1591 5365 1694 5414; x_wconf 80' lang='lat' dir='ltr'><strong>ilerum</strong></span> <span class='ocrx_word' id='word_1_796' title='bbox 1721 5363 1759 5415; x_wconf 80' lang='lat' dir='ltr'><strong>ed</strong></span> 
     </span>
     <span class='ocr_line' id='line_1_58' title="bbox 127 5443 1759 5517; baseline 0.002 -18"><span class='ocrx_word' id='word_1_797' title='bbox 127 5443 257 5500; x_wconf 68' lang='lat' dir='ltr'><strong>lssieutibus</strong></span> <span class='ocrx_word' id='word_1_798' title='bbox 266 5445 602 5517; x_wconf 77' lang='lat' dir='ltr'><strong>popultuanristianum</strong></span> <span class='ocrx_word' id='word_1_799' title='bbox 612 5447 777 5511; x_wconf 85' lang='lat' dir='ltr'><strong>sustollitur,</strong></span> <span class='ocrx_word' id='word_1_800' title='bbox 794 5449 918 5515; x_wconf 86' lang='lat' dir='ltr'><strong>inllatur,</strong></span> <span class='ocrx_word' id='word_1_801' title='bbox 962 5451 1111 5514; x_wconf 75' lang='lat' dir='ltr'><strong>infirnmet</strong></span> <span class='ocrx_word' id='word_1_802' title='bbox 1133 5464 1215 5514; x_wconf 72' lang='lat' dir='ltr'><strong>amica</strong></span> <span class='ocrx_word' id='word_1_803' title='bbox 1230 5452 1371 5509; x_wconf 78' lang='lat' dir='ltr'><strong>elcinentn,</strong></span> <span class='ocrx_word' id='word_1_804' title='bbox 1393 5449 1491 5516; x_wconf 77' lang='lat' dir='ltr'><strong>qraeilnn</strong></span> <span class='ocrx_word' id='word_1_805' title='bbox 1517 5465 1632 5503; x_wconf 78' lang='lat' dir='ltr'><strong>tarsum</strong></span> <span class='ocrx_word' id='word_1_806' title='bbox 1656 5453 1759 5503; x_wconf 74' lang='lat' dir='ltr'><strong>neena</strong></span> 
     </span>
     <span class='ocr_line' id='line_1_59' title="bbox 127 5529 1756 5607; baseline 0 -18"><span class='ocrx_word' id='word_1_807' title='bbox 127 5533 248 5607; x_wconf 72' lang='lat' dir='ltr'><strong>erigam.</strong></span> <span class='ocrx_word' id='word_1_808' title='bbox 267 5535 487 5591; x_wconf 82' lang='lat' dir='ltr'><strong>Consideremus</strong></span> <span class='ocrx_word' id='word_1_809' title='bbox 500 5535 640 5589; x_wconf 88' lang='lat' dir='ltr'><strong>insaniam</strong></span> <span class='ocrx_word' id='word_1_810' title='bbox 654 5537 815 5590; x_wconf 69' lang='lat' dir='ltr'><strong>ludaeorum</strong></span> <span class='ocrx_word' id='word_1_811' title='bbox 830 5529 877 5607; x_wconf 84' lang='lat' dir='ltr'><strong>qui</strong></span> <span class='ocrx_word' id='word_1_812' title='bbox 892 5542 921 5591; x_wconf 90' lang='lat' dir='ltr'><strong>et</strong></span> <span class='ocrx_word' id='word_1_813' title='bbox 961 5541 1054 5599; x_wconf 72' lang='lat' dir='ltr'><strong>ocellis,</strong></span> <span class='ocrx_word' id='word_1_814' title='bbox 1068 5539 1123 5590; x_wconf 77' lang='lat' dir='ltr'><strong>clim</strong></span> <span class='ocrx_word' id='word_1_815' title='bbox 1153 5539 1332 5597; x_wconf 63' lang='lat' dir='ltr'><strong>clarmontis,</strong></span> <span class='ocrx_word' id='word_1_816' title='bbox 1356 5544 1379 5589; x_wconf 79' lang='lat' dir='ltr'><strong>el</strong></span> <span class='ocrx_word' id='word_1_817' title='bbox 1410 5554 1519 5601; x_wconf 79' lang='lat' dir='ltr'><strong>aienses,</strong></span> <span class='ocrx_word' id='word_1_818' title='bbox 1537 5544 1560 5590; x_wconf 76' lang='lat' dir='ltr'><strong>et</strong></span> <span class='ocrx_word' id='word_1_819' title='bbox 1590 5544 1720 5606; x_wconf 74' lang='lat' dir='ltr'><strong>tempere,</strong></span> <span class='ocrx_word' id='word_1_820' title='bbox 1733 5544 1756 5589; x_wconf 79' lang='lat' dir='ltr'><strong>cl</strong></span> 
     </span>
     <span class='ocr_line' id='line_1_60' title="bbox 128 5620 1076 5696; baseline -0.001 -17"><span class='ocrx_word' id='word_1_821' title='bbox 128 5620 273 5679; x_wconf 66' lang='lat' dir='ltr'><strong>umnam</strong></span> <span class='ocrx_word' id='word_1_822' title='bbox 289 5622 502 5690; x_wconf 66' lang='lat' dir='ltr'><strong>iuterfecerunt,</strong></span> <span class='ocrx_word' id='word_1_823' title='bbox 524 5630 553 5679; x_wconf 89' lang='lat' dir='ltr'><strong>et</strong></span> <span class='ocrx_word' id='word_1_824' title='bbox 573 5626 724 5695; x_wconf 81' lang='lat' dir='ltr'><strong>prophetes</strong></span> <span class='ocrx_word' id='word_1_825' title='bbox 738 5632 766 5679; x_wconf 86' lang='lat' dir='ltr'><strong>et</strong></span> <span class='ocrx_word' id='word_1_826' title='bbox 779 5626 919 5696; x_wconf 86' lang='lat' dir='ltr'><strong>apostolos</strong></span> <span class='ocrx_word' id='word_1_827' title='bbox 960 5642 1047 5680; x_wconf 71' lang='lat' dir='ltr'><strong>atticos</strong></span> <span class='ocrx_word' id='word_1_828' title='bbox 1065 5632 1076 5678; x_wconf 77' lang='lat' dir='ltr'><strong>l</strong></span> 
     </span>
    </p>
   </div>
   <div class='ocr_carea' id='block_1_7' title="bbox 0 0 1898 6116">
    <p class='ocr_par' dir='ltr' id='par_1_9' title="bbox 0 0 1898 6116">
     <span class='ocr_line' id='line_1_61' title="bbox 0 0 1898 6116; baseline 0 0"><span class='ocrx_word' id='word_1_829' title='bbox 0 0 1898 6116; x_wconf 95' lang='lat' dir='ltr'><strong> </strong></span> 
     </span>
    </p>
   </div>
  </div>
 </body>
</html>
