3772 6120
63 264 66 269 ’
119 283 170 341 ιιι
417 285 447 338 a.
471 240 606 339 nmini
626 285 742 340 muni
760 286 929 341 naeuius.
951 286 1113 341 uocum.
1135 272 1464 340 armunensem.
1684 286 1719 343 ιιι

118 408 247 462 tinatani.
268 408 322 461 Per
335 410 406 474 filios
420 406 472 459 riri
487 407 586 472 sancti,
603 413 634 460 ut
648 406 677 460 in
696 406 823 478 Epistola
836 407 1141 469 loon-Atributionem
1155 412 1245 472 tuam,
1262 422 1348 477 quani
1362 403 1519 459 retribuisti
1533 402 1618 465 nobis,
1629 424 1641 455 i
1651 412 1720 464 ulios

120 497 162 550 nis
178 517 183 550 :
203 516 214 545 ι
232 498 313 550 Nunc
328 496 377 573 filii
393 497 441 551 Dei
458 513 556 550 sumus
571 497 590 556 ¹,
608 514 622 548 i
638 496 711 566 (qnod
727 513 777 567 per
792 497 876 550 fidem
890 505 919 550 et
960 497 994 550 ad
1007 497 1076 551 ritis
1091 497 1233 551 concitans
1247 494 1397 549 virtutibus
1410 493 1493 548 subdi
1506 493 1720 564 mgatiaalieerui

119 586 190 639 bona
211 602 341 656 operaex
358 587 580 640 Deonasciinui·.
597 586 652 639 Per
670 589 740 653 filios
761 586 801 640 illi
821 586 918 657 quide
960 586 1007 657 qui
1031 586 1148 651 tenebit,
1178 605 1191 637 ι
1219 584 1342 639 tenebrae
1370 600 1405 638 nc
1429 589 1566 647 crescant,
1598 603 1609 632 i
1637 590 1663 636 et
1681 587 1720 640 alli·

119 674 263 728 bonavita
286 675 405 729 redeunt
419 675 453 728 ad
475 674 666 746 iniquitatem,
685 679 716 730 ut
730 676 759 730 in
773 675 917 729 Psalmis:
960 674 1007 729 det
1025 675 1057 741 ¹¹,
1078 678 1123 728 'i
1150 691 1186 728 ne
1209 673 1342 728 confracti
1364 673 1537 744 dispereant,
1564 690 1576 723 i
1600 674 1719 742 parrulos·

120 763 212 818 «Filii
230 763 315 817 alieni
335 764 446 818 mentiti
464 772 530 819 sunt
544 764 622 827 inihi,
639 770 668 818 et
691 765 884 819 claudicarunt
902 782 920 818 a
960 781 1035 831 suos,
1053 782 1066 817 i
1083 764 1110 818 id
1127 769 1179 829 est,
1195 763 1359 834 insipientes
1369 768 1463 816 motus
1477 761 1598 826 illicitos,
1613 762 1656 831 qui
1667 762 1719 819 dete

118 851 243 905 semitis·
253 851 311 905 tuis
320 851 340 917 ⁹,
356 872 369 903 ii
381 853 455 923 quod
466 869 483 906 a
493 852 573 907 bonis
586 852 695 907 actibus
706 859 883 921 recesserunt
891 859 920 907 et
961 860 1123 919 nascuntur,
1140 870 1157 908 o
1177 853 1235 907 tilia
1248 851 1408 923 Babylonis,
1426 870 1437 901 i
1455 849 1492 904 ed
1510 855 1627 921 petram,
1643 869 1654 901 i
1670 854 1720 923 qnod

118 941 154 994 ad
167 946 282 1012 peccata
300 941 453 996 redierunt.
472 942 526 996 Per
545 946 617 1010 filios
632 959 765 1014 sequaces
787 943 917 1008 alioruin,
960 943 1008 997 nbi
1023 944 1109 997 timor
1122 941 1227 997 Christi
1242 941 1393 1006 radicatur,
1403 939 1541 1011 quidquid
1555 938 1670 993 illicitum
1680 957 1720 995 sni·

119 1036 152 1083 ut
175 1030 203 1084 in
223 1030 274 1085 Job
291 1048 296 1082 :
316 1049 329 1082 i
350 1031 445 1101 Longe
464 1032 532 1085 fient
552 1030 602 1085 tilii
624 1032 704 1102 impii
719 1050 737 1085 a
757 1032 884 1089 saliitc³:
905 1057 916 1082 i
959 1031 1009 1101 git,
1025 1032 1106 1086 citius
1120 1031 1255 1086 alliditur.
1275 1031 1351 1084 Filia
1368 1027 1523 1082 Jerusalem
1538 1027 1721 1083 dicunturiufir

120 1119 193 1189 quoil
206 1119 253 1190 qui
268 1119 386 1189 impium
400 1119 552 1191 quemlibet
565 1119 599 1174 ad
610 1119 788 1191 iniquitatem
800 1138 920 1192 sequuii·
961 1122 1063 1175 micres
1074 1122 1102 1174 in
1116 1119 1364 1185 Ecclesia,dicente
1373 1134 1478 1189 sponsa
1490 1117 1521 1170 in
1530 1116 1641 1170 Cantica
1650 1134 1654 1168 :
1664 1117 1722 1171 ‹Fer-

119 1216 175 1271 tur,
190 1208 226 1262 ad
244 1225 338 1262 iuram
358 1209 478 1263 salutem
499 1226 553 1263 non
575 1210 749 1280 pertingunt,
763 1212 843 1280 juxto
861 1211 890 1265 id
910 1230 915 1263 ε
960 1210 1053 1263 culum
1066 1209 1132 1263 fecit
1152 1208 1205 1263 sibi
1221 1225 1269 1262 rex
1282 1207 1414 1262 Salomon
1424 1206 1460 1260 de
1472 1204 1557 1276 lignis
1572 1204 1720 1260 Libani¹³ii

120 1314 134 1349 r
150 1296 212 1352 Filii
228 1298 349 1368 Ephrem
366 1298 544 1352 intendentes
554 1305 582 1353 et
591 1299 735 1353 mittentes
751 1315 847 1353 arcum
855 1316 918 1354 cen·
959 1299 1034 1369 quod
1050 1299 1179 1353 Christus
1189 1296 1339 1352 Ecclesiam
1354 1301 1481 1350 sanctam
1496 1293 1640 1348 constituit
1651 1292 1723 1347 sibide

120 1387 189 1440 versi
204 1393 271 1441 sunt
285 1387 313 1441 iii
329 1386 402 1441 bello
417 1388 440 1453 ¹3
459 1410 471 1439 ii
489 1388 563 1458 quod
578 1387 659 1443 inulti
674 1388 703 1442 iii
722 1389 852 1453 Ecclesia,
870 1389 917 1459 qui
959 1387 1088 1452 fortibus,
1107 1387 1230 1452 excelsis,
1249 1384 1392 1458 speciosis,
1406 1383 1565 1447 odoriferis,
1582 1380 1723 1453 imputribili

119 1492 252 1547 sequaces
267 1476 496 1530 fructificantium
512 1477 703 1548 apostolorum
716 1477 917 1547 cognominari·
958 1475 1019 1541 bus,
1032 1475 1109 1529 etad
1118 1475 1268 1529 candorem
1278 1474 1413 1528 virtutum
1425 1489 1476 1543 per
1485 1467 1722 1525 omnianitenlibu.

119 1572 175 1627 tur,
190 1565 298 1619 intente
313 1565 471 1636 Scripturas
483 1566 589 1633 legunt,
597 1572 695 1620 contra
705 1571 850 1636 peccantes
860 1567 917 1620 tela
958 1564 1080 1619 Libanus
1095 1564 1170 1618 enirn
1184 1565 1336 1618 canditatio
1349 1561 1467 1626 dicitur3
1480 1559 1604 1614 Ecclesia
1617 1560 1722 1625 ferentin

119 1652 267 1706 verborum
279 1653 399 1723 jaciunt,
417 1654 465 1707 sed
480 1654 509 1707 in
524 1654 631 1707 fervore
645 1654 766 1726 propriae
782 1655 916 1709 tentatio·
958 1660 1080 1713 rocatur,
1092 1654 1135 1707 vel
1144 1652 1219 1724 quod
1229 1652 1372 1705 Christum
1386 1667 1437 1722 per
1447 1650 1587 1703 niundum
1600 1645 1723 1718 portatici

120 1741 163 1795 nis
178 1741 320 1797 deficiunt.
337 1743 390 1796 Per
399 1746 469 1811 filios
477 1743 619 1796 auditores
627 1744 774 1813 cujuslicet
783 1743 916 1810 haeretici,
928 1726 1032 1813 Bquod
1056 1743 1165 1796 animas
1187 1740 1224 1795 ad
1246 1741 1372 1794 coelestes
1394 1738 1492 1810 epulas
1517 1737 1600 1802 levat,
1619 1737 1657 1790 rel
1671 1734 1723 1807 qual

120 1830 194 1884 utin
210 1831 262 1884 Job
279 1849 285 1884 ι
307 1848 319 1883 s
341 1831 370 1886 Si
390 1832 568 1901 multiplicati
592 1832 697 1886 fuci-int
717 1832 767 1885 filii
791 1833 862 1904 ejus,
889 1833 918 1887 in
959 1832 1070 1887 Christo
1081 1835 1092 1854 ¹
1104 1831 1208 1885 incidet
1219 1830 1372 1901 etjndicat.
1389 1829 1449 1882 ‹Et
1465 1823 1723 1895 columnaseJ'nsferit

118 1919 213 1990 gladio
232 1920 342 1982 erunt⁵‚
361 1942 374 1968 i
390 1920 464 1991 quod
483 1937 580 1974 omnes
599 1921 646 1991 qui
668 1920 790 1974 haeretici
814 1921 918 1975 doctri·
959 1927 1116 1991 argenteas,
1135 1939 1146 1971 i
1165 1919 1239 1990 quod
1255 1920 1367 1973 datores
1382 1918 1453 1986 ejus,
1464 1916 1520 1991 'qui
1535 1915 1605 1969 alias
1618 1918 1723 1968 summ

119 2024 186 2062 nam
201 2009 365 2080 suscipiunt,
378 2014 516 2081 quotquot
529 2009 643 2075 fuerint,
658 2010 693 2063 ad
708 2010 917 2065 damnationem
959 2015 1031 2075 rent,
1047 2009 1133 2063 divini
1147 2009 1284 2063 sermonis
1298 2008 1426 2061 claritate
1440 2004 1575 2059 instruxit
1591 2002 1724 2057 «reema

119 2097 296 2168 perveniunt.
312 2099 367 2152 Per
381 2102 451 2166 filios
469 2099 629 2153 hominess
652 2098 709 2152 Deo
729 2100 824 2160 creati.
843 2100 916 2154 utin
958 2099 1032 2153 rium
1047 2115 1174 2162 aureum,
1191 2117 1202 2146 i
1220 2096 1294 2168 quod
1310 2096 1456 2168 quosdam,
1474 2094 1503 2147 in
1522 2093 1622 2165 quibus
1635 2092 1722 2164 ipsene

31 2182 34 2186 ’
119 2186 190 2241 Job:
209 2186 362 2242 «Orabam
382 2188 454 2243 filios
473 2189 546 2242 uteri
568 2190 654 2252 meil,
673 2208 684 2238 i
702 2188 730 2242 id
752 2194 804 2253 est,
826 2189 917 2243 homi·
958 2196 1010 2259 put
1031 2205 1113 2243 suum
1138 2186 1286 2240 inclinaret
1307 2191 1336 2239 et
1356 2183 1555 2255 requiesceret,
1575 2196 1679 2236 corusca
1695 2179 1723 2233 ni

119 2292 178 2340 nes,
196 2292 265 2346 quos
279 2277 400 2330 creando
414 2278 509 2347 genui,
525 2277 585 2350 ipse
600 2278 683 2332 hoino
699 2277 788 2331 factus
802 2277 916 2332 humili·
959 2275 1194 2346 contemplatione
1206 2275 1331 2346 replerit.
1351 2291 1364 2324 (ι
1376 2275 1533 2327 Assensum
1548 2284 1722 2342 purpureumi

118 2370 163 2418 ter
186 2365 305 2419 exorari.
317 2366 377 2419 ·Per
399 2368 480 2432 filies.
501 2365 574 2420 bona
596 2382 690 2437 opera,
707 2372 739 2419 ut
757 2366 785 2419 in
805 2366 915 2421 Paulo:
959 2366 1033 2436 quod
1048 2364 1194 2436 quosdam,
1211 2379 1331 2434 quorum
1345 2361 1504 2432 exemplum
1524 2360 1643 2432 primum
1654 2355 1724 2412 idn

121 2476 132 2504 i
151 2454 310 2508 Salvabitur
325 2455 427 2508 mulier
440 2472 490 2526 per
510 2455 632 2509 filiorum
647 2455 885 2526 generationeml,
903 2474 915 2507 ii
957 2460 1042 2519 tutes,
1055 2459 1153 2525 postea
1167 2453 1201 2507 ad
1217 2459 1316 2506 sancta
1334 2457 1497 2505 sanctorum
1510 2449 1677 2502 scanderent.
1687 2444 1723 2500 lilii

119 2543 148 2596 iil
163 2548 214 2607 est,
228 2544 324 2599 anima
338 2543 427 2597 fidelis
442 2561 492 2615 per
504 2543 641 2599 bonorum
655 2562 772 2615 operum
788 2544 917 2600 multitu·
958 2544 993 2597 ad
1004 2542 1170 2614 martyrium
1181 2548 1325 2613 promptos
1335 2540 1429 2604 efficit,
1442 2538 1537 2593 media
1546 2532 1724 2592 scilieetfcrmli

120 2631 232 2698 dinem;
249 2633 318 2687 itein
330 2634 410 2702 juxta
425 2632 494 2687 illud
510 2652 540 2685 :i
557 2633 591 2687 Et
603 2633 698 2687 rideas
712 2634 784 2688 filios
794 2633 882 2697 tuos⁸,
901 2652 914 2685 ii
960 2633 1122 2688 charitate*
1138 2630 1275 2686 construit
1291 2649 1297 2683 :
1312 2629 1386 2701 quod
1405 2644 1518 2682 ornnem
1534 2627 1619 2680 vitam
1634 2629 1642 2648 ·
1656 2621 1723 2678 nee

117 2720 148 2774 id
158 2726 209 2785 est,
217 2720 696 2792 praemiabonorumoperuni.Filia
706 2723 919 2791 archirpncpopi'
959 2721 1007 2775 siae
1030 2720 1179 2776 dilectione
1202 2720 1254 2775 Dei
1279 2726 1306 2773 et
1335 2717 1455 2790 proximi
1483 2715 1632 2770 decorarit.
1658 2712 1723 2777 Qun

120 2811 152 2861 ιιι
164 2810 245 2863 demo
259 2816 380 2873 mortim,
393 2818 435 2863 est
449 2811 531 2864 homo
546 2827 663 2881 peccans
678 2812 793 2866 occulte.
807 2811 918 2867 «Filius
961 2829 974 2862 a
989 2815 1104 2881 propter
1122 2810 1194 2864 illias
1214 2808 1380 2870 Jerusalem,
1400 2824 1412 2859 i
1429 2806 1457 2858 id
1481 2812 1533 2869 est,
1557 2809 1664 2876 propter
1674 2798 1724 2855 iili

123 2897 211 2951 viduae
226 2903 305 2952 extra
319 2904 427 2969 portam
443 2898 552 2953 delatus
565 2899 586 2952 ⁹.
605 2918 618 2950 ii
635 2906 678 2954 est
692 2901 785 2961 honio,
802 2917 918 2971 peccans
959 2899 1062 2953 micres
1083 2899 1210 2953 Ecclesiae
1226 2916 1232 2950 :
1250 2903 1282 2951 ιιι
1305 2897 1353 2968 qui
1375 2912 1432 2950 nan
1450 2900 1571 2966 possunt
1586 2893 1619 2947 ad
1634 2895 1644 2914 '
1660 2886 1724 2962 perit·

122 2985 240 3056 publice.
260 3005 272 3035 ι
298 2988 419 3041 Lazarus
446 2987 650 3059 quatriduanus
665 2987 697 3055 ¹⁰,
721 3008 735 3043 ii
755 2989 802 3060 qui
823 2996 919 3060 peccat
959 2994 1034 3041 etum
1052 2987 1175 3042 scientiae
1189 2984 1432 3058 contemplationis
1446 2989 1476 3037 et
1489 2981 1631 3054 patientie
1643 2979 1724 3033 cuna

120 3075 230 3144 putenti
245 3076 454 3131 consuetudine.
959 3077 1117 3143 ascendere,
1132 3081 1265 3130 maneant
1277 3074 1306 3128 in
1320 3074 1467 3138 charitate,
1480 3077 1509 3125 et
1522 3071 1583 3125 siue
1597 3068 1672 3124 dubio
1682 3080 1725 3137 prr

127 3214 133 3233 ,
155 3164 232 3217 Filia
239 3165 353 3219 nomine
359 3165 527 3235 intelligitur
538 3165 668 3229 Ecclesia,
680 3166 790 3221 dicente
798 3167 915 3222 Doride:
959 3167 1071 3220 venient
1082 3164 1118 3219 ad
1132 3165 1229 3237 epulas
1240 3165 1303 3218 ritae
1313 3170 1434 3217 aeternae.
1447 3162 1520 3215 ltein
1532 3177 1584 3231 per
1596 3162 1663 3227 filias
1670 3154 1726 3210 iutlr·

120 3267 138 3304 ι
152 3252 189 3306 Ut
201 3254 365 3308 annuntiem
377 3270 475 3308 omnes
489 3254 701 3324 praedicationes
710 3261 773 3309 tuas
787 3255 816 3309 in
829 3257 917 3326 portis
957 3254 996 3308 mi
1012 3254 1138 3327 quilibet,
1156 3260 1188 3308 ut
1203 3253 1232 3308 in
1248 3252 1440 3307 Ecclesiastico
1457 3269 1463 3303 :
1487 3270 1498 3301 i
1516 3249 1593 3304 Filiae
1612 3246 1659 3301 tibi
1670 3246 1743 3319 sciat,⁴

120 3341 183 3395 tiliae
197 3342 263 3395 Sion
277 3343 308 3408 ¹¹,
328 3363 339 3393 i
356 3343 384 3396 id
400 3349 443 3396 est
457 3349 489 3397 ut
504 3342 566 3396 aliis
582 3343 730 3414 praedicern
743 3361 840 3398 omnes
854 3345 915 3399 lau-
958 3343 1074 3398 observa
1101 3360 1201 3415 corpus
1223 3343 1334 3396 illarum
1350 3341 1381 3393 ¹¹.
1400 3360 1413 3393 i>
1434 3341 1516 3403 filio,
1545 3330 1724 3402 animantia

119 3430 168 3484 des
190 3436 253 3485 tuas
265 3431 294 3485 in
314 3432 368 3486 tide
383 3438 412 3486 et
425 3449 474 3503 spe
494 3438 523 3486 et
542 3432 687 3497 charitate,
705 3432 806 3504 quibus
820 3440 917 3488 sancta
958 3433 1106 3503 Evangelio
1124 3450 1130 3484 :
1149 3451 1162 3485 a
1183 3431 1255 3485 Filia
1277 3447 1340 3484 mea
1363 3446 1380 3483 a
1401 3427 1540 3483 daemonio
1565 3425 1634 3480 male
1654 3422 1723 3476 ιοιιιι

120 3519 250 3586 Ecclesia,
269 3538 330 3591 quie
345 3538 419 3576 nunc
434 3521 547 3591 «gloria
562 3521 674 3575 Domini
684 3542 696 3574 ii
709 3523 916 3593 appellaturni-
958 3521 1036 3588 est¹¹‚
1055 3541 1067 3573 i
1084 3521 1179 3587 idest,
1197 3520 1291 3574 anima
1306 3535 1370 3572 mea
1385 3535 1402 3571 a
1416 3522 1530 3588 peccato
1546 3509 1723 3585 fatigaturl’tr

119 3608 189 3662 titur
209 3610 244 3663 ad
268 3609 357 3664 Deum
378 3611 448 3664 facie
473 3609 507 3664 ad
531 3610 630 3664 saciem
658 3612 914 3681 contemplandum.
957 3614 1030 3678 filias
1044 3610 1172 3664 homines
1194 3609 1350 3668 saeculares,
1367 3607 1437 3661 utin
1449 3606 1544 3663 isaia:
1562 3600 1720 3658 inanime

118 3697 199 3756 item.
212 3701 276 3765 fitia
284 3698 352 3752 Sion
368 3699 481 3754 nomine
494 3699 583 3754 liidaei
598 3699 792 3770 designantur,
807 3700 915 3754 dicente
957 3706 1023 3752 runt
1044 3698 1107 3754 nliae
1132 3699 1198 3752 Sion
1216 3697 1288 3751 collo
1298 3688 1414 3751 ¹entento
1427 3694 1461 3761 ¹³,
1485 3713 1498 3748 i
1514 3693 1589 3765 quod
1608 3687 1719 3746 saeuum

119 3784 261 3854 primitiva
275 3785 396 3840 Ecclesia
408 3787 437 3842 in
453 3788 568 3841 Cantica
585 3804 591 3839 :
612 3807 624 3838 ι
641 3787 811 3858 Egrediniini
830 3794 859 3841 et
873 3787 914 3841 ri·
957 3787 1092 3841 infirmati
1108 3792 1174 3842 sunt
1193 3803 1243 3858 per
1263 3784 1434 3856 superbiam.

119 3872 183 3927 dete
197 3891 292 3945 regern
309 3875 385 3942 Sion,
401 3877 466 3930 filia
479 3876 645 3932 Jerusalem.
664 3876 796 3930 Salomon
815 3876 843 3930 in
858 3876 916 3930 dia·
993 3877 1116 3930 Fiiiibri'c
1130 3883 1173 3930 est
1189 3875 1294 3930 Christi
1308 3873 1475 3939 incarnatio,
1491 3872 1566 3926 utin
1580 3863 1716 3938 asingen:

120 3961 239 4025 demate,
257 3980 311 4032 quo
326 3965 468 4018 coronarit
483 3981 547 4018 eum
569 3970 660 4018 mater
678 3981 730 4018 sua
744 3964 776 4017 ¹².
795 3985 808 4016 ii
826 3965 913 4031 Erite,
959 3984 971 4017 i
988 3963 1279 4035 Quotquotssinbriam
1289 3961 1449 4016 vestimenti
1460 3962 1522 4031 ejus
1532 3946 1717 4030 tangebant*

118 4051 220 4121 inquit,
238 4053 365 4117 olndaei,
388 4054 435 4124 qui
455 4053 528 4107 circa
545 4060 669 4107 montem
689 4053 822 4107 habitatis
837 4054 913 4123 Sion,
956 4052 982 4106 ri
997 4052 1159 4117 flebant¹¹,i
1175 4052 1247 4123 quod
1265 4067 1363 4105 omnes
1382 4050 1429 4120 qui
1452 4049 1664 4103 incarnationem
1676 4038 1716 4108 eju

118 4139 154 4192 ab
164 4140 322 4209 ignorantia
336 4140 519 4199 infidelitatis.
533 4148 562 4194 et
576 4141 681 4195 credite
693 4142 721 4195 iii
735 4159 809 4208 eum,
822 4142 851 4197 id
862 4151 914 4203 est,
957 4140 1084 4208 credunt,
1094 4142 1129 4195 ad
1138 4156 1232 4195 reram
1246 4141 1366 4194 salutem
1379 4139 1554 4210 peitingunt.
1564 4138 1617 4193 Pei·
1626 4128 1716 4202 nmine

119 4228 148 4283 iii
173 4228 327 4295 Christum,
350 4230 425 4299 quod
451 4230 579 4284 Christus
600 4246 646 4283 rex
670 4231 796 4283 omnium
816 4231 845 4285 in
867 4232 913 4285 illa
955 4230 1178 4284 conversationes
1192 4230 1347 4294 hominum,
1358 4233 1391 4282 ut
1404 4228 1434 4281 in
1455 4226 1575 4281 Psalmis
1591 4244 1596 4278 :
1613 4218 1716 4277 «lite

118 4318 216 4389 spinea
232 4335 344 4384 corona,
366 4335 450 4389 quam
470 4318 511 4371 illi
533 4318 667 4388 imposuit
690 4319 806 4388 antiqua
825 4321 914 4390 Syna·
920 4356 944 4414 D
955 4319 1024 4373 briis
1038 4319 1130 4373 aureis
1139 4319 1230 4388 gloria
1242 4319 1302 4387 ejus
1311 4317 1344 4384 ¹⁰,
1364 4317 1461 4387 »quod
1477 4315 1506 4369 in
1519 4314 1621 4369 sanctis
1639 4316 1716 4364 conire
1741 4388 1743 4393 Ι

116 4424 199 4478 gage,
214 4407 249 4460 de
264 4424 320 4478 qua
333 4410 342 4431 ⁶
357 4407 512 4461 secundum
526 4422 639 4461 carneni
655 4413 738 4460 natus
756 4413 807 4473 est,
829 4410 911 4462 ciale·
956 4407 1112 4462 sationibus
1125 4406 1273 4461 hominum
1287 4413 1384 4460 sancta
1399 4405 1524 4460 Ecclesia
1537 4404 1670 4475 gloiiatiir.
1681 4392 1717 4447 Ρθῐ
1741 4406 1743 4413 “

118 4496 172 4549 stin
186 4503 215 4550 et
228 4496 374 4550 terrestria
388 4496 551 4567 pacificavit,
569 4496 624 4549 ain
640 4495 684 4549 die
700 4498 709 4519 ·
728 4495 914 4566 dispensatio·
955 4498 1080 4563 finitrius
1096 4501 1203 4549 mentes
1218 4500 1329 4559 nostrae,
1345 4495 1416 4548 utin
1431 4494 1503 4548 libro
1514 4490 1628 4548 Numeri
1644 4507 1649 4540 z
1662 4480 1715 4536 11³⁰·

118 4584 162 4638 nis
175 4585 260 4650 illius,
280 4606 291 4635 i
308 4585 337 4638 in
360 4585 405 4639 dic
426 4585 658 4651 annuntiationis
675 4585 786 4655 quando
809 4585 849 4639 illi
864 4587 913 4640 de·
956 4589 1025 4639 nant
1038 4584 1112 4637 filii·
1129 4583 1158 4637 in
1175 4583 1293 4637 fimbriis
1308 4584 1367 4638 suis
1384 4583 1466 4636 vittas
1480 4570 1714 4654 hyacinthini·

119 4679 250 4742 sponsata
264 4672 319 4727 fuit
332 4674 463 4739 Ecclesia,
479 4673 608 4738 subaudi,
625 4674 716 4728 videte
733 4690 808 4739 eum,
824 4674 853 4727 in
873 4674 917 4730 die
959 4673 1033 4743 quod
1046 4671 1146 4725 animae
1165 4672 1255 4725 Deum
1272 4687 1321 4741 per
1335 4670 1602 4740 contemplationem
1617 4664 1715 4719 videntes

120 4760 222 4814 laetitiae
236 4762 327 4815 cordis
337 4764 429 4830 ejus·
446 4763 577 4816 »scilicet
588 4761 678 4817 videte
689 4765 783 4827 eum,'
798 4763 850 4816 hoc
864 4769 914 4829 est,
958 4760 1081 4814 eoelestia
1096 4759 1234 4813 desideria
1252 4759 1281 4813 in
1300 4758 1442 4812 inentibus
1461 4757 1522 4812 suis
1535 4757 1642 4811 habent.

119 4849 209 4904 indie
228 4851 441 4905 resurrectionis
455 4851 516 4921 ejus
532 4870 538 4903 :
554 4851 633 4921 quasi
658 4851 740 4917 dicat,
766 4851 872 4905 credite
885 4851 916 4904 il·
994 4851 1213 4903 Firmamentum
1228 4853 1271 4902 est
1293 4847 1427 4920 profectio
1449 4846 1511 4908 Dei,
1526 4847 1601 4901 utin
1615 4832 1716 4898 Pstilffllf²

118 4938 173 4992 lius
201 4938 423 4993 incarnationem
451 4948 479 4992 et
503 4941 661 5010 passionem
685 4946 714 4993 et
733 4940 916 4994 resurrectio·
958 4958 971 4989 a
988 4938 1210 4992 Firmamentum
1224 4943 1267 4991 est
1280 4936 1417 4991 Dominus
1432 4935 1597 4989 timentibus
1613 4921 1718 4987 eutii'i'

119 5044 193 5082 nem.
217 5029 292 5082 Filia
314 5028 428 5082 nomine
443 5045 508 5082 caro
524 5028 698 5099 designatur,
719 5027 767 5082 ulii
790 5028 913 5083 dicitur:
956 5027 1031 5098 quod
1045 5027 1121 5082 Deus
1129 5027 1251 5098 protegit
1264 5025 1397 5079 timentes
1411 5041 1450 5078 se.
1469 5021 1720 5078 Firiiiamentuntfl·

121 5134 133 5168 t(
147 5117 218 5171 Filia
239 5116 389 5188 Babylonis
405 5118 508 5170 misera
516 5116 548 5180 ¹³,
571 5136 584 5168 ι)
600 5134 616 5169 o
630 5133 695 5170 caro
709 5116 739 5170 in
754 5117 915 5171 confusione
955 5116 1044 5186 gelica
1055 5121 1167 5178 natura,
1184 5115 1260 5168 utin
1273 5113 1415 5168 Ezechiele
1431 5131 1437 5164 :
1455 5132 1466 5163 i
1482 5110 1724 5166 eumnerciiixsr

118 5206 249 5260 vitiorum
264 5206 405 5272 nutrita«
422 5205 522 5260 beatus
533 5210 576 5260 cst
591 5205 638 5277 qui
654 5205 791 5260 retiibuet
805 5205 855 5259 tibi
870 5222 914 5258 re-
957 5221 1008 5275 per
1032 5206 1250 5269 firmamentum,
1280 5202 1393 5257 stabant
1416 5210 1445 5255 et
1471 5199 1669 5255 submittebant
1684 5188 1727 5244 ιιι

156 5347 164 5379 ¹
181 5349 260 5401 ioan.
273 5362 315 5413 iii,
332 5348 358 5402 ι.
374 5347 386 5382 ¹
400 5348 474 5402 Psal.
488 5362 556 5412 xvii,
570 5346 614 5415 is,
627 5344 671 5402 lb.
689 5347 775 5402 3ιοιι.
793 5362 818 5414 v,
835 5347 861 5403 l.
877 5348 975 5402 ¹Psal.
990 5361 1093 5412 cxxvii,
1109 5347 1136 5402 9.
1153 5345 1237 5401 5ιοιι.
1254 5334 1734 5409 niv11‚il.⁰Job.xii·,17.⁷1lin

121 5429 152 5478 ιι,
168 5416 212 5471 15.
228 5417 240 5450 ⁶
254 5419 327 5471 Psal.
341 5432 444 5484 cxxvii,
463 5417 489 5474 5.
506 5419 595 5473 ¹Luc.
610 5433 657 5483 iii,
675 5418 720 5475 ιι.
744 5419 767 5453 ¹⁰
780 5421 861 5474 loan.
877 5433 915 5485 xi,
937 5419 980 5474 39.
1004 5420 1025 5454 ¹¹
1041 5419 1114 5475 Psal.
1132 5433 1170 5484 ix,
1188 5416 1230 5473 ιι.
1254 5417 1277 5451 ¹²
1291 5418 1372 5471 Cant.
1388 5430 1430 5481 iii,
1451 5415 1491 5471 ll.
1517 5414 1541 5450 ¹³
1555 5413 1627 5469 Psal.
1643 5417 1734 5467 emti,

121 5484 149 5538 8·
164 5485 270 5541 ¹⁴1bid·
285 5505 311 5544 e.
328 5488 354 5544 9.
367 5489 480 5544 15(ἕειιι.
497 5504 539 5554 ιιι,
555 5489 581 5544 9.
593 5490 616 5523 ¹⁰
632 5490 720 5544 Eccle.
736 5505 785 5556 rii,
799 5490 843 5545 ιδ.
860 5490 882 5524 ¹⁷
895 5491 994 5545 Matth.
1011 5506 1057 5550 xv,
1073 5489 1117 5547 ιι.
1141 5490 1163 5524 ¹¹
1178 5491 1231 5544 lsa.
1248 5503 1290 5552 iii,
1309 5488 1351 5543 ld.
1373 5487 1498 5542 19ιιιιιο.
1516 5500 1555 5549 vr,
1572 5484 1616 5541 56.
1638 5482 1661 5517 ’⁰
1676 5477 1738 5544 Pul,

121 5568 199 5621 xciii,
215 5557 260 5612 ll.
275 5556 296 5591 ²¹
312 5560 396 5613 Num.
409 5575 455 5626 xv,
472 5559 516 5616 38.
532 5558 641 5615 ”Paal
658 5576 732 5627 xxiv,
749 5562 794 5617 ιι.
