3772 6120
116 288 167 346 743
410 290 442 344 Β.
463 285 600 342 RABANI
618 284 735 339 nuum
760 283 928 339 ARCHIEP.
948 283 1111 340 MOGUNT.
1132 286 1281 343 bennun
1300 286 1393 342 PARS
1410 285 1461 342 111.

116 415 191 468 lleus
205 413 278 484 apud
295 414 423 467 l’utrem:
438 415 592 465 coaeternus
613 409 741 478 gignenti
757 414 785 462 et
797 407 1035 469 consub-Adere,
1051 411 1219 466 nontimore
1234 412 1342 473 mortis,
1359 411 1408 464 sed
1422 416 1524 465 nostrae
1538 424 1626 465 causa
1641 430 1643 459 =

117 503 264 566 stantialis,
283 502 331 555 sed
346 501 476 554 sacerdos
492 505 606 570 propter
630 514 753 562 carnem,
772 515 856 568 quain
873 515 915 550 as·
956 499 1031 551 unde
1042 500 1134 553 etalio
1147 500 1205 554 leco
1221 501 1307 554 etiarn
1321 500 1390 553 dicit
1407 501 1497 557 lile-br.
1513 501 1574 567 xii),
1590 513 1643 553 san

117 591 245 660 sumpsit.
270 597 319 644 aut
343 596 458 660 propter
472 587 623 652 victimam,
647 603 731 656 quain
761 602 811 656 pro
836 585 915 639 nobis
957 588 1061 641 Christi
1076 589 1176 643 melius
1192 590 1327 642 clamasse
1337 605 1389 659 pro
1399 587 1480 642 nobis
1491 602 1643 659 quanisan

117 679 277 733 ‹illerebata
293 678 372 732 nobis
389 682 558 748 susceptam,
575 676 602 728 iil
619 681 668 733 cst.
684 692 797 729 cariiem
809 682 838 728 et
853 691 916 728 siin·
956 676 1035 741 llbel,
1051 677 1098 746 qui
1113 678 1148 731 ad
1164 678 1337 732 causandum
1351 677 1507 731 fraternum
1522 675 1643 731 scelusd

117 769 230 836 puineiii
242 785 339 821 sunm:
352 768 450 836 deque
461 766 575 820 victinia
585 764 680 834 ipsein
698 763 846 834 Evangelio
858 764 912 816 ait:
957 766 1087 819 clamavit
1101 767 1176 827 (Gen.
1193 767 1246 836 iv);
1263 767 1366 820 Christi
1378 783 1443 820 vero
1454 765 1570 836 sanguis
1580 764 1643 819 adl

121 878 132 908 ι
150 858 210 911 Nisi
227 856 459 910 iiianducaveiitis
471 871 584 908 carnem
599 853 661 907 Filii
680 852 811 916 hominis,
830 860 858 905 et
872 852 915 904 bi·
958 855 1071 908 landum
1087 873 1137 925 pro
1154 855 1233 909 nobis
1248 857 1283 910 de
1296 862 1374 910 terra
1388 856 1492 909 clamat
1504 854 1541 908 ad
1556 855 1643 909 Patre

120 947 216 1000 herilis
240 948 301 1016 ejus
331 945 506 1015 sanguinein.
532 960 587 997 iiuu
618 941 756 995 habebitis
777 942 862 995 vitani
888 941 915 994 iu
959 966 969 987 ιι
985 944 1097 1013 quidem
1108 961 1171 997 cuin
1182 944 1351 998 cssetFilius
1366 941 1643 1014 Dei,didiciteiihisq

119 1035 195 1108 vohis
211 1039 298 1097 [filim.
316 1038 363 1097 vi).
382 1058 394 1085 >i
412 1034 465 1087 Sed
490 1033 519 1087 in
545 1032 600 1085 ista
621 1047 704 1084 carne
722 1047 755 1084 ac
768 1030 914 1100 sanguine,
959 1054 972 1082 ιι
981 1031 1271 1086 susestobedientiam
1278 1039 1306 1086 et
1313 1031 1643 1086 consummatusfactusc

121 1126 159 1178 nil
176 1130 334 1182 cruentum.
352 1124 390 1176 nil
412 1121 592 1193 corruptibile
607 1137 687 1173 inens
710 1121 833 1175 humana
850 1136 916 1173 con·
960 1146 970 1171 ιι
989 1120 1246 1191 obtemperantibus
1257 1120 1643 1187 sibicausasalutisaeternae,i

120 1213 214 1284 cipiet.
231 1213 355 1267 iie.sicut
369 1212 438 1266 dicit
450 1211 600 1281 Apostolus
614 1227 619 1261 :
633 1234 644 1259 ιι
662 1209 716 1272 Qui
727 1209 802 1262 enim
817 1225 917 1279 corpus
961 1235 970 1253 ιι
989 1215 1034 1263 tus
1048 1228 1064 1263 a
1079 1211 1136 1264 Deo
1150 1210 1272 1281 pontifex
1279 1211 1361 1280 juxta
1375 1210 1503 1264 ordinem
1518 1207 1643 1263 helchia

120 1303 232 1361 Domini
247 1302 360 1371 indigne
374 1300 534 1364 manducat,
548 1298 687 1369 judiciuin
702 1297 753 1351 sibi
768 1298 918 1351 inanducat
959 1300 998 1352 De
1013 1299 1196 1353 similitudine
1212 1299 1389 1369 pontificatus
1404 1298 1612 1352 Melchisedech
1630 1314 1643 1352 e

120 1391 147 1462 (l
163 1393 223 1443 f'or.
243 1402 279 1453 vi)
301 1414 325 1445 i.
343 1390 390 1442 sed
407 1387 612 1442 vivificatricem
629 1386 815 1440 substantiam
834 1393 918 1456 atque
959 1389 1027 1441 satis
1042 1388 1147 1441 dictum
1159 1388 1289 1451 arbitror,
1306 1405 1380 1441 nunc
1392 1388 1539 1441 videamus
1554 1386 1643 1458 quid*

122 1481 273 1533 salutarem
295 1479 323 1532 in
335 1495 405 1549 pane
419 1482 447 1531 ct
463 1477 536 1537 viiio,
558 1493 716 1546 perquam,
736 1476 759 1529 si
775 1475 860 1545 digne
875 1492 919 1528 su·
959 1477 1047 1547 telligi
1058 1478 1208 1547 Apostolus
1220 1477 1248 1530 in
1259 1477 1373 1547 eoquod
1388 1477 1442 1530 ait:
1458 1494 1470 1527 <i
1487 1475 1617 1540 Quicum
1632 1492 1643 1530 ε

123 1567 349 1633 initur,iioliisest
357 1572 532 1638 peccatorum
543 1565 670 1618 remissio
678 1564 846 1634 ctvegniDci
854 1582 918 1634 pos-
958 1566 1012 1619 lius
1023 1566 1072 1619 Dei
1083 1566 1181 1619 didicit
1188 1584 1220 1618 ex
1230 1566 1274 1619 his
1289 1582 1351 1636 quae
1361 1583 1459 1637 passus
1471 1572 1515 1618 est
1524 1563 1643 1619 obedien

123 1658 208 1711 sessio
219 1656 424 1725 ciillata.llujus
438 1654 564 1708 ordinem
576 1653 705 1706 sacrificii
716 1653 919 1723 periiipsticam
959 1654 1333 1725 liancobedicntiamapuam
1343 1655 1388 1707 hic
1399 1655 1529 1707 didicisse
1540 1653 1643 1708 Filium

122 1745 333 1799 similitudinem
340 1743 541 1798 Melchisedech
547 1742 721 1812 justissimus
730 1742 915 1804 rexinstituit,
926 1725 949 1783 Β
960 1744 1007 1807 cit,
1026 1745 1077 1797 hoc
1090 1749 1141 1809 est,
1158 1743 1315 1797 voluntarie
1329 1743 1494 1814 suscepisse,
1503 1742 1558 1796 alio
1574 1758 1643 1814 quor

124 1833 454 1905 quandollominopanis
466 1832 560 1886 etvini
574 1831 680 1884 fructus
690 1831 921 1884 obtulitConstat
961 1833 1092 1897 ostendit,
1108 1833 1155 1886 ubi
1171 1833 1211 1886 ait
1225 1852 1230 1886 :
1244 1856 1256 1883 ιι
1273 1834 1374 1886 Factus
1385 1839 1428 1885 est
1438 1832 1572 1886 obediens
1580 1832 1643 1886 Pati

124 1924 260 1994 pecudum
275 1922 417 1975 victimam
428 1923 487 1991 jam
504 1920 628 1991 periisse.
646 1937 707 1990 quie
721 1919 836 1973 fuerunt
849 1919 921 1972 ordi·
961 1922 996 1975 ad
1012 1927 1142 1978 mertem,
1160 1928 1278 1975 mertem
1294 1927 1388 1975 autem
1398 1921 1498 1985 crucis,
1518 1925 1635 1991 propter

124 2013 167 2065 nis
186 2014 289 2069 ilamii.
307 2027 362 2064 non
383 2010 594 2064 Melchisedech.
611 2009 659 2062 sed
674 2010 726 2061 hoc
741 2025 855 2062 manere
871 2025 920 2078 po·
964 2012 1038 2064 Deus
1052 2010 1185 2064 exaltavit
1203 2011 1283 2064 illum
1300 2012 1382 2072 fl’fiil.
1404 2014 1443 2077 ii).
1463 2030 1475 2055 v
1497 2010 1529 2063 lii
1549 2026 1583 2063 eo
1599 2025 1643 2063 vei

125 2102 180 2154 tius
193 2102 364 2161 institutum,
381 2100 454 2169 quod
474 2105 533 2152 toto
550 2097 616 2152 orbo
634 2099 663 2150 in
680 2104 922 2152 sacramentorum
964 2100 1004 2152 ait
1020 2117 1025 2152 :
1041 2119 1053 2148 ιι·
1071 2100 1288 2153 consummatus
1303 2103 1392 2153 lactus
1407 2104 1450 2152 cst
1465 2097 1595 2152 omnibus
1615 2096 1643 2152 ol

125 2189 285 2255 erogatione
300 2187 466 2242 celebratur.
483 2188 617 2242 Sacerdos
628 2191 723 2240 autem
731 2186 868 2257 praecipue
883 2186 924 2240 di·
964 2187 1090 2242 rantibus
1104 2187 1155 2241 sibi
1167 2205 1252 2241 causa
1265 2188 1363 2242 salutis
1377 2194 1497 2254 aeterne),
1514 2210 1526 2239 ii
1539 2202 1643 2241 consui]

125 2279 197 2331 citui·
220 2277 358 2331 Clnisuis.
385 2278 433 2346 qui
457 2276 542 2330 semel
572 2293 601 2328 se
639 2292 689 2346 pro
719 2274 799 2328 nobis
822 2274 923 2327 obtulit
964 2278 992 2330 id
1005 2282 1057 2337 est,
1070 2277 1217 2347 perfectus.
1234 2276 1357 2330 ostendit
1371 2282 1507 2347 quantum
1524 2277 1636 2330 lucrum

126 2367 340 2427 immolandum,
352 2366 423 2420 sicut
433 2366 520 2418 semel
529 2366 563 2419 de
579 2364 780 2418 Melchisedech
791 2363 818 2418 in
828 2370 923 2416 saneta
965 2365 1134 2436 passioque
1145 2365 1274 2419 omnibus
1289 2364 1467 2418 credentibus
1479 2364 1583 2418 suflicit
1592 2364 1630 2418 ad

128 2456 231 2524 legitur
250 2444 395 2524 Scriptura
412 2461 440 2507 et
461 2456 522 2524 ejus
545 2453 709 2508 sacerdotio.
736 2453 768 2507 ln
787 2459 924 2507 aeternum
965 2455 1174 2525 sempiternam.
1192 2455 1281 2524 Igitur
1301 2455 1325 2508 si
1348 2454 1507 2508 obedientia
1531 2453 1595 2507 Filii
1617 2470 1643 2509 cs

126 2561 260 2597 verocuiii
271 2543 445 2613 ‹licitui·.ipsc
454 2543 629 2613 significatur
640 2542 776 2595 lloiiiiiius
784 2541 922 2604 Christus,
965 2543 1064 2597 salutis
1076 2544 1215 2608 humanae,
1229 2548 1335 2613 quanta
1344 2543 1425 2596 nobis
1436 2542 1588 2596 necessitas
1598 2546 1643 2597 est

127 2633 174 2702 qui
184 2637 330 2701 permanet
343 2631 372 2684 in
386 2631 476 2701 gloria
489 2630 669 2701 sempitern'a.
685 2651 696 2681 ι
713 2631 767 2693 Qu'i
781 2630 810 2684 iii
827 2629 925 2683 diebus
966 2634 1032 2696 Deo,
1049 2637 1082 2686 ut
1095 2633 1172 2702 digni
1188 2632 1365 2685 inveniamur
1379 2633 1440 2701 ejus
1458 2630 1558 2684 salutis
1582 2646 1643 2701 qua

130 2720 248 2774 «carnis
259 2737 315 2774 suae
331 2736 428 2790 preces
450 2719 721 2790 supplicationesque
739 2719 774 2772 ad
794 2735 858 2772 euni
877 2720 924 2789 qui
967 2739 1017 2792 per
1032 2720 1132 2774 Filium
1148 2722 1293 2791 proprium
1309 2721 1494 2791 perdonavit?

130 2831 140 2860 ι
159 2809 246 2879 possit
261 2809 341 2862 illum
354 2809 460 2863 salvum
474 2826 491 2861 a
501 2814 591 2861 morte
607 2808 706 2871 facere,
722 2825 786 2861 cuin
801 2809 922 2861 clamore
1003 2829 1014 2860 c
1030 2810 1069 2863 De
1085 2827 1139 2879 quo
1152 2809 1266 2879 grandis
1280 2808 1361 2861 nobis
1375 2825 1468 2862 serino
1489 2812 1518 2861 et
1534 2808 1643 2879 inintor,

130 2918 141 2946 ι
159 2898 249 2950 valido
264 2903 293 2951 et
307 2897 572 2966 lacrymisoll'erens,
586 2897 733 2950 exauditus
747 2903 789 2950 est
803 2914 854 2966 pro
872 2914 922 2950 sua
966 2915 980 2949 c
996 2898 1030 2951 lis
1045 2898 1080 2951 ad
1096 2897 1392 2968 dicendum,qiioniam
1407 2896 1560 2950 imbecilles
1574 2896 1642 2951 facti

130 3007 139 3035 ι
159 2986 323 3039 reverentia.
346 3004 359 3037 i>
381 2985 465 3051 (lii.)
481 2984 552 3048 Quid
567 3001 630 3037 vcro
650 2985 678 3038 in
702 2985 857 3039 sacerdotio
876 3002 924 3038 no-
969 2986 1180 3040 «audiendum.
1199 3008 1211 3039 i>
1228 2988 1347 3039 (husam
1367 2985 1441 3038 enim
1453 2985 1545 3038 reddit
1555 3001 1643 3040 cures

128 3084 185 3128 ster
200 3075 322 3144 pontifex
336 3075 447 3141 egisset,
463 3073 568 3126 certius
577 3073 761 3144 hic-exprimit
773 3075 924 3144 apostolus
968 3093 1013 3128 mo
1028 3092 1112 3146 quem
1127 3076 1161 3128 de
1185 3075 1255 3128 Filio
1276 3075 1420 3129 incarnato
1446 3073 1568 3127 instituit
1588 3073 1643 3128 difll

128 3164 245 3216 dicens:
265 3183 275 3212 i
295 3164 341 3233 qui
358 3163 386 3216 iii
408 3161 505 3216 diebus
526 3163 619 3217 carnis
638 3180 713 3221 suar:
736 3163 796 3217 dies
821 3164 923 3234 quippe
965 3165 1208 3234 interpretandum
1226 3183 1231 3216 :
1249 3164 1344 3229 idest,
1362 3164 1428 3234 quia
1450 3163 1490 3216 illi
1511 3161 1643 3217 imbecilli

128 3252 220 3306 carnis
242 3252 351 3305 llomini
370 3252 458 3306 nostri
475 3252 535 3305 dies
551 3258 625 3313 sunt,
648 3252 676 3306 in
696 3250 797 3322 quibus
811 3269 924 3307 carnem
966 3260 994 3306 et
1006 3253 1118 3323 fragiles
1138 3269 1221 3306 sensu
1236 3253 1271 3305 ad
1286 3253 1499 3321 intelligendum
1512 3250 1643 3322 profundi

129 3341 290 3411 assumpsit,
307 3341 336 3394 lii
358 3340 459 3411 quibus
483 3345 609 3394 tentatus
632 3347 683 3401 cst,
707 3357 806 3410 passus
826 3346 877 3400 est,
895 3342 924 3393 in
967 3342 1030 3394 ria:
1058 3343 1105 3412 qui
1129 3342 1215 3395 etium
1234 3358 1283 3411 pre
1306 3348 1432 3410 tempore
1455 3340 1583 3409 magistri
1610 3340 1643 3395 dc

130 3429 231 3500 quibus
242 3447 337 3500 preces
351 3429 625 3501 supplicationesque
644 3429 679 3482 ad
695 3446 759 3482 euin
777 3427 824 3499 qui
840 3429 928 3500 possit
968 3448 1037 3495 esse,
1055 3431 1119 3484 facti
1134 3437 1201 3484 sunt
1214 3429 1315 3500 quibus
1331 3430 1373 3483 lac
1388 3447 1457 3500 opus
1473 3435 1525 3489 est,
1540 3445 1596 3482 non
1610 3446 1642 3484 so

129 3519 236 3572 salvum
251 3519 330 3572 illum
341 3518 431 3572 facere
446 3523 565 3572 amorte
576 3516 710 3571 offerebat
726 3536 731 3570 :
748 3522 840 3571 totum
863 3535 926 3572 vero
967 3519 1037 3586 bus,
1053 3519 1102 3572 illa
1116 3519 1266 3572 difficultas
1290 3518 1504 3589 interpretandi,
1525 3517 1554 3571 iii
1572 3517 1643 3572 illon

130 3608 266 3679 quidquid
277 3607 334 3678 egit
344 3607 472 3662 Christus
483 3608 512 3660 iii
525 3624 617 3672 carne,
631 3623 727 3677 preces
742 3613 808 3660 sunt
824 3612 853 3660 et
864 3624 928 3678 sup·
968 3608 1110 3668 tarditate,
1128 3624 1184 3661 nen
1200 3607 1227 3661 in
1242 3608 1396 3677 apostolica
1417 3607 1564 3677 sapientia,
1580 3605 1627 3661 cui

130 3697 349 3768 plicationespro
360 3702 480 3767 peccatis
490 3697 605 3750 humani
611 3696 733 3767 generis.
751 3697 854 3751 Sancta
864 3714 927 3750 vero
969 3697 1206 3768 suiitmysteriaa
1220 3696 1506 3760 sreciilisabscondita,
1516 3696 1588 3749 sicut
1603 3695 1633 3750 in

130 3786 275 3856 sanguinis
293 3787 354 3857 ejus
382 3786 489 3845 effusio,
506 3786 612 3839 clamer
633 3786 741 3839 validus
756 3792 807 3852 est,
829 3785 857 3839 in
872 3802 927 3856 quo
970 3787 1005 3840 ad
1017 3786 1151 3856 Ephesios
1168 3785 1328 3856 plenissime
1339 3786 1521 3838 demonstrat.
1533 3787 1637 3854 (deun.)

131 3874 277 3928 exauditus
292 3880 335 3928 est
348 3891 365 3928 a
385 3875 442 3928 Deo
453 3875 535 3927 Patre
552 3890 602 3944 pro
623 3873 779 3927 reverentia
802 3875 929 3944 ejusdem
971 3876 1109 3945 quomodo
1121 3892 1184 3929 euin
1196 3873 1279 3928 laude
1290 3875 1357 3928 facit
1367 3874 1604 3937 desidei·imn,lioc
1614 3888 1643 3944 qi

131 3963 269 4034 passionis
283 3980 339 4016 suar
354 3963 415 4016 sine
440 3969 570 4034 pcccat0;
592 3969 694 4016 nostrae
720 3963 819 4016 salutis
845 3981 930 4017 causa
971 3981 1081 4035 semper
1095 3963 1239 4034 sapientiae
1255 3962 1643 4027 Pauli,dilliciliabonisinter

131 4068 229 4122 passus
244 4051 361 4120 estqui,
374 4051 481 4104 nullum
494 4050 600 4104 habens
615 4057 770 4120 peccatum,
785 4059 929 4122 peccatum
971 4054 1017 4117 tis,
1030 4053 1104 4123 quod
1120 4053 1243 4105 etiaiiiin
1258 4053 1381 4122 Epistola
1397 4052 1431 4105 ad
1447 4052 1561 4104 Galatas
1572 4049 1640 4105 fecit

131 4157 181 4209 pro
195 4138 275 4191 nobis
285 4139 373 4191 factus
384 4139 470 4202 est,id
487 4147 538 4205 cst,
557 4138 660 4192 oblatio
675 4156 726 4209 pro
741 4141 861 4209 peccatis
875 4157 930 4194 ne-
972 4159 986 4195 α
1002 4139 1320 4210 Cur1·ebutisbene,quis
1331 4157 1378 4193 ros
1390 4139 1534 4208 impedivit
1543 4139 1643 4193 luetesi

131 4227 273 4281 stris.Huc
283 4226 359 4280 enini
369 4233 459 4281 totum
475 4228 502 4280 iii
516 4244 620 4297 magna
633 4227 827 4282 reverentiaet
838 4230 929 4299 perfe-
970 4234 1050 4283 tanta
1074 4227 1147 4299 passi
1171 4228 1248 4287 estis,
1265 4227 1287 4280 si
1301 4233 1398 4280 tamen
1415 4226 1475 4279 sine
1495 4242 1579 4279 causa
1595 4226 1643 4294 (Ga

132 4315 255 4370 ctissime
264 4316 401 4369 charitate
423 4315 540 4386 peregit,
558 4316 605 4385 qui
623 4316 700 4386 prior
714 4316 810 4370 dilexit
834 4334 883 4370 iios
902 4323 931 4371 et
972 4318 1038 4371 item
1056 4336 1061 4368 :
1079 4340 1091 4367 ιι
1109 4318 1209 4370 Certus
1224 4333 1286 4368 suni
1302 4316 1337 4368 de
1355 4315 1432 4369 vobis
1447 4315 1476 4367 in
1491 4314 1612 4369 Domino
1628 4316 1643 4383 (i

133 4406 251 4461 tradidit
260 4404 443 4476 semetipsum
454 4422 504 4476 pro
515 4403 595 4459 nobis
605 4404 726 4458 hostiani
737 4394 961 4477 Deoaccepta-Il
972 4408 1023 4460 hoc
1045 4406 1129 4460 etiam
1144 4411 1173 4458 et
1187 4405 1262 4458 circa
1276 4405 1344 4458 istos
1370 4405 1445 4467 facit,
1464 4432 1476 4455 ιι
1489 4410 1582 4458 certus
1597 4409 1643 4459 aut

132 4495 226 4555 bilem,
243 4496 290 4566 qui
305 4495 368 4548 ideo
384 4494 530 4547 exauditus
545 4501 617 4548 esta
636 4494 704 4558 Deo,
722 4492 789 4564 quia
808 4495 928 4549 hostiani
971 4497 1005 4549 de
1016 4495 1092 4549 vobis
1102 4494 1219 4548 meliora
1233 4500 1261 4547 ct
1284 4495 1404 4547 salutem
1419 4493 1643 4547 liabentia.iDei1

133 4584 333 4653 acceptabilem
353 4580 454 4637 obtulit
471 4583 537 4647 Deo,
561 4584 589 4636 id
610 4590 661 4648 est,
684 4583 816 4653 seipsum.
834 4585 949 4638 Simile·
968 4584 1082 4655 junxit:
1102 4606 1115 4634 ii
1132 4583 1241 4637 Etenini
1257 4600 1319 4636 cum
1335 4583 1473 4636 deberetis
1484 4581 1612 4652 magistri
1628 4598 1643 4637 e

134 4679 177 4725 est
193 4672 288 4740 itaque
302 4672 375 4741 quod
386 4672 431 4725 hic
446 4672 547 4725 dicitur
563 4691 568 4724 :
590 4693 600 4722 ι
614 4672 666 4735 Qui
681 4688 777 4743 preces
792 4674 931 4744 supplica·
973 4692 985 4725 c
999 4679 1061 4744 pter
1078 4678 1199 4743 tempus,
1221 4689 1333 4725 rursum
1354 4671 1485 4740 indigetis
1499 4677 1531 4724 ut
1550 4688 1599 4724 vos
1613 4671 1643 4725 dc

134 4760 279 4829 tionesque
294 4760 329 4812 ad
344 4776 407 4812 eum
424 4761 471 4830 qui
483 4761 570 4831 possit
584 4762 690 4814 salvum
712 4760 803 4814 facere
817 4762 898 4816 illum
913 4780 930 4815 a
973 4780 1057 4833 «quae
1072 4762 1128 4816 sint
1141 4763 1281 4816 elementa
1295 4761 1399 4814 exordii
1415 4777 1575 4813 sermonum
1593 4760 1643 4814 Dei

134 4853 234 4914 morte,
250 4865 314 4901 curu
330 4848 453 4902 clamore
468 4849 556 4902 valido
577 4854 606 4903 et
619 4849 749 4919 lacrymis
761 4850 895 4915 offerens,
914 4868 928 4904 i
973 4852 1064 4905 «estis
1078 4852 1178 4922 quibus
1192 4842 1263 4905 lacte
1279 4868 1348 4921 epus
1361 4851 1406 4915 sit,
1416 4867 1472 4903 nen
1486 4849 1574 4903 solido
1589 4847 1643 4903 cib<

134 4937 254 5008 eoquod
269 4937 298 4991 iu
313 4937 462 5005 Evangelio
474 4937 652 5006 legitureuni
670 4938 788 4993 dixisse:
809 4940 927 5007 «Pater,
970 4939 1543 5010 hdeositaqueloquitui·,quiexercitatum
1553 4953 1643 4992 sensui

134 5027 228 5080 silleri
242 5031 343 5097 potest,
360 5025 481 5079 transfer
494 5043 511 5078 a
525 5044 569 5080 mc
579 5028 694 5081 calicem
704 5028 790 5081 istum
804 5047 809 5080 :
823 5045 932 5083 verum·
972 5035 1071 5098 gemet
1080 5026 1643 5100 prophetasclcadventuCliiistietgnatia

133 5123 230 5169 hainen
240 5115 510 5179 iionnieavoluiitas,
523 5116 571 5169 sed
581 5119 688 5170 tualiat
699 5117 902 5187 fllettlisxvi),
917 5139 928 5168 i
973 5135 1037 5172 eum
1052 5118 1229 5172 credentibus
1243 5118 1328 5171 allata
1338 5124 1389 5180 est,
1411 5117 1512 5170 habere
1537 5115 1643 5169 debuer

136 5204 274 5273 quianon
297 5205 372 5260 veuit
390 5205 481 5259 facere
496 5205 667 5259 veluntatem
692 5223 782 5271 suain,
799 5206 848 5260 scd
869 5208 930 5278 ejus
972 5207 1225 5281 etiaminagisterio
1233 5206 1295 5259 aliis
1302 5224 1351 5275 pei·
1359 5205 1492 5276 mysteria
1502 5204 1643 5273 llei,quaec'

136 5292 184 5360 qui
198 5292 275 5347 misit
287 5295 375 5355 illum,
389 5296 560 5348 voluntatem
575 5299 698 5365 paternae
714 5294 930 5366 dispensationis
972 5297 1037 5361 illis,
1053 5295 1287 5367 poterantessesi
1302 5295 1499 5349 credidissent:
1509 5310 1582 5347 nuuc
1593 5296 1643 5347 aut

136 5381 287 5450 preposuit
300 5384 435 5438 voluntati
452 5383 623 5447 comissum,
641 5390 673 5441 ut
692 5400 785 5438 veram
800 5386 930 5439 ostende·
972 5384 1037 5438 facti
1051 5391 1118 5439 sunt
1132 5390 1163 5437 ut
1183 5381 1313 5445 infantes,
1331 5383 1431 5452 quibus
1455 5383 1545 5453 prima
1566 5381 1643 5436 eleni*

136 5474 180 5521 ret
193 5467 221 5520 in
236 5469 327 5539 seipso
343 5471 526 5527 humanitatis
545 5478 645 5527 nostrae
669 5480 808 5527 naturam.
827 5475 930 5529 Beatus
971 5479 1095 5528 terarum
1111 5472 1261 5525 traduntur
1275 5472 1309 5523 ad
1324 5472 1482 5541 legendum,
1499 5472 1564 5526 duni
1580 5470 1643 5526 illor

137 5556 240 5613 Paulus
254 5556 299 5611 hic
313 5558 389 5624 dicit,
407 5577 502 5630 preces
517 5577 582 5616 eum
597 5566 626 5615 et
638 5561 855 5633 supplicationes
868 5562 930 5618 fim-
970 5563 1055 5616 fortes
1065 5576 1126 5615 esse
1140 5559 1170 5612 in
1179 5558 1234 5612 fide
1245 5566 1273 5612 et
1286 5560 1391 5614 alacres
1407 5562 1435 5614 in
1446 5561 1571 5623 scientia,
1582 5559 1643 5615 soli(
