3772 6120
133 244 166 299 ib
430 243 461 294 tt.
484 240 618 294 RABANI
638 239 752 294 MAURI
772 238 938 293 ARCHlEP.
959 239 1121 294 MOGUNT.
1141 240 1290 295 OPERUM
1308 240 1400 294 PARS
1420 238 1468 294 lll.
1734 244 1768 299 illl

133 350 411 424 nemluxuriosorum
419 363 562 419 dementia
571 362 879 432 designatur,Salemon
887 364 963 431 ju=A
972 362 1037 417 inde
1050 363 1124 417 siret
1138 363 1186 418 ubi
1201 363 1310 417 laborat
1320 383 1326 416 ι
1337 365 1410 418 hanc
1423 381 1490 434 erge
1500 366 1639 421 rationem
1652 369 1704 438 ipsi
1721 386 1769 423 uu·

131 459 215 525 dicat,
232 457 279 529 qui
293 473 357 510 cum
371 451 589 508 malesuadentis
600 451 726 505 mulieris
742 450 929 521 petulantiam
969 457 1040 506 turae
1055 458 1084 506 et
1097 452 1300 506 conversationi
1314 453 1445 506 humane
1458 453 1596 508 decrerit:
1609 455 1767 511 hortamen

131 546 296 619 praemisset,
306 541 450 614 adjunxit:
467 541 486 597 S
492 543 619 609 'olimque
633 556 693 593 eene
705 544 839 608 sequitur,
850 543 930 608 quest
970 541 1162 595 adcumulem
1180 542 1271 595 adhuc
1289 542 1395 596 addens
1411 549 1511 612 gruem
1527 560 1651 610 causam,
1667 556 1768 601 utnon

132 639 176 692 tres
187 638 286 692 deutris
299 634 337 687 ad
351 633 492 685 uictimam
510 631 599 696 (Pree.
611 632 668 698 vn).
684 628 791 683 Rursus
807 627 928 698 quiabo·
969 629 1028 683 lere
1042 629 1231 701 sociatusque
1248 630 1386 696 odiosum,
1403 631 1477 701 quod
1499 632 1585 686 tentis
1598 634 1769 690 testimoniis

130 725 172 779 vis
182 723 295 779 nomine
305 719 384 774 labor
392 717 582 789 praedicatoris
590 716 757 788 exprimitur
765 715 834 786 legis
844 715 928 770 rerba
968 719 1155 783 commendat,
1172 725 1201 773 et
1213 735 1270 772 rien
1284 725 1380 773 tenren
1395 719 1448 772 sibi
1462 721 1596 790 proficere
1610 723 1670 775 nult
1683 739 1720 776 ne
1733 724 1768 776 li-

130 817 280 875 testantur,
296 808 344 864 ubi
357 808 478 877 legitur:
496 807 557 860 Non
571 806 706 859 obturetis
723 822 751 859 es
766 807 825 859 beri
841 808 927 859 trite·
969 806 1105 861 bertatem
1125 808 1261 876 arguendi
1282 805 1421 863 humiliet.
1440 809 1494 876 lipe
1508 815 1603 863 eutem
1623 815 1702 865 nette
1720 813 1769 865 tre-

132 903 223 966 renti;
237 898 308 954 acsi
323 902 420 968 aperte
433 895 555 950 diecret:
573 893 787 948 Praedicaterem
801 893 879 948 serbi
892 892 927 948 ab
968 911 1032 948 rum
1041 912 1108 948 estes
1117 913 1188 949 sunu
1201 897 1354 966 Postquam
1365 897 1461 950 multis
1470 897 1561 952 medis
1569 900 1693 953 ostendit
1700 900 1767 954 lice·

130 987 335 1061 stipendiorum
353 1001 469 1040 suorum
491 983 669 1054 perceptione
693 998 749 1036 nen
766 981 924 1053 prohibeas.
967 984 1769 1056 reaccipere,sibitameunonepusesse,ebcstenimecci·

131 1080 253 1135 Rursum
268 1076 335 1148 quie
348 1073 425 1129 bovis
440 1072 554 1129 nemine
569 1070 645 1142 plebs
658 1070 811 1126 israelitice
825 1072 927 1141 figuru-
968 1089 1034 1143 pere
1054 1089 1072 1127 a
1092 1073 1281 1144 peccantibus,
1309 1073 1381 1129 sicut
1403 1090 1488 1145 supra
1516 1077 1680 1129 memorari.
1706 1079 1766 1131 ,l'eu

129 1174 185 1234 terr,
209 1165 347 1238 propheta
365 1161 466 1217 asserit
486 1161 535 1231 qui
560 1160 755 1231 Redemptoris
775 1159 927 1213 adventum
967 1164 1064 1230 scripti
1073 1167 1165 1215 oerum
1175 1163 1229 1216 trec
1240 1168 1271 1215 ut
1285 1165 1326 1216 ite
1340 1165 1410 1230 flent
1421 1167 1453 1217 in
1468 1166 1634 1218 mellonem
1645 1171 1684 1219 est
1692 1169 1766 1220 caim

129 1255 299 1312 denuntians
312 1251 394 1307 dicit:
409 1252 537 1318 depuerit
548 1250 592 1303 bes
602 1264 779 1317 possessorem
793 1264 885 1312 suerri,
902 1252 927 1301 et
967 1250 1039 1302 enen
1047 1253 1304 1318 mepisrneriqeem
1313 1253 1638 1320 etuleriemmeemqeis
1648 1260 1767 1308 ereceet.

129 1349 227 1400 asinas
238 1356 354 1413 presepe
367 1341 477 1394 doerini
489 1341 535 1392 sei
550 1339 614 1405 (lse.
631 1338 661 1404 r).
674 1336 728 1391 Per
742 1335 839 1390 bovem
855 1335 927 1389 scili·
968 1336 1092 1391 Gloriam
1106 1354 1188 1392 suam
1200 1337 1267 1391 dicit
1279 1339 1308 1392 in
1322 1355 1364 1405 ee,
1377 1339 1400 1391 si
1416 1340 1553 1409 evangelii
1569 1341 1705 1396 severitus
1711 1358 1770 1396 me·

130 1439 175 1488 cet
188 1430 373 1489 Israeliticum
397 1427 532 1499 populum
548 1427 617 1496 Juge
639 1425 709 1495 legis
723 1425 878 1479 edomitum
891 1424 927 1477 si·
968 1432 1044 1490 neat,
1056 1433 1085 1480 et
1093 1421 1184 1496 magis
1198 1427 1270 1480 meri
1284 1427 1372 1497 eligit,
1387 1444 1472 1497 quam
1486 1429 1623 1499 evangelii
1635 1432 1703 1500 jura
1712 1431 1769 1487 vie

129 1537 229 1593 gnane,
236 1536 287 1592 per
300 1518 412 1572 asinum
425 1531 490 1570 vero
503 1515 639 1585 gentilem
653 1514 787 1585 populum
800 1513 927 1567 indicans
969 1516 1036 1580 lare,
1051 1515 1141 1569 sciens
1154 1515 1206 1568 hec
1220 1515 1310 1585 relegis
1323 1515 1376 1569 sibi
1389 1518 1523 1586 prolicere
1538 1518 1572 1570 ad
1585 1519 1711 1573 loturam
1727 1538 1769 1574 sa·

129 1607 318 1680 voluptatibus
336 1605 463 1660 deditum
477 1609 507 1658 et
518 1603 632 1674 gravius
650 1602 775 1657 brutum.
792 1601 928 1670 Nenqeid
968 1604 1069 1663 luteum
1079 1602 1205 1657 debiturn
1217 1604 1293 1657 enim
1307 1604 1473 1675 obsequium
1492 1605 1590 1660 abnuit
1607 1605 1642 1660 ab
1657 1607 1700 1661 his
1715 1607 1767 1662 sibi

129 1701 162 1754 de
177 1699 257 1752 bobus
272 1712 340 1751 cure
355 1700 393 1749 est
407 1695 458 1748 Dee
473 1700 485 1746 t
501 1693 602 1761 (dmi.)
623 1691 740 1746 Interim
759 1690 855 1761 paucis
875 1689 928 1743 hoc
937 1678 1103 1763 Bimpeudi,
1116 1709 1151 1746 ne
1159 1709 1210 1762 per
1220 1692 1272 1745 lrec
1281 1692 1420 1763 accipiant
1428 1694 1560 1748 fiduciam
1572 1695 1764 1767 delinquendi.

130 1787 315 1843 absolvamus.
332 1784 364 1838 ln
380 1783 453 1837 Jena
466 1781 542 1835 enim
561 1780 699 1851 propheta
716 1779 925 1850 scriptumest:
968 1781 1041 1835 Nem
1054 1784 1284 1848 aevangelium,
1300 1797 1357 1835 eon
1371 1788 1408 1835 est
1422 1783 1492 1835 tuitii
1509 1787 1613 1850 pretio,
1624 1789 1768 1839 reeccssites

130 1877 192 1932 Non
202 1889 318 1945 peccem
333 1873 440 1927 ciuitati
454 1873 550 1938 inque
564 1870 690 1923 habitent
698 1872 762 1937 ptus
775 1884 860 1937 quem
869 1883 928 1921 cen-
968 1871 1043 1922 enim
1053 1870 1124 1922 mite
1133 1871 1277 1922 inceenbit.
1287 1869 1592 1937 SicutdicitDominus,
1602 1890 1615 1922 e
1625 1872 1768 1927 cumiecc-

131 1958 925 2032 tumeieintimittielreminum,etpeeeremultation.1r);
968 1957 1030 2010 ritis
1050 1973 1111 2028 quse
1130 1957 1192 2010 dico
1209 1956 1296 2019 vobis,
1317 1957 1401 2011 dicite
1422 1958 1494 2011 servi
1518 1959 1631 2013 inutiles
1658 1977 1766 2027 sumus,

130 2057 160 2107 et
173 2049 415 2121 Psalmigruphus:
432 2049 570 2113 Homines,
583 2045 684 2117 inquit,
695 2048 855 2114 ctjemeeta
869 2047 926 2099 sel·
968 2062 1029 2115 quae
1043 2045 1192 2099 debuimus
1205 2045 1305 2112 lacere,
1317 2046 1442 2100 fecimus.
1454 2068 1466 2099 u
1484 2049 1523 2100 Va·
1535 2051 1611 2101 euim
1627 2050 1699 2102 inibi
1713 2054 1766 2104 erit

130 2142 207 2196 cabis
217 2141 299 2206 (Pset.
312 2141 409 2204 xxxv),
421 2135 560 2206 quemodo
569 2151 636 2204 ergo
647 2135 721 2188 Deus
732 2149 788 2187 non
797 2138 878 2187 curet
891 2133 926 2186 de
967 2137 1063 2195 sinen
1072 2136 1255 2204 predicavere
1266 2138 1452 2202 econ-ecliem.
1469 2136 1570 2189 Missus
1584 2137 1659 2190 enim
1671 2154 1767 2192 servus

131 2227 218 2283 bobus
231 2234 261 2281 et
273 2224 437 2299 peceribus?
457 2224 507 2278 sed
528 2240 583 2277 non
595 2228 675 2277 curat
688 2222 724 2276 de
736 2220 823 2275 bobus
837 2226 866 2275 et
882 2237 927 2290 pe-
968 2240 985 2276 u
999 2223 1127 2285 Domino,
1141 2223 1208 2276 iacit
1222 2223 1307 2277 etiem
1321 2223 1426 2277 inritus
1441 2224 1515 2294 quod
1530 2223 1582 2278 sibi
1596 2234 1767 2295 praeceptum

130 2316 240 2372 ceribus
255 2321 370 2387 prepter
384 2314 441 2367 haec
455 2312 525 2383 ipsa,
541 2312 590 2366 sad
603 2316 717 2382 propter
728 2327 789 2377 nos,
805 2325 925 2380 quorum
968 2317 1018 2377 est,
1035 2311 1058 2365 si
1074 2311 1234 2381 queminus,
1244 2311 1417 2380 astringatur
1431 2313 1520 2382 plagis
1534 2321 1707 2368 necesseest.
1717 2315 1768 2368 De-

130 2422 215 2461 causa
227 2409 294 2459 sunt
303 2402 392 2457 iacta:
412 2401 475 2456 ideo
489 2401 524 2455 de
539 2400 619 2455 nobis
633 2405 722 2466 curat,
739 2415 796 2453 non
810 2398 845 2452 de
858 2398 922 2462 illis,
966 2400 1051 2471 nique
1062 2401 1172 2471 Moyses
1185 2400 1289 2453 imitus
1305 2399 1406 2453 ruissus
1426 2407 1468 2453 est
1486 2401 1522 2453 ad
1536 2401 1726 2468 Pharaonem,
1740 2413 1768 2458 et

131 2499 185 2550 Aet
191 2495 283 2563 petius
293 2494 388 2561 utique
394 2495 507 2560 prepter
519 2507 568 2543 nes
581 2491 656 2553 dicit,
667 2494 779 2557 prepter
792 2504 840 2540 nes
850 2490 925 2541 enim
966 2489 1051 2543 Jonas
1063 2495 1174 2543 coaetus
1184 2493 1227 2542 est
1238 2488 1389 2558 praedicare
1397 2487 1539 2543 Ninivitis.
1551 2491 1624 2546 Nem
1633 2494 1660 2544 si
1675 2497 1766 2546 rolens

130 2586 264 2651 scriptum
273 2570 320 2634 cst.
333 2580 398 2647 (Per
412 2579 532 2647 liguram
546 2577 622 2631 enim
637 2576 732 2630 omnia
741 2575 816 2629 dicta
829 2575 864 2628 ad
875 2591 926 2628 nes
967 2578 1015 2630 bec
1027 2593 1087 2645 epe,
1097 2579 1343 2631 ercrcedembabeo.
1354 2577 1533 2631 Manifestum
1546 2585 1597 2642 est,
1610 2578 1675 2649 quia
1684 2597 1767 2634 nemo

129 2671 301 2736 transeunt):
313 2669 450 2735 (inanima
460 2669 511 2736 qui
521 2668 554 2719 in
569 2681 613 2733 spc
626 2671 690 2719 eret
703 2670 727 2717 et
742 2667 866 2727 trit-uret,
879 2665 925 2717 de-
967 2665 1066 2737 accipit
1080 2666 1335 2720 remunerationem
1350 2667 1412 2735 ejus
1423 2666 1464 2719 rei
1479 2684 1563 2736 quarn
1578 2667 1684 2733 inritus
1697 2669 1764 2740 agit.

130 2761 170 2813 bct
184 2759 241 2827 spei
252 2773 308 2811 seer
316 2757 443 2823 fructum
449 2757 597 2823 percipere.
609 2753 714 2807 Verum
728 2758 781 2817 est,
798 2752 864 2822 quia
875 2752 926 2806 hac
968 2754 998 2808 Si
1012 2754 1087 2807 enim
1103 2754 1285 2820 voluntarius,
1297 2754 1400 2824 dignus
1416 2755 1544 2809 mercede
1559 2761 1611 2820 est,
1627 2757 1694 2827 quia
1703 2775 1767 2812 cou-

128 2863 179 2919 spe
192 2844 344 2909 laberetur,
361 2848 394 2898 ut
406 2842 657 2912 sructuscapiatur.
674 2840 705 2895 Si
720 2857 768 2895 nes
783 2841 855 2894 cetis
869 2844 927 2909 spi-
966 2842 1053 2896 sentit
1072 2842 1186 2896 domiue
1206 2849 1235 2896 et
1253 2843 1327 2912 qued
1347 2845 1490 2898 voluntate
1509 2846 1542 2897 lit
1561 2845 1662 2898 melius
1676 2848 1717 2899 lit.
1734 2848 1766 2902 Si

129 2937 228 2990 ritetm
237 2934 444 2996 seminavimus,
457 2946 592 2999 meenenr
601 2936 649 2996 est,
660 2932 782 2983 sinestra
796 2932 925 2983 correctio
966 2935 1058 2984 erstem
1073 2933 1186 2995 incitus,
1199 2933 1364 3000 dispensatio
1375 2934 1445 2986 ruiti
1458 2935 1562 2986 credite
1577 2940 1624 2987 cst.
1641 2935 1700 2989 Nec
1713 2935 1765 2989 hec

129 3029 272 3078 metamus.
293 3022 356 3076 Non
373 3020 441 3075 dicit
459 3035 604 3089 magnmu,
624 3034 715 3089 neque
737 3034 789 3088 per
807 3035 877 3083 esse,
901 2991 1114 3072 siflobscurum
1129 3024 1180 3086 est,
1195 3018 1260 3089 quia
1274 3019 1322 3089 qui
1335 3019 1482 3075 indevotus
1498 3020 1604 3091 aliquid
1619 3021 1695 3087 socit,
1709 3038 1765 3076 uon

128 3111 348 3183 evangelizantes
358 3125 477 3179 reguum
487 3108 548 3174 Dei,
556 3113 586 3161 et
595 3106 700 3161 coelesti
711 3105 772 3160 cibe
780 3106 925 3160 ecelesiam
965 3107 1107 3162 voluntate
1117 3107 1193 3171 facit,
1206 3107 1255 3161 sed
1271 3108 1446 3174 necessitate,
1457 3109 1523 3179 quie
1531 3109 1607 3163 eninr
1617 3112 1765 3181 potestatis

127 3199 297 3271 mginantes,
313 3199 447 3252 alimenta
461 3196 585 3266 corporis
599 3201 752 3261 sumerent,
769 3200 801 3249 ut
814 3195 925 3249 traden-
966 3212 1022 3250 suec
1035 3212 1092 3249 non
1111 3201 1163 3262 cst,
1178 3196 1246 3250 facit
1257 3195 1360 3250 invitus
1375 3198 1448 3267 quod
1459 3197 1511 3251 sibi
1525 3204 1696 3269 preceptum
1711 3209 1762 3254 est.

126 3294 169 3343 tes
183 3294 297 3355 aeterna,
311 3290 549 3357 consequerentur
561 3284 737 3354 temporalia.
748 3284 780 3340 Si
793 3286 847 3338 elii
853 3288 925 3352 pete·
966 3285 1029 3351 Qee
1042 3300 1104 3352 erqo
1114 3288 1167 3338 erit
1177 3300 1276 3338 recrees
1284 3301 1351 3349 nere,
1364 3286 1575 3354 diceanpeliem
1586 3292 1764 3343 emerentiane

126 3382 194 3432 stete
207 3382 298 3432 eastre
315 3379 444 3439 utentur,
462 3390 553 3428 nenne
568 3376 656 3440 irrepis
670 3378 741 3426 nest
760 3371 789 3426 Si
804 3371 881 3425 euim
895 3371 924 3424 hi
964 3376 1024 3427 sine
1038 3378 1148 3440 sumptu
1160 3388 1264 3440 penem
1278 3377 1461 3441 eeenpctium,
1471 3380 1502 3428 et
1512 3391 1568 3429 eon
1582 3377 1685 3430 ebeter
1692 3383 1764 3444 pete-

126 3466 174 3538 qui
183 3449 417 3537 perevangelium
427 3463 525 3517 Patres
534 3461 619 3516 vestri
634 3477 690 3515 non
699 3466 774 3525 sunt,
784 3477 836 3514 nec
847 3477 924 3514 eum·
964 3467 1032 3516 stete
1045 3478 1105 3514 eree
1119 3463 1151 3514 in
1161 3464 1309 3528 commotio.
1318 3462 1457 3532 Repressa
1470 3462 1618 3517 verborum
1626 3465 1765 3535 jactantia

124 3554 190 3609 dem
203 3554 334 3608 allectum
351 3550 457 3606 habent
474 3567 543 3621 erga
561 3567 619 3616 ros,
642 3550 804 3604 facultatem
818 3548 924 3603 hubent
963 3548 1109 3619 gloriatur,
1125 3553 1154 3602 et
1168 3549 1229 3602 vult
1248 3549 1368 3619 intelligi
1389 3558 1495 3621 quanta
1517 3551 1620 3621 dignus
1635 3554 1763 3607 mercede

124 3641 288 3714 accipiendi,
299 3647 404 3712 quanto
421 3640 510 3710 magis
524 3640 594 3693 nos?
605 3645 632 3693 et
646 3637 922 3707 subauditur,‚restri
963 3637 1008 3700 sit,
1021 3638 1087 3708 quia
1099 3643 1238 3707 potestate
1251 3654 1302 3692 sua
1313 3655 1370 3693 neu
1384 3638 1473 3693 utitur
1482 3640 1511 3694 io
1522 3641 1676 3711 evangelio,
1695 3643 1762 3697 durn

123 3730 331 3803 aposteli,quia
342 3728 486 3784 Barnabas
499 3730 641 3800 apostolus
656 3734 726 3781 erat.
740 3727 792 3783 Sed
808 3743 863 3780 nen
877 3742 922 3779 ste·
962 3726 1070 3796 respuit
1082 3724 1189 3778 oblatos
1204 3732 1343 3797 sumptus,
1359 3744 1395 3782 nc
1411 3729 1467 3782 viru
1484 3729 1690 3799 predicationis
1713 3731 1763 3785 hu·
1781 3764 1788 3771 -

125 3837 188 3875 mm
198 3823 245 3875 esi
256 3821 307 3874 ttae
316 3824 457 3888 potestate,
468 3820 514 3872 sed
526 3820 622 3872 emnia
640 3821 788 3871 toleremus
804 3832 837 3869 ue
850 3816 921 3883 quod
962 3814 1064 3868 miliet:
1076 3814 1127 3867 liec
1139 3814 1281 3878 estlicere,
1291 3815 1339 3869 sed
1349 3833 1405 3870 nen
1418 3818 1556 3887 expedire,
1568 3821 1763 3889 prepterselu·

122 3910 351 3978 impedimentum
365 3909 461 3961 derum
475 3909 613 3974 evangelie
626 3904 921 3960 Christilliuecculte·
961 3910 1020 3957 tem
1030 3903 1160 3969 fratrum,
1177 3909 1209 3956 ut
1223 3904 1408 3974 corrigantur.
1430 3907 1532 3960 Forma
1549 3924 1616 3977 erge
1632 3908 1691 3962 tult
1701 3925 1762 3962 esse

22 4010 25 4015 ·
121 4002 185 4050 tum
192 3994 316 4067 prodidit
325 4011 455 4060 sensum;
468 3994 593 4049 ostendit
601 3993 676 4047 enim
684 3998 814 4064 sumptus
820 3992 920 4046 idcose
961 3993 1069 4047 ceteris
1079 3998 1111 4047 ut
1122 3991 1170 4046 ubi
1181 3991 1277 4046 vident
1287 4008 1342 4046 uon
1355 3994 1494 4064 expedire,
1508 3995 1593 4049 etiam
1603 3996 1687 4050 licitis
1699 4013 1755 4051 nen

121 4083 196 4139 nolle
210 4099 275 4138 cum
286 4082 384 4136 liceret
395 4081 530 4154 accipere,
544 4098 580 4135 ne
597 4081 676 4150 vigor
693 4080 857 4150 evangelicae
871 4096 920 4135 au·
959 4086 1085 4135 utantur.
1097 4080 1285 4150 siquominus
1298 4081 1539 4136 delictefientrei:
1555 4085 1629 4154 qued
1639 4092 1758 4139 sumunt

121 4169 260 4226 ctoritatis
275 4174 456 4241 torpesceret.
472 4168 701 4240 Pseudoopestoli
714 4169 790 4223 enim
806 4184 919 4240 peccan-
959 4185 1023 4224 cum
1033 4169 1276 4223 eddetrimeutum
1283 4186 1340 4223 nen
1348 4171 1484 4241 proficiat.
1495 4173 1587 4241 (dep.)
1598 4173 1672 4227 Dicit
1679 4174 1755 4227 enirn

122 4258 702 4329 tibusblandiebantur,volentesaccipere,
712 4258 752 4312 itu
764 4263 795 4313 ut
803 4257 918 4312 nonsibi
959 4259 1109 4330 Apostolus
1126 4258 1209 4312 licere
1231 4257 1283 4312 sibi
1299 4259 1412 4329 quidem
1434 4267 1463 4315 et
1475 4261 1643 4331 penuissum
1663 4278 1756 4316 essee

50 4372 53 4377 ·
122 4349 283 4405 viderentur
296 4364 410 4421 peccare
424 4347 480 4402 illis
497 4347 614 4417 subjecti
627 4365 633 4414 3
649 4347 698 4401 sed
712 4346 846 4418 quoniam
860 4307 950 4402 inecD
959 4347 1088 4413 Domino,
1104 4352 1136 4401 ut
1145 4346 1192 4418 qui
1206 4347 1382 4416 evangelium
1397 4351 1576 4413 annuntiant,
1594 4352 1628 4404 de
1638 4367 1757 4422 evange

121 4456 167 4494 res
189 4445 288 4495 contre
305 4437 494 4509 evangelicam
512 4441 574 4491 erat
591 4436 776 4507 disciplinam,
798 4436 843 4490 hic
862 4453 919 4491 nen
959 4436 1107 4499 lievivout,
1122 4435 1151 4489 id
1164 4441 1216 4503 est,
1227 4437 1261 4490 de
1273 4438 1417 4507 evangelio
1428 4438 1551 4493 habeant
1565 4455 1599 4492 ca
1610 4456 1671 4510 qun
1691 4440 1757 4495 huic

81 4589 83 4593 Α
123 4527 182 4583 vult
199 4528 334 4599 accipere,
354 4533 387 4583 ut
405 4526 493 4583 libere
511 4531 622 4597 arguat,
639 4541 674 4579 ne
689 4525 718 4579 in
738 4524 852 4579 illerum
866 4541 918 4579 nu·
960 4525 1022 4579 vites
1039 4532 1121 4579 erent
1135 4525 1303 4580 necessaria.
1316 4526 1370 4581 Sed
1382 4533 1442 4580 tum
1453 4545 1483 4581 sc
1496 4545 1552 4582 nen
1564 4546 1625 4582 esse
1638 4528 1758 4583 abusum

121 4630 200 4670 meru
213 4615 385 4683 inveniatur3
396 4621 429 4671 ut
440 4615 627 4687 enimregmlae
640 4614 799 4668 christiane
810 4613 850 4667 eis
861 4630 920 4668 ma·
960 4614 1012 4667 hac
1033 4619 1192 4684 potestate:
1212 4620 1294 4668 erent
1313 4615 1389 4669 enim
1412 4617 1494 4672 multi
1514 4617 1562 4688 qui
1585 4617 1760 4671 occasionem

121 4702 401 4768 neretticitaillicita
409 4703 483 4772 iecit,
492 4704 560 4775 quia
568 4703 609 4761 illi
623 4702 821 4775 perlicentiam
835 4703 920 4758 offen·
960 4702 1064 4756 habere
1084 4702 1234 4773 cupiebant
1255 4704 1418 4774 acquirendi
1439 4712 1467 4759 et
1487 4706 1625 4760 vendendi
1640 4722 1761 4777 evange·

120 4790 233 4847 debent.
244 4791 501 4861 reerectionem
511 4797 561 4863 qai
571 4796 603 4848 in
612 4795 746 4848 sacrariis
756 4799 916 4861 operentur,
961 4791 1039 4856 lium,
1049 4791 1151 4861 quibus
1162 4808 1224 4846 eam
1234 4792 1330 4847 voleus
1342 4799 1490 4864 amputare
1499 4796 1659 4865 Apostolus,
1671 4795 1761 4848 mani·

120 4882 919 4950 commemoranterqomuartdoemronnauarrpar-
959 4879 1011 4935 bus
1031 4880 1090 4934 suis
1107 4881 1212 4935 victum
1228 4898 1311 4937 suum
1329 4883 1468 4937 tolerarit.
1488 4884 1530 4937 Dc
1548 4884 1592 4937 liis
1611 4883 1687 4937 enim
1704 4884 1765 4938 aliu

54 4992 58 4996 ·
121 4968 334 5040 ticipenturtJn
352 4968 484 5025 sacrariis
500 4969 592 5040 legem
603 4969 754 5042 gentilium
767 4969 915 5040 significat,
959 4970 1019 5023 leco
1034 4968 1103 5023 dicit
1117 4971 1155 5037 (ll
1169 4974 1230 5026 t'er.
1247 4975 1285 5041 rr)
1304 4990 1309 5024 :
1328 4976 1358 5024 et
1371 4977 1512 5040 ernpetem
1528 4975 1695 5026 occasionem
1717 4973 1759 5026 leis

119 5058 150 5114 iu
158 5058 312 5114 alterivere
321 5056 482 5113 iudeorum
492 5074 498 5111 :
510 5058 551 5112 sic
562 5059 637 5113 enim
649 5058 772 5114 decrevit
781 5058 917 5114 Dominus
958 5061 1143 5128 preterierunt
1157 5063 1333 5114 occasionem.
1343 5060 1510 5132 Quanquam
1520 5061 1608 5116 etiam
1622 5061 1695 5115 sicut
1708 5078 1759 5116 cre«

120 5163 170 5216 per
190 5148 315 5219 Meysen,
336 5149 371 5202 ut
385 5145 422 5200 de
441 5145 485 5200 his
502 5161 565 5217 que
584 5146 679 5202 oblata
696 5153 785 5213 eraut,
806 5152 916 5218 partem
957 5147 1011 5201 teri
1026 5153 1055 5201 et
1068 5147 1134 5202 boni
1148 5148 1276 5220 Apostoli
1288 5149 1428 5220 permissu
1443 5150 1555 5205 Domini
1570 5150 1758 5221 deeveugelie

118 5240 263 5290 sumerent
279 5234 448 5290 sacerdotes.
469 5235 514 5289 Ite
529 5235 665 5289 Itemines
677 5238 754 5290 deses
774 5238 915 5291 ordinauit
956 5236 1071 5301 viveret,
1083 5236 1182 5309 et2nen
1195 5238 1226 5292 in
1240 5254 1274 5291 ee
1288 5237 1362 5293 victu
1376 5239 1560 5293 constitueret
1573 5240 1659 5293 imam
1674 5255 1757 5293 evan-

117 5337 159 5378 ees
173 5325 224 5391 qui
236 5325 411 5392 mespelium
423 5325 600 5379 annuntient
613 5323 645 5376 de
659 5327 797 5393 suspectio
815 5326 913 5379 eicere.
955 5324 1104 5394 gelizeudi,
1116 5326 1165 5380 sed
1176 5325 1267 5395 magis
1281 5325 1369 5397 ipsius
1379 5326 1469 5381 rictus
1480 5327 1524 5381 sui
1536 5328 1621 5382 tinem
1631 5327 1662 5381 in
1674 5343 1756 5383 eran·

117 5411 181 5467 Non
192 5425 259 5481 erge
271 5410 347 5466 Deus
356 5426 407 5482 per
415 5412 532 5483 Meysen
544 5410 693 5482 gentilium
705 5411 826 5468 formem
838 5429 915 5469 secu·
954 5413 1029 5484 gelie
1048 5414 1205 5481 collocaret,
1221 5413 1251 5468 id
1269 5419 1321 5481 est,
1338 5432 1395 5470 non
1416 5416 1479 5471 ideo
1494 5416 1707 5487 evangelizaret,
1723 5424 1756 5472 ut

87 5517 94 5526 ²
116 5505 164 5555 tris
175 5504 229 5567 est,
243 5499 294 5559 sed
307 5499 371 5572 ipss
382 5499 520 5557 mensalis
533 5500 606 5556 ratio
623 5499 677 5556 hoc
690 5499 785 5570 hebet,
799 5506 840 5561 ub
848 5501 912 5575 quis
954 5503 1114 5575 perveniret
1127 5504 1162 5559 ed
1175 5502 1279 5571 cibum
1295 5505 1357 5560 etsi
1371 5521 1427 5577 qua
1437 5512 1501 5563 sunt
1514 5506 1571 5562 alia
1583 5506 1753 5573 necessaria,
