3772 6120
68 270 120 345 ts:
286 280 576 347 nasammonas
594 282 633 346 tn
652 276 728 348 aar.
751 290 857 350 raom
877 294 944 350 ma.
966 279 1038 348 ιιι,
1061 321 1093 332 -
1113 288 1153 346 ru
1172 288 1282 346 nursr.
1304 290 1352 346 nu
1371 290 1499 350 catur.
1663 276 1714 355 sat

69 432 115 468 ma
128 414 204 471 inter
218 416 313 472 carnis
328 433 423 487 opera,
439 416 605 471 comessatio
625 425 677 473 est.
693 417 872 476 Manducavit
880 418 905 479 Α
915 418 1073 489 pervenisse
1084 418 1119 471 ad
1130 416 1192 471 illos
1204 414 1367 486 Epistolam,
1380 431 1441 488 qua
1452 417 1538 474 missa
1552 428 1595 475 est
1610 420 1644 476 ad
1660 421 1714 478 Co·

64 508 183 573 populus
198 511 223 558 ct
250 506 327 570 bibit,
351 512 375 559 ct
396 512 580 560 surrexerant
599 505 692 561 ludcrc
715 504 741 574 (Ι
760 507 820 563 Cor.
841 525 869 573 x,
912 504 1084 560 cinthioslbi
1096 507 1170 560 enim
1182 504 1270 559 sicait
1282 523 1287 556 :
1300 502 1388 559 :l'olitc
1401 521 1497 561 errare
1508 526 1516 562 .·
1528 524 1612 578 napae
1621 510 1713 579 soral-

67 586 150 645 Erod.
173 596 274 662 xxxa).
296 590 414 665 Semper
435 590 565 648 ebrietati
581 594 680 665 juncta
692 593 803 650 luxuria
818 600 869 650 est.
913 598 1023 659 catores,
1033 608 1119 664 acque
1131 592 1211 648 idolis
1220 595 1374 658 sarcientes,
1390 609 1475 664 ncqiec
1485 597 1617 665 adulteri,
1631 614 1715 670 neque

67 670 187 735 Pulchre
197 674 314 753 quidam
327 699 382 736 non
393 679 524 752 ignobilis
535 687 638 749 orator,
647 700 711 738 cum
721 682 872 739 ebriumde
914 687 1017 748 molles,
1028 700 1112 751 ncqrcc
1126 683 1311 735 srrcsctclorarn
1327 684 1521 745 concubitores,
1532 700 1617 755 nepae
1624 686 1712 757 sares,

67 785 166 824 somno
176 766 315 826 scriberet
330 768 483 825 excitatum
500 771 540 825 ait
552 791 557 824 :
569 770 623 826 Nec
637 772 760 826 dor-miro
773 775 872 827 cacita-
914 775 1095 839 creciacensi,
1107 785 1190 839 acque
1200 772 1307 834 ebriosi,
1320 786 1405 839 ncqrcc
1415 772 1551 839 ›rralcdtct
1564 788 1648 843 acqua
1664 792 1711 832 ra-

67 867 121 924 tus,
131 876 181 912 nec
189 863 310 927 cr'qitcre
319 858 411 913 ebrias
420 858 603 928 poteratQua
610 860 751 915 sententia
761 878 871 932 expres·
909 874 987 928 pecca
1003 875 1117 927 reparent
1140 861 1189 913 liri
1206 858 1380 927 possidebant
1396 861 1420 925 (l
1430 862 1491 916 Cor.
1510 864 1556 930 ιι).
1574 860 1625 916 llic
1645 878 1711 935 ergo

66 947 103 1000 sit
117 946 330 1019 quodammodo
346 964 397 1003 nec
413 955 556 1002 mortuum
572 966 637 1003 eum
650 947 746 1016 fuisse,
763 964 814 1004 nec
828 950 869 1004 ri·
911 963 974 1002 cum
986 941 1184 1001 'enunscrasset
1197 962 1281 1017 opera
1296 949 1397 1013 carnis,
1416 948 1517 1019 quibus
1530 948 1655 1006 clausum
1669 958 1713 1008 est

66 1052 142 1089 sum.
156 1031 287 1108 Longum
300 1043 362 1091 erat
371 1034 502 1091 universa
517 1035 609 1092 carnis
623 1054 709 1110 opera
723 1039 867 1110 replicare,
913 1050 1030 1107 regnum
1046 1033 1107 1095 Dei,
1118 1034 1238 1106 subjecit
1249 1036 1333 1089 etiam
1345 1052 1431 1107 opera
1441 1039 1557 1108 spiritus
1568 1040 1641 1110 quod
1653 1042 1710 1112 spi·

67 1132 94 1177 et
108 1118 272 1195 catalogum
288 1122 378 1180 tacere
389 1122 529 1180 vitiorum.
538 1122 600 1181 Uno
613 1125 700 1197 igitur
708 1126 803 1181 omnia
811 1145 870 1182 ser·
913 1125 984 1180 ritus
998 1123 1105 1178 tructus
1119 1130 1207 1179 vocat.

69 1229 150 1266 moue
163 1210 304 1267 conclusit
318 1210 412 1268 dicens
428 1233 433 1265 :
452 1220 475 1267 ct
490 1216 505 1268 h
511 1215 532 1268 is
547 1214 664 1269 sisrsilic.
682 1213 748 1279 Qua
762 1215 870 1270 utinam
949 1213 1064 1268 l'ractns
1073 1218 1163 1267 antem
1176 1218 1293 1282 spiritns
1303 1220 1339 1266 cri
1350 1213 1480 1279 charitas,
1490 1218 1636 1285 paediam,
1643 1234 1708 1288 pac,

67 1296 217 1356 tamlacile
227 1300 317 1356 vitare
327 1319 481 1373 possemus,
491 1319 576 1373 quam
584 1301 663 1357 facile
673 1303 867 1374 intelligimus.
912 1303 1122 1379 lorrpcaiaa'tcr,
1148 1304 1263 1367 learcitcr,
1283 1303 1446 1370 cisalpinam,
1470 1304 1543 1371 fider,
1569 1306 1708 1375 rnodcstte,

68 1384 197 1452 tredico,
221 1388 323 1460 inquit,
340 1390 421 1454 cohi‘s,
438 1392 508 1444 a'cat
525 1392 654 1459 predict,
675 1396 807 1460 quoniam.
822 1395 872 1461 qui
909 1392 1600 1459 patientic,continrnticadcrrcashujnnrmdinon
1611 1398 1707 1450 cstlcr.

69 1480 134 1531 tatic
143 1485 371 1548 concameratam
384 1476 431 1532 aas
442 1494 497 1533 aori
508 1485 716 1548 corescqccatur.
725 1478 778 1565 Ubi
786 1486 870 1535 antea
912 1480 966 1545 (iai
974 1482 1065 1532 autern
1076 1482 1142 1532 sicat
1153 1477 1263 1539 Clnisti,
1283 1494 1361 1532 carm
1370 1496 1393 1532 in
1415 1495 1493 1532 rernm
1512 1484 1711 1549 crucificcrant

68 1562 323 1636 predamnatis
334 1573 436 1636 rapaci,
450 1566 552 1638 inquit,
561 1573 703 1637 peccatura
715 1570 743 1622 in
756 1571 871 1624 nsortali
910 1583 973 1619 canc
1001 1569 1077 1620 vitiis
1103 1572 1126 1619 ct
1158 1569 1383 1635 corrncpisccntcin
1408 1570 1526 1635 (ilrrtbr.)
1551 1570 1614 1625 Non
1643 1570 1711 1625 dixit

68 1660 151 1709 cestro
167 1670 279 1724 corpore
295 1654 333 1709 cd
345 1655 524 1709 obediendam
545 1656 686 1710 desideriis
707 1658 765 1726 ejus
781 1659 866 1725 (horn.
909 1670 995 1725 opera
1010 1653 1126 1725 spiritus
1141 1654 1263 1708 charitas
1278 1661 1329 1712 est.
1342 1656 1392 1709 sed
1402 1656 1509 1711 fructus
1516 1656 1642 1728 spiritus.
1655 1661 1709 1714 Lex

69 1742 110 1811 rr).
126 1742 279 1798 Peccatum
295 1758 393 1798 omnes
416 1743 484 1798 istas
508 1743 613 1815 species
638 1743 731 1811 habet,
753 1746 782 1800 iu
806 1745 868 1816 qui·
879 1722 901 1786 Β
912 1742 986 1796 enim
1001 1742 1126 1814 spiritus,
1140 1743 1206 1805 haec,
1225 1760 1286 1814 quse
1300 1759 1386 1814 supra
1400 1747 1576 1807 memoravit,
1592 1745 1709 1802 fructitl·

68 1830 116 1885 bus
129 1847 207 1887 nunc
221 1828 450 1886 discriminandis
464 1833 526 1904 plus
541 1831 669 1898 forsitan,
682 1849 767 1904 quam
785 1850 867 1905 opor·
909 1834 963 1899 cat,
980 1836 1012 1885 ut
1025 1846 1058 1885 ex
1072 1830 1116 1885 his
1131 1830 1280 1886 haereditas
1301 1833 1381 1903 regni
1400 1832 1533 1888 coelorum
1558 1842 1708 1905 quaretur.

69 1918 128 1986 tuit,
145 1918 292 1974 immorati
307 1938 415 1975 sumus.
433 1918 506 1991 Ergo
522 1920 549 1974 in
570 1921 674 1987 anima,
691 1920 720 1975 in
735 1939 790 1993 qua
803 1940 867 1993 pcc·
910 1918 962 1983 Qui
973 1920 1048 1974 enirn
1060 1918 1171 1975 Christo
1182 1920 1273 1975 devoti
1285 1927 1360 1985 sunt,
1373 1920 1424 1975 hos
1444 1921 1513 1976 dicit
1530 1922 1665 1992 Christos,
1681 1926 1710 1981 id

69 2006 159 2062 calum
175 2008 347 2079 regnaverit,
363 2026 418 2063 non
434 2014 526 2080 potest
542 2008 592 2064 Dei
608 2027 725 2081 regnare
736 2025 864 2080 regnum.
909 2013 960 2071 cst,
975 2012 1082 2064 unctos,
1095 2009 1130 2063 lli
1142 2024 1265 2073 carnem,
1278 2009 1366 2074 idest,
1380 2010 1516 2065 mundum
1530 2012 1707 2083 crucifigunt.

70 2115 80 2145 ι
96 2095 162 2160 Quae
178 2095 257 2151 enim
266 2096 444 2169 participatio
454 2097 571 2167 justitiae
586 2104 615 2151 et
629 2097 794 2168 iniquitati?
807 2117 867 2169 qum
909 2096 1021 2167 quando
1032 2095 1500 2168 hrec,erquibuserroresoriuntur,
1510 2100 1706 2164 condemnant,

68 2183 284 2239 communicatio
294 2182 350 2240 luci
361 2185 396 2239 ad
407 2184 555 2240 tenebras?
567 2186 614 2257 qui
624 2202 775 2241 consensus
785 2187 866 2242 Chri·
909 2185 983 2239 hunc
999 2200 1112 2239 sensum
1128 2190 1157 2241 et
1170 2186 1293 2240 loannes
1309 2187 1451 2256 apostolus
1462 2194 1573 2243 secutus
1584 2188 1639 2243 ait:
1651 2190 1707 2246 No·

68 2274 184 2351 storum
194 2271 317 2327 Beliatt»
332 2272 372 2341 (ll
380 2274 441 2329 Cor.
452 2272 540 2343 rr).Et
546 2276 679 2346 putamus
690 2292 740 2329 nos
748 2291 866 2347 regnum
909 2276 955 2327 lite
972 2275 1087 2341 ditipcrc
1110 2275 1185 2327 lianc
1205 2275 1353 2339 insaniam,
1375 2290 1460 2343 raeque
1476 2290 1507 2329 cc
1524 2293 1585 2344 qaae
1608 2280 1640 2330 ia
1660 2278 1708 2332 hoc

69 2356 112 2415 Ilei
129 2360 278 2433 consequi,
296 2361 320 2416 si
334 2380 351 2416 a
364 2361 548 2418 fornicatione
561 2366 591 2416 et
604 2362 763 2418 idololatria
776 2368 805 2417 et
819 2382 866 2418 rc·
908 2362 1012 2415 cncrtdo
1021 2362 1137 2417 santSi
1144 2363 1305 2431 quisditiqit
1315 2364 1464 2429 mandam,
1475 2380 1529 2418 non
1538 2369 1575 2417 est
1584 2366 1707 2420 charitas

70 2448 170 2504 neliciis
180 2448 324 2505 immunes
334 2450 440 2505 simus?
451 2450 519 2505 Ecce
540 2450 697 2517 inimicitia,
713 2453 864 2519 contentio,
908 2450 1000 2504 Patris
1010 2452 1041 2504 in
1054 2453 1111 2516 illo,
1126 2452 1192 2519 quio
1203 2451 1362 2518 oisinrqaod
1372 2454 1401 2503 in
1414 2451 1462 2505 hoc
1472 2453 1575 2505 manto
1585 2459 1631 2518 cst,
1646 2470 1706 2509 con-

72 2537 208 2605 ira,rixae,
219 2536 368 2606 dissensio,
381 2537 501 2594 ebrietas
515 2556 624 2611 quoque
641 2544 670 2594 et
683 2546 792 2606 caetera,
806 2557 866 2612 quae
909 2540 1074 2606 cupisccntic
1099 2542 1193 2592 carnis
1220 2544 1257 2592 cst
1278 2545 1303 2591 ct
1323 2541 1541 2608 concupiscentia
1563 2544 1706 2596 oraclorum

71 2626 150 2697 parra
158 2623 382 2694 arbitrabamur,
394 2626 544 2683 excludunt
553 2645 603 2682 nos
613 2645 726 2698 arogno
737 2628 797 2683 Dei.
809 2629 867 2684 Nec
909 2629 936 2690 (I
947 2629 1026 2681 iocis.
1044 2630 1081 2695 ιι).
1099 2626 1152 2690 Qui
1168 2642 1234 2697 crgo
1249 2627 1395 2693 mundum,
1413 2636 1441 2680 et
1456 2628 1529 2699 quod
1553 2629 1582 2682 in
1601 2629 1707 2685 mundo

69 2708 148 2770 retest
158 2732 219 2771 uno
228 2714 494 2786 quisabeatitudine
503 2715 675 2780 excludatur,
685 2732 721 2772 an
729 2717 865 2789 pluribus
908 2718 959 2780 cst,
978 2730 1033 2768 non
1053 2716 1233 2785 concupiscit.
1255 2715 1299 2769 hic
1316 2732 1427 2770 carnem
1443 2716 1590 2787 crucitlgit.
1608 2718 1706 2790 Neque

66 2816 124 2857 cum
134 2800 237 2858 omnia
250 2802 383 2858 similiter
399 2802 595 2860 excludant.ln
602 2803 711 2858 Latinis
724 2804 865 2859 codicibus
907 2802 982 2856 enim
993 2803 1101 2874 corpori
1112 2803 1235 2858 humano
1251 2803 1309 2859 haec
1322 2804 1390 2858 vitia
1404 2803 1569 2860 ascribenda
1586 2812 1661 2869 sunt,
1678 2806 1705 2862 id

66 2886 234 2946 adulterium
249 2909 361 2964 quoque
380 2896 408 2946 et
422 2889 601 2964 impudicitiae
618 2899 645 2946 et
666 2892 817 2947 homicidia
835 2893 864 2948 in
907 2891 1702 2962 est,idololatricameliciahreresesdnridiae,inimicitia,

67 2978 113 3034 hoc
125 2978 259 3052 catalogo
270 2978 404 3035 vitiorum
414 2979 518 3052 scripta
531 2979 700 3035 referuntur.
711 2980 766 3036 Sed
776 2982 864 3035 scien·
906 2980 963 3046 ira,
975 2979 1050 3041 rixa,
1064 2986 1092 3035 et
1105 2980 1186 3044 talia3
1206 2982 1253 3034 sed
1269 2981 1331 3035 idco
1346 2981 1470 3036 carnalia
1485 2982 1626 3049 dicuntur,
1639 2985 1706 3056 quia

67 3066 128 3122 dum
143 3070 203 3124 uon
213 3069 279 3140 plus
294 3086 378 3141 quam
390 3068 548 3140 quindecim
563 3069 654 3123 carnis
668 3086 754 3141 opera
768 3087 865 3125 nume·
875 3052 896 3111 (ἶ
906 3085 939 3121 ex
953 3073 1033 3140 parte
1044 3070 1142 3123 mundi
1153 3076 1227 3135 sunt,
1239 3071 1403 3141 sicutsupra
1412 3072 1575 3125 memorari.
1592 3072 1704 3127 Interea

66 3158 130 3224 mla,
141 3154 179 3211 de
190 3155 295 3230 quihus
309 3164 338 3212 et
352 3156 544 3213 disseruimus.
559 3156 648 3227 (dap.)
660 3158 755 3228 Agunt
767 3162 863 3213 autem
906 3173 961 3211 non
972 3157 1092 3228 amplius
1107 3174 1191 3229 quam
1208 3157 1303 3212 decem
1319 3175 1363 3212 res
1385 3159 1488 3230 posuit,
1508 3177 1578 3231 quas
1597 3160 1704 3218 fructus

66 3245 127 3314 hee,
142 3246 195 3318 qui
210 3244 412 3319 cupiditatibus
427 3246 585 3301 carnalibus
600 3246 806 3302 consentientes
822 3246 864 3302 sa·
906 3244 1021 3315 spiritus
1031 3245 1706 3318 significat,utinhisomnincomplexusvideatur

65 3332 159 3391 cieiida
173 3336 238 3390 esse
252 3333 416 3403 decernunt,
425 3334 535 3390 etiamsi
545 3336 580 3389 ad
591 3334 766 3405 implendum
774 3334 863 3391 iacul-
906 3333 1060 3389 secundum
1081 3333 1191 3388 tabulas
1215 3336 1376 3389 testamenti
1394 3336 1454 3399 Dei,
1471 3337 1500 3390 in
1522 3336 1624 3408 quibus
1648 3355 1705 3394 non

65 3424 103 3477 tis
116 3424 176 3479 uon
191 3422 286 3478 datur.
302 3422 440 3479 Caeterum
458 3424 505 3496 qui
519 3426 676 3493 tanguntur
699 3423 862 3494 hujusmodi
904 3423 1026 3493 amplius
1049 3438 1134 3494 quam
1154 3424 1249 3477 decern
1272 3422 1357 3476 verba
1380 3424 1577 3480 mandatorum
1599 3427 1705 3482 tradita

64 3506 193 3578 motibus,
211 3517 241 3566 et
254 3510 412 3566 immobiles
424 3519 453 3566 et
465 3511 495 3565 in
509 3512 616 3583 majore
637 3512 775 3567 charitate
794 3531 861 3568 con·
903 3517 978 3565 sunt.
997 3512 1133 3578 (llicroa)
1149 3511 1184 3564 Et
1203 3528 1264 3582 quae
1288 3511 1343 3566 alia
1367 3512 1441 3566 inter
1463 3512 1570 3568 fructus
1588 3515 1704 3585 spiritus

64 3600 172 3668 diluat,
184 3617 243 3655 non
255 3596 348 3655 solum
362 3617 418 3655 non
427 3601 468 3654 eis
484 3598 647 3655 exhibentes
662 3600 789 3657 membra
801 3618 862 3655 cor·
904 3598 1001 3654 debuit
1012 3605 1108 3653 tenero
1116 3600 1280 3669 primatum,
1294 3600 1347 3653 nisi
1359 3600 1489 3667 charitas,
1501 3601 1561 3655 sine
1576 3618 1633 3673 qua
1647 3603 1702 3657 vir·

64 3687 134 3765 poris
148 3688 187 3743 ad
201 3689 278 3744 male
292 3688 476 3759 operandum,
493 3689 541 3743 secl
557 3705 648 3760 neque
663 3692 733 3743 nutu
748 3706 863 3744 consen·
903 3693 1093 3742 tutoscceterae
1104 3703 1159 3741 non
1170 3693 1338 3757 reputantur
1350 3703 1411 3741 esse
1425 3689 1551 3754 uirtutes,
1561 3695 1589 3743 et
1602 3706 1635 3744 ex
1648 3708 1703 3762 qna

64 3774 390 3833 sionisadexhibendum
401 3776 616 3841 consentientes,
629 3793 684 3831 non
694 3776 753 3831 hac
763 3782 861 3848 agunt,
903 3770 1059 3829 nascuntur
1069 3776 1199 3829 universa
1211 3792 1271 3846 quas
1290 3775 1362 3829 bona
1380 3783 1454 3839 sunt,
1470 3777 1611 3847 siquidem
1630 3780 1702 3833 etin

63 3864 88 3919 el
105 3862 169 3920 ideo
189 3882 311 3936 regnum
332 3865 382 3920 Dei
404 3864 594 3937 possidebunt.
620 3866 681 3918 h'on
707 3865 782 3920 enim
802 3868 863 3936 jam
906 3863 966 3934 lego
977 3866 1004 3918 et
1013 3864 1042 3916 in
1052 3862 1202 3933 Evangelio
1212 3863 1273 3934 ipsa
1282 3862 1403 3917 obstinet
1414 3864 1600 3936 principatum
1613 3884 1619 3917 :
1632 3866 1701 3921 hitt-

63 3960 158 4026 reguat
172 3958 320 4026 peccatum
336 3953 364 4008 in
380 3970 477 4009 eorum
489 3953 600 4008 mortali
611 3970 737 4026 corpore,
749 3954 784 4008 ad
801 3954 863 4008 obe·
903 3967 947 4019 per
957 3953 1105 4008 Donrsinnnr
1119 3953 1202 4005 licam
1214 3958 1292 4005 taran
1308 3958 1402 4005 artato
1412 3955 1553 4015 cordetuo,
1570 3959 1593 4007 ct
1604 3970 1637 4008 cc
1646 3960 1701 4010 toto

63 4040 194 4099 fiendum
208 4042 358 4098 desideriis
372 4043 443 4113 ejus,
456 4042 583 4114 quamvis
598 4040 707 4096 habitet
719 4043 748 4097 in
764 4059 862 4097 eorum
903 4043 1001 4094 aniano
1013 4045 1070 4101 tan,
1081 4045 1104 4093 ct
1112 4057 1144 4093 rr
1154 4045 1209 4094 tota
1221 4043 1322 4095 uirtute
1333 4046 1390 4103 tao,
1404 4044 1531 4110 ctditipcs
1540 4045 1701 4110 procirnam

63 4130 172 4187 mortali
187 4147 306 4203 corpore
315 4130 605 4203 peccatum,nondum
620 4131 741 4185 extincto
758 4130 865 4202 impetu
907 4132 984 4181 tarint
1010 4134 1145 4197 tarrqttcm
1166 4131 1291 4197 tcspsccns.
1308 4129 1427 4193 Quantis
1445 4129 1524 4184 honis
1544 4131 1647 4186 referta
1665 4131 1702 4186 sit

62 4219 273 4277 consuetudinis
282 4219 430 4286 naturalis,
444 4236 501 4292 qua
511 4219 669 4274 mortaliter
682 4220 740 4274 nati
756 4235 862 4285 sumus,
906 4217 1036 4277 charitas,
1053 4222 1082 4271 et
1095 4233 1181 4288 supra
1198 4216 1319 4271 breuiter
1336 4218 1560 4289 perstrinximus,
1577 4224 1606 4274 et
1628 4237 1702 4275 nunc

63 4312 89 4363 a
100 4310 224 4383 propriae
238 4309 302 4364 ritae
317 4315 430 4376 nostre,
447 4312 512 4363 cum
531 4315 560 4362 et
575 4325 626 4362 nos
647 4308 701 4380 ipsi
726 4308 865 4378 peccando
907 4305 949 4358 rel
964 4321 1063 4376 parurn
1074 4306 1175 4360 dixisse
1190 4306 1318 4369 sufficiat,
1331 4308 1404 4377 quod
1413 4308 1525 4361 dilectio
1536 4324 1591 4362 non
1601 4310 1702 4378 querit

63 4398 188 4454 uiximus
203 4398 278 4470 quod
294 4397 329 4452 ab
344 4397 452 4470 origine
462 4397 568 4470 peccati
579 4397 697 4452 humani
707 4366 1028 4465 damnatio-”quasue
1039 4400 1115 4459 sunt,
1125 4395 1172 4448 sed
1183 4412 1244 4466 quae
1255 4396 1355 4449 aliena.
1370 4397 1404 4448 Et
1425 4395 1550 4466 quamvls
1568 4412 1619 4449 suo
1639 4397 1702 4466 quis

64 4488 159 4559 uisque
173 4484 367 4542 debebamus.
382 4484 467 4541 Aliud
490 4490 533 4540 est
552 4486 627 4541 euim
647 4502 702 4540 non
727 4501 860 4556 peccare;
905 4482 971 4537 vitio
981 4483 1111 4537 inimicus
1121 4483 1158 4537 sit
1166 4483 1303 4554 diligenti,
1316 4491 1345 4536 et
1353 4482 1586 4553 tranquillitatem
1594 4484 1654 4552 ejus
1665 4483 1700 4538 ad

65 4570 135 4631 utut
149 4576 207 4632 non
221 4574 327 4630 hahere
340 4578 496 4647 peccatum.
512 4574 586 4629 Nam
602 4575 701 4645 inquo
717 4578 861 4645 peccatum
904 4571 1032 4626 odiorum
1052 4571 1153 4626 fluctus
1166 4571 1306 4625 concitare
1324 4571 1444 4638 nitatur,
1460 4577 1556 4624 tamen
1570 4570 1617 4625 ille
1632 4586 1701 4626 nun-

66 4680 117 4719 uou
129 4674 241 4736 regitat,
259 4681 316 4719 uon
337 4668 442 4735 peccat,
457 4663 486 4717 id
501 4668 553 4731 est,
571 4662 689 4735 quinon
704 4660 799 4717 obedit
812 4661 862 4716 de·
904 4659 1281 4731 quamturbatur,nunquam
1290 4663 1447 4712 creaturam
1455 4658 1576 4713 Deiodio
1586 4659 1701 4730 dignam

66 4748 172 4808 sideriis
185 4754 258 4824 ejus.
271 4750 305 4807 ln
317 4755 475 4825 quoautem
485 4768 542 4806 non
553 4752 677 4807 existunt
686 4749 799 4805 omniuo
807 4750 862 4805 ista
903 4749 1022 4803 aestimat
1034 4766 1039 4800 :
1053 4749 1175 4802 charitas
1190 4747 1265 4802 enirn
1281 4749 1366 4815 operit
1380 4749 1590 4802 inattitadtnrm
1607 4766 1701 4819 pccca-

68 4840 208 4908 derideria,
220 4838 379 4896 nonsolum
389 4856 446 4895 non
456 4847 560 4912 peccat,
573 4839 621 4894 sed
636 4838 721 4894 etiam
738 4855 793 4893 non
810 4838 860 4893 ha·
904 4843 995 4892 loram
1012 4837 1039 4904 (l
1050 4840 1122 4892 Pctr.
1139 4839 1187 4906 rr).
1204 4835 1276 4891 lllud
1290 4852 1402 4907 quoquc
1424 4836 1498 4908 quod
1523 4854 1538 4890 a
1558 4838 1701 4893 Salvatore

68 4927 273 5004 hetpecaatum.
286 4929 367 4994 Quod
383 4928 494 4984 etiamsi
516 4947 548 4983 ex
572 4928 668 4983 multis
692 4926 818 4998 partibus
833 4929 861 4982 in
903 4926 1006 4980 dicitur
1021 4945 1026 4978 :
1044 4927 1105 4980 Noa
1118 4930 1202 4994 potest
1217 4926 1301 4978 orbor
1316 4926 1385 4978 bona
1404 4928 1514 4993 theotici
1527 4928 1627 4994 afferre
1640 4944 1701 4981 ιηα·

68 5019 114 5073 isa
127 5019 187 5075 rita
196 5018 287 5092 possit
300 5007 382 5083 ellici,
394 5018 514 5072 exomni
527 5020 623 5073 mmen
639 5020 729 5089 parte,
741 5016 861 5071 nonnisi
903 5019 950 5080 tos,
969 5030 1054 5084 atquc
1068 5016 1152 5069 crbcr
1167 5018 1244 5068 nicta
1258 5015 1369 5081 strictas
1382 5016 1481 5081 afferre
1496 5016 1576 5068 lionae
1591 5014 1697 5081 (Mettis.

69 5105 306 5164 iurcsurrectioue
316 5107 408 5161 carnis
418 5112 503 5177 atque
513 5105 733 5161 commutatione
749 5120 862 5175 speran-
902 5106 959 5173 va),
971 5118 1028 5158 non
1042 5110 1100 5157 tam
1111 5102 1145 5157 de
1160 5101 1329 5167 hominihus,
1342 5119 1427 5174 quam
1443 5102 1477 5156 de
1496 5102 1587 5157 fructu
1608 5103 1701 5158 carnis

67 5182 128 5251 lain
139 5204 192 5252 est.
209 5196 306 5251 Potest
320 5202 414 5250 autem
430 5211 541 5250 movere
557 5194 630 5266 quod
646 5194 686 5248 ait
704 5212 709 5246 :
727 5195 790 5260 Qua
802 5194 861 5247 dico
903 5197 931 5245 ct
940 5192 1056 5262 spiritus
1066 5191 1188 5245 arbitror
1201 5191 1424 5261 pronuntiatum,
1441 5190 1507 5261 quia
1520 5206 1572 5245 nec
1585 5191 1701 5262 spiritus

69 5282 549 5355 whis,eicatpradiri:qaonicinqui
560 5285 630 5337 talia
641 5286 860 5350 cprcnt,rcpnasn
903 5294 1026 5350 unquam
1041 5285 1133 5350 potest
1148 5297 1181 5334 ea
1196 5279 1272 5346 sitia,
1290 5296 1351 5350 qum
1364 5280 1393 5332 in
1404 5279 1495 5332 carnis
1506 5279 1636 5350 operibus
1646 5295 1700 5336 nu-

69 5372 112 5427 int
124 5391 178 5429 ιιιιιι
188 5372 381 5446 possidebant,
394 5372 418 5425 si
433 5369 640 5442 quaeratur,ubi
656 5370 711 5423 ista
726 5369 861 5440 praedixe·
905 5376 1012 5423 inorata
1035 5372 1110 5435 sunt,
1134 5366 1244 5422 facerit:
1265 5385 1313 5420 ricc
1334 5384 1398 5420 caro
1421 5367 1463 5420 his
1489 5367 1635 5435 fructibus,
1653 5370 1700 5439 qui

69 5470 115 5528 nt,
131 5478 196 5518 num
211 5462 241 5517 in
262 5463 317 5516 hac
331 5459 454 5531 EpIstola
480 5477 534 5512 sion
558 5457 707 5513 invenitur.
726 5456 797 5526 Ergo
814 5462 863 5510 aut
904 5458 1034 5511 oriuntur
1046 5457 1145 5527 spiritu
1160 5456 1327 5511 redundare.
1344 5455 1439 5509 Potest
1456 5462 1551 5513 autem
1568 5457 1638 5521 lieri,
1651 5474 1702 5528 per

68 5550 352 5619 praeassumesoeh
364 5546 416 5604 hoc
426 5547 603 5619 praedixerat,
620 5552 670 5601 aut
684 5552 860 5616 cognouerat,
904 5545 1103 5617 negllgcntinm
1136 5545 1313 5615 possidentis,
1337 5552 1369 5599 ut
1389 5544 1505 5613 spiritus
1532 5546 1580 5617 qui
1609 5562 1701 5601 versa·
