3772 6120
83 101 149 162 root
398 126 400 130 ·
538 61 772 165 ειεεεοειε
791 108 830 164 in
849 108 994 165 saoanu
1014 104 1254 164 maiacense.
1470 72 1473 81 ’
1657 108 1726 169 roos

78 227 170 285 menti
180 229 202 294 ¹,
220 246 233 283 a
250 227 280 283 id
295 234 348 296 est,
365 229 498 300 populum
513 229 661 288 ludoicum
676 249 727 305 per
738 231 1000 304 increduli-Aquod
1015 247 1064 304 per
1074 229 1218 287 Christum
1229 227 1365 286 destructi
1387 229 1582 303 suntspiritus
1596 230 1723 306 maligni,
1790 221 1798 227 ”

77 322 169 373 tatem
191 316 341 390 subjiciam
360 317 439 373 mihi.
461 320 549 386 Mons,
570 322 780 395 contemplatio,
801 329 833 377 ut
853 320 882 376 in
925 321 973 392 qui
987 327 1055 376 sunt
1068 320 1209 392 principes
1224 319 1331 375 mundi.

73 407 194 462 Exrrdo:
212 407 363 462 «Ascende
378 408 413 462 ad
435 425 480 463 me
501 408 528 463 in
552 416 676 466 montem
696 411 718 478 ¹,
745 434 757 463 n
780 411 880 473 idest,
959 412 1032 465 diors
1048 416 1090 465 est
1109 410 1256 464 exstinctio
1281 409 1342 464 vitae
1365 409 1516 476 secularis,
1541 416 1573 466 ut
1597 412 1627 467 in
1652 413 1721 469 Job:

70 513 122 550 me
132 498 143 520 ⁶
157 496 253 567 aliquo
273 497 356 550 modo
378 497 509 568 continge
530 516 581 570 per
605 501 880 571 contemplationem.
926 500 1019 564 ‹rQui’
1030 504 1309 571 exspectatmortem‚
1322 503 1365 552 et·
1376 499 1518 566 invenit¹³,
1531 520 1542 551 r
1555 502 1724 572 quodsancti

69 586 166 653 Mons,
183 586 343 640 sublimitas
355 587 509 658 religionis,
526 594 557 642 ut
574 589 603 643 in
617 589 733 644 Genesi:
754 591 883 645 ‹Ascen-
923 587 1093 643 funditusse
1109 587 1211 643 abhoc
1233 588 1338 642 mundo
1361 589 1530 643 mortificare
1546 590 1652 656 volunt,
1675 592 1724 646 sed

67 673 118 728 dit
130 675 234 729 Lotad
249 675 346 746 Segor,
361 681 389 729 et
402 676 507 732 mansit
521 675 550 731 in
570 679 722 733 ‘montem
735 678 783 745 ’,ι
808 679 883 751 quod
924 694 980 733 non
994 684 1121 750 possunt.
1134 680 1215 744 Mors,
1231 676 1372 750 superbia,
1393 682 1425 731 ut
1443 677 1472 731 in
1490 676 1556 733 Job:
1584 680 1723 736 «Consu-
1751 667 1755 676 ’

66 763 187 818 electus
200 765 235 820 de
250 781 336 836 prava
345 752 559 836 oonjirgatomm
571 767 781 823 conversatione
791 767 825 822 ad
838 785 882 823 re·
924 772 985 822 mat
995 766 1192 822 brachiaillius
1203 766 1390 840 primogenita
1399 783 1475 821 mors
1485 765 1518 833 ³³,
1531 787 1544 819 a
1561 769 1634 839 quod
1650 766 1725 825 bona

65 852 193 924 ligionis
207 853 386 909 altitudinem
394 855 528 910 ascendit.
541 858 627 923 Mons,
644 857 737 928 patria
751 857 880 923 coelestis,
924 871 1010 927 opera
1022 855 1101 928 impii
1115 855 1255 927 superbia,
1272 872 1334 926 que
1348 855 1402 911 luit
1421 856 1544 927 primum
1567 863 1722 929 peccatum,

65 947 106 997 ut
122 941 154 996 in
170 943 291 998 Psalmis
306 962 312 997 :
326 961 338 994 r
351 943 536 999 adduxerunt
555 945 583 1000 in
606 953 732 1000 montem
754 951 882 1002 sanetum
924 945 1060 1001 destruet.
1078 947 1159 1012 Mors,
1176 944 1313 1012 diabolus,
1322 951 1355 1000 ut
1365 945 1394 1000 in
1403 946 1568 1018 Apocalypsi
1581 965 1587 1000 :
1602 947 1724 1004 «Habeo

65 1036 161 1086 tuum
186 1031 207 1095 ¹,
227 1050 241 1084 r
265 1031 293 1086 id
316 1038 367 1096 est,
390 1033 425 1087 ad
450 1033 529 1088 illam
553 1035 709 1089 Jerusalem
731 1035 882 1091 caelestem.
924 1032 1127 1088 clavesnrortis
1150 1038 1179 1089 et
1192 1032 1334 1100 inferat»
1358 1033 1387 1087 id
1409 1037 1654 1105 est,‘potestatem
1675 1052 1723 1092 su·

65 1122 167 1187 allam,
185 1120 313 1176 sublimis
325 1122 445 1192 justitia,
461 1129 493 1177 ut
509 1123 538 1178 in
552 1123 688 1178 Psalmis:
713 1124 778 1179 «Et
797 1138 882 1180 exau·
922 1139 974 1194 per
998 1120 1139 1176 diabolum
1164 1128 1193 1178 et
1216 1120 1344 1177 membra
1366 1123 1437 1192 ejus.
1463 1124 1544 1189 Mors,
1569 1141 1723 1196 supernum

62 1209 148 1264 divit
164 1227 211 1264 me
225 1210 259 1264 de
273 1217 369 1267 monte
383 1217 480 1266 sancto
494 1229 546 1267 suo
558 1212 579 1278 ⁵,
597 1230 610 1266 a
627 1212 655 1268 id
679 1217 731 1280 est,
753 1213 788 1268 de
811 1214 882 1268 emi·
924 1211 1028 1277 odium,
1044 1211 1114 1266 utin
1125 1210 1259 1266 Psalmis:
1278 1231 1288 1262 ι
1306 1212 1341 1265 Et
1354 1210 1473 1266 formido
1501 1213 1601 1268 mortis
1623 1213 1724 1270 cecidit

61 1299 157 1354 nenti
169 1299 283 1370 justitia
297 1316 358 1354 sua.
374 1302 461 1366 Mons,
478 1299 615 1365 diabolus,
630 1306 664 1355 ut
676 1301 705 1354 in
714 1302 880 1373 Evangelio:
923 1315 1009 1372 super
1022 1316 1067 1355 me
1077 1299 1110 1366 ³¹,
1124 1318 1137 1353 a
1149 1299 1176 1355 id
1188 1306 1239 1366 est,
1248 1299 1330 1355 timui
1340 1316 1375 1354 ne
1385 1317 1539 1372 supernum
1551 1302 1723 1375 odiumprae·

63 1405 82 1440 ι
100 1388 213 1443 Dicens
226 1388 316 1442 monti
330 1388 394 1442 huic
410 1407 415 1441 :
433 1389 565 1444 Transfer
577 1395 605 1443 te
620 1388 649 1444 in
664 1405 742 1444 mare
750 1391 770 1457 ³,
789 1389 882 1462 »quod
923 1389 1029 1443 ualeret
1043 1387 1123 1443 mihi.
1142 1390 1225 1455 Mors,
1242 1393 1396 1460 peccatum,
1421 1394 1453 1443 ut
1470 1389 1500 1445 in
1516 1390 1652 1445 Psalmis:
1680 1392 1723 1448 Ne

57 1477 199 1550 apostoli
213 1476 324 1532 hostem
339 1477 487 1549 antiquum
501 1477 537 1533 de
551 1476 672 1535 obsessis
680 1479 825 1550 ejecerunt
834 1481 844 1502 ·
854 1484 884 1533 et
923 1493 1047 1548 unquam
1062 1476 1238 1533 obdormiam
1253 1477 1283 1532 in
1298 1482 1389 1532 morte
1397 1475 1430 1543 ”,
1442 1476 1470 1532 id
1482 1464 1534 1545 est,
1553 1494 1588 1533 ne
1597 1496 1722 1551 unquam
1738 1521 1741 1525 ·

66 1565 103 1621 in
121 1565 270 1621 infernum
285 1571 370 1622 retro.
382 1569 469 1621 Mons.
486 1567 686 1634 haereticus,ut
699 1567 729 1622 in
746 1568 865 1623 Psalmis
876 1587 881 1623 :
892 1553 1098 1637 Brequiescam
1122 1566 1151 1620 in
1175 1571 1299 1638 peccato.
1324 1568 1407 1634 Mors,
1432 1583 1515 1638 poena
1548 1573 1663 1636 aeterna,
1690 1573 1724 1624 nt

62 1672 82 1707 ι
102 1655 258 1720 Quomodo
269 1655 468 1710 dicitisanimae
479 1657 796 1728 meae:'l'ransmigrain
806 1674 884 1713 mon·
925 1654 953 1709 in
969 1656 1057 1710 Paulo
1071 1675 1076 1710 :
1090 1673 1104 1710 a
1117 1655 1171 1719 Qui
1184 1655 1254 1709 talia
1263 1661 1351 1725 agunt
1364 1655 1441 1726 digni
1453 1662 1520 1711 sunt
1530 1656 1657 1724 morte¹³,
1671 1646 1691 1711 »1
1695 1658 1722 1713 id

60 1750 133 1800 tem
150 1744 226 1800 sicut
240 1761 337 1816 passer
348 1744 377 1798 ¹?
389 1763 403 1797 r
413 1745 440 1799 id
456 1751 507 1812 est,
523 1748 576 1800 ut*
591 1752 726 1818 sequatur
739 1747 882 1801 hominem
924 1749 975 1810 est,
987 1744 1064 1815 digni
1076 1750 1144 1799 sunt
1155 1760 1237 1816 poena
1252 1750 1365 1799 aeterna.

58 1832 254 1901 haereticum,
270 1833 350 1907 quasi
365 1835 387 1889 si
402 1851 462 1889 esse
473 1851 584 1907 possem
593 1835 684 1907 magis
691 1836 797 1907 justus.
959 1834 1052 1887 Morus
1078 1839 1120 1888 ost
1140 1833 1277 1899 diabolus,
1298 1839 1330 1888 ut
1357 1833 1386 1888 in
1403 1834 1569 1905 Evangelio:
1594 1856 1607 1889 a
1624 1837 1724 1894 Dicens

107 1925 204 1989 Mons,
220 1921 378 1979 sublimitas
388 1923 474 1995 hujus
488 1924 596 1992 mundi,
609 1930 641 1979 ut
651 1924 680 1979 in
693 1925 786 1980 isaia:
805 1944 818 1978 r
832 1925 883 1980 Su·
923 1921 987 1977 huic
1000 1923 1103 1989 arbori,
1116 1924 1203 1987 More,
1216 1922 1423 1989 eradicare”,»
1439 1925 1514 1996 quod
1534 1927 1652 1997 apostoli
1662 1927 1724 1983 dia·

61 2029 126 2086 per
135 2018 265 2069 montem
277 2013 459 2084 caliginosum
469 2013 559 2068 levate
565 2013 586 2081 ³,
601 2034 614 2067 r>
626 2012 654 2068 id
664 2017 716 2080 est,
727 2012 883 2070 sublimita-
923 2011 1016 2066 bolum
1030 2012 1060 2067 in
1071 2012 1232 2067 hominibus
1242 2012 1476 2083 exstirpaverunt.

60 2108 132 2158 teni
157 2101 257 2157 mundi
285 2102 433 2158 humiliate
456 2102 492 2158 ad
516 2119 628 2158 crucem
652 2103 767 2160 Christi.
793 2105 880 2172 Mons,
959 2103 1155 2156 Mortorioluni
1170 2106 1213 2156 est
1228 2117 1307 2155 mens
1321 2100 1452 2169 hominis,
1469 2106 1501 2156 ut
1514 2101 1543 2156 in
1568 2101 1639 2158 libro
1661 2104 1722 2160 Nu·

58 2191 155 2263 virgo
176 2190 276 2259 Maria,
299 2197 331 2247 ut
354 2192 382 2245 in
407 2191 523 2247 Daniele
544 2211 549 2246 :
570 2211 583 2244 «
598 2190 731 2248 abcissus
753 2192 826 2266 lapis
847 2192 882 2246 de
925 2189 1014 2246 meri:
1034 2209 1046 2243 a
1063 2189 1183 2245 Terebat
1196 2191 1432 2262 populusmanna
1446 2191 1476 2244 in
1491 2190 1654 2246 mortariolo
1663 2191 1720 2261 ¹³,a

64 2285 177 2336 monte
192 2281 254 2335 sine
267 2279 396 2336 manibus
409 2281 431 2348 ³,
446 2303 458 2333 a
484 2281 558 2352 quod
583 2280 711 2336 Christus
734 2281 769 2336 de
792 2282 883 2336 Maria
925 2280 999 2349 quod
1014 2295 1096 2334 sacra
1111 2279 1256 2352 Scriptura
1271 2272 1300 2333 iri
1312 2283 1405 2334 mente
1414 2277 1555 2334 subtiliter
1564 2284 1608 2335 est
1620 2297 1671 2352 per
1678 2281 1723 2336 in·

56 2374 162 2427 matus
176 2369 504 2425 estsineririlisemine.
521 2369 575 2424 Per
592 2376 696 2425 montes
717 2370 821 2442 angeli,
850 2376 883 2427 ut
922 2368 1064 2424 tellectum
1080 2368 1304 2424 comminuenda.
1321 2368 1376 2423 Per
1397 2372 1595 2424 mortariolum
1614 2375 1722 2443 marty-

52 2458 98 2514 in
115 2458 256 2514 Psalmis:
275 2458 501 2513 «Fundamenta
521 2459 584 2530 ejus
608 2458 637 2514 in
651 2458 794 2514 montibus
815 2475 881 2514 san-
922 2457 974 2523 ria,
986 2463 1018 2512 ut
1027 2457 1056 2512 in
1065 2458 1173 2513 Exodo:
1192 2475 1206 2510 ι
1223 2458 1386 2513 Mortariola
1403 2463 1432 2513 et
1446 2457 1591 2513 thuribula
1608 2458 1640 2526 ³³,
1657 2479 1668 2511 ι
1693 2459 1722 2515 id

48 2549 123 2604 ctis
141 2547 174 2613 ¹³,
189 2548 290 2620 »quod
300 2554 397 2602 sancta
408 2548 532 2602 Ecclesia
542 2547 678 2603 fundatur
687 2547 715 2602 in
727 2547 879 2621 prophetis.
922 2551 975 2615 est,
990 2547 1127 2620 martyria
1137 2553 1166 2602 et
1179 2546 1264 2602 corda
1281 2552 1443 2602 sanctorum
1457 2547 1485 2602 in
1500 2565 1595 2605 amore
1610 2549 1661 2605 Dei
1676 2565 1723 2604 ar·

48 2637 128 2693 Per
149 2642 256 2692 montes
266 2637 395 2709 apostoli,
405 2637 475 2692 utin
487 2636 624 2692 Psalmis:
644 2636 769 2693 rLevavi
787 2637 881 2693 oculos
922 2635 1028 2690 dantia.

53 2726 201 2782 theosin
219 2733 329 2782 montes
345 2726 406 2793 ¹¹,»
424 2726 453 2781 id
473 2732 525 2793 est,
551 2725 643 2781 cordis
666 2726 722 2782 mei
746 2727 880 2781 intuitum
957 2726 1060 2780 Mulier
1073 2730 1116 2780 est
1130 2726 1181 2781 Dei
1195 2724 1342 2797 sapientia,
1362 2725 1437 2781 utin
1451 2726 1618 2797 Evangelio:
1638 2728 1724 2784 ‹blu-

47 2815 152 2872 erexi
165 2815 201 2871 ad
214 2816 370 2871 doctrinam
382 2817 584 2888 apostolorum.
600 2816 654 2871 Per
665 2822 770 2871 montes
779 2832 881 2888 praece-
922 2813 974 2868 lier
985 2813 1092 2869 habens
1105 2813 1253 2870 drachmas
1263 2814 1360 2870 decom
1377 2813 1410 2882 ¹³,
1433 2834 1447 2868 a
1463 2814 1490 2869 id
1506 2819 1584 2882 est·
1607 2817 1657 2872 Dei
1680 2834 1724 2873 sa·

51 2904 530 2978 ptasublimia,queepertinentad
539 2873 910 2977 perfectos‘PernrontcsC
923 2902 1057 2975 pientiam
1070 2911 1173 2975 regunt
1184 2903 1307 2959 divinam
1326 2909 1355 2959 et
1375 2905 1529 2959 humanam
1549 2912 1720 2962 creaturam.

46 2994 132 3050 duo
141 2994 333 3062 Testamenta,
341 3000 372 3048 ut
381 2994 410 3049 in
418 2995 550 3051 Psalmis:
564 2994 791 3050 ulntermedium
803 3011 880 3050 mou·
922 2995 1033 3056 diutior,
1044 2993 1221 3056 Christusmt
1230 2993 1260 3048 in
1270 2993 1433 3063 Evangelio:
1447 2995 1649 3051 «Formontum
1661 2995 1722 3051 abs-

48 3084 148 3140 tium
159 3083 373 3156 pertransibunt
382 3101 461 3157 aque
472 3083 527 3151 ¹¹,r
540 3085 614 3157 quod
624 3085 653 3140 in
666 3100 804 3140 consensu
813 3085 881 3139 duo-
921 3082 1015 3136 condit
1030 3081 1131 3136 mulier
1143 3082 1171 3137 in
1186 3081 1282 3137 farinae
1297 3088 1359 3137 sata
1372 3083 1427 3137 tria
1439 3082 1472 3150 ²⁸,
1489 3103 1501 3136 r
1521 3084 1595 3156 quod
1619 3085 1720 3141 huma-

48 3172 882 3238 rum'l'estamentorumdiscurruntliuentadoetiinae,Per
922 3187 990 3226 num
1005 3188 1096 3243 genus
1110 3171 1240 3227 Christus
1254 3172 1352 3226 intres
1367 3172 1479 3227 ordines
1494 3172 1629 3242 distinxit,
1645 3176 1722 3230 ordi·
1812 3194 1815 3201 ·

45 3268 181 3317 visontes
195 3263 401 3334 predicatores,
419 3269 449 3317 ut
473 3262 501 3316 in
526 3262 661 3316 Psalmis:
690 3280 704 3316 a
722 3262 882 3334 Suscipiunt
922 3276 986 3315 nem
1001 3260 1107 3316 scilicet
1120 3261 1310 3333 praelatorum,
1322 3261 1537 3329 continentium,
1551 3268 1580 3316 et
1592 3265 1723 3337 conjuga-

50 3359 188 3407 nontes
201 3368 300 3424 pacem
316 3351 347 3418 ¹³,
367 3373 378 3403 r
393 3351 422 3406 id
446 3357 499 3419 est,
517 3350 713 3423 praedicatores
737 3354 747 3375 ·
770 3367 881 3405 annun·
922 3351 1145 3415 torumllutier,
1154 3356 1250 3405 saneta
1257 3349 1389 3415 Ecclesia,
1398 3349 1724 3409 utinParabolis:‹Mu·

47 3439 150 3495 tiene
165 3441 360 3514 paenitentiam
379 3442 414 3495 de
437 3439 582 3513 subjectis.
613 3440 667 3495 Per
688 3445 792 3494 neantes
814 3455 881 3495 con·
923 3435 1019 3491 liercin
1035 3438 1133 3492 sortem
1145 3438 1208 3509 quis
1218 3437 1414 3493 inveniam»
1432 3440 1505 3509 quod
1519 3440 1607 3494 solius
1620 3441 1672 3496 Dei
1680 3448 1725 3498 est
1819 3466 1827 3473 ¹·

52 3530 276 3602 templationes
300 3529 427 3595 internae,
451 3535 484 3585 ut
506 3529 535 3584 in
559 3528 627 3584 Job:
656 3547 668 3579 r
686 3528 882 3600 Circumspicit
923 3532 1048 3581 sanctam
1063 3527 1213 3582 Ecclesiam
1223 3527 1251 3581 in
1260 3528 1364 3582 mundo
1378 3532 1513 3582 statuere.
1525 3529 1722 3601 Mulier,virgo

58 3625 190 3675 nantes
204 3635 314 3692 pascuae
325 3622 335 3643 ·
347 3618 469 3686 tuae¹¹,a
482 3619 510 3673 id
521 3625 573 3685 est,
582 3618 740 3674 considerat
754 3618 882 3673 altitudi·
923 3616 1031 3681 Maria,
1048 3621 1080 3671 ut
1097 3616 1126 3672 iu
1150 3615 1290 3670 Ieremia:
1318 3633 1331 3668 a
1354 3616 1455 3671 Mulier
1475 3613 1660 3673 circumdabit
1680 3618 1722 3674 vi·

67 3722 134 3762 mes
142 3708 318 3764 internarum
328 3708 608 3780 contemplationum,
624 3706 654 3762 in
668 3706 770 3779 quibus
784 3707 883 3762 devote
924 3722 986 3762 rum
1001 3705 1034 3773 ³³,
1051 3724 1063 3759 n
1080 3705 1175 3772 idest,
1192 3704 1281 3759 Maris
1288 3704 1426 3777 concipiet
1437 3705 1592 3762 Christum.
1608 3708 1721 3775 Mulier,

71 3810 176 3853 amma
189 3797 307 3870 depasta
321 3802 377 3855 est.
396 3798 451 3852 Per
460 3801 563 3851 orontes
574 3796 703 3851 homines
713 3795 839 3867 superbi,
850 3802 883 3853 ut
922 3812 1011 3867 genus
1024 3795 1191 3861 humanum,
1207 3797 1239 3849 ut
1253 3794 1281 3849 in
1290 3794 1457 3866 Evangelio:
1473 3817 1486 3844 a
1502 3795 1537 3850 Et
1546 3812 1613 3859 ,eece
1621 3797 1723 3853 mulier

70 3880 194 3941 iniob:
213 3906 224 3936 ι
243 3886 316 3941 Huic
328 3892 439 3940 inontes
453 3884 554 3940 herbas
570 3885 706 3950 lerunt¹⁵,
724 3885 822 3955 »quod
837 3901 882 3940 su·
922 3901 983 3956 quae
1008 3880 1131 3939 habebat
1155 3883 1286 3957 spiritum
1316 3885 1327 3908 ¹
1352 3884 1530 3941 immundum
1553 3884 1586 3951 ³¹,
1605 3906 1618 3939 n
1648 3887 1722 3958 quod

77 3972 159 4043 peni
173 3974 278 4048 quique
293 3974 437 4030 diabolum
453 3991 503 4046 per
518 3973 667 4031 elationem
682 3979 811 4044 pascunt.
827 3973 882 4029 Per
921 3972 1049 4028 diabolus
1062 3989 1152 4045 genus
1167 3973 1322 4028 humanum
1333 3989 1384 4045 per
1398 3981 1541 4046 peccatum
1557 3975 1690 4048 possedit.
1709 3999 1722 4027 ι

79 4071 183 4120 amnas
197 4064 320 4137 superba
334 4064 419 4120 corda
431 4065 445 4119 J
449 4065 602 4128 udeeorum,
618 4068 652 4117 ut
669 4063 699 4117 in
722 4061 800 4117 libris
825 4062 880 4118 Re·
922 4064 1032 4128 Mulier,
1049 4061 1135 4117 anina
1147 4060 1248 4128 fidelis,
1266 4062 1340 4118 utin
1354 4062 1517 4119 Parabolis:
1534 4063 1667 4120 «Mulier
1679 4082 1722 4121 sa·

79 4163 147 4218 gun
159 4173 167 4209 ε
181 4173 193 4206 r
210 4152 320 4210 Montes
330 4152 444 4219 Gelboe,
460 4168 580 4218 necros,
596 4168 648 4206 nec
661 4150 755 4224 pluvia
767 4150 881 4206 veniant
920 4151 1000 4223 piens
1009 4151 1130 4207 aedificet
1139 4152 1254 4206 domum
1264 4168 1344 4206 suam
1351 4150 1384 4219 ³¹,
1402 4173 1415 4206 r
1429 4154 1503 4225 quod
1517 4153 1612 4208 anima
1622 4155 1722 4209 devota

78 4249 218 4310 Superros
228 4240 284 4308 ¹³,s
297 4242 372 4314 quod
382 4240 536 4297 infidelium
547 4240 561 4295 J
564 4241 708 4296 udaeorum
718 4245 827 4296 mentes
836 4256 881 4295 su·
920 4247 1034 4312 reparat
1044 4246 1265 4296 mentemsuam.
1279 4243 1389 4308 Mulier,
1400 4242 1507 4296 vanitas
1517 4242 1614 4297 mundi
1624 4241 1719 4314 hujus,

81 4327 181 4397 Ptrbe,
197 4331 245 4404 qui
261 4331 405 4386 Christum
419 4330 591 4396 occiderunt,
601 4329 827 4402 praedicationem
837 4346 881 4385 re·
920 4337 953 4386 ut
967 4330 996 4384 in
1004 4329 1171 4402 Apocalypsi
1183 4348 1189 4383 :
1208 4330 1269 4384 alit
1280 4330 1384 4384 mulier
1393 4336 1454 4384 erat
1466 4331 1638 4386 circumdata
1651 4346 1721 4403 pur·

81 4408 171 4475 ritem
184 4437 241 4476 nou
253 4425 447 4492 susceperunt.
460 4421 515 4474 Per
530 4425 634 4474 ruentes
652 4418 781 4491 gentiles,
801 4423 833 4474 ut
850 4418 880 4474 in
920 4436 991 4492 pura
1006 4425 1035 4474 et
1048 4422 1058 4442 ⁴
1074 4417 1186 4474 coccina
1200 4417 1232 4484 ³³,
1249 4437 1262 4470 a
1279 4418 1355 4489 quod
1369 4419 1467 4472 mundi
1481 4418 1565 4490 hujus
1579 4427 1720 4476 amatores

77 4493 402 4565 libnsMschabaeorum:
417 4529 427 4560 ι
441 4508 878 4583 Resulsitsolinclypeosaureos,
919 4526 970 4580 per
985 4508 1147 4581 superbiam
1162 4506 1282 4561 maxime
1292 4506 1480 4576 decipiuntur.
1497 4509 1608 4575 diutior,
1620 4509 1722 4573 crude„

78 4592 109 4641 θ’
118 4599 353 4671 resplenduerunt
364 4603 474 4653 montes
488 4598 523 4652 ab
537 4597 578 4652 eis
588 4598 620 4665 ¹¹,
640 4618 650 4649 r
669 4599 742 4669 quod
759 4598 879 4670 Spiritus
920 4597 995 4663 litas,
1010 4602 1043 4651 ut
1056 4597 1085 4651 in
1101 4594 1284 4667 Apocalypsi:
1304 4614 1315 4646 r
1332 4592 1395 4649 Vidi
1408 4595 1554 4651 mulierem
1565 4597 1672 4653 ebriam
1686 4598 1721 4654 de

75 4686 192 4743 motus
204 4689 283 4744 renit
291 4688 327 4743 ad
337 4688 489 4760 apostolos,
506 4692 535 4742 et
548 4686 583 4741 ab
595 4687 635 4741 eis
651 4687 803 4742 illuminati
813 4692 880 4755 sunt
919 4686 1056 4757 sangnine
1084 4690 1241 4756 martyrum
1262 4685 1328 4738 Jesu
1352 4684 1385 4750 ³¹,
1404 4702 1417 4735 r
1433 4687 1507 4757 quod
1518 4703 1615 4742 omnes
1630 4686 1721 4759 iniqui

74 4774 305 4850 P⁰puligentiles
316 4778 370 4833 Per
376 4784 478 4833 virentes
485 4776 600 4848 spiritus
607 4775 733 4846 maligni,
741 4781 774 4831 ut
780 4775 810 4830 in
816 4793 880 4831 can·
920 4781 948 4831 et
959 4775 1081 4831 maxime
1088 4773 1216 4829 crudeles
1223 4778 1415 4843 persecutores
1423 4773 1452 4828 in
1465 4777 1476 4797 ¹
1486 4773 1628 4830 montibus
1637 4775 1720 4830 Chri-

73 4848 135 4917 ti¹¹0
148 4866 294 4924 Habacuc:
315 4886 327 4918 ι
341 4867 376 4922 Et
384 4865 497 4921 contriti
505 4868 572 4920 sunt
586 4869 697 4919 montes
711 4865 804 4920 saeculi
815 4865 847 4933 ¹³,
862 4885 874 4918 i
920 4866 1076 4921 stianorum
1091 4863 1276 4919 delectantur.
1298 4864 1409 4921 Mulier.
1429 4863 1557 4920 doctrina
1577 4865 1717 4932 haeretica,
1740 4876 1743 4881 ’

78 5095 91 5150 ¹
113 5038 196 5148 ¹⁸1sa.
211 5060 268 5113 mr,
285 5045 332 5101 13.
348 5045 458 5101 ‘Exod
472 5059 546 5112 xxiv,
565 5044 609 5101 11.
624 5043 636 5078 ³
652 5043 721 5099 Gea'.
735 5058 790 5108 xix,
809 5041 852 5099 30.
869 5042 966 5098 ¹Psal.
984 5055 1050 5110 nan,
1068 5041 1094 5097 3.
1107 5041 1202 5148 ⁵'Psal
1217 5055 1259 5107 111,
1271 5042 1296 5096 5.
1313 5041 1325 5075 ³
1339 5042 1438 5147 Mpptb.
1451 5041 1716 5110 xv11,20.¹Psal.x,

76 5118 203 5256 mlh
210 5131 276 5244 111
289 5117 346 5244 id
353 5117 542 5256 effi-erl·
551 5115 881 5259 ldtslihhl
894 5114 1117 5254 deteret
1137 5112 1379 5252 111111,
1394 5114 1484 5238 du
1494 5112 1657 5252 errat,
1666 5114 1718 5246 ir.

75 5233 100 5275 ²¹
115 5250 190 5314 Psoi.
206 5274 263 5316 sir.
280 5258 307 5317 4.
324 5259 348 5294 ”
361 5260 435 5315 Psal.
451 5274 507 5326 err,
524 5261 551 5314 5.
568 5258 591 5293 ¹³
606 5259 685 5313 Rom.
702 5273 721 5323 r,
739 5257 784 5314 32.
801 5257 824 5293 ¹¹
838 5259 904 5313 Luc.
926 5271 994 5321 xvir,
1012 5256 1055 5311 10.
1070 5257 1093 5290 ”
1108 5259 1192 5312 Num.
1211 5270 1249 5322 rr,
1266 5252 1292 5311 8.
1306 5255 1330 5289 ¹³
1342 5255 1427 5310 Exod.
1440 5271 1503 5322 axv,
1516 5255 1560 5321 29,
1573 5261 1716 5327 etxxxrn,

81 5308 129 5378 ¹¹3·
143 5328 164 5366 ¹¹
177 5326 244 5388 Luc.
260 5346 306 5397 xv,
316 5331 344 5386 8.
360 5329 384 5367 ¹⁸
397 5331 498 5387 Matth.
513 5345 573 5396 xrrr,
590 5329 635 5386 33.
655 5328 679 5364 ¹¹
695 5330 776 5385 Prov.
792 5343 866 5384 xxxi.
881 5328 925 5384 10.
947 5327 971 5364 ³⁰
984 5328 1042 5383 Jer.
1055 5342 1129 5394 xxxi,
1145 5327 1190 5382 22.
1205 5328 1226 5362 ³¹
1244 5328 1310 5383 Luc.
1327 5341 1387 5394 xru,
1405 5328 1444 5394 ll,
1466 5327 1505 5386 16.
1526 5325 1551 5362 ³¹
1563 5328 1643 5384 Prov.
1660 5344 1715 5399 xiv,
1823 5398 1830 5417 ι

87 5378 112 5442 ¹·
128 5397 152 5436 ε
164 5403 248 5475 spec.
264 5415 334 5471 nn,
346 5403 373 5457 a.
388 5400 411 5436 ³⁴
425 5401 495 5458 nu.
508 5417 535 5469 v,
552 5402 577 5457 a.

270 5501 509 5565 Parnoi-Milli.
1520 5502 1559 5562 3²
