3772 6120
122 293 173 349 ³15
414 293 446 347 D.
467 290 603 347 anunm
627 290 744 346 naum
761 288 930 345 suculas.
950 287 1113 346 unauna.
1135 288 1284 347 OPERDM
1302 288 1395 346 PARS
1412 289 1464 348 111.
1706 292 1759 347 ott

121 436 191 484 raso,
207 435 281 474 nuno
295 419 369 474 Filii.
384 420 591 488 Argumentum
605 423 699 472 autom
715 433 770 488 quo
785 416 1190 487 adserereAquomadmodum
1204 419 1289 470 rnirlti
1297 417 1340 470 dii
1353 417 1498 473 cidamini
1512 421 1608 482 malti,
1621 421 1666 474 scd
1680 420 1760 474 sam

120 515 247 566 conatur,
265 525 315 561 nos
326 510 386 576 jam
401 523 457 580 non
471 523 532 560 asse
542 506 594 560 sub
612 508 682 577 lege,
697 507 746 559 sed
761 506 811 559 sub
825 507 917 575 mutin
956 521 1030 560 unas
1047 507 1113 559 Dens
1128 508 1217 569 Pater,
1232 520 1282 572 par
1296 520 1375 573 qiiorn
1391 510 1487 560 omnia
1501 512 1526 559 ct
1541 525 1589 561 nos
1600 511 1633 563 in
1649 512 1719 577 ipso,
1736 515 1760 562 ct

121 597 232 651 Domini
247 597 322 660 lesu,
345 597 395 650 toli
410 597 466 653 frua
480 595 629 649 concludit.
645 596 780 666 Superius
797 595 915 660 dixerat,
959 610 1031 647 iarius
1045 596 1179 647 Dominus
1197 595 1273 647 iesus
1292 593 1425 658 Christus,
1443 610 1493 662 por
1516 611 1596 664 piram
1610 601 1717 662 ornnia,
1734 604 1762 652 at

120 692 152 739 ut
166 687 340 754 adaptionem
353 688 478 752 filiorum
496 676 691 752 reciperemus:
704 700 778 737 nunc
792 684 842 737 Dei
857 699 916 737 esse
959 698 1007 736 nos
1027 698 1078 750 por
1096 685 1186 750 ipsum
1201 683 1227 748 (l
1247 682 1307 737 Dor.
1323 685 1389 750 orii).
1410 683 1480 738 Cum
1500 689 1595 739 autem
1618 685 1696 750 dicit,
1717 687 1761 740 liis

121 789 171 827 nos
186 774 266 837 lilios,
283 790 316 827 ex
338 773 439 844 spiritu
455 772 555 843 probat
570 788 652 842 quern
668 771 804 826 habemus
818 772 848 825 in
867 788 918 826 no·
958 772 1762 839 quinaturaliternonsuntdiisorristinsatisdemonstrat

118 863 170 915 his.
184 863 335 932 Nunquam
345 862 431 925 enim,
443 861 544 932 inquit,
560 861 729 915 auderemus
739 860 847 914 dicare:
865 863 918 914 Po·
959 874 1048 914 unum
1055 875 1152 914 rerum
1162 859 1253 914 Deam
1263 865 1365 915 natura
1374 876 1434 914 osse
1450 861 1551 925 Deum,
1568 878 1624 932 quo
1633 864 1758 927 nomine,

120 958 161 1005 ter
176 957 274 1015 noster,
292 955 341 1020 qni
350 968 375 1006 cs
389 955 420 1004 in
430 955 511 1015 ralis,
521 952 707 1017 sariatinmtur
717 966 817 1003 riariran
827 955 916 1007 latim.
959 948 1081 1003 Trinitas
1092 948 1253 1003 fidelissimo
1274 952 1304 1003 et
1320 949 1456 1004 catholico
1464 951 1573 1020 gremio
1584 952 1677 1008 cordis
1692 954 1764 1010 acci·

119 1042 172 1094 nisi
192 1041 227 1094 dc
241 1040 413 1094 conscientia
428 1039 552 1110 Spiritus
567 1037 721 1092 habitantis
742 1037 768 1091 in
783 1037 873 1103 nobis,
891 1042 920 1090 at
961 1036 1045 1106 pitur.
1058 1037 1112 1090 Eos
1130 1041 1224 1090 aulem
1235 1036 1282 1115 qui
1293 1042 1394 1090 natum
1404 1053 1460 1093 non
1470 1045 1537 1094 sunt
1547 1039 1597 1103 dii,
1613 1045 1765 1110 propterea

119 1145 222 1199 magna
231 1145 365 1185 sensuum
376 1133 405 1182 et
414 1128 578 1197 dogmatum
588 1143 655 1182 soca
663 1126 915 1190 clamante:Abda‚
960 1124 1088 1194 superius
1125 1120 1321 1195 procuratores
1350 1131 1514 1197 actoresque
1543 1129 1675 1198 appellat,
1698 1131 1765 1199 quia

121 1222 211 1283 Pater,
236 1218 324 1282 Abba,
351 1217 520 1272 Hebraieam
541 1224 593 1279 est,
620 1216 742 1286 idipsum
758 1215 919 1285 significans
961 1214 1038 1267 nulla
1053 1220 1183 1268 creatura
1197 1220 1248 1278 ast,
1264 1213 1321 1268 sire
1332 1230 1394 1284 quae
1406 1214 1435 1269 in
1448 1215 1566 1271 venun
1576 1224 1681 1283 manet,
1693 1218 1764 1272 dans

119 1307 193 1379 quod
205 1309 297 1371 Pater,
310 1314 339 1362 et
347 1308 420 1360 hanc
430 1305 663 1360 consuetudinem
672 1305 701 1358 in
717 1304 843 1375 pluribus
852 1303 920 1358 locis
960 1301 1079 1371 gloriam
1099 1303 1171 1356 Deo:
1192 1301 1249 1355 sira
1263 1319 1325 1372 quea
1342 1301 1499 1358 inveritate
1511 1306 1667 1372 nonanus,
1683 1324 1760 1377 qua-

119 1397 265 1467 Scriptura
280 1401 436 1457 conservat,
449 1401 481 1449 ut
491 1394 661 1448 Hebraieum
671 1392 787 1446 verbum
797 1409 860 1448 oum
876 1392 920 1447 in·
962 1407 1027 1445 rens
1036 1390 1156 1461 gloriam
1166 1406 1255 1445 suam.
1268 1391 1353 1446 Nulla
1362 1407 1428 1460 crgo
1438 1397 1622 1449 creatumest
1631 1411 1702 1466 que,
1715 1413 1763 1450 re-

119 1484 321 1555 torpretatione
336 1500 389 1537 sua
402 1489 496 1554 ponat.
515 1483 677 1536 Notandum
691 1482 777 1535 etiam
788 1482 854 1552 quia
863 1481 920 1534 cla·
962 1478 995 1533 lit
1004 1478 1084 1543 nolit,
1097 1495 1154 1532 uon
1164 1477 1264 1533 aivins
1279 1479 1461 1549 providentias
1475 1481 1588 1538 serviat.
1601 1483 1651 1537 sed
1665 1483 1761 1540 voleus

118 1589 180 1628 mor
198 1573 227 1628 in
249 1572 401 1643 Scripturis
422 1588 478 1626 non
502 1587 610 1640 magnes
627 1570 701 1626 vocis
721 1570 844 1631 emissio.
872 1570 920 1623 scd
962 1566 1029 1622 lacit
1042 1583 1107 1623 cum
1121 1583 1155 1620 ea
1169 1567 1243 1637 quod
1254 1566 1359 1622 bonum
1374 1572 1426 1634 est,
1439 1570 1474 1624 ‹le
1490 1570 1539 1624 illa
1552 1587 1617 1625 vero
1631 1588 1693 1642 quae
1708 1572 1760 1627 hoc

117 1662 241 1716 scientiae
251 1661 436 1730 intelligatur,
448 1665 477 1715 et
487 1661 651 1730 dogmatum
662 1659 840 1728 magnitudo:
854 1675 920 1712 nam
962 1672 1018 1710 non
1039 1656 1108 1710 vult.
1129 1657 1161 1709 lit
1184 1656 1257 1726 quod
1278 1657 1388 1726 justum
1411 1664 1464 1712 est.
1484 1659 1557 1714 Nam
1573 1659 1597 1714 si
1611 1660 1697 1715 etiam
1712 1661 1764 1732 ipsi

118 1757 147 1805 et
164 1751 193 1805 in
209 1750 303 1804 Exodo
319 1749 464 1820 respondit
481 1749 617 1803 Dominus
635 1748 671 1802 ad
689 1749 805 1819 Moysen
821 1765 827 1800 :
846 1749 918 1815 (lind
929 1733 1188 1816 Bpraevaricatorcs
1220 1745 1313 1815 angeli
1331 1761 1395 1801 cum
1423 1747 1549 1817 principa
1570 1765 1621 1803 suo
1640 1749 1760 1805 Diabolo

117 1843 220 1893 clarnos
233 1841 270 1893 ad
285 1856 325 1892 inc
344 1839 437 1901 (Daod.
457 1840 514 1903 xrs)
524 1839 536 1890 'l
551 1853 614 1891 cum
630 1836 742 1908 penitus
764 1836 852 1908 Moysi
866 1853 917 1891 vox
958 1850 1014 1888 non
1024 1841 1100 1888 recte
1110 1834 1270 1889 dicerentur
1283 1842 1479 1905 procuratores
1488 1837 1530 1892 rel
1540 1838 1758 1893 notoresdivine

117 1929 196 1983 nulls
210 1929 383 1999 praecesserit
396 1947 402 1993 ;
424 1944 521 1982 rerum
536 1932 734 1997 compunctum
748 1942 805 1988 cor,
822 1932 851 1980 et
866 1942 916 1995 pro
957 1922 1211 1994 providentiae‚non
1217 1922 1353 1979 Dominus
1362 1924 1557 1993 magistratum
1567 1926 1756 1996 hujusmundi

118 2017 220 2088 populo
239 2015 458 2088 lacrymabiliter
476 2016 679 2086 ingemiscens.
694 2016 840 2085 Scriptura
864 2014 918 2067 ela·
959 2011 1106 2067 Diabolum
1118 2011 1231 2075 diceret,
1246 2028 1297 2067 uec
1306 2017 1434 2068 uteretur
1443 2013 1491 2067 illo
1502 2015 1537 2068 nd
1552 2016 1759 2086 correptionem

118 2121 226 2159 morem
241 2106 358 2159 vocarit.
375 2104 520 2169 Quomodo
541 2104 627 2173 igitur
642 2104 689 2173 qui
705 2102 840 2174 Spiritum
855 2102 918 2157 Filii
959 2099 1105 2155 hominum
1127 2100 1188 2170 ipsu
1213 2105 1336 2170 potestas
1360 2102 1522 2170 apostolica.
1546 2104 1646 2159 eodem
1673 2105 1760 2160 Paulo

117 2195 168 2248 Dei
183 2193 278 2258 habet,
304 2193 392 2247 Filius
406 2193 456 2247 Dei
472 2198 515 2246 est
529 2212 534 2253 ;
550 2192 589 2245 sia
610 2193 639 2246 in
662 2192 846 2262 reciprocum,
871 2191 918 2261 qui
960 2189 1025 2245 alibi
1044 2190 1154 2245 dicante
1175 2191 1201 2255 (i
1221 2190 1291 2244 Tim.
1308 2196 1344 2255 1);
1361 2207 1426 2258 aiios
1451 2193 1557 2246 tradidi
1585 2191 1705 2258 Sasona,
1727 2201 1756 2249 ut.

118 2283 256 2352 Spiritum
271 2282 336 2336 Filii
352 2281 403 2336 Dei
419 2297 475 2335 non
490 2281 583 2345 habet,
596 2280 647 2334 Dei
657 2280 744 2334 Filius
761 2296 816 2335 non
828 2284 920 2350 potest
953 2280 1068 2353 *discant
1084 2294 1139 2333 non
1157 2278 1348 2345 blasphemare
1357 2298 1365 2341 ,·
1389 2284 1419 2332 et
1439 2279 1494 2335 alio
1515 2280 1576 2335 loco
1597 2284 1624 2348 (1
1636 2284 1699 2337 Dor.
1718 2290 1755 2352 r).

121 2370 719 2442 appellari.decepistisspirilmuadoptianis
727 2371 851 2435 filiarum
860 2370 917 2431 Dei,
961 2366 1135 2431 adsalutem,
1148 2366 1189 2422 ait
1201 2365 1275 2421 enim
1288 2385 1294 2419 ι
1311 2367 1366 2434 Epo
1380 2369 1491 2436 qainon
1504 2372 1574 2423 sinit
1590 2372 1687 2426 absens
1701 2389 1761 2426 aar·

117 2464 150 2513 in
167 2477 223 2528 pua
244 2464 417 2513 claruamns:
433 2460 518 2521 diruo,
535 2461 615 2512 Potor
630 2460 715 2524 (Darii.
733 2460 801 2525 rin).
823 2457 919 2527 [Aug]
959 2471 1035 2524 pora,
1047 2457 1594 2524 pirasomamanspiritajamjmiimui
1604 2463 1686 2527 arias-i
1694 2477 1761 2528 pitr-

123 2549 192 2602 Ecce
204 2548 249 2602 hic
259 2547 394 2603 nondixit
404 2547 478 2618 quod
488 2547 547 2616 ipse
559 2546 680 2617 Spiritus
690 2547 792 2599 clamet
804 2545 920 2610 orando,
962 2560 1022 2598 sens
1034 2560 1097 2600 cunt
1111 2547 1161 2612 qui
1174 2546 1214 2598 sia
1228 2549 1353 2611 oporatur
1366 2549 1403 2599 ost
1417 2548 1449 2601 in
1460 2550 1571 2602 nursino
1581 2549 1695 2604 Domini
1708 2565 1762 2603 rso-

120 2635 791 2705 sod,inquoalamonins‚Abi›a‚Poter.Aliotamen
806 2634 866 2689 loco
882 2633 922 2688 ait
961 2635 1016 2686 stri
1033 2635 1096 2688 iesu
1118 2632 1230 2695 Christi,
1255 2635 1424 2699 conpropatis
1440 2635 1515 2689 rolris
1529 2641 1553 2689 ol
1568 2652 1628 2690 mac
1642 2640 1755 2705 spiritu.

121 2724 243 2792 (Gaison
256 2725 393 2791 Quoniam
403 2726 458 2790 filii
466 2727 538 2787 ostis,
550 2726 626 2776 misit
632 2724 702 2776 Deus
711 2722 849 2791 Spiritum
856 2723 922 2776 Filii
962 2723 1152 2790 ournpatantio
1160 2721 1274 2776 Domini
1281 2725 1370 2774 nostri
1379 2724 1441 2777 iesu
1452 2723 1565 2788 Diuisti,
1574 2727 1684 2781 tradere
1695 2729 1764 2793 ojus·

120 2816 167 2867 sui
181 2817 213 2866 in
225 2814 308 2866 cordo
324 2817 429 2878 nostro,
438 2815 603 2866 olarnantnn
618 2813 693 2865 Allia
707 2813 798 2874 Pater,
811 2827 866 2865 non
876 2809 921 2865 hic
961 2810 1037 2865 modi
1047 2808 1157 2865 Salano
1171 2812 1203 2862 in
1218 2812 1366 2864 interitum
1381 2814 1475 2867 cornis
1488 2818 1519 2866 ul
1534 2816 1652 2881 spiritus
1665 2819 1760 2871 saluas

123 2902 173 2962 ait,
182 2901 492 2971 inpuaolammnus‚sed
503 2900 595 2970 ipsum
603 2899 739 2970 Spiritum
750 2900 919 2954 clamantem
961 2901 995 2951 sil
1011 2901 1043 2952 in
1057 2899 1100 2953 iiic
1114 2899 1228 2953 Domini
1244 2900 1318 2951 lesu.
1340 2898 1395 2954 Sed
1414 2899 1596 2970 magistratus
1616 2901 1668 2958 sub
1683 2907 1764 2960 ann

119 2991 211 3044 dicere
225 2989 334 3049 maluit.
348 3006 403 3061 quo
417 2989 539 3043 efficitur
550 2994 583 3043 ut
591 2989 753 3043 clamemus.
767 2989 845 3042 Sicut
854 2994 921 3043 sunt
961 2985 1131 3056 imperatore
1145 3001 1202 3041 non
1212 2985 1286 3051 lacit,
1304 2986 1358 3041 nisi
1373 2994 1509 3058 quantum
1524 2989 1563 3045 illi
1578 2991 1761 3061 permittitur,

120 3080 181 3133 illa:
197 3081 254 3147 ipsa
262 3080 385 3147 Spiritus
395 3081 552 3146 interpellat
562 3079 707 3145 pomitilrm
717 3080 921 3132 inumrraiiili-
932 3048 992 3126 Cet
1014 3080 1210 3144 procuratores
1229 3079 1395 3145 actoresque
1414 3077 1615 3146 hujusmundi
1637 3079 1708 3135 nihil
1721 3079 1762 3137 io-

120 3170 169 3221 lms
177 3188 185 3232 ;
196 3165 658 3236 et:SpiritusPatriosrstriasiqni
668 3168 918 3235 loquilnrinuollis.
961 3162 1049 3229 ciunt,
1068 3163 1123 3218 nisi
1133 3168 1271 3234 quantum
1283 3163 1419 3219 Dominus
1434 3164 1509 3220 sinit.
1527 3166 1589 3224 Non
1604 3166 1680 3223 enirn
1694 3168 1763 3225 lant

154 3259 249 3326 Iloqin
257 3259 320 3325 jain
338 3272 393 3310 non
405 3261 443 3309 est
456 3271 559 3321 sororis,
574 3257 619 3309 sai
631 3258 716 3322 illisu.
728 3254 846 3324 (Ambr.)
857 3256 919 3309 Non
961 3267 1026 3307 oum
1036 3251 1142 3322 aliquid
1155 3252 1227 3308 sicut
1237 3252 1389 3318 hortunam,
1409 3254 1497 3311 autin
1509 3255 1603 3326 aliquo
1613 3257 1761 3315 autminus

119 3353 162 3399 est
178 3361 283 3407 sersus,
300 3345 367 3415 quio
382 3343 508 3398 sublatus
523 3343 557 3397 de
578 3349 715 3414 potestate
730 3343 808 3413 legis,
826 3344 918 3398 socius
961 3344 1690 3415 potansutprocurutoros.atqueootorosquisuotin
1700 3348 1762 3418 ejus

118 3434 209 3491 factus
223 3440 267 3488 ost
281 3433 481 3488 benedictionis
496 3432 603 3504 proprii
617 3433 666 3486 tilii
683 3432 742 3487 Dei.
757 3434 831 3499 (laod
845 3436 870 3486 si
885 3435 918 3499 n·
959 3435 1098 3500 potestate
1116 3429 1230 3500 aliquid,
1253 3430 1313 3500 ipso
1338 3431 1395 3486 siro
1414 3448 1471 3489 non
1495 3434 1687 3504 permittente,
1705 3436 1761 3492 sire
1799 3500 1807 3511 Ι

119 3527 186 3583 iius,
197 3530 221 3577 ct
238 3518 321 3577 liores
336 3538 385 3591 ,aar
397 3524 492 3576 liciam.
506 3520 626 3576 Dubium
642 3537 698 3575 non
714 3527 766 3585 est,
777 3520 842 3591 quia
856 3522 918 3575 ideo
959 3520 1111 3584 nesciente,
1121 3519 1151 3573 in
1162 3518 1294 3589 subjectis
1308 3518 1361 3575 sibi
1372 3536 1422 3590 pro
1432 3537 1482 3576 suo
1491 3523 1581 3592 modu
1596 3523 1681 3579 rebus
1696 3524 1758 3581 effl-

119 3613 181 3682 quis
200 3612 316 3682 adoptat
335 3611 386 3664 sibi
406 3610 505 3671 filium,
523 3615 553 3663 ut
574 3611 713 3664 liarredem
736 3610 816 3664 illum
832 3610 917 3664 relin-
958 3606 1043 3663 ciant.
1059 3608 1122 3662 Non
1137 3608 1177 3661 eis
1189 3614 1282 3663 tannen
1299 3609 1462 3678 rependitur
1472 3611 1547 3680 quod
1560 3611 1671 3681 deipsis
1682 3614 1759 3683 juste.

52 3753 54 3758 ,
119 3706 205 3772 quat.
229 3701 278 3755 sed
299 3700 448 3755 haereditas
469 3717 503 3753 ex
520 3705 610 3754 morte
626 3699 744 3769 alicujus
760 3699 888 3769 provenit
909 3720 914 3752 :
958 3697 1000 3759 fit,
1013 3697 1061 3751 sed
1077 3713 1132 3767 quo
1143 3697 1238 3754 animo
1252 3697 1304 3767 ipsi
1319 3697 1440 3755 fuciunt:
1455 3699 1522 3769 quie
1538 3717 1629 3771 neque
1640 3701 1757 3758 liberam

119 3789 243 3861 quidest
260 3807 327 3860 ergo
349 3794 382 3844 ut
401 3789 533 3843 mortales
553 3791 614 3859 ejus
632 3788 758 3843 haeredes
777 3788 915 3855 dicantur,
958 3785 1131 3843 voluntatem
1142 3785 1272 3843 rationali
1281 3792 1417 3843 creaturae
1428 3805 1485 3843 ause
1500 3790 1575 3847 Deus
1589 3791 1713 3860 negarit,
1731 3800 1760 3846 at

120 3880 167 3949 qui
184 3895 297 3949 semper
305 3879 393 3933 sirit?
408 3878 463 3932 Sod
473 3878 619 3948 Scriptura
628 3894 706 3931 more
720 3883 817 3932 nostro
827 3878 917 3948 loqui·
958 3878 1054 3928 tanen
1065 3880 1232 3945 potestatem
1243 3891 1304 3944 queo
1315 3875 1401 3931 etiam
1410 3877 1530 3946 injustos
1542 3880 1619 3948 juste
1633 3880 1755 3937 ordinat.

118 3974 174 4032 tur,
188 3975 221 4021 ut
235 3966 393 4043 intelligere
405 3967 543 4037 possimus
553 3984 559 4032 ς
571 3973 603 4020 ut
612 3967 687 4020 enim
697 3967 827 4020 ostendat
838 3967 918 4020 datu·
958 3962 1011 4017 sibi
1030 3963 1155 4020 retinuit.
1178 3964 1267 4027 Quem
1282 3965 1374 4019 locum
1388 3965 1472 4022 latius
1487 3972 1516 4022 et
1530 3966 1645 4024 uberius
1656 3969 1685 4024 ia
1697 3969 1760 4025 aliis

120 4072 182 4109 rum
205 4063 312 4125 patrem
329 4056 394 4108 siliis
413 4054 542 4109 debonis
563 4055 628 4119 suis,
650 4055 708 4108 brec
723 4071 784 4125 qua
799 4056 917 4110 daturus
959 4051 1036 4108 libris
1058 4052 1248 4108 tractavimus.
1272 4053 1334 4107 Sive
1355 4069 1421 4123 orgo
1443 4055 1530 4111 solem
1556 4064 1584 4110 et
1603 4057 1711 4119 lunam,
1730 4067 1759 4114 et

120 4151 163 4197 est
177 4144 368 4197 haereditatem
384 4144 514 4213 appellat.
534 4145 668 4209 (Diaron.)
685 4143 763 4207 Quod
778 4149 872 4198 autem
887 4145 915 4197 in
957 4140 1060 4204 sidera,
1076 4146 1105 4194 et
1118 4142 1228 4199 samium.
1245 4146 1274 4195 et
1287 4148 1392 4197 teriam
1405 4149 1563 4214 ceteraque
1583 4145 1758 4217 huiusmodi,

120 4234 172 4286 hoc
186 4234 246 4287 loco
256 4232 385 4288 dicimus.
398 4231 540 4286 incaeteris
552 4249 662 4300 quoque
676 4231 915 4287 observaradebe-
956 4235 1055 4299 gentes
1064 4229 1202 4295 celabant,
1219 4231 1275 4285 sire
1290 4231 1436 4298 daemonia,
1445 4239 1520 4287 reete
1534 4233 1586 4289 sub
1596 4242 1761 4306 procurato

120 4338 192 4387 mus,
215 4322 249 4376 de
269 4327 329 4376 toto
352 4337 456 4391 genere
471 4320 615 4375 hominum
636 4320 770 4390 singulari
798 4337 916 4375 numero
958 4317 1035 4373 ribus
1049 4323 1078 4373 et
1086 4318 1226 4375 actoribus
1236 4318 1321 4373 luisse
1337 4319 1544 4390 intelliguntur.
1556 4323 1758 4382 Verumtamen

119 4413 266 4484 disputari.
284 4413 388 4466 Omnes
404 4410 478 4463 onim
496 4408 642 4463 credentes
665 4425 752 4463 unum
776 4426 874 4463 sumus
888 4410 917 4463 in
959 4423 1059 4477 coquas
1070 4414 1236 4478 sequuntur,
1241 4409 1390 4478 jarnquasi
1397 4409 1564 4480 explicatam
1574 4413 1760 4481 questionem

120 4502 231 4556 Christo
246 4503 321 4568 Jesu.
347 4506 376 4553 et
388 4499 515 4555 membra
534 4497 657 4568 corporis
672 4499 748 4567 ejus:
766 4505 794 4552 et
807 4499 836 4552 in
852 4516 917 4569 per·
959 4511 1056 4551 rursus
1078 4496 1231 4566 implicant.
1253 4498 1323 4553 Duru
1343 4498 1419 4553 enim
1434 4515 1485 4569 per
1499 4505 1588 4557 totam
1603 4498 1760 4572 Epistulam

119 4591 223 4644 iactum
238 4591 328 4645 virum
347 4590 463 4655 redacti,
484 4588 562 4642 illum
586 4586 722 4641 habemus
736 4593 829 4658 caput.
852 4587 918 4658 quia
958 4585 1761 4647 nonabaliisostendatsollicitatamsuissellalatarumfl·

120 4685 200 4746 capul
214 4681 272 4731 oiri
284 4680 410 4734 Christus
424 4685 471 4734 est.
957 4673 1089 4740 dem‚nisi
1104 4673 1139 4731 ab
1155 4674 1194 4728 eis
1205 4675 1253 4744 qui
1263 4691 1296 4732 cx
1306 4675 1645 4744 circumcisionocrent,ot
1654 4680 1692 4735 ad
1700 4697 1761 4735 aar·

155 4763 207 4818 Sed
220 4769 286 4818 trina
296 4767 406 4833 quidem
416 4769 574 4833 ipraorantcs
584 4767 681 4829 Dauni,
694 4766 736 4818 liis
748 4767 797 4834 qui
812 4771 916 4820 uotiua
959 4763 1035 4821 uoles
1047 4762 1254 4820 ohservationes
1265 4764 1344 4833 legis,
1354 4772 1490 4836 tanquam
1500 4767 1529 4822 in
1537 4767 1577 4822 eis
1587 4769 1663 4843 salus
1674 4778 1758 4825 esset

119 4868 176 4907 non
185 4859 251 4906 siant
260 4853 317 4916 Dii,
327 4855 493 4907 sarsinatis.
503 4854 621 4923 (nmbr.)
630 4854 768 4918 Quoniam
778 4854 857 4924 prius
867 4871 918 4924 per
959 4852 1762 4928 adouacrecupielrant;hoctanturnlo‘eoadeosloquivide·

119 4941 309 5012 ignorantiam
328 4940 489 5011 peccabant,
505 4942 587 4997 idolis
604 4942 751 5005 sarriente,
764 4943 845 4997 lacilo
863 4943 917 4997 illis
958 4949 1004 4998 tur
1015 4941 1063 5011 qui
1074 4942 1109 4998 ad
1122 4941 1491 5013 gentiliumsupeistitlonas
1502 4945 1594 5000 redire
1601 4952 1758 5003 tentarent.

118 5031 247 5101 ignotum
257 5029 406 5099 significat
423 5028 496 5083 sicut
512 5030 580 5084 dicit
592 5031 621 5084 in
640 5031 742 5086 Genesi
754 5031 916 5086 Abimelooh
996 5031 1076 5087 Naum
1088 5036 1181 5087 utitem
1196 5046 1259 5087 ciam
1278 5036 1457 5098 eoanouoritis
1471 5034 1568 5095 Drmn,
1583 5038 1640 5089 irnu
1654 5040 1761 5103 couniti

118 5119 153 5172 ad
164 5120 267 5174 Deum:
278 5120 401 5177 Domina,
417 5117 517 5187 inquit,
532 5122 662 5187 aiinqnid
670 5126 777 5187 pantani
787 5136 919 5187 rpuaran-
959 5123 1021 5175 silis
1030 5137 1048 5174 a
1062 5121 1124 5184 Deo,
1136 5120 1268 5187 qnornodo
1277 5123 1473 5176 meinortimim‘
1482 5126 1584 5177 ilerum
1595 5126 1632 5177 ad
1641 5128 1760 5192 infirmo

117 5214 171 5260 torn
189 5211 309 5276 perdes?
328 5208 420 5277 (Aug.)
447 5207 520 5260 Satis
534 5207 677 5277 probabile
696 5214 738 5262 est
761 5208 846 5263 ctiam
870 5226 917 5263 su·
959 5214 983 5263 et
1010 5224 1093 5275 epona
1120 5211 1261 5273 olorncuta,
1289 5211 1389 5276 aarum
1413 5211 1501 5265 miluo
1529 5215 1632 5266 seruire
1650 5217 1760 5268 ozellis?

118 5295 918 5367 periusdegentibusdictum‚quodsubelemontishuJus
960 5296 1079 5364 (ambr.)
1111 5296 1201 5352 Grave
1230 5297 1343 5353 illorum
1364 5298 1518 5354 anmissum
1542 5301 1669 5363 adnotat,
1693 5303 1758 5373 quia

118 5385 214 5439 mundi
229 5391 311 5438 erant
327 5384 489 5446 servientes,
506 5390 641 5453 tanquam
655 5385 708 5439 sub
724 5387 914 5456 procuratori·
957 5392 1021 5457 post
1036 5386 1224 5457 cognitionem
1241 5386 1302 5447 uei,
1320 5403 1354 5441 ea
1368 5405 1429 5457 quis
1445 5405 1619 5459 paganorum
1633 5399 1701 5447 eunt
1712 5409 1758 5449 se·

118 5474 170 5527 buo
193 5478 222 5527 et
239 5472 389 5527 actoribus.
409 5474 481 5527 Nam
500 5473 561 5542 ipso
581 5472 720 5527 elementa
739 5474 836 5544 utique
859 5491 916 5529 non
956 5475 1005 5544 qui
1016 5481 1168 5545 coeporant,
1183 5481 1212 5529 et
1222 5474 1285 5546 plus
1295 5475 1525 5540 addiditnuuio
1535 5496 1591 5539 non
1602 5480 1648 5535 isti
1657 5497 1758 5552 cogno-

118 5569 185 5617 sunt
206 5559 374 5616 naturaliter
392 5561 431 5616 dii
451 5561 508 5616 sive
531 5561 560 5614 in
583 5559 653 5614 coslo
676 5559 733 5615 sire
761 5562 790 5616 in
818 5569 913 5629 terrim
957 5569 1058 5619 rerunt
1071 5564 1171 5628 Deum,
1185 5563 1235 5619 sed
1245 5564 1336 5634 magis
1349 5566 1636 5636 cognitiaDeosunt.
1655 5588 1668 5623 a
1686 5571 1758 5626 Cum
