3772 6120
68 314 143 374 1³⁰5
673 318 720 374 DE
738 318 841 375 MODO
860 320 1111 380 POENITEN'I'IAE.
1643 316 1712 382 Μ

66 442 242 516 propinquat
255 439 341 495 etiem
354 445 383 493 et
396 455 480 504 nunc,
497 441 565 511 quin
577 441 635 512 ipse
649 443 792 516 discipulis
810 445 900 508 suisA
912 448 958 503 die
965 448 1074 519 judicii,
1086 448 1152 503 lilnc
1167 448 1275 504 nullam
1296 450 1459 506 servitutem
1482 448 1562 506 noble
1583 450 1643 515 das,
1668 446 1712 504 tel

66 528 377 604 postresurrectionem
383 544 465 584 suam
470 529 557 598 jussit
565 532 753 601 praedicarein
759 535 873 589 nomine
913 538 1052 607 quomodo
1067 536 1139 595 bene
1153 539 1245 593 virere
1258 542 1322 610 post
1336 538 1530 611 poenitentiam
1548 529 1710 601 debcamr'ls.

67 621 133 691 ejus
157 617 352 691 poenitentiam
367 622 397 672 et
421 617 617 674 remissionem
637 627 815 694 peccatorum
842 623 872 679 iu
913 625 1012 682 docere
1025 643 1076 682 nos
1090 625 1184 682 debes.
1194 626 1262 681 Dico
1272 642 1348 699 ergo,
1360 627 1501 684 abstinere
1517 626 1552 683 ab
1564 616 1712 696 ehi-letitie,

66 724 169 763 omnes
181 713 291 777 gentes,
308 725 322 759 c
340 706 374 761 Et
393 722 465 765 ecce.
493 707 541 773 ait,
568 724 620 779 ego
643 710 785 765 vobiscum
808 728 872 767 sum
911 730 930 768 a
942 716 1178 787 concupiscentia,
1195 715 1311 781 efurto,
1328 732 1345 770 c
1360 716 1533 788 maliloquio,
1548 714 1652 788 abipso
1661 715 1713 771 im·-

66 796 203 871 omnibus
217 795 316 851 diebus
329 812 419 867 usque
433 796 469 850 ad
485 799 757 855 consummationem
776 800 871 856 seculi
912 804 1058 860 moderato
1071 805 1139 872 risu,
1156 821 1173 859 a
1186 803 1270 859 verbo
1289 804 1388 873 otioso,
1403 804 1479 861 unde
1494 804 1632 862 reddituri
1645 808 1713 860 sunt

65 885 181 959 (Meam.
199 902 297 950 xxviii,
312 883 366 953 20).
379 904 398 973 'a
414 886 534 941 Necesse
554 892 598 942 est
619 889 695 943 enim
719 886 872 962 unicuique
912 891 1040 949 homines
1065 894 1203 949 rationem
1223 894 1252 949 in
1266 892 1312 948 die
1324 894 1433 965 judicii,
1450 910 1514 950 ecce
1527 909 1618 967 quem
1640 892 1713 950 levia

67 976 119 1047 qui
133 992 165 1031 se
174 980 349 1048 peecatorem
363 982 391 1029 ct
402 991 482 1030 reum
502 992 563 1031 esse
577 979 730 1048 cognoscit,
756 986 789 1036 ut
807 996 872 1035 cum
912 981 978 1051 dixi,
994 988 1023 1038 et
1036 984 1132 1039 omnia
1144 984 1193 1038 illa
1206 983 1302 1055 gravia
1313 984 1488 1057 etpeatilera,
1504 987 1535 1038 et
1547 983 1623 1038 aliud
1633 974 1709 1039 dido:

66 1066 244 1139 penitentia*
257 1066 371 1121 sibimet
380 1067 503 1122 remedio
521 1066 677 1135 subveniat,
695 1086 747 1125 nec
760 1070 873 1127 differet
912 1088 968 1127 non
982 1072 1073 1127 solum
1087 1077 1151 1144 post
1164 1071 1368 1144 poenitentiam,
1380 1070 1416 1127 ab
1426 1070 1578 1145 ipsisvitlis
1588 1072 1712 1128 se'hotno

66 1156 104 1212 de
117 1156 166 1212 die
178 1156 291 1211 indiem
301 1156 425 1210 consorti
439 1157 468 1212 in
484 1158 594 1224 melius,
606 1159 655 1213 sed
669 1160 736 1215 dum
752 1166 832 1215 vacat
844 1167 874 1218 et
913 1176 1025 1217 servare
1038 1161 1131 1227 debet,
1149 1163 1237 1217 sedet
1251 1165 1316 1216 ente
1331 1161 1535 1233 poenitentiam,
1548 1160 1615 1217 dum
1625 1152 1712 1218 saillis

64 1243 98 1300 in
111 1245 165 1300 bac
178 1243 381 1310 ritasubsistit,
401 1245 514 1300 studeat
528 1247 619 1318 magis
638 1249 770 1320 operibus
791 1248 872 1306 bonis
913 1254 965 1313 est,
983 1250 1049 1322 quia
1062 1251 1152 1306 nescit
1166 1251 1190 1306 si
1206 1250 1295 1323 ipsam
1314 1250 1508 1322 peonitentiam
1531 1250 1620 1323 possit
1641 1245 1712 1308 aeci*

65 1333 347 1405 caramimpendere,
358 1346 443 1404 quam
451 1335 627 1405 negligentis
633 1336 741 1391 desidia
747 1343 869 1410 torpere,
912 1354 979 1411 pere
994 1344 1022 1394 et
1036 1340 1164 1395 conllteri
1179 1340 1237 1396 Deo
1251 1344 1280 1394 et
1292 1340 1429 1395 sacerdoti
1445 1346 1620 1412 peccatasua
1630 1359 1636 1395 :
1648 1334 1720 1397 ecte·

64 1422 187 1478 decente
198 1423 251 1477 hoc
262 1423 407 1494 Scriptura
418 1428 503 1495 etque
518 1424 646 1480 dicente:
664 1445 678 1479 c
692 1427 735 1481 Ne
754 1427 870 1498 adjicias
911 1448 998 1505 quare
1012 1431 1084 1489 dixi:
1097 1432 1132 1488 Et
1139 1438 1204 1488 ente
1215 1432 1411 1504 poenitentiam
1419 1432 1491 1488 bene
1500 1432 1648 1489 vivendum
1656 1426 1708 1502 est,

65 1517 216 1584 peecatum
230 1527 316 1584 super
334 1519 479 1583 peccatum
496 1517 524 1566 et
533 1513 624 1568 dices:
650 1532 663 1567 c
679 1515 870 1572 Misericordia
911 1528 939 1576 et
950 1521 1213 1593 postpoenitentiam
1224 1521 1334 1588 melius,
1344 1537 1431 1593 agens
1441 1538 1506 1577 vero
1516 1521 1713 1594 poenitentiali!

65 1600 119 1657 Dei
134 1601 227 1655 miilta
242 1608 301 1667 est;
313 1600 445 1672 quonlam
466 1601 658 1658 misericordia
673 1609 702 1659 ct
716 1603 758 1659 ira
772 1604 808 1659 ab
822 1605 869 1661 illo
911 1610 946 1666 cd
960 1610 1091 1666 ultimum
1106 1617 1134 1666 et
1149 1612 1345 1668 reconciliatus
1372 1612 1473 1666 exierit
1487 1612 1522 1667 de
1542 1622 1668 1685 corpore,
1687 1610 1712 1668 'sl

66 1693 112 1745 δῖ
125 1689 223 1759 (Μ
234 1704 262 1755 Vs
278 1685 306 1753 62
321 1691 361 1756 7)-
376 1708 389 1740 l
911 1716 1028 1756 securus
1041 1700 1107 1755 hinc
1113 1700 1170 1755 exit
1184 1717 1236 1772 ego
1251 1700 1355 1768 nescio,
1373 1699 1567 1774 poenitentiam
1578 1700 1645 1757 dare
1651 1704 1713 1775 posi

230 1802 296 1859 epp,
311 1802 346 1859 ῃ,
364 1834 396 1845 ..
414 1806 450 1859 1),
462 1810 531 1860 ,Ἔαρ
546 1808 709 1864 „52ququ
880 1765 986 1857 Bstein,
997 1788 1179 1845 securitatem
1187 1794 1281 1846 nutem
1292 1789 1361 1844 dare
1373 1806 1429 1845 non
1444 1805 1558 1862 possum
1569 1778 1662 1862 :q'uod
1672 1784 1713 1846 di·

911 1884 1008 1935 cturus
1022 1895 1095 1943 sum,
1117 1879 1265 1945 attendite,
1281 1878 1370 1934 babeo
1383 1878 1494 1952 planius
1517 1878 1656 1952 obponere
1676 1878 1712 1935 ne

911 1967 1014 2038 aliquis
1029 1983 1074 2021 me
1089 1967 1162 2022 male
1176 1966 1325 2038 intelligat.

946 2054 1147 2126 Nunquiddico
1153 2053 1333 2110 damnabitur
1342 2054 1410 2110 ised
1425 2055 1555 2124 necdico,
1564 2056 1631 2130 quia
1642 2054 1710 2112 libe·

911 2144 1029 2212 rabitur,
1042 2148 1071 2199 ct
1080 2144 1146 2215 quid
1155 2144 1224 2199 mihi
1235 2144 1313 2209 dicis,
1324 2149 1419 2199 sancte
1426 2144 1574 2217 episcope?
1587 2134 1713 2216 quldtlbl

101 1915 274 1970 Certussum
286 1913 360 1969 enim
372 1914 439 1986 quia
449 1914 533 1968 homo
552 1913 719 1986 baptizatus,
735 1918 760 1972 si
773 1917 869 1985 vitam,

64 2020 124 2067 non
140 2004 232 2060 audeo
248 2004 341 2059 dicere
353 2003 459 2076 absque
481 2009 604 2075 peccato,
622 2006 685 2077 quis
711 2008 786 2063 enim
808 2008 870 2066 aine

63 2093 259 2167 peccetolsed
268 2090 354 2148 ritum
366 2093 677 2155 sinecrimineduxerit,
690 2101 719 2150 et
732 2096 789 2151 alie
808 2112 871 2169 pee-

64 2190 132 2239 eeta
143 2182 285 2249 habuerit,
303 2200 364 2255 quoe
379 2184 503 2256 quotidie
518 2201 544 2238 ei
558 2184 741 2240 dimittuntur
760 2203 789 2242 m
809 2203 870 2242 ora·
911 2233 1003 2288 dicam
1014 2233 1118 2300 nescio,
1129 2234 1189 2304 jam
1202 2232 1332 2301 dixifflon
1344 2249 1494 2305 praesumo'
1505 2230 1712 2306 nonpromffih,

62 2270 146 2328 tione
160 2271 280 2326 direnti:
300 2270 439 2326 «Dimitte
453 2271 748 2341 nobisdebitanostra,
761 2274 872 2331 sicutet
1107 2323 1114 2334 .
1225 2322 1231 2334 .
1430 2322 1436 2333 .
1645 2322 1650 2331 .

63 2376 118 2417 nos
134 2359 306 2416 dimittimus
315 2358 488 2415 debitoribus
500 2361 639 2427 nostris»
657 2363 681 2417 si
696 2363 780 2419 iaciat
795 2365 870 2436 quod
911 2338 1027 2395 Pmmm
1040 2321 1392 2378 ⁰⁰⁸⁰¹⁰d⁰D⁹¹v⁰lunm⁰'
1403 2322 1453 2377 νη
1463 2326 1568 2389 autem'
1580 2316 1714 2407 fmoer'ffl

63 2448 121 2505 sibi
132 2449 298 2521 aDeocupit
309 2449 379 2512 lieri,
391 2449 503 2519 quando
512 2449 580 2504 dum
591 2451 705 2516 finierit,
717 2451 804 2507 vitam
813 2469 869 2509 non
911 2409 1020 2514 adubio
1029 2410 1153 2479 liberam
1163 2410 1206 2467 νὴ
1219 2411 1293 2484 q¹¹⁰d
1306 2411 1444 2513 inoerfum,
1461 2418 1505 2467 θεῖ
1518 2411 1645 2512 {meses
1657 2420 1715 2484 ΡΨ·

62 2539 142 2606 nnis,
154 2539 204 2593 sec
217 2538 321 2593 transit
334 2538 368 2594 ce
383 2538 440 2594 vita
454 2539 489 2593 ad
502 2539 596 2605 vitam,
614 2541 649 2595 de
671 2541 810 2597 laboriosa
834 2542 870 2597 ae
910 2501 1191 2571 ”¹‘⁸¹¹⁰⁸¹¹¹³⁸⁹‘¹¹¹¹¹²
1207 2516 1348 2567 ⁸³⁰¹¹⁸⁹⁸³
1364 2517 1473 2556 ⁸¹⁰¹¹¹¹¹²
1485 2514 1715 2573 apsvemmpc»

64 2627 778 2701 quietam,(10migeffladbedemmpomliad
790 2637 870 2687 ω·
910 2588 1059 2644 nitentiam
1073 2589 1139 2645 dum
1155 2606 1243 2644 sanus
1257 2604 1297 2655 es,
1312 2594 1341 2643 et
1354 2588 1496 2645 invenerit
1509 2594 1538 2646 te
1547 2589 1715 2645 norissimus

911 2678 980 2745 dies,
989 2678 1112 2733 curritur
1121 2684 1154 2733 ut
1164 2677 1363 2733 reconcilieris.
1375 2677 1399 2733 ei
1413 2678 1456 2733 sic
1469 2678 1539 2749 agis,
1551 2688 1665 2733 securus
1673 2690 1713 2734 cc:

65 2734 221 2863 2?3;e⁵;;⁶
231 2723 285 2818 m?
299 2718 442 2861 vfluntat?
457 2734 514 2838 Μ,
523 2724 619 2818 emt
633 2719 868 2838 ad,b⁸pt¹⁸mum’
911 2767 1173 2838 [queresecuruscsl
1183 2767 1225 2822 ris
1236 2766 1297 2822 dico
1312 2764 1384 2823 tibi‘l
1394 2767 1462 2840 quia
1480 2766 1563 2838 eqn'sti
1576 2766 1716 2839 poenitem

217 2823 313 2879 pericu
326 2806 673 2879 oconstitutusbaptizetui
692 2815 869 2874 uttrauseat,
927 2857 933 2867 .

64 2894 105 2949 ad
119 2894 273 2950 Dominum
290 2895 375 2962 vadit,
393 2895 428 2949 ad
444 2896 569 2967 requiem
592 2896 687 2965 vadit;
707 2898 755 2969 qui
778 2903 873 2955 autem
913 2860 983 2910 mm
997 2873 1030 2911 ⁶⁰
1049 2861 1176 2929 tempm
1200 2873 1255 2928 ΨΟ
1276 2872 1390 2929 pamm
1411 2856 1543 2928 pmisti'
1569 2872 1632 2913 θεοῦ
1658 2854 1716 2911 dm

65 2982 229 3055 baptizatus
242 2974 341 3055 postea
359 2984 486 3039 desertor
508 2984 682 3057 violatorque
705 2987 873 3044 sacramenti
913 2945 965 3000 tibi
979 2961 1191 3046 quarffsoeums
1207 2946 1469 3047 ⁰⁸3.⁸iautemtun⁰
1482 2933 1716 3018 Visagmiwffl

914 3039 1107 3106 poenitentiam
1122 3035 1234 3107 quando
1247 3051 1308 3106 jam
1327 3048 1442 3107 peccare
1466 3050 1522 3090 non
1541 3039 1630 3106 potes,
1650 3048 1716 3107 pec·

913 3129 977 3178 cata
990 3129 1018 3178 te
1032 3123 1211 3189 dimiserunt,
1229 3140 1285 3179 non
1300 3128 1332 3180 tu
1347 3128 1471 3196 peccata,
1496 3122 1545 3178 sed
1567 3122 1718 3196 respondet

911 3213 1022 3285 aliquis,
1047 3212 1128 3269 Unde
1143 3213 1207 3279 scis,
1224 3213 1248 3267 si
1262 3213 1335 3268 sorte
1350 3212 1425 3269 Deus
1442 3212 1618 3269 misereatur
1631 3217 1660 3269 et
1672 3211 1717 3269 dl·

66 3252 152 3318 tiam,
167 3251 216 3307 ubi
229 3252 305 3307 ridet
315 3251 389 3324 quod
404 3251 473 3306 vidit
482 3253 634 3319 corDarid,
653 3255 765 3326 quando
780 3256 870 3311 incre·
943 3302 949 3316 ‚
1049 3302 1087 3316 ..
1444 3301 1475 3315 ..

107 3346 186 3396 tusa
219 3358 250 3397 ro
270 3342 337 3397 heta
393 3340 482 3396 avim
512 3346 542 3395 et
574 3348 618 3396 ost
636 3343 818 3399 comminatio
912 3307 1008 3357 mittat
1019 3302 1088 3357 miln
1104 3302 1413 3374 peccatainealllerum
1423 3301 1608 3369 dicislrater,
1617 3312 1716 3357 rerum

66 3357 107 3415 μ’
178 3357 269 3423 Η
359 3357 393 3412 ‘³‘
483 3381 490 3407 ’
554 3359 572 3413 ¹¹
820 3360 871 3400 ¹¹³⁸
912 3390 1350 3457 diciqundescio,etideonbi
1371 3391 1408 3445 ‹10
1429 3390 1716 3463 poenitentiamque

70 3428 216 3485 terribiles
229 3431 290 3496 Dei,
315 3430 479 3485 exclamavit
499 3430 611 3486 dicens:
640 3432 791 3498 «peccari,
810 3453 822 3484 i
843 3439 874 3489 et
980 3479 986 3491 .
1122 3480 1127 3491 .
1192 3479 1198 3491 .
1330 3480 1335 3491 .
1370 3479 1376 3491 .

68 3534 137 3573 mox
149 3520 303 3575 exaudivit:
319 3537 332 3572 c
345 3519 483 3575 Dominus
492 3519 610 3575 abstulit
623 3528 768 3593 peccatum
777 3527 870 3589 tuum,
912 3494 1016 3579 ΨΜ
1026 3486 1058 3534 ut
1068 3485 1108 3545 ω’
1120 3495 1225 3550 ¹nqu¹⁸’
1233 3495 1300 3550 &8⁰
1309 3479 1420 3534 dumne
1432 3495 1545 3534 caum
1556 3494 1647 3533 meam
1658 3478 1714 3533 ΒΟ·

67 3623 128 3663 non
138 3607 253 3679 peribis
264 3628 277 3661 1)
287 3609 367 3663 Enim
379 3608 477 3680 [Forte
487 3609 640 3680 enimvero]
651 3617 788 3682 quantum
800 3610 874 3666 valet
912 3584 999 3711 EQ
1011 3566 1308 3669 .q¹¹i,d,m⁶‚t⁰¹f¹f'⁰rbi⁸
1324 3566 1435 3667 ΜΨ
1452 3571 1481 3622 et
1493 3566 1583 3671 judifi
1597 3583 1643 3621 ¹¹¹⁸
1656 3566 1716 3623 ⁰⁶⁰

69 3696 132 3753 qm
146 3696 395 3769 ,mmsyflabae
407 3703 484 3763 sunt,
508 3698 656 3769 ‘peccavi'
675 3718 686 3749 ‚
709 3698 757 3754 sed
780 3699 810 3754 in
828 3699 873 3756 his
933 3655 1447 3727 imittrslrlliusqudiciotecommitto,
1464 3655 1658 3728 cujuspudicro
1669 3670 1715 3713 me

68 3785 164 3842 tribus
177 3785 292 3859 syllabis
303 3786 417 3840 flamma
426 3786 555 3841 sacrificii
569 3787 660 3841 cordis
675 3788 736 3857 ejus
758 3787 795 3842 ad
816 3803 873 3843 cce·
913 3744 1097 3846 Qmmffndm
1114 3759 1180 3845 nam,
1194 3743 1218 3845 ⁸}
1232 3743 1332 3799 scirem
1347 3742 1419 3799 ”ihil
1436 3743 1488 3799 tibi
1506 3745 1715 3845 Ps⁰d⁰⁸⁵⁸lW

915 3836 1074 3900 nitentium,
1091 3848 1147 3889 non
1160 3832 1212 3888 tibi
1234 3849 1296 3888 enm
1315 3833 1423 3889 darem.
1447 3834 1553 3889 lterum
1573 3851 1596 3887 si
1614 3846 1716 3890 scirem

68 3872 131 3974 ΙΨ
147 3874 292 3941 mmm
308 3874 451 3974 erg⁰.qui.
462 3874 553 3946 ‘'gerit
574 3875 710 3930 veraciter
734 3877 873 3948 poenioen'
914 3922 965 3979 tibi
980 3923 1111 3995 prodesse
1137 3938 1194 3978 nou
1210 3926 1238 3978 te
1252 3927 1399 3978 terrerem.
1418 3923 1486 3979 llum
1506 3939 1551 3978 res
1569 3928 1637 3977 sunt
1665 3926 1717 3978 ant

68 3967 152 4029 ham,
165 3963 874 4037 etsolutussueritaligamento‚quoemtconstru-
916 4012 922 4024 .
1115 3964 1121 3990 ’
1638 3963 1645 3989 ’

71 4060 136 4109 ctus
150 4057 180 4107 et
193 4051 264 4107 bene
275 4058 338 4124 post
347 4053 544 4125 penitentiam
560 4053 670 4119 vixerit,
683 4060 748 4126 post
754 4056 876 4112 reconci·
914 4012 1070 4084 ¹gn⁰⁸⁰itur
1082 4010 1142 4078 ω’
1159 4016 1210 4067 aut
1222 4028 1278 4067 mn
1293 4010 1345 4068 tibi
1359 4011 1523 4084 ignoscitur'
1532 4011 1599 4083 qnid
1613 4005 1716 4068 hoium

72 4140 220 4215 Rationem
235 4158 299 4196 cum
311 4142 458 4198 defunctus
468 4142 554 4196 fuerit
569 4142 604 4196 ad
619 4143 772 4199 Dominum
786 4145 874 4213 vadit,

72 4231 110 4286 sd
123 4230 251 4302 requiem
267 4231 352 4298 radit,
360 4248 447 4304 regno
458 4231 509 4286 Dei
519 4247 574 4285 non
580 4230 874 4309 privabitur,apopulo

73 4319 179 4375 diaboli
193 4318 431 4393 serabiturli'orle
446 4323 497 4388 leq.
509 4320 707 4393 separabitur}

64 3072 156 3128 fuerit
169 3077 199 3128 et
210 3089 329 3145 peccans
342 3073 493 3128 Dominum
507 3074 644 3145 repellite
655 3092 694 3143 se,
705 3076 731 3133 si
745 3083 905 3151 agatpmc

64 3160 220 3218 nitentiam
231 3180 264 3217 ex
277 3168 336 3218 toto
350 3163 443 3231 eorde,
460 3163 523 3218 etsi
538 3169 604 3234 ngat
618 3181 713 3220 rerem
729 3167 854 3237 poeniteu

915 4099 966 4157 tibi
979 4101 1105 4156 futurum
1119 4100 1157 4155 sit
1170 4116 1222 4172 ego
1236 4101 1345 4172 ignoro,
1367 4101 1417 4158 sed
1441 4101 1590 4157 consilium
1609 4100 1656 4169 do,
1667 4098 1712 4155 dl·

915 4189 997 4245 mitte
1011 4189 1159 4255 incertum,
1175 4194 1204 4245 et
1217 4194 1282 4244 tene
1295 4194 1414 4256 certum,
1431 4196 1460 4246 et
1473 4190 1541 4245 dum
1554 4189 1633 4256 airis,
1648 4188 1717 4245 dum

915 4294 1001 4335 sanus
1015 4294 1054 4346 es,
1071 4294 1122 4350 age
1135 4277 1331 4350 poenitentiam
1341 4294 1446 4346 reram,
1458 4283 1491 4334 ut
1499 4292 1563 4334 cum
1572 4277 1680 4332 veneris
1686 4275 1716 4332 ia

235 4435 301 4490 co-
318 4435 367 4490 111·
384 4465 417 4476 —
432 4435 469 4490 o
880 4365 1716 4528 1³trisulcemrsiiilrrmlmr

98 4540 876 4614 Quisquisautempositusinultimanecessitateaegritu·
914 4543 1717 4619 tempusopportunumhabent,egeredissimulant,ntnon

71 4631 146 4687 dinis
156 4646 224 4698 cuer,
237 4630 374 4702 acceperit
391 4631 585 4701 penitentiam
607 4636 637 4686 et
663 4648 726 4686 mor
749 4633 874 4689 reconci-
914 4650 1003 4705 usque
1016 4634 1125 4690 edritae
1137 4633 1291 4689 terminum
1306 4649 1367 4689 eam
1377 4634 1528 4706 pmtelent,
1544 4629 1715 4686 admonitio·

71 4720 165 4776 lictus
179 4719 274 4787 suerit,
291 4726 320 4774 et
331 4719 476 4774 transieiit
496 4719 531 4774 de
549 4735 674 4792 corpore,
700 4720 800 4790 fateor,
815 4738 872 4779 uon
913 4721 958 4777 nis
972 4721 1056 4777 rerba
1073 4722 1184 4795 prolata
1196 4722 1340 4778 sufficiant
1352 4741 1359 4791 3
1369 4736 1444 4778 nuuc
1459 4721 1494 4777 de
1503 4721 1547 4776 his
1559 4719 1608 4794 qni
1614 4719 1716 4774 nolunt

68 4809 111 4864 illi
123 4824 198 4880 nego
212 4808 286 4880 quod
300 4809 379 4880 petit,
396 4807 445 4862 sed
460 4824 511 4863 nec
524 4824 664 4880 presumo
689 4810 781 4865 dicere
806 4811 874 4883 quia
913 4827 997 4882 egere
1012 4811 1217 4884 poeniteutiam,
1227 4810 1276 4866 sed
1284 4811 1318 4866 de
1332 4812 1423 4866 salute
1431 4809 1543 4883 penitus
1552 4804 1712 4880 desperant,

70 4898 144 4955 bene
158 4898 225 4952 hinc
238 4897 315 4964 exiit,
331 4914 387 4952 non
403 4914 551 4970 praesumo,
579 4914 635 4955 non
656 4898 797 4971 polliceor,
814 4914 871 4956 non
912 4905 1001 4956 restat
1015 4906 1047 4956 ut
1061 4899 1279 4956 orthodoxorum
1296 4900 1413 4956 Patrum
1435 4899 1603 4955 documenta
1617 4895 1653 4951 ed
1670 4910 1715 4951 eo·

66 4987 143 5055 dico,
160 4987 304 5042 neminem
313 4986 389 5053 fallo,
406 4986 549 5042 neminem
563 4986 681 5060 decipio,
694 5004 750 5044 nou
760 4989 872 5061 penitus
913 5006 977 5045 rum
988 4989 1189 5045 correctionem
1203 4988 1379 5062 replicemus.

66 5076 258 5150 promittitur.
276 5075 380 5131 Fidelis
395 5073 465 5130 bene
475 5076 579 5143 virens,
595 5078 814 5134 securusdehoc
825 5094 874 5135 sae-
914 5079 1034 5136 ciolv.
1048 5110 1072 5121 -
1087 5077 1569 5148 andnonsitderperandnmdcllci
1578 5074 1707 5130 bonitale.

64 5166 132 5222 culo
149 5165 264 5247 migret,
278 5166 302 5220 si
313 5166 373 5237 agit
379 5165 583 5236 poenitentiam,
595 5166 662 5220 dum
676 5182 761 5222 sanus
775 5175 826 5234 est,
844 5173 873 5224 et
948 5169 1012 5225 Non
1026 5166 1111 5224 debes
1118 5182 1194 5239 eigo,
1209 5167 1331 5233 chamo,
1344 5166 1473 5221 ditlldere
1483 5164 1552 5231 Deo,
1561 5167 1591 5218 et
1604 5161 1639 5217 de
1658 5162 1713 5218 mi·

66 5254 269 5311 reconciliatus
285 5260 383 5328 postea
395 5252 466 5309 bene
479 5254 579 5309 vixerit
592 5272 597 5320 ;
614 5255 663 5310 sed
677 5255 745 5311 dicit
758 5256 870 5327 aliquis,
916 5257 1066 5315 scricordia
1080 5257 1141 5328 ejus
1154 5255 1320 5328 desperare;
1339 5254 1404 5311 nolo
1419 5253 1539 5321 dubites,
1556 5266 1649 5324 neque
1662 5252 1712 5308 de·
1802 5310 1806 5321 ,

66 5341 143 5409 Quid
159 5347 204 5398 est
215 5342 465 5399 benevixeritlrel
477 5343 531 5398 hoc
542 5360 593 5398 nos
610 5344 728 5409 instruc,
742 5345 872 5400 sacerdos
913 5362 1008 5418 speres
1023 5345 1126 5401 mutari
1140 5350 1169 5400 te
1183 5360 1266 5419 posse
1280 5344 1308 5400 in
1324 5344 1442 5401 melius:
1463 5344 1487 5399 si
1506 5342 1582 5398 enim
1601 5346 1713 5400 tentum

65 5431 150 5499 bone,
167 5433 326 5488 uteciamue
336 5432 415 5500 illud,
436 5433 546 5489 nescire
564 5440 593 5489 te
610 5433 679 5488 dicis
695 5432 760 5505 quia
779 5433 803 5488 is
820 5435 868 5506 qui
910 5434 1183 5508 potuitdiabolus,ut
1197 5451 1214 5489 a
1228 5434 1308 5490 celsis
1320 5434 1458 5491 virtutum
1474 5430 1636 5505 vestigiisin
1650 5446 1729 5506 pro·

66 5525 185 5595 accepta
198 5522 363 5594 penitentie
378 5522 414 5577 ad
426 5522 526 5578 horam
537 5523 646 5589 transit,
658 5523 682 5578 si
692 5523 868 5579 remittetilli
908 5523 1026 5580 fundum
1039 5528 1067 5579 te
1080 5524 1197 5580 duceret
1211 5523 1360 5590 malcaim,
1377 5528 1483 5597 quanto
1499 5521 1588 5596 magis
1607 5522 1713 5596 poterit

66 5608 194 5668 menois
206 5624 267 5677 ma,
283 5611 307 5668 n'
322 5612 429 5668 relaxet
440 5612 483 5668 illi
496 5613 573 5669 Deus
592 5616 705 5685 peccata
727 5611 816 5685 ipsius
837 5613 867 5670 in
907 5614 983 5670 Deus
993 5612 1029 5668 ad
1044 5626 1189 5669 summum
1197 5618 1229 5670 te
1242 5612 1381 5670 b‘oliorum
1391 5610 1669 5682 remeenrrcroeare,
1682 5614 1727 5669 tt·
