3772 6120
134 284 181 343 585
345 285 635 344 autumnum
653 287 693 342 IN
711 287 788 342 EPP.
809 286 917 343 PAULI
935 286 1004 342 LlB.
1025 286 1126 344 lllllll.
1144 319 1176 331 -
1193 289 1233 345 IN
1251 289 1363 346 EPIST.
1384 292 1397 347 1
1415 291 1464 348 AD
1482 293 1558 352 Tlll.
1720 299 1772 357 oto

125 414 154 470 iu
168 412 308 483 prasenti
322 413 425 468 seculo
439 412 554 480 imitari,
567 418 652 484 prout
661 417 755 484 potest
768 418 899 466 caventes
917 412 1151 485 eAquasumpta
1160 414 1252 469 fuerat
1260 421 1324 485 post
1333 416 1433 472 coelum
1447 435 1523 490 aqua
1532 420 1627 487 rediit,
1635 422 1703 479 dum
1708 431 1773 496 post

119 501 261 579 pensatis,
279 502 397 574 eoquod
407 501 520 557 liceteis
534 501 714 557 credentibus
728 501 934 573 perbeptisma·
974 503 1774 580 mntasuaecontemplationisarcanepeccatoremsePau·

117 590 159 650 tis
172 589 304 645 &uuam
314 596 458 646 consortes
472 590 586 646 illorum
599 591 660 646 lieri
673 589 821 656 bonorum,
831 590 934 645 talibus
974 589 1019 644 lus
1030 591 1203 659 meminit,ut
1217 592 1350 664 prodesse
1359 594 1504 651 humiliter
1512 599 1773 673 peccatoribuspcs·

117 679 382 737 monentibus
396 681 592 752 superfluaest
605 679 934 750 illislex,unumquidem
976 679 1022 732 sit.
1040 680 1156 747 (ntuetr.)
1172 680 1207 735 Et
1220 686 1370 752 postquam
1385 683 1420 738 de
1443 701 1473 738 se
1486 687 1594 756 gratias
1610 688 1645 742 ad
1655 689 1773 745 demon.

115 766 191 843 quia
200 767 293 823 rebus
307 769 375 841 ipsis
385 769 440 824 irui
455 769 533 823 illam
543 774 714 840 exspectant,
732 768 869 840 inquibus
876 768 934 823 exi·
975 767 1140 822 strationem
1155 769 1362 840 predictorum,
1381 772 1455 828 sicut
1464 774 1535 829 dixit
1545 775 1604 843 illa,
1618 792 1679 848 quse
1693 779 1729 833 de
1743 796 1774 835 se

114 861 236 917 &ntes
246 872 307 912 non
322 858 429 912 hubent
443 858 632 913 necessariam
646 858 717 928 legis
726 857 933 921 diffinitionem,
975 856 1098 920 luerunt,
1115 857 1191 912 visus
1205 864 1249 913 est
1262 859 1391 914 retulisse
1400 861 1537 931 adjiciens
1551 864 1609 919 ait:

117 945 253 1006 alterum
270 962 337 1001 vero
361 946 494 1018 quoniam
519 963 630 1002 omnem
646 946 866 1017 omnilegitimse
884 946 934 1001 do·
1013 964 1026 998 c
1042 945 1137 1001 Fidele
1151 946 1266 1002 verbum
1282 953 1311 1002 et
1320 948 1396 1003 omni
1411 952 1571 1023 acceptione
1578 953 1776 1028 dignumquia

118 1033 228 1095 cffinae
237 1034 361 1090 formam
371 1035 528 1107 praecellere
543 1035 663 1102 videtur,
679 1041 709 1090 et
722 1036 772 1090 illa
783 1035 863 1100 fides,
874 1051 935 1106 quae
978 1052 991 1087 c
1007 1033 1136 1089 Christus
1146 1035 1314 1092 desueverit
1334 1038 1364 1093 in
1378 1038 1453 1094 hunc
1464 1042 1602 1097 mundum
1615 1049 1776 1115 peccatores

123 1122 233 1183 aeuus
242 1124 343 1191 estad
355 1141 468 1179 omnem
482 1125 618 1179 virtutum
632 1125 770 1179 cautelam
781 1140 829 1179 eos
836 1123 937 1196 perdu·
978 1140 992 1175 e
1007 1123 1097 1178 salvos
1112 1123 1213 1190 facere,
1225 1142 1344 1196 quorum
1362 1127 1471 1198 primus
1487 1146 1539 1200 ego
1553 1146 1653 1186 sum.»
1670 1133 1775 1190 Verum

129 1228 193 1273 cere
198 1218 308 1284 potest,
317 1213 418 1269 deinde
425 1214 544 1285 quasiex
550 1213 690 1268 dictorum
697 1213 845 1284 sequentia
853 1212 937 1267 verti·
977 1216 1021 1267 est
1030 1228 1097 1283 ergo
1110 1213 1245 1284 quoniam
1256 1213 1385 1271 Christus
1395 1233 1447 1287 pro
1456 1224 1719 1289 peccatorumvemt
1732 1239 1776 1278 sa·

132 1312 189 1367 tur,
204 1306 239 1356 ut
257 1302 367 1373 gratias
381 1309 448 1374 agat
461 1304 530 1368 Deo,
545 1302 679 1374 quoniam
702 1302 938 1357 commissumest
976 1301 1044 1367 lute,
1061 1301 1177 1356 deuter
1190 1319 1236 1356 me
1260 1308 1303 1358 est
1327 1303 1356 1358 id
1371 1305 1538 1377 perspicere.
1563 1308 1658 1365 Fidele
1678 1317 1774 1367 autem

140 1388 188 1447 sibi
197 1389 383 1462 Evangelium
396 1407 460 1445 eum
475 1407 532 1446 non
546 1395 621 1446 esset
628 1390 740 1462 dignm.
761 1390 858 1445 Utitur
871 1407 936 1445 vero
976 1389 1093 1445 verbum
1107 1390 1210 1457 dicens,
1223 1407 1321 1447 verum
1335 1393 1445 1448 dicetur
1460 1394 1592 1450 verbum:
1613 1398 1775 1470 acceptione

145 1478 263 1551 illisquse
273 1495 382 1550 ergase
396 1486 487 1546 erant,
499 1479 625 1535 reserens
642 1481 678 1535 ad
690 1479 880 1535 ostensionem
892 1478 936 1533 di·
976 1494 1042 1533 vero
1056 1479 1174 1550 drgnum
1185 1479 1249 1535 ideo
1259 1480 1338 1548 dixit,
1353 1498 1388 1536 eo
1410 1483 1483 1553 quod
1509 1484 1601 1540 omnis
1615 1486 1775 1559 quicunque

152 1574 245 1624 torum
261 1568 403 1640 simulque
417 1568 615 1624 demonstrans
643 1568 777 1639 quoniam
792 1568 937 1623 universos
977 1567 1062 1623 fuerit
1074 1568 1121 1622 ille
1131 1569 1258 1641 recipiet,
1273 1570 1391 1626 credens
1405 1570 1472 1643 quia
1487 1573 1561 1628 Deus
1583 1573 1712 1631 homiues
1720 1576 1775 1631 mi·

155 1657 268 1712 Christus
278 1657 405 1723 salvavit,
416 1657 446 1712 in
460 1657 562 1713 futuris
575 1658 639 1712 illos
656 1658 829 1712 constituens
844 1656 934 1724 bonis,
977 1657 1236 1724 sericordiaselvat,
1250 1674 1315 1713 cum
1325 1659 1393 1714 sinit
1402 1666 1563 1732 peccatores
1571 1669 1687 1735 propter
1695 1681 1777 1721 suam

158 1745 286 1817 inquibus
296 1751 326 1800 et
338 1746 520 1818 persistentes
535 1746 791 1801 invertibilesultra
800 1746 860 1801 sine
875 1733 1183 1819 pec-Binfirmitatem,
1196 1747 1374 1818 acceptabilis
1389 1756 1506 1805 veroest
1520 1750 1652 1807 omnibus
1666 1752 1778 1810 bonitus

160 1840 213 1902 cato,
223 1835 264 1889 ita
275 1839 353 1890 utet
368 1836 512 1907 superflua
526 1835 581 1890 illis
596 1835 754 1890 necessaria
766 1835 810 1890 lex
826 1852 885 1890 esse
897 1835 938 1890 vi·
980 1835 1101 1890 maxime
1115 1836 1246 1907 Dei,quae
1256 1837 1336 1892 valde
1347 1843 1391 1892 est
1401 1855 1513 1909 magna,
1529 1845 1559 1895 et
1581 1841 1671 1897 mvssto
1686 1842 1778 1914 copio-

85 1924 88 2021 ἱ
159 1923 249 1989 deutur,
266 1924 343 1995 quod
353 1929 382 1979 et
395 1924 463 1997 ipsis
472 1923 833 1996 magisostenditurverbis,
845 1923 939 1979 dicens
979 1923 1038 1979 sior
1055 1941 1122 1994 erga
1144 1941 1196 1979 nos
1218 1925 1326 1991 effecta,
1343 1926 1435 1981 omnis
1448 1934 1542 1983 autern
1564 1930 1724 2003 quicunque
1737 1931 1776 1987 illi

85 2034 88 2061 =
159 2013 239 2069 mim«
253 2013 410 2067 secundum
427 2012 853 2085 EvangeliumgloriaebeatiDei
863 2012 939 2084 quod
980 2011 1171 2068 delectaturin
1186 2013 1263 2068 hisce
1277 2014 1465 2082 sermonibus,
1481 2033 1545 2071 cum
1559 2018 1597 2073 sit
1607 2018 1666 2091 ipse
1681 2019 1778 2087 bomo,

159 2101 276 2157 creditum
286 2107 331 2157 est
341 2101 420 2168 mihi,
439 2101 561 2173 »adjicit
574 2121 606 2156 :v
622 2103 658 2157 Et
664 2102 772 2173 gratias
786 2119 839 2173 ego
850 2101 875 2155 ei
891 2101 939 2173 qui
980 2106 1008 2156 et
1018 2100 1092 2156 bona
1103 2101 1138 2156 de
1153 2101 1317 2158 hominibus
1331 2103 1430 2158 audire
1449 2105 1553 2176 cupiet,
1577 2112 1606 2161 et
1628 2108 1713 2164 latius
1726 2110 1780 2164 hoe

161 2206 216 2245 ene
228 2191 396 2246 confortavit
416 2190 528 2246 Christo
543 2192 610 2246 Jesu
636 2191 756 2247 Domino
769 2191 876 2257 nostro,
891 2189 940 2262 qui
980 2195 1145 2246 consecutus
1155 2208 1218 2246 sum
1233 2190 1307 2246 idem
1321 2192 1418 2247 dicens
1441 2192 1548 2263 adjicit.
1567 2211 1581 2246 c
1595 2196 1649 2251 Sed
1664 2203 1780 2268 propter

162 2279 278 2336 «fidelem
294 2297 341 2335 me
362 2280 541 2348 existimavit,
561 2296 669 2351 ponens
696 2278 725 2333 in
740 2278 938 2347 ministerium,
982 2279 1064 2334 «hoc
1077 2279 1301 2340 misericordiam
1308 2286 1476 2336 consecutus
1491 2298 1563 2350 sum,
1579 2283 1654 2339 utin
1667 2301 1715 2340 me
1723 2286 1780 2357 pri-

162 2368 305 2441 «qoipn‘us
323 2368 365 2423 t'ui
379 2367 570 2440 blasphemus,
582 2374 611 2423 et
619 2374 790 2440 perseeutor,
806 2374 835 2423 et
845 2372 941 2423 contu·
983 2386 996 2420 c
1008 2385 1087 2423 mum
1094 2369 1224 2423 ostendat
1230 2368 1444 2425 Christuslesus
1450 2386 1562 2426 omnem
1570 2373 1778 2444 patientiamad

163 2457 310 2513 «meliosus.
330 2477 345 2511 n
361 2456 484 2525 Gratias,
500 2457 602 2529 inquit,
619 2456 724 2512 multas
734 2457 824 2512 resero
835 2473 885 2528 pro
897 2456 941 2511 his
983 2474 996 2509 v
1012 2456 1239 2513 informationem
1250 2473 1348 2512 eorum
1359 2458 1407 2529 qui
1423 2464 1491 2514 sunt
1499 2460 1635 2516 credituri
1644 2461 1685 2516 illi
1694 2462 1724 2518 in
1737 2463 1780 2518 vi·

161 2544 254 2602 cunm
264 2546 312 2618 qui
327 2547 358 2602 in
371 2546 423 2601 tali
437 2563 482 2601 me
496 2563 580 2618 opere
589 2545 765 2610 confortavit,
780 2545 819 2599 ita
829 2550 861 2600 ut
875 2544 940 2598 uni·
984 2550 1067 2599 ctam
1078 2550 1222 2601 eternam.
1236 2545 1322 2600 rldeo
1329 2562 1374 2600 me
1385 2547 1546 2603 ministrum
1556 2550 1782 2623 vocationisgen·

85 2654 87 2697 :
162 2634 482 2707 nmorbievsngelium
496 2635 687 2706 predicarem.
705 2635 763 2689 Nec
774 2636 836 2688 erat
845 2639 940 2688 autem
980 2633 1053 2688 tium
1067 2633 1102 2688 de
1116 2633 1220 2689 talibus
1226 2634 1321 2706 elegit,
1329 2640 1362 2689 ut
1371 2652 1403 2689 er
1413 2637 1645 2693 memenifestum
1651 2639 1782 2696 omnibus

160 2722 270 2794 petibile
279 2724 334 2779 hoc
344 2741 438 2796 posse,
448 2724 473 2779 si
483 2739 540 2778 non
554 2725 616 2793 ejus
632 2722 827 2795 cooperatione
838 2721 940 2793 dignus
980 2722 1074 2790 iaciat,
1081 2723 1216 2794 quoniam
1225 2723 1376 2778 clementia
1387 2724 1438 2779 Dei
1448 2732 1477 2779 et
1484 2724 1610 2782 bonitate
1620 2743 1720 2784 omnes
1732 2729 1781 2800 qui

163 2810 258 2868 nmen
267 2813 394 2879 effectus,
405 2817 435 2866 et
447 2812 580 2884 quoniam
590 2829 642 2867 sua
651 2810 822 2866 revelatione
838 2810 873 2864 ad
884 2811 942 2882 pie·
981 2812 1102 2866 credunt
1114 2812 1144 2866 in
1154 2828 1219 2867 eum
1227 2811 1780 2888 salvabuntur,aeternampetiturivitam.

163 2904 282 2956 latemme
291 2900 611 2968 tradens,ministerium
618 2899 694 2954 aliud
704 2900 788 2954 saluti
797 2900 941 2971 imponere
982 2900 1013 2956 Si
1023 2906 1118 2955 autem
1131 2900 1265 2957 doctrine
1272 2900 1403 2957 minister
1410 2902 1476 2956 talis
1486 2909 1615 2975 sumptus
1630 2905 1783 2977 estquales

163 2989 341 3062 utdigneurs,
358 2990 474 3060 dignum
489 3006 535 3043 me
544 2988 688 3044 existimas
701 2988 827 3059 quamvis
850 2989 942 3043 adhuc
982 2992 1066 3044 erunt
1088 2988 1130 3042 illi
1148 2989 1197 3060 qui
1218 3005 1269 3061 per
1282 3006 1347 3046 eum
1375 2990 1410 3044 ed
1433 2990 1568 3062 pietatem
1582 2993 1735 3049 vocantur?
1753 2999 1783 3049 et

164 3078 237 3133 tudio
248 3084 363 3135 tenerer
374 3076 570 3151 persequendi,
578 3082 606 3132 et
616 3077 829 3149 blasphemandi
836 3083 865 3133 et
874 3051 971 3132 con·C
982 3077 1061 3149 quasi
1075 3077 1123 3149 qui
1134 3077 1258 3133 ostendit
1272 3095 1322 3149 per
1343 3078 1411 3146 brec,
1437 3080 1572 3151 quoniam
1590 3097 1657 3135 vera
1669 3081 1781 3137 ratione
1793 3152 1798 3161 .

136 3242 140 3248 ι
165 3166 264 3222 unda
279 3167 421 3222 afficiendi
436 3184 484 3222 eos
506 3167 554 3237 qui
578 3166 608 3220 in
631 3165 712 3222 illum
737 3166 898 3233 credebant,
913 3172 942 3222 et
982 3166 1555 3235 misericordiatuncomnessalvabuntur,
1572 3170 1780 3242 quandoapec·

165 3255 532 3327 mugeransilludaitssm
544 3255 768 3311 misericordiam
777 3260 941 3311 consecutus
981 3259 1045 3309 cato
1056 3255 1144 3310 exteri
1159 3254 1235 3320 lacti,
1251 3255 1314 3326 lege
1329 3256 1405 3310 ultra
1418 3257 1536 3312 minime
1558 3258 1684 3330 indigere
1703 3259 1781 3314 vide-

166 3356 242 3411 «mm,
258 3345 395 3416 quoniam
408 3344 461 3399 ieci
475 3344 506 3399 in
527 3344 725 3400 incredulitate
741 3362 748 3398 :
765 3344 940 3415 superabun·
980 3342 1096 3410 buntur,
1113 3350 1146 3398 ut
1159 3360 1193 3398 ex
1203 3344 1255 3399 boc
1269 3345 1416 3400 confirmet
1428 3345 1507 3411 illud,
1519 3346 1593 3417 quod
1607 3347 1782 3420 propositum

165 3430 243 3488 «unt
263 3438 362 3489 autem
389 3432 482 3504 gratia
505 3432 617 3488 Domini
636 3433 726 3488 nostri
751 3450 815 3488 cum
834 3432 899 3500 fide,
913 3437 942 3487 et
982 3430 1034 3486 sibi
1049 3431 1150 3495 lueret,
1167 3431 1300 3503 quoniam
1326 3448 1383 3486 non
1411 3433 1542 3487 convenit
1556 3450 1608 3506 per
1621 3434 1713 3506 legem
1724 3434 1782 3491 liti·

165 3520 383 3594 «denamque
396 3521 475 3578 estin
486 3521 598 3577 Christo
613 3523 690 3577 lesu.
710 3522 788 3577 »Sed
802 3521 867 3576 talis
881 3521 942 3593 qui·
981 3536 1059 3590 gare,
1069 3520 1194 3574 credenti
1204 3519 1308 3575 veroin
1324 3520 1468 3575 Christum
1482 3528 1643 3594 exspectare
1656 3523 1782 3579 futuram

161 3603 296 3667 &ueram
312 3628 375 3683 ego,
396 3611 618 3666 misericordiam
635 3627 700 3666 vero
718 3616 874 3678 assecutus,
901 3610 942 3665 di·
982 3609 1172 3664 etsecundum
1187 3608 1297 3680 illepro
1311 3607 1413 3663 virium
1425 3608 1733 3682 suerumpossibilitate
1751 3611 1781 3666 in

154 3705 211 3760 tuus
218 3698 335 3755 ltabitirs
348 3716 411 3755 sum
436 3717 613 3771 magnorum,
638 3700 697 3754 Deo
709 3699 815 3754 scilicet
827 3706 943 3771 peccata
982 3698 1113 3770 presenti
1123 3696 1223 3752 saeculo
1237 3712 1318 3752 suam
1327 3697 1415 3752 vitam
1429 3713 1528 3768 regere
1545 3715 1551 3750 :
1577 3697 1661 3754 itaut
1673 3715 1726 3755 nec
1742 3698 1782 3756 sit

85 3844 87 3857 ,
152 3788 942 3860 ltidemmeaignorantiaemeaedeputente,bonitativero
982 3785 1037 3841 illis
1051 3785 1297 3858 adpraesensadeo
1310 3785 1469 3841 necessaria
1481 3786 1535 3853 lex,
1543 3785 1568 3841 si
1581 3790 1678 3841 tamen
1691 3787 1781 3843 adlu-

141 3876 324 3935 Qinfldem
338 3882 368 3932 et
374 3877 542 3933 charitatem
552 3878 715 3950 recipiente.
732 3877 833 3948 (orep.)
847 3876 941 3932 Sancti
982 3879 1048 3931 tura
1060 3875 1241 3946 respicientes
1256 3873 1369 3929 virtutis
1391 3875 1496 3929 habere
1509 3890 1607 3930 curam
1630 3875 1778 3944 voluerint,

139 3966 341 4040 wiqueetiam
351 3982 415 4021 cum
424 3966 599 4022 invirtutum
614 3983 677 4022 arce
687 3967 854 4033 consistunt,
866 3966 941 4021 unde
980 3962 1137 4034 gratiam
1143 3962 1251 4018 atione
1260 3979 1343 4018 suum
1349 3962 1485 4019 conclusit
1494 3964 1781 4037 sermonem,eoquod

131 4047 204 4112 olari
215 4061 288 4112 sunt
300 4055 490 4122 considerant,
515 4073 567 4112 nec
581 4056 679 4112 aliene
702 4055 877 4110 infirmitatis
894 4054 942 4110 ab
982 4055 1011 4106 ct
1024 4067 1128 4123 magna
1153 4052 1251 4119 adesse
1271 4051 1352 4107 nobis
1373 4051 1448 4107 bona
1460 4052 1594 4120 ostendit,
1609 4059 1782 4126 quapropter

125 4126 211 4202 iss:
233 4150 432 4200 contemnunt.
448 4145 528 4205 Unde
540 4146 570 4200 in
584 4144 636 4200 lob
650 4144 768 4216 legitur:
786 4162 798 4196 v
810 4144 863 4208 Qui
873 4160 942 4215 prae·
982 4145 1011 4195 et
1020 4139 1088 4196 dicit
1102 4158 1108 4193 :
1123 4140 1217 4212 «Regi
1227 4147 1323 4195 autem
1332 4141 1498 4197 seculorum
1507 4139 1672 4210 immortali,
1687 4141 1781 4198 invisi·

126 4226 205 4306 *ipit
214 4233 275 4289 nivi
285 4233 637 4300 utdescendatinterram,
654 4233 788 4288 ethiemis
797 4232 898 4304 pluviis
913 4239 943 4288 et
983 4247 997 4281 c
1012 4228 1062 4284 bili
1076 4229 1127 4285 soli
1142 4230 1210 4296 Deo,
1220 4228 1588 4301 honoretgloriainsaecula
1602 4231 1778 4286 seculorum.

126 4306 221 4378 habri
239 4321 416 4378 fortitudinis
433 4339 491 4378 suae
507 4323 574 4391 (lob.
598 4324 709 4391 xxxvu).
728 4342 740 4374 n
771 4321 857 4385 Quasi
874 4337 941 4392 ergo
984 4319 1108 4373 «Arnen.
1123 4338 1135 4370 n
1151 4319 1211 4373 lloc
1218 4325 1270 4385 est,
1282 4335 1332 4391 pro
1340 4318 1470 4373 omnibus
1480 4317 1561 4373 bonis
1569 4318 1650 4373 illum
1658 4317 1778 4387 laudari,

130 4411 265 4482 {quaed
277 4416 372 4466 terras
382 4410 416 4465 de
427 4410 529 4482 quibus
539 4410 656 4465 sublatae
666 4416 733 4465 sunt
742 4369 972 4473 redeunt,dumD
978 4407 1089 4478 justum
1107 4412 1182 4461 esta
1209 4405 1300 4472 nobis,
1316 4407 1364 4478 qui
1379 4411 1524 4463 tantorum
1547 4404 1628 4460 nobis
1639 4404 1778 4461 bonorum

131 4498 395 4555 flondnoendentes
406 4499 477 4570 justi
496 4498 688 4571 peccatoribus
718 4498 857 4553 reminisci
883 4514 940 4553 non
980 4495 1363 4550 auctoremtitissevidetur:
1379 4501 1475 4549 tamen
1488 4499 1517 4548 et
1534 4493 1656 4564 hymnus
1667 4493 1777 4549 nullum

139 4580 281 4655 munt
299 4587 514 4659 quodiuerunt:
531 4594 608 4643 certe
623 4589 653 4642 in
662 4587 747 4643 terris
760 4588 851 4642 adhuc
865 4588 939 4642 Pau·
980 4601 1083 4640 nomen
1097 4583 1224 4639 absolute
1230 4584 1332 4656 posuit,
1339 4580 1606 4653 sedregemquidem
1612 4581 1777 4637 seculorum

144 4666 186 4730 h
196 4675 300 4742 iuerat,
315 4692 382 4731 cum
395 4677 488 4747 legem
502 4677 653 4732 carnaliter
672 4675 808 4748 sapiebat,
823 4676 872 4731 sed
887 4677 940 4731 du·
981 4672 1093 4729 vocavit
1101 4673 1201 4739 Deum,
1214 4671 1494 4743 proptertuturorum
1506 4669 1693 4725 aeternitatem
1709 4688 1716 4724 t
1731 4669 1777 4727 in·

149 4764 391 4821 ttmadeoelestie
413 4764 443 4819 in
457 4765 550 4820 nivem
578 4782 675 4820 versus
695 4769 746 4831 est,
772 4765 839 4836 quia
865 4765 939 4834 quod
980 4760 1192 4833 corruptibilem
1207 4777 1272 4814 vero
1287 4760 1366 4826 dixit,
1388 4765 1502 4830 propter
1515 4757 1595 4813 illam
1609 4758 1778 4832 incorrupti·

156 4851 219 4917 flius
231 4852 378 4909 infirmum
392 4854 496 4925 sapuit,
518 4855 553 4909 ad
564 4854 734 4910 soliditatem
749 4870 820 4909 verre
838 4853 940 4907 intelli·
979 4849 1205 4921 bilitatemquam
1212 4847 1292 4903 nobis
1298 4848 1395 4903 adesse
1404 4847 1777 4918 exspectamus,invisibilem

85 5002 86 5007 .
158 4940 445 5007 tutitcommutavit,
462 4947 491 4997 et
504 4948 600 4998 tamen
610 4943 835 4999 condescendens
847 4941 940 4996 fratri·
980 4939 1102 5006 veroait,
1118 4956 1151 4993 eo
1167 4937 1241 5010 quod
1265 4953 1321 4992 non
1334 4937 1481 4992 videantur
1494 4936 1543 4991 illa
1557 4935 1640 5005 bona,
1655 4953 1716 5008 quae
1730 4953 1777 4992 ex·

85 5070 97 5115 ι
161 5020 296 5103 &qumi
317 5030 366 5086 uix
379 5029 439 5086 ima
448 5032 571 5103 repetiit,
590 5038 619 5087 et
632 5033 699 5105 quia
718 5038 781 5104 poet
803 5031 939 5085 virtutum
979 5034 1150 5100 spectantur,
1167 5044 1234 5098 ergo
1248 5025 1284 5081 ab
1306 5026 1370 5093 illis,
1387 5042 1448 5098 quae
1468 5026 1527 5081 Deo
1541 5026 1636 5081 adsint
1649 5025 1699 5081 illa
1712 5041 1774 5097 quae

85 5158 104 5206 p
162 5115 274 5187 nunna,
291 5135 378 5192 quam
404 5119 491 5175 fuerit
514 5120 646 5192 indignus
668 5121 802 5193 agnoscit,
823 5120 936 5175 dicens:
979 5117 1146 5173 nobisabeo
1162 5114 1373 5171 aderuntcvedi
1396 5113 1467 5170 bene
1481 5114 1674 5180 reinsinuavit,
1691 5113 1775 5171 sicuti

163 5202 309 5281 «ueprius
319 5207 363 5264 fui
371 5206 563 5281 blasphemus,
579 5215 786 5282 etpersecutor,
802 5215 831 5265 et
844 5213 940 5264 contu-
980 5212 1009 5262 et
1022 5207 1052 5263 in
1065 5204 1258 5278 superioribus
1266 5203 1381 5260 beatum
1392 5220 1457 5260 eum
1466 5203 1536 5259 dixit
1545 5201 1776 5260 adconfflmatio·

85 5302 99 5357 η’
163 5292 285 5365 ltbms,
298 5296 349 5352 sed
365 5296 588 5353 misericordiam
605 5305 771 5354 consecutus
785 5315 858 5363 sum,
873 5298 940 5369 quia
979 5312 1045 5352 nem
1065 5294 1247 5351 beatitudinis
1275 5293 1436 5365 illiusque
1449 5291 1530 5346 nobis
1543 5290 1645 5346 aderit.
1668 5289 1776 5349 Verum

85 5406 90 5436 r
161 5375 275 5451 ’μω
288 5384 381 5441 teciin
395 5384 601 5443 incredulitate.
621 5389 803 5459 »Ecoequam
817 5388 940 5441 clemen·
980 5384 1047 5458 quia
1059 5384 1130 5439 nibil
1144 5400 1177 5438 ex
1190 5381 1390 5455 hisApostolus
1396 5380 1544 5436 definitum
1558 5396 1667 5452 proauo
1682 5382 1778 5454 posuit

161 5470 256 5529 boue
268 5472 471 5530 imbecillitatis
481 5475 715 5543 reminiscitur,ut
724 5477 844 5532 aliorum
849 5492 941 5548 aequa·
980 5473 1106 5540 arbitrio,
1114 5473 1163 5528 sed
1173 5471 1270 5527 omnia
1282 5471 1355 5527 sicut
1367 5470 1397 5525 in
1411 5469 1643 5542 interpretatione
1650 5470 1775 5525 ostendi

158 5556 378 5623 ‘nusum
394 5564 522 5638 patiatur
532 5584 539 5633 ;
549 5565 630 5640 quasi
644 5566 721 5624 enim
733 5565 770 5622 ad
783 5570 890 5622 terram
905 5565 941 5621 de
980 5561 1235 5635 museongregavit
1246 5560 1432 5618 adversuseos
1441 5558 1490 5634 qui
1503 5574 1555 5634 pro
1563 5558 1635 5633 legis
1648 5557 1777 5616 doctrim

258 5662 492 5744 eamearn
1618 5658 1658 5720 lt
