3786 6128
85 251 89 257 Ι
117 289 163 347 781
259 281 266 289 ’
310 290 597 351 ENARRATIONUM
617 297 655 352 IN
675 297 751 353 EPP.
772 297 879 352 PAULI
899 297 967 353 LIB.
988 298 1114 354 XXVIII.
1133 327 1164 338 -
1192 299 1230 353 IN
1250 298 1362 353 EPIST.
1382 298 1430 351 AD
1450 298 1556 355 HEBR.
1702 299 1753 356 782

113 416 178 471 licia
191 418 353 473 Judaeorum
363 419 375 470 l
384 419 568 474 Transierunt
584 427 613 474 et
626 438 683 475 non
698 428 764 475 sunt
779 423 807 475 in
818 422 911 475 Eccle·
922 426 946 483 Α
956 427 1050 476 autem
1065 423 1157 476 carnis
1167 422 1280 475 inimica
1296 428 1340 475 est
1353 423 1420 475 Deo.
1429 423 1495 493 Legi
1510 423 1584 475 enim
1598 439 1655 476 non
1668 423 1754 494 subji-

109 504 155 559 sia
171 506 357 577 Christi,quia
368 507 443 563 venit
452 507 507 573 ille,
517 510 564 579 qui
576 510 751 579 figurabatur
763 511 818 563 illis
829 510 913 564 sucri—
952 511 1034 575 citur,
1047 529 1097 565 nec
1107 512 1181 564 enim
1192 516 1293 582 potest.
1314 532 1324 561 ι
1345 530 1357 561 v
1370 511 1431 564 Una
1445 512 1519 564 enim
1536 510 1675 566 oblatione
1686 529 1753 566 con-

110 594 193 661 liciis,
210 594 246 649 de
261 612 316 667 quo
338 596 366 651 iu
389 596 489 666 capite,
510 598 567 653 sive
589 600 615 653 in
636 600 760 670 capitulo
773 599 836 653 libri
847 599 913 653 scri·
955 619 967 647 c
979 600 1130 654 summarit
1146 601 1173 653 in
1183 599 1386 671 sempiternum
1397 600 1593 653 sanctificatos.
1606 601 1754 655 Contesta-

102 688 195 755 ptum
206 690 258 737 est.
276 685 363 754 Cujus
373 685 436 739 libri
446 686 458 738 f
468 687 570 758 Utique
581 688 720 754 Psalterii,
735 687 909 742 ubidicitur:
957 708 967 738 ι
985 696 1032 742 tur
1046 694 1140 743 autem
1149 695 1234 742 etuos
1247 687 1367 759 Spiritus
1381 693 1504 741 sanctus.
1513 689 1666 760 Postquam
1679 689 1755 743 enim

107 789 124 822 ‹
141 772 249 826 Beatus
259 773 300 825 vir
314 773 361 843 qui
378 789 433 827 non
448 774 517 828 abiit
529 776 558 830 in
573 777 689 831 consilio
708 776 870 847 impiorum,
885 781 914 831 et
956 795 969 828 r
984 777 1067 830 dicit:
1082 778 1140 831 Hoc
1154 784 1249 831 autem
1262 781 1473 841 testamentum,
1486 776 1561 847 quod
1575 776 1700 831 testabor
1718 777 1754 833 ed

103 879 121 911 c..
138 861 171 917 in
184 860 416 933 viapeceatorum
433 879 489 917 non
503 864 589 924 stetit,
599 872 628 919 et
639 866 667 920 in
683 866 817 920 cathedra
827 866 912 936 pesti·
956 884 967 915 ι
985 865 1046 918 illos
1063 874 1126 936 post
1139 865 1198 919 dics
1217 866 1288 931 illos,
1306 864 1375 918 dicit
1389 865 1524 919 Dominus
1543 883 1548 916 :
1566 866 1663 924 Dando
1678 866 1755 938 leges

99 968 119 997 a
136 949 304 1005 lentiaenou
318 950 400 1017 sedit,
412 951 461 1005 sed
475 952 505 1009 in
516 953 577 1024 lege
589 954 700 1009 Domini
715 955 843 1008 voluntas
851 955 912 1027 ejus
956 973 968 1003 c
985 970 1062 1007 meas
1073 954 1102 1006 in
1116 954 1246 1007 cordibus
1260 970 1368 1013 eorum,
1391 960 1419 1007 et
1440 954 1469 1007 in
1490 953 1631 1008 mentibus
1656 971 1754 1011 eorum

97 1060 119 1085 «ι
140 1040 230 1106 (Psoi.
247 1042 265 1108 r)
282 1059 293 1089 ι
313 1057 318 1092 :
336 1040 384 1111 qui
400 1041 524 1111 psalmus
538 1049 623 1112 caput
636 1044 724 1097 totius
734 1043 799 1098 libri
810 1043 913 1099 dicitur
956 1061 968 1092 v
984 1041 1189 1114 superscribam
1205 1059 1270 1095 aas:
1288 1048 1317 1096 et
1331 1048 1509 1114 peccatorum
1525 1048 1553 1095 et
1572 1041 1754 1114 iniquitatum

95 1145 118 1177 e·
131 1143 150 1180 a
166 1126 418 1199 quibusdamideo
431 1136 460 1184 et
472 1130 622 1202 Apostolus
638 1132 683 1185 hic
698 1132 782 1187 dicit:
797 1150 810 1183 e
823 1134 854 1186 ln
870 1149 913 1186 ca·
955 1149 968 1182 <r
982 1148 1079 1185 eorum
1087 1132 1146 1202 jam
1158 1148 1214 1184 non
1224 1130 1391 1185 recordabor
1400 1131 1531 1202 anrplius
1540 1130 1593 1185 Ubi
1602 1138 1696 1185 autern
1707 1132 1755 1186 ho-

95 1215 196 1286 «pite
212 1215 279 1271 libri
302 1217 438 1289 scriptum
456 1224 499 1273 est
518 1219 552 1273 de
569 1237 622 1274 me.
640 1221 677 1277 Ut
698 1220 810 1283 faciam,
827 1222 911 1287 Deus,
956 1237 969 1269 <v
986 1236 1048 1274 rum
1066 1220 1201 1284 remissio,
1213 1221 1272 1290 jam
1284 1236 1339 1274 nou
1352 1218 1514 1289 oblatiopro
1524 1222 1754 1291 peccatovtdlb.)

95 1322 116 1357 ι
134 1305 319 1361 voluntatem
331 1312 417 1361 tuam.
431 1327 442 1357 s
466 1308 524 1363 Hoc
545 1314 598 1370 est,
622 1309 696 1379 quod
716 1310 745 1363 in
765 1309 913 1381 Evangelio
954 1309 1016 1362 Una
1027 1309 1129 1380 quippe
1145 1308 1249 1363 oblatio
1263 1308 1388 1378 corporis
1402 1307 1506 1361 Christi
1520 1308 1657 1378 perfectos
1668 1308 1755 1363 faciet

90 1392 230 1447 dicitur:
247 1413 259 1444 c
275 1394 911 1468 Nonveni,inquitvoluntatemfaceremoam,
954 1398 1152 1461 sanctificatos,
1171 1414 1232 1469 quae
1247 1396 1442 1451 remissionem
1457 1396 1598 1467 integram
1612 1397 1680 1451 facit
1690 1414 1755 1469 pec-

94 1500 115 1534 «
130 1480 192 1537 sed
209 1481 384 1537 voluntatem
398 1484 459 1553 ejus
474 1484 521 1555 qui
538 1502 582 1539 me
597 1486 675 1541 misit
690 1489 779 1552 (doen.
796 1505 843 1541 vr.
864 1509 875 1539 v
954 1487 1152 1540 cutorumfloc
1167 1494 1261 1540 autem
1277 1493 1352 1539 etex
1373 1485 1535 1539 testimonio
1550 1485 1677 1555 probavit
1690 1501 1755 1557 pro-

138 1588 154 1620 c
173 1569 282 1624 Aufert
305 1569 438 1640 primum,
456 1577 486 1625 ut
507 1589 627 1645 sequens
650 1579 765 1629 statuat.
785 1595 797 1626 v
815 1575 845 1628 ld
872 1582 915 1630 est
955 1575 1178 1648 phetiadiccns:
1198 1593 1210 1626 c
1228 1575 1408 1628 Contestatur
1423 1579 1517 1626 autem
1535 1572 1615 1628 nobis
1636 1573 1756 1644 Spiritus

88 1656 236 1734 primum
266 1663 477 1721 testamentum,
490 1662 563 1731 quod
592 1663 681 1734 Moysi
704 1664 801 1718 dat-um
822 1665 913 1718 estin
958 1682 970 1714 c
988 1670 1110 1727 sanctus,
1127 1664 1178 1717 hoc
1193 1669 1244 1727 est,
1257 1668 1468 1728 testamentum,
1486 1662 1558 1733 quod
1580 1662 1755 1721 testaborad

90 1756 208 1805 monte
217 1745 313 1813 Siuui';
326 1753 358 1801 ut
371 1765 490 1820 sequens
500 1752 669 1814 statuat,hoc
679 1742 948 1823 estAEvangeliumB
960 1772 972 1804 c
989 1753 1050 1805 illos
1065 1758 1129 1824 post
1143 1753 1202 1805 dies
1216 1752 1287 1816 illos,
1305 1751 1372 1805 dicit
1394 1750 1548 1806 Dominus:
1569 1751 1667 1805 Danda
1681 1751 1758 1822 leges

89 1834 183 1908 quod
201 1851 258 1906 per
272 1835 414 1890 Christum
425 1836 550 1892 oblatum
566 1845 608 1892 est
620 1841 731 1896 firmum
741 1847 874 1895 statuat«
883 1843 916 1899 In
960 1859 971 1890 ι
989 1857 1064 1895 meas
1079 1841 1107 1893 in
1122 1840 1251 1894 cordibus
1261 1857 1368 1893 eorum.
1386 1859 1398 1892 n
1416 1841 1479 1893 Non
1494 1839 1533 1892 ita
1547 1846 1578 1893 ut
1587 1839 1693 1911 scripta
1705 1839 1759 1894 fuit

89 1946 106 1980 e
128 1938 199 1995 qua
213 1924 361 1981 voluntate
376 1926 540 1981 sanctificati
561 1944 658 1983 sumus
682 1946 732 2000 per
746 1929 915 1984 oblationem
957 1929 1000 1982 lex
1016 1929 1045 1982 in
1059 1928 1162 1982 tabulis
1174 1928 1301 1999 lapideis
1316 1928 1363 1982 sed
1379 1929 1408 1981 in
1423 1927 1527 1981 tabulis
1548 1927 1640 1981 cordis
1662 1944 1758 1982 carna·

91 2034 107 2072 e
130 2012 276 2087 corporis
290 2013 356 2069 Jesu
371 2014 474 2070 Christi
489 2016 586 2071 semel.
604 2037 616 2069 v>
635 2018 700 2072 Haec
713 2017 817 2073 oblatio
828 2020 916 2077 semel
958 2017 1029 2071 libus
1058 2018 1259 2089 perpetualiter
1287 2017 1426 2071 scribebat
1447 2017 1532 2070 illam.
1555 2016 1622 2081 Quae
1644 2022 1687 2069 est
1704 2016 1760 2071 ista

86 2101 208 2166 oblata
223 2107 279 2168 est,
296 2102 345 2161 sed
363 2119 475 2175 semper
498 2110 597 2177 potens
619 2112 662 2160 est
684 2106 798 2162 abluere
819 2125 916 2163 omnes
957 2106 1000 2160 lex
1011 2124 1072 2178 quae
1082 2107 1110 2160 in
1124 2106 1255 2160 cordibus
1270 2106 1445 2175 singulorum
1462 2105 1566 2177 scripta
1581 2105 1640 2157 est?
1655 2105 1759 2179 Utique

86 2189 414 2253 credentesetomnes
436 2198 564 2265 optantes
586 2194 668 2249 inea
690 2196 915 2252 mundari.ldeo
957 2195 1087 2259 charitas,
1108 2202 1140 2249 ut
1165 2212 1198 2248 ea
1226 2212 1288 2267 quae
1307 2196 1438 2250 nolumus
1472 2193 1551 2247 nobis
1579 2192 1650 2257 fieri,
1677 2192 1759 2248 alteri

83 2277 261 2349 subjunxit
271 2285 301 2334 et
315 2281 433 2352 plenius,
446 2299 586 2354 exponens
600 2283 675 2338 idem
695 2283 793 2338 beatus
810 2285 915 2339 Paulus
956 2301 1012 2338 non
1027 2285 1161 2338 faciamus
1177 2302 1181 2336 :
1200 2284 1257 2338 haec
1272 2289 1323 2349 est,
1336 2300 1397 2353 qum
1411 2288 1536 2352 cooperit
1547 2281 1757 2340 multitudinem

86 2371 249 2431 vissutem
271 2368 355 2439 hujus
368 2369 466 2424 hostie
483 2390 488 2422 :
503 2389 515 2421 ι(
533 2371 568 2427 Et
585 2371 676 2426 omnis
695 2372 809 2442 quidem
825 2390 915 2427 sacer·
956 2380 1144 2445 peccatorum,
1159 2374 1232 2428 sicut
1248 2373 1276 2426 in
1296 2371 1445 2442 Evangelio
1469 2370 1592 2423 dicitur:
1619 2389 1631 2421 c
1654 2370 1757 2425 Omnia

89 2483 109 2517 e
133 2456 193 2513 dos
203 2463 311 2529 praesto
322 2464 365 2515 est
378 2459 503 2529 quotidie
519 2459 682 2514 ministrans
697 2468 726 2514 et
735 2462 848 2515 easdem
862 2480 914 2519 se·
956 2480 1017 2532 quae
1032 2463 1115 2517 vultis
1141 2469 1172 2516 ut
1194 2462 1296 2515 iaciant
1317 2460 1392 2514 vobis
1422 2459 1559 2524 homines,
1576 2459 1634 2513 haec
1658 2460 1757 2514 eadem

91 2573 112 2605 a
136 2561 177 2618 pe
192 2545 318 2603 offerens
332 2547 915 2621 hostias,quaenunqua1npossuntsuferre
957 2555 985 2604 et
1000 2567 1047 2605 vos
1061 2551 1142 2605 facite
1158 2551 1212 2605 illis
1228 2551 1334 2617 (Multis.
1349 2550 1404 2617 vn).
1423 2569 1434 2600 o
1451 2549 1628 2618 Quapropter
1642 2564 1698 2602 nou
1715 2552 1758 2605 est

96 2659 115 2691 e
137 2639 275 2707 peccate.
298 2635 350 2689 llic
365 2641 459 2688 autem
479 2653 565 2690 unam
587 2638 775 2708 propeccatis
796 2640 916 2693 olferens
956 2656 1069 2692 neeesse
1096 2640 1220 2710 quotidie
1248 2636 1392 2693 sacrificiis
1421 2637 1592 2707 quotidianis
1626 2653 1757 2707 purgare,

97 2748 116 2783 e
133 2721 311 2787 hostiam,in
319 2724 521 2795 sempiternum
530 2726 610 2780 sedet
620 2727 655 2780 ad
666 2726 810 2781 dexteram
818 2728 916 2795 Dei‚de
957 2728 1029 2782 sicut
1042 2729 1072 2781 in
1086 2728 1171 2782 veteri
1188 2729 1284 2798 lege«
1304 2726 1445 2781 Habentes
1466 2727 1570 2797 itaque,
1597 2724 1707 2792 fratres,
1724 2725 1758 2781 li-

101 2835 120 2869 c·
134 2816 245 2869 cetero
255 2812 518 2882 exspectans‚d0nec
524 2822 665 2885 ponantur
673 2815 777 2870 inimici
788 2818 849 2887 ejus
859 2833 916 2872 sca-
959 2836 972 2869 <r
989 2817 1101 2870 duciarn
1114 2817 1143 2871 in
1158 2816 1274 2871 introitu
1285 2822 1447 2870 sanctorum
1457 2813 1631 2884 insanguine
1643 2813 1758 2881 Christi,

106 2923 122 2955 c
141 2898 251 2955 bellum
267 2900 370 2971 pedum
379 2902 467 2972 ejus.»
486 2904 587 2972 (doure.)
601 2903 712 2958 Priores
722 2905 846 2958 ostendit
855 2905 916 2960 inu·
960 2926 971 2957 c
984 2922 1069 2976 quam
1079 2905 1200 2960 initiavit
1207 2905 1286 2959 nobis
1300 2905 1374 2958 viam
1390 2920 1499 2970 novam,
1513 2908 1541 2956 et
1554 2903 1693 2957 viventem
1707 2919 1758 2973 per

112 2987 186 3048 tiles
200 3004 263 3044 esse
284 2988 390 3045 hostias
406 2990 441 3044 ad
459 2990 598 3061 integram
618 2992 841 3059 mundationem,
866 2994 916 3047 sed
960 2994 1121 3058 «velamen,
1138 2994 1165 3048 id
1180 3000 1232 3059 est,
1248 3010 1361 3047 carnem
1373 3009 1463 3059 suam,
1475 2997 1504 3045 et
1513 2991 1686 3047 sacerdotem
1697 3007 1757 3047 ma·

112 3078 234 3133 formam
250 3077 341 3148 magis
349 3094 396 3133 eas
411 3095 480 3145 esse,
491 3086 519 3133 et
528 3081 616 3135 multo
627 3081 721 3135 minus
732 3080 843 3135 habere.
861 3082 915 3136 Sed
927 3055 951 3121 c
961 3102 973 3134 v
989 3099 1077 3153 gnum
1091 3099 1176 3153 super
1190 3082 1305 3136 domum
1317 3081 1376 3135 Dei.
1392 3103 1403 3131 l
1420 3082 1524 3151 pleon.)
1541 3080 1592 3132 Hic
1607 3079 1757 3147 ostendeus

120 3164 185 3233 quia
193 3165 358 3221 occurrebat
367 3168 393 3221 ei
402 3167 496 3233 hoc,id
506 3169 591 3235 est,Si
603 3169 699 3224 formae
707 3178 916 3241 erantquome
956 3171 1119 3225 distantiam
1133 3171 1282 3243 pqntilicis,
1298 3176 1327 3224 et
1341 3169 1507 3229 hostiarum.
1528 3173 1557 3223 et
1572 3167 1755 3234 tabernaculi,

123 3248 159 3307 do
170 3254 284 3309 veritate
296 3255 425 3311 veniente
439 3273 496 3311 non
509 3265 697 3325 cessaverunt,
710 3275 800 3331 neque
814 3259 915 3313 disces·
956 3266 985 3314 et
997 3259 1168 3324 testamenti,
1186 3266 1215 3314 et
1229 3258 1463 3331 repromissionis,
1483 3264 1512 3311 et
1537 3257 1656 3310 multam
1676 3255 1757 3311 dilie-

127 3349 222 3407 wuut,
247 3343 298 3398 sed
319 3343 410 3398 adhuc
432 3344 632 3400 celebrantur?
647 3348 706 3402 Hoc
718 3364 784 3418 ergo
804 3348 848 3402 his
862 3349 912 3416 ait,
955 3349 1093 3402 rentiam:
1110 3349 1249 3421 siquidem
1261 3349 1308 3401 illa
1320 3347 1431 3418 quidem
1448 3345 1622 3416 temporalia,
1633 3345 1691 3399 haec
1706 3361 1756 3398 au-

129 3429 267 3485 mandens
280 3431 347 3503 quia
360 3433 420 3504 jam
443 3450 497 3487 non
518 3434 704 3499 celebrantur,
731 3453 822 3507 neque
841 3437 916 3491 velut
956 3444 1013 3491 tem
1031 3438 1208 3492 arternadlla
1219 3437 1332 3507 quidem
1348 3436 1468 3499 infirma,
1487 3435 1544 3488 haec
1560 3440 1655 3487 autem
1667 3433 1756 3506 perse

127 3506 212 3575 ferne
220 3538 226 3571 :
234 3520 373 3574 nonenim
383 3537 429 3575 eas
438 3524 622 3593 acceptabiles
629 3524 713 3578 habet
726 3526 815 3592 Deus;
826 3533 855 3579 et
864 3526 915 3580 hoc
956 3533 1000 3581 cta
1008 3545 1013 3578 z
1021 3526 1187 3597 illaquidem
1199 3525 1465 3583 fornmehaecantem
1476 3522 1672 3575 veritassNon
1680 3521 1756 3576 euim

127 3602 293 3673 mitatem,
313 3609 361 3680 qui
375 3627 486 3681 semper
500 3612 616 3683 Spiritui
628 3619 724 3668 sancto
738 3615 912 3668 restiterunt.
953 3616 1034 3685 juxta
1049 3616 1139 3684 legem
1156 3610 1591 3682 mandatiinquit,cornalis‚scd
1604 3611 1685 3679 Juxta
1699 3609 1755 3663 vir-
1842 3630 1845 3643 ·

124 3684 294 3768 Quapropter
313 3699 477 3771 prophetico
505 3701 667 3756 testimonio
690 3703 835 3772 redarguit
855 3719 912 3769 eos,
956 3709 1046 3757 tutem
1057 3703 1119 3756 vitm
1135 3702 1291 3755 insolubilis
1302 3720 1308 3767 3
1320 3719 1332 3752 a
1343 3707 1372 3754 et
1382 3722 1391 3749 c
1402 3701 1444 3754 Tu
1459 3717 1489 3753 es
1503 3698 1633 3752 sacerdos
1644 3698 1673 3752 in
1689 3713 1754 3769 per·

126 3777 529 3844 dicenevflolocoustomataet
538 3799 709 3861 propeccato
720 3792 834 3845 noluisti
844 3812 868 3846 :c
881 3792 915 3846 de
955 3798 1082 3862 petuum.
1102 3811 1113 3842 c
1130 3790 1198 3843 Ecce
1216 3788 1389 3860 perpetuitas
1404 3786 1604 3841 sacerdotis.Et
1617 3785 1652 3838 de
1666 3791 1754 3839 testa-

111 3872 329 3931 hubethonis
340 3877 554 3933 deChristohoc
565 3879 911 3950 dicitu1·.thuidmiruvn,
956 3885 1051 3933 mento
1067 3879 1114 3932 illo
1129 3879 1284 3948 dixit,quod
1300 3883 1441 3931 vetustum
1453 3881 1513 3929 est:
1534 3894 1543 3923 ι
1564 3873 1644 3937 Quod
1659 3879 1755 3928 autem

109 3959 147 4012 &i
158 3977 226 4017 nunc
237 3980 293 4019 non
300 3969 345 4019 est
354 3966 481 4020 voluntas
492 3966 542 4021 Dei
552 3966 581 4019 iu
591 3967 878 4037 sanguinehircorum
886 3974 914 4022 et
955 3968 1102 4022 veterascit
1114 3974 1143 4021 et
1153 3968 1281 4032 senescit,
1296 3965 1452 4037 proximum
1465 3969 1509 4017 est
1522 3963 1680 4017 interitui«
1696 3963 1755 4019 Hoc

102 4042 577 4126 taurorumdumperpropnetam
586 4056 688 4110 isaiam
699 4056 814 4110 dicitur:
828 4056 912 4121 «Quis
955 4064 1049 4111 autem
1063 4058 1274 4112 Testamentum
1290 4057 1398 4109 Novum
1414 4060 1442 4108 et
1456 4052 1648 4106 remissionem
1659 4045 1755 4123 pecca·

103 4144 135 4185 ἲ
147 4140 272 4211 quesivit
280 4140 340 4196 haec
351 4141 386 4195 de
394 4142 523 4197 manibus
534 4144 720 4211 vestris?(lsu.
732 4146 844 4213 dolium
856 4146 914 4200 haec
956 4153 1048 4200 torum
1063 4145 1185 4214 habens,
1207 4146 1276 4198 illud
1292 4149 1387 4198 autem
1401 4142 1470 4196 nihil
1482 4139 1643 4211 hujusmodi
1662 4158 1667 4192 ι
1685 4136 1755 4194 illud

88 4224 239 4287 noluisti.
254 4230 358 4287 «Tune
368 4231 423 4287 dixi
436 4249 498 4285 ecce
507 4232 598 4287 venio.
613 4253 625 4282 »
639 4251 651 4279 c
660 4235 692 4287 ln
704 4251 759 4303 qua
771 4235 913 4288 voluntate
955 4234 1069 4306 quidem
1080 4235 1281 4300 manufactum,
1295 4235 1346 4287 hoc
1358 4238 1453 4287 autem
1469 4247 1525 4285 non
1538 4228 1730 4283 manufactum
1745 4247 1752 4298 3

81 4314 183 4373 &abt
197 4318 262 4375 faeti
278 4334 385 4374 sumus.
401 4319 564 4385 »Quomodo
582 4321 650 4375 salvi
673 4322 737 4375 lacti
754 4322 869 4376 sumus?
882 4324 913 4376 ld
956 4323 1023 4376 illud
1040 4323 1152 4393 quidem
1167 4324 1332 4393 sanguinem
1351 4323 1492 4375 hircorum
1509 4318 1694 4383 habebut,hoc
1706 4333 1755 4373 au·

76 4403 166 4463 Qot.
178 4424 192 4459 c
203 4423 254 4478 per
266 4406 437 4463 oblationem
451 4409 575 4480 corporis
586 4411 651 4464 lesu
663 4412 759 4464 semel.
770 4412 803 4465 Et
821 4412 912 4466 omnis
924 4377 1013 4465 Dtem
1028 4412 1153 4479 Domini;
1170 4411 1238 4465 illud
1255 4412 1368 4482 quidem
1383 4416 1504 4464 stantem
1514 4405 1754 4472 sacerdotem,hoc

70 4492 225 4559 ‘laidem
236 4496 366 4551 sacerdos
386 4503 487 4567 presto
506 4515 567 4551 esse
585 4498 668 4553 debet
689 4500 812 4570 quotidie
828 4500 911 4553 mini·
953 4507 1048 4555 autom
1061 4501 1215 4555 sedentem.
1229 4500 1368 4564 Quoniam
1380 4498 1466 4568 igitur
1478 4501 1577 4550 cuncta
1589 4494 1755 4549 illaminoru

59 4574 396 4641 &sumministrare
411 4591 506 4643 autem
521 4586 691 4642 famulorum
702 4594 753 4651 est,
762 4588 860 4658 sedere
868 4606 912 4642 ve·
952 4591 1089 4647 sunthaec
1103 4596 1196 4643 autem
1208 4585 1601 4660 majoraproptereainquit,c
1610 4582 1753 4638 Habentes

55 4660 149 4722 ’Ἦ
160 4671 347 4729 dominorum.
365 4673 444 4731 Unde
455 4681 483 4728 et
492 4675 569 4741 dicit,
588 4694 600 4728 u
617 4677 701 4730 Sedet
716 4677 751 4730 ad
767 4678 912 4732 dexteram
953 4677 1048 4748 igitur,
1056 4677 1166 4743 fratres,
1180 4678 1320 4731 liduciam.
1335 4695 1347 4728 a
1362 4676 1459 4730 Unde?
1476 4676 1552 4729 Scut
1566 4672 1641 4726 enirn
1657 4670 1754 4726 confu-

139 4759 174 4814 ei.
189 4778 203 4812 ι
219 4761 420 4835 Quapropter«
434 4779 521 4817 unam
536 4765 654 4819 offerens
669 4766 798 4829 hostiam,
817 4786 829 4813 v
849 4782 911 4836 quoe
953 4764 1060 4819 sionem
1075 4765 1180 4821 faciunt
1189 4771 1311 4837 peccata,
1321 4765 1360 4819 sic
1371 4764 1504 4818 fiduciam
1515 4761 1642 4815 omnium
1658 4760 1755 4814 remis-

157 4865 219 4906 vare
233 4856 354 4925 potest«
364 4850 660 4924 inperpetuumsedet
670 4855 704 4908 ad
718 4854 845 4908 dextrum
857 4855 910 4908 Pa·
953 4853 994 4907 sio
1010 4861 1190 4925 peccatorum
1207 4874 1212 4907 :
1232 4853 1343 4926 etquod
1358 4853 1516 4908 coheredes
1540 4848 1632 4904 ellecti
1645 4865 1752 4915 sumus,

44 4916 174 5003 tlds,
189 4937 224 4995 de
239 4946 358 4995 «caetero
368 4946 541 5011 exspectans,
553 4942 641 4996 donec
651 4942 910 5012 ponantur,inimici
953 4943 1066 5014 etquod
1090 4949 1169 4997 tanta
1191 4942 1340 4995 dilectione
1360 4942 1518 4995 fruimur«
1542 4941 1575 4993 In
1596 4937 1753 5005 introitum,

37 5011 133 5083 Qvi
145 5025 337 5085 usseabelluru
352 5029 455 5099 pedum
467 5030 613 5100 ejus.»Qui
630 5037 696 5085 sunt
710 5031 815 5085 inimici
831 5031 911 5100 ejus?
952 5031 1053 5103 inquit,
1073 5038 1242 5085 sanctorum.
1263 5030 1442 5084 »introitum
1464 5029 1509 5082 hic
1527 5027 1628 5080 coelum
1645 5024 1714 5078 dicit
1726 5027 1756 5089 et

29 5078 200 5169 *ndei
214 5115 345 5170 videlicet
359 5118 640 5179 etomnesinfrdeles,
654 5121 741 5191 quiin
758 5119 910 5190 diejudicii
953 5137 1094 5174 accessum
1118 5121 1153 5174 ad
1173 5119 1319 5191 spiritalia.
1348 5139 1360 5171 ι(
1386 5120 1476 5183 Quam
1492 5113 1639 5169 dedicavit.
1660 5131 1671 5161 v
1695 5112 1754 5165 Hoc

178 5204 263 5260 nandi
277 5204 389 5261 suntab
399 5214 478 5269 eo,et
488 5207 532 5260 hic
547 5207 721 5262 nimietatem
733 5209 864 5279 potentiae
876 5208 911 5262 si·
953 5213 1004 5274 est,
1023 5226 1106 5279 quam
1132 5208 1295 5273 construxit,
1314 5225 1397 5278 quam
1422 5201 1589 5276 praeparavit
1612 5206 1641 5254 et
1668 5215 1754 5271 quam

14 5266 911 5368 k*liticatNou(linitsuinciuntur,sedvutponanturesub
954 5297 1082 5351 initiavit.
1100 5296 1242 5351 Dedicatio
1258 5297 1360 5369 quippe
1388 5296 1490 5348 dicitur
1511 5291 1623 5344 initium
1644 5287 1752 5345 utendi.

14 5351 228 5437 deibus
241 5383 313 5453 ejus.
328 5383 390 5439 Non
404 5383 492 5455 igitur
507 5384 662 5439 efficiamur
676 5403 708 5439 ex
724 5404 842 5440 numero
857 5386 912 5440 ini·
955 5387 1045 5450 Quam
1056 5386 1232 5459 preparavit,
1247 5386 1346 5455 inquit,
1358 5391 1386 5438 ct
1396 5401 1446 5455 per
1455 5398 1540 5452 quam
1551 5380 1609 5452 ipse
1620 5378 1752 5450 perrexit.

132 5467 250 5529 icarum
262 5490 268 5524 :
282 5488 339 5527 nou
356 5472 432 5526 euim
448 5473 500 5527 soli
516 5473 682 5545 iuimici,qui
695 5475 821 5528 infideles
836 5481 910 5540 sunt,
958 5496 969 5525 ι
986 5476 1066 5529 Viam
1083 5492 1183 5529 novam
1198 5481 1227 5528 et
1242 5475 1340 5527 vivam.
1357 5494 1368 5524 ι
1390 5474 1441 5527 llic
1461 5468 1680 5524 satisfactionem
1695 5467 1755 5538 spei

172 5559 316 5634 etiamqui
330 5561 387 5617 vita
400 5561 547 5619 immunda
560 5563 636 5636 pleni
651 5571 726 5621 suot.
738 5563 914 5619 «Prudentia
958 5564 1090 5629 declarat,
1120 5581 1220 5618 novam
1246 5563 1350 5623 dicens.
1373 5563 1497 5617 Conatur
1517 5559 1592 5614 enirn
1607 5554 1754 5611 ostendere
