3772 6120
111 310 179 367 teat
451 309 637 367 commuue.
658 311 697 367 IN
716 311 873 367 cnnrlcn
891 310 973 375 QUAE
991 311 1039 366 AD
1059 308 1199 367 LAUDES
1217 312 1411 369 DICUNTUR.
1681 316 1751 374 1098

108 436 168 506 jam
181 451 300 491 securus
313 442 364 499 est,
378 437 546 507 necpatitur
564 452 625 508 quae
639 437 725 490 refert
737 435 772 489 de
787 436 1076 494 humanedcordiam
1097 443 1263 492 consecutus
1282 443 1333 501 est,
1351 435 1441 491 omnis
1464 444 1582 492 ventura
1600 443 1751 511 posteritas

110 528 196 585 statu,
213 524 430 597 philosophatur
441 530 470 579 et
484 525 552 579 dicit
564 543 569 577 :
584 545 596 577 v
609 526 736 584 Domine,
749 525 789 578 sic
799 520 911 591 vivitur,
953 526 1550 597 hoceognoscenslaudotejusincredibilem
1560 527 1748 584 clementiam.

111 612 200 676 ettali
214 629 314 667 sumus
328 613 486 667 conditione
499 613 635 683 generati,
657 613 840 683 »corripuisti
855 631 909 679 me,
953 615 1065 669 Salvurn
1076 630 1142 684 ergo
1151 632 1196 669 me
1207 615 1394 681 faaDornine.
1406 622 1439 669 ut
1451 632 1548 670 omnes
1560 617 1607 688 qui
1616 617 1646 671 in
1654 624 1683 673 te
1693 636 1751 673 ere·

110 701 159 756 sed
172 701 319 756 vivificasti
333 719 379 756 me
388 719 540 773 pacemque
555 702 678 756 tribuisti
692 703 788 772 fugato
802 704 910 773 Aspr03
952 703 1045 757 dimus
1058 710 1163 774 tueque
1177 721 1276 758 sumus
1287 704 1390 760 auxilio
1400 704 1520 771 liberati,
1536 706 1643 760 cunetis
1652 707 1750 763 diebus

110 790 158 845 sed
173 807 230 862 pax
251 807 315 844 mea
328 792 404 846 omni
425 791 493 845 mihi
507 791 696 846 amaritudine
711 790 909 857 inhumanior,
953 791 1014 846 vitm
1028 798 1130 847 nostrae
1144 798 1172 846 te
1183 797 1328 847 cantemus
1343 793 1371 847 in
1386 795 1500 864 templo.

109 878 178 950 quia
190 879 395 950 tranquillitate
410 880 506 951 populi
531 880 641 933 reddita
657 886 686 933 et
709 879 778 934 urbe
802 896 910 944 secura,

110 984 163 1039 ego
190 969 269 1023 solus
296 969 393 1023 limina
415 969 514 1023 mertis
542 968 653 1032 intravi,
680 969 729 1022 sed
758 973 789 1022 tu
814 969 911 1024 eruisti

108 1056 236 1112 animam
252 1074 354 1120 meam.
371 1064 473 1112 utnon
496 1058 611 1129 periret,
626 1058 669 1111 vel
688 1058 819 1128 praesenti
840 1059 911 1113 vitm.
1307 1059 1400 1096 ΙᾸἮΗἸΤ

108 1146 151 1201 vel
165 1146 279 1202 futurae.
1193 1159 1378 1212 CANTICUM
1393 1159 1512 1225 ANNAE,

145 1253 158 1286 ι
172 1235 322 1305 projecisti
330 1241 393 1307 post
403 1241 515 1305 tergum
523 1241 605 1289 tuurn
615 1233 829 1306 omniapeccota
838 1252 909 1299 inea,

109 1324 209 1395 aquia
235 1340 292 1379 non
306 1324 432 1378 infernus
455 1324 635 1378 confitebitur
656 1323 707 1377 tibi
725 1340 815 1394 neque
837 1341 911 1378 mors

108 1432 122 1464 ι
138 1412 272 1469 laudabit
284 1418 322 1468 te.
334 1431 347 1465 e
358 1411 514 1483 Projecisti,
528 1412 629 1483 inquit,
646 1418 834 1484 posttergans
849 1429 911 1467 om·
988 1413 1077 1484 Igitur
1093 1415 1240 1469 Canticum
1255 1416 1330 1485 quod
1345 1415 1373 1469 in
1388 1416 1459 1471 libro
1471 1417 1579 1485 Regum
1589 1419 1751 1489 prophetico

106 1501 157 1557 nia
170 1508 289 1574 peccata
302 1519 374 1568 mea,
387 1518 422 1556 nc
438 1501 485 1555 illa
497 1501 587 1555 tristis
598 1500 753 1572 aspicerem
773 1502 822 1555 sed
832 1507 911 1556 tuam
952 1502 1052 1573 spiritu
1065 1505 1148 1558 Anna
1162 1511 1254 1558 mater
1263 1504 1338 1559 beati
1352 1505 1491 1559 Samuelis
1505 1507 1649 1577 propheta
1661 1509 1753 1581 profe-

106 1590 332 1646 miserieordiam
344 1590 549 1661 contemplarer
560 1609 567 1643 ε
578 1590 703 1643 infernus
714 1590 789 1644 enim
800 1596 829 1644 et
838 1607 912 1644 mors
954 1590 1041 1657 rebat,
1053 1598 1081 1645 et
1090 1591 1141 1646 suh
1152 1593 1234 1646 titulo
1248 1593 1382 1647 orationis
1397 1600 1583 1664 praenotatum
1600 1600 1652 1661 est,
1663 1597 1753 1650 multa

107 1694 164 1734 non
178 1680 392 1734 confitebuntur
411 1696 502 1750 neque
522 1679 679 1733 laudabunt
693 1684 731 1739 te,
747 1680 829 1748 iuxta
843 1679 911 1733 illud
953 1681 1289 1736 sacramentadeChristo
1300 1688 1328 1736 et
1338 1682 1461 1736 Ecclesia
1471 1684 1532 1753 ejus
1544 1685 1753 1755 continet,quia

107 1769 183 1839 quod
197 1769 334 1840 scriptum
345 1775 407 1856 estp
423 1788 436 1820 r
450 1769 481 1823 ln
494 1767 603 1822 inferno
618 1773 713 1822 autem
725 1768 787 1838 quis
801 1756 944 1822 confite-B
953 1768 1039 1840 ipsius
1053 1786 1169 1824 munere
1181 1771 1238 1824 haec
1248 1771 1466 1843 prophetizando
1476 1772 1695 1843 praesagabatur,
1708 1791 1753 1829 cu-

107 1854 185 1912 bitur
207 1857 260 1911 tibi
275 1859 358 1926 (Psoi.
375 1862 435 1917 xxx}
452 1858 464 1909 l
481 1875 493 1908 n
510 1856 712 1927 confessioque
729 1873 790 1927 quae
814 1856 843 1910 in
861 1856 914 1910 hoc
951 1859 998 1928 jus
1015 1875 1067 1929 ope
1081 1859 1168 1913 totius
1178 1860 1305 1914 Ecclesia
1320 1860 1449 1915 subsistit
1457 1861 1601 1928 fortitudo,
1614 1868 1643 1917 et
1651 1864 1751 1935 ampli·

110 1944 241 2001 loconon
266 1962 317 2017 pro
332 1946 506 2017 paenitentia.
523 1946 572 2000 sed
596 1963 648 2017 pro
676 1945 767 2015 glorio
781 1951 810 1998 et
832 1946 913 1999 laude
955 1947 1753 2022 secaturmultitude,etconsrrmaturstabilitassedquae·

113 2035 256 2106 accipitur,
272 2035 346 2089 sicut
367 2041 396 2088 et
415 2035 443 2089 in
459 2034 611 2104 Evangelio
627 2034 765 2104 legimus:
791 2052 802 2085 r
820 2035 913 2089 Consi-
955 2035 1027 2089 ritur
1041 2053 1090 2090 cur
1099 2036 1246 2107 Scriptura
1255 2037 1331 2091 dieat
1343 2040 1453 2092 Annam
1462 2040 1567 2093 orando
1576 2040 1629 2093 hoc
1638 2057 1752 2094 carmen

114 2127 171 2179 teor
183 2122 246 2187 tibi,
260 2125 353 2191 Pater,
365 2124 482 2179 Domine
498 2123 560 2177 coeli
578 2128 607 2177 et
618 2127 700 2177 terrm
716 2124 822 2190 (Metili.
839 2128 884 2189 rr).
900 2143 911 2173 ι
954 2125 1088 2194 prolerre,
1104 2143 1169 2179 curn
1188 2126 1277 2195 magis
1300 2126 1329 2180 in
1350 2143 1384 2180 ea
1398 2127 1559 2198 praedicatio
1578 2127 1749 2193 futurorum,

1149 1276 1247 1328 Matris
1260 1275 1398 1329 Sauurelr's
1411 1275 1553 1343 propheta.
1617 1252 1620 1257 ἱ

148 2230 161 2266 r
179 2214 244 2268 Non
259 2213 464 2284 exspectabunt
477 2213 524 2283 qui
539 2213 713 2266 descendunt
724 2212 752 2265 in
764 2212 856 2266 lacuna
871 2229 914 2266 ve·
955 2230 1039 2284 quum
1053 2214 1204 2285 postulatio
1219 2213 1337 2282 alicujus
1353 2216 1392 2269 rei
1417 2216 1584 2270 inveniatur.
1610 2217 1655 2271 Sic
1676 2217 1751 2270 enim

124 2302 255 2356 critatem
266 2308 362 2369 tuam;
376 2302 471 2355 vivens
486 2301 581 2355 vivens
591 2302 651 2372 ipse
664 2301 843 2355 confitebitur
852 2301 911 2364 tibi,
954 2302 1090 2373 scriptum
1103 2310 1155 2368 est,
1167 2304 1201 2357 Et
1214 2303 1304 2356 oravit
1313 2305 1395 2357 Anna
1408 2311 1437 2357 et
1447 2303 1487 2358 ait
1504 2323 1509 2357 :

129 2390 217 2445 «deut
227 2398 257 2445 et
267 2407 319 2461 ego
334 2391 519 2445 hodievNon
532 2390 743 2462 exspectabunt,
754 2390 855 2460 inquit,
867 2392 914 2461 qui
994 2411 1004 2442 ι
1023 2392 1177 2446 Exsultarit
1192 2409 1240 2446 cor
1254 2409 1349 2448 mcum
1364 2393 1394 2446 in
1408 2393 1539 2459 Domino,
1556 2400 1585 2447 et
1599 2393 1752 2448 exaltatum

131 2478 287 2535 descendunt
300 2480 329 2533 in
344 2480 434 2535 laeum
450 2479 598 2534 veritatem
612 2484 709 2545 tuam;
726 2479 825 2532 melius
836 2481 915 2534 eninr
958 2499 970 2531 r
987 2485 1029 2535 est
1042 2498 1128 2536 cornu
1143 2499 1236 2537 meum
1254 2483 1283 2537 in
1301 2483 1359 2537 Deo
1374 2498 1445 2535 meo.
1463 2500 1476 2533 u
1494 2482 1556 2535 Non
1579 2482 1654 2535 enim
1675 2481 1752 2536 inve-

134 2568 174 2624 hor
193 2569 224 2624 ad
243 2569 420 2624 intellectum
439 2569 573 2639 pertinet,
591 2583 674 2639 quam
689 2567 768 2633 illud,
790 2569 862 2639 quod
886 2569 914 2623 in
956 2570 1034 2624 nitur
1044 2587 1124 2624 orare
1142 2570 1170 2624 in
1185 2572 1237 2625 hoe
1251 2572 1368 2630 cantico.
1386 2571 1438 2624 nisi
1453 2587 1504 2641 per
1517 2571 1572 2624 due
1587 2569 1671 2624 verba
1687 2576 1751 2625 tan·

135 2657 191 2713 htx
201 2658 330 2728 legimus,
346 2674 403 2711 non
418 2656 626 2728 exspectabunt,
641 2657 689 2727 qui
704 2657 877 2712 descendunt
886 2658 915 2713 in
956 2663 1026 2723 tum,
1042 2666 1073 2713 ut
1088 2660 1156 2713 dicit
1172 2678 1177 2712 :
1197 2662 1326 2715 ‹Lremta
1339 2677 1402 2714 sum
1421 2659 1451 2713 in
1471 2659 1588 2713 salutari
1603 2675 1676 2722 meo,
1695 2678 1708 2711 o
1724 2665 1753 2713 et

135 2744 215 2809 lacon,
232 2746 453 2802 misericordiam
468 2751 563 2812 tuam;
579 2746 775 2813 maximarum
789 2747 916 2801 Salvator
956 2748 1031 2802 aliud
1046 2755 1097 2815 est,
1112 2749 1271 2820 «quianon
1288 2756 1331 2803 est
1345 2750 1420 2807 Deus
1434 2755 1536 2820 praeter
1548 2754 1586 2802 te.
1606 2750 1752 2818 »aposto-

137 2833 164 2887 td
174 2834 304 2890 infernum
320 2835 505 2899 descenderit,
521 2840 552 2889 ut
565 2834 671 2888 vinctos
686 2833 720 2888 de
734 2834 830 2889 inseris
844 2836 913 2890 libe·
955 2836 999 2891 lus
1008 2843 1102 2892 autem
1114 2838 1195 2892 dicit:
1208 2862 1222 2890 a
1237 2839 1323 2895 Orate
1333 2839 1394 2892 sine
1410 2837 1617 2891 intermissione
1628 2837 1655 2906 (I
1663 2837 1749 2891 Thess.

137 2928 202 2977 uret.
215 2925 270 2978 Pro
283 2924 347 2978 lacu
362 2923 537 2978 manifestius
546 2923 631 2977 iidem
648 2923 913 2978 inferostranstule-
954 2928 991 2992 v).
1011 2925 1081 2978 »Illi
1097 2925 1172 2979 enim
1188 2925 1234 2995 qui
1251 2926 1280 2979 in
1290 2925 1383 2979 divino
1398 2930 1525 2978 versatur
1540 2924 1640 2989 officio,
1657 2924 1753 2978 omnia

138 3017 195 3065 rent.
210 3033 220 3063 ι
234 3012 336 3067 Vivens
349 3013 443 3066 vivens
457 3012 517 3083 ipse
532 3011 805 3078 connerinensem
820 3018 848 3066 et
862 3029 913 3083 ego
953 3018 1034 3081 gesta
1047 3015 1118 3084 ejus,
1135 3014 1265 3085 dietaque
1274 3031 1331 3086 ,pro
1344 3014 1470 3068 oratione
1485 3018 1671 3084 reputantur;
1688 3012 1754 3083 quia

140 3095 211 3156 hodie.
228 3121 241 3155 a
258 3103 294 3157 lit
312 3101 358 3156 hic
378 3100 514 3156 consessio
529 3117 579 3172 pro
600 3100 761 3155 laudatione
775 3101 890 3172 ponitur
906 3101 945 3161 :C
951 3103 1046 3171 iustus
1056 3119 1119 3156 cum
1133 3103 1194 3157 sine
1208 3103 1425 3169 intermissione,
1436 3118 1497 3173 quae
1505 3104 1583 3172 justa
1595 3107 1670 3165 sunt,
1682 3101 1751 3171 agit,

138 3191 292 3260 nequeenim
311 3190 653 3253 suasceleracenfitetur‚
670 3189 838 3260 sedgratias
854 3191 913 3261 agit
953 3191 1132 3262 perhocsine
1147 3191 1354 3246 intermissione
1365 3193 1464 3262 justus
1476 3191 1576 3245 orabit.
1589 3191 1662 3245 Elin
1677 3190 1753 3244 Psal·
1841 3180 1843 3184 ἱ

139 3271 188 3343 Deo,
201 3285 226 3333 et
238 3296 294 3334 non
311 3285 355 3333 est
367 3279 485 3349 pulchra
505 3278 629 3333 laudatio
644 3278 673 3332 in
683 3294 732 3333 ore
746 3280 909 3349 peccatoris.
953 3281 1007 3334 mis
1021 3281 1090 3334 dicit
1106 3298 1112 3332 :
1130 3298 1143 3331 a
1160 3280 1283 3335 Elevatie
1294 3296 1431 3333 manuum
1445 3296 1573 3334 mearum
1583 3279 1752 3333 sacrificium

139 3360 240 3439 Cumque
257 3368 384 3422 internus
394 3375 507 3422 etmors
516 3383 572 3421 non
586 3368 782 3431 confiteantur,
790 3384 841 3422 nec
852 3368 912 3423 lau·
953 3370 1142 3440 vespertinum
1164 3372 1246 3437 (Psoi.
1264 3374 1336 3437 cxc).
1357 3389 1370 3425 u
1389 3370 1485 3422 illevat
1504 3384 1605 3422 manus
1629 3369 1687 3434 ille,
1706 3368 1752 3439 qui

140 3448 291 3522 betheum,
303 3456 460 3511 econtrario
471 3456 529 3510 vita
537 3461 622 3526 atque
628 3455 750 3510 viventes
760 3456 913 3511 Dominum
954 3459 1044 3512 elevat
1053 3464 1132 3512 actus
1142 3475 1217 3512 suos.
1228 3458 1325 3513 Aliter.
1334 3459 1428 3527 Moyse
1439 3456 1564 3511 elevante
1573 3473 1684 3522 manus,
1696 3455 1754 3509 vin-

139 3539 281 3612 metant,
295 3546 425 3617 quodque
441 3545 568 3616 sequitur
584 3564 590 3598 :
954 3544 1034 3599 eebat
1048 3546 1305 3605 Israel.dimittente
1319 3544 1754 3615 vero,vincebatllmaleclr;quia

164 3633 259 3690 ‹Puter
269 3635 335 3689 filiis
344 3640 440 3689 notam
448 3634 531 3689 saciet
541 3635 685 3689 veritatem
693 3632 912 3697 tuarnDomine,
954 3635 1043 3689 doriec
1056 3635 1180 3688 famulus
1194 3635 1243 3689 Dei
1257 3635 1350 3689 elevat
1362 3640 1440 3689 actus
1456 3651 1521 3688 suos
1537 3634 1573 3687 ad
1588 3633 1750 3693 Dominum,

141 3722 252 3778 «mrum
274 3740 320 3791 me
347 3723 390 3777 sac
409 3728 438 3777 et
457 3723 579 3796 psalmos
608 3728 718 3777 nostros
739 3720 914 3775 cantabimus
954 3722 1039 3777 vincit
1054 3723 1131 3794 plebs
1146 3723 1206 3785 Dei,
1226 3740 1290 3777 curn
1309 3729 1403 3777 autern
1418 3722 1557 3776 dimiserit
1577 3728 1657 3776 actus
1676 3737 1751 3782 suos,

141 3812 254 3867 «anem
267 3810 366 3866 diebrm
378 3812 442 3866 vitae
456 3817 558 3866 nostrae
568 3811 596 3865 in
607 3812 690 3866 domo
706 3810 825 3864 Domini.
840 3828 851 3860 r
863 3809 914 3863 Pa·
954 3812 1041 3866 vincit
1049 3811 1193 3878 Amalech,
1206 3811 1333 3865 inimicus
1346 3811 1397 3865 Dei
1425 3830 1437 3857 v
1455 3809 1618 3875 Exsultavit‚
1633 3828 1645 3859 ι
1661 3808 1754 3880 inquit

140 3897 331 3956 bibianellum
342 3900 426 3954 saciet
435 3901 581 3954 veritatem
592 3905 680 3954 tuam.
692 3901 750 3954 lloc
762 3899 910 3969 significat,
952 3901 1044 3964 Anna,
1061 3917 1075 3951 u
1090 3916 1244 3953 cormeum
1261 3917 1274 3949 a
1291 3904 1320 3953 ct
1334 3897 1491 3952 necessarie
1505 3896 1624 3956 addidit,
1636 3914 1650 3950 r
1660 3897 1689 3950 in
1700 3896 1753 3951 Do·

139 3987 274 4054 poterin
291 3989 511 4044 Deuteronomio
525 3988 628 4043 dieitur
647 4007 653 4040 :
672 3989 843 4057 «Interroga
862 4003 912 4057 pa·
954 3988 1039 4054 mino,
1058 4009 1069 4035 a
1086 3995 1118 4042 ut
1131 3988 1235 4042 Paulus
1247 3986 1329 4041 dixit:
1346 4007 1358 4037 v
1375 3987 1501 4041 Gaudete
1513 3985 1541 4040 in
1555 3985 1673 4040 Domino
1683 4000 1753 4039 sern-

138 4074 283 4132 nauum
300 4083 329 4132 et
351 4077 531 4132 annuntiabit
548 4077 614 4144 tibi;
639 4077 763 4131 seniores
786 4083 860 4135 tuos,
885 4080 914 4128 et
955 4094 1006 4149 per
1017 4078 1090 4146 (Phil
1117 4080 1164 4139 ivl,
1180 4097 1191 4127 v
1209 4075 1275 4147 quia
1288 4081 1382 4147 potest
1397 4076 1460 4146 quis
1473 4076 1597 4146 gaudere
1612 4074 1640 4128 in
1654 4092 1752 4129 carna-

139 4158 272 4221 lhattibi
290 4165 381 4233 (deut.
404 4174 497 4230 xxxin,
517 4185 529 4217 i
551 4171 583 4221 ut
602 4183 652 4238 per
675 4165 862 4220 successiones
886 4171 915 4218 et
954 4167 1037 4223 libus
1055 4169 1126 4221 Cunr
1149 4183 1194 4221 me
1210 4166 1338 4220 homines
1360 4166 1484 4228 laudant,
1504 4181 1560 4219 non
1586 4164 1615 4218 in
1635 4162 1754 4217 Domino

139 4247 445 4326 fl‘nguhsganerationea
452 4254 503 4309 Dei
513 4255 543 4308 in
553 4260 679 4326 posteros
688 4254 837 4309 clementia
847 4270 915 4324 pree
954 4256 1073 4328 gaudeo,
1090 4255 1138 4311 sed
1155 4256 1265 4326 gaudeo
1288 4255 1317 4308 in
1333 4255 1476 4309 vanitate:
1499 4255 1564 4308 hino
1582 4267 1754 4323 compungar

140 4335 234 4410 hatur,
248 4359 299 4414 pro
323 4360 378 4414 quo
404 4343 476 4397 Lxx
496 4350 658 4414 posuerunt.
677 4342 718 4397 nb
742 4342 824 4397 hodie
839 4342 1069 4437 enirnDpropter
1086 4344 1202 4400 verbum
1224 4344 1282 4408 Dei,
1306 4360 1369 4398 cum
1393 4343 1478 4398 dicit:
1503 4361 1516 4395 r
1537 4340 1691 4396 Exsultavit
1707 4356 1754 4393 cor

141 4425 193 4485 lhos
204 4432 312 4498 haam,
325 4432 374 4502 qui
384 4431 592 4487 annuntiabunt
598 4431 739 4501 justitiam
749 4437 838 4498 tuam,
851 4448 915 4486 cau·
955 4451 1049 4488 meum
1065 4434 1094 4487 in
1104 4433 1232 4487 Domino.
1243 4450 1257 4484 u
1268 4432 1349 4486 Dicat
1359 4448 1425 4500 ergo
1440 4432 1530 4492 Anna,
1543 4446 1604 4500 quae
1619 4428 1754 4498 interpre-

141 4516 197 4581 nh,
210 4537 270 4593 quae
292 4520 452 4591 conjunctio
476 4521 624 4591 sequentia
644 4536 706 4574 eum
722 4521 913 4592 superioribus
954 4526 1032 4577 tatur
1044 4521 1145 4592 gnatia,
1158 4519 1280 4574 Ecclesia
1293 4519 1421 4573 videlicet
1436 4517 1549 4582 Christi,
1564 4516 1660 4570 civitas
1679 4516 1753 4586 regis

141 4608 238 4676 mbulet,
254 4609 331 4680 quod
350 4608 478 4663 videlicet
497 4609 600 4663 idcirco
619 4609 742 4664 viventes
761 4609 862 4680 etipse
876 4610 914 4664 vi·
955 4611 1059 4682 magni,
1083 4609 1176 4681 gratia
1198 4609 1290 4679 plena,
1316 4606 1392 4679 prole
1416 4605 1544 4671 fecunda,
1566 4605 1650 4658 dicat.
1678 4605 1752 4675 quod

141 4704 191 4750 itas
201 4696 367 4753 benedicant
388 4697 456 4763 Deo,
472 4698 538 4768 quia
554 4697 589 4751 ab
608 4699 661 4752 hac
679 4697 724 4752 die
740 4699 864 4752 facturus
878 4698 915 4752 sit
954 4704 1034 4754 tanto
1049 4704 1115 4752 ante
1128 4697 1163 4751 de
1173 4713 1203 4751 se
1217 4696 1416 4766 prophetatum
1430 4711 1480 4765 per
1493 4711 1524 4747 os
1537 4694 1622 4764 hujus
1634 4693 1686 4765 pire
1696 4708 1753 4746 ma·

142 4776 202 4851 illos,
222 4786 270 4858 qui
292 4786 464 4841 annuntient
481 4786 628 4840 veritatem
644 4788 705 4856 ejus
723 4804 728 4838 :
752 4787 825 4857 quod
839 4793 913 4840 certe
954 4788 1007 4842 tris
1020 4787 1161 4858 ignoscit:
1176 4804 1189 4837 v
1202 4784 1354 4839 Exsultavit
1366 4800 1414 4837 cor
1428 4800 1521 4837 meum
1537 4783 1566 4836 in
1580 4783 1709 4848 Domino,
1726 4788 1754 4834 et

142 4881 240 4930 menon
257 4880 320 4929 erat
328 4875 485 4946 potestatis,
494 4891 585 4946 neque
596 4875 671 4929 enim
685 4892 736 4946 per
746 4876 914 4947 Prophetarn
955 4878 1106 4932 exaltatum
1132 4880 1175 4928 est
1201 4889 1288 4927 cornu
1306 4888 1400 4926 meum
1428 4873 1457 4925 in
1478 4872 1536 4925 Deo
1556 4888 1628 4925 meo.
1649 4890 1661 4922 v
1681 4871 1753 4923 Vere

141 4952 169 5012 lli
186 4961 261 5019 liberi
288 4962 451 5034 repromissi
471 4969 547 5028 sunt,
566 4964 613 5018 sed
633 4981 755 5034 praesens
777 4964 834 5017 vita
847 4981 914 5018 con·
955 4964 1101 5021 exsultavit
1118 4979 1174 5027 cor,
1192 4962 1260 5032 quia
1279 4961 1308 5014 in
1323 4960 1451 5020 Domino,
1468 4964 1496 5012 et
1517 4976 1581 5012 vere
1600 4958 1752 5011 exaltatum

140 5058 205 5117 mu,
216 5051 372 5124 prasertim
390 5067 454 5106 curn
470 5051 667 5122 impiissimum
682 5052 769 5107 filium
785 5053 915 5122 genuerit
954 5070 1052 5119 cornu,
1066 5052 1133 5122 quia
1147 5066 1202 5104 non
1216 5066 1299 5113 exse,
1310 5049 1358 5102 sed
1374 5048 1402 5102 in
1417 5048 1536 5102 Domino
1549 5048 1607 5102 Deo
1618 5063 1668 5100 suo
1681 5046 1754 5099 exal·

138 5132 272 5207 libassem
281 5140 329 5211 qui
341 5140 489 5211 repleverit
498 5141 653 5195 Jerusalem
663 5142 915 5213 sanguineaporta
954 5148 1045 5196 taurin
1061 5146 1112 5193 est.
1130 5141 1162 5194 Et
1176 5141 1205 5193 in
1216 5139 1271 5192 ahc
1285 5138 1344 5192 loco
1359 5137 1443 5191 dicit:
1457 5157 1468 5183 v
1483 5135 1754 5190 Exaltabunturcor-

137 5237 206 5298 loque
220 5229 256 5285 ed
271 5236 392 5301 portam,
413 5234 442 5283 et
464 5246 520 5284 non
539 5229 689 5296 benedixit,
708 5230 757 5284 sed
773 5231 915 5285 maledixit
955 5246 1011 5284 nua
1023 5227 1093 5299 justi
1107 5230 1188 5295 (Psoi.
1206 5229 1305 5294 exul»
1321 5225 1388 5295 quia
1402 5225 1436 5278 de
1448 5224 1537 5278 crucis
1553 5223 1656 5277 Christi
1671 5223 1753 5294 apici-

134 5310 187 5383 Dee,
199 5334 370 5390 persequens
384 5324 480 5373 sancto
493 5320 565 5389 ejus.
581 5319 734 5374 Possumus
746 5337 822 5389 ergo,
834 5321 915 5389 juxta
955 5318 1016 5383 bus,
1025 5317 1111 5385 justis
1120 5315 1302 5369 conteruntur
1313 5315 1371 5369 haec
1382 5330 1496 5369 cornua.
1509 5313 1538 5366 in
1553 5312 1597 5366 his
1611 5311 1754 5366 ventilabi-

132 5400 198 5471 lxx,
209 5407 262 5462 hoo
275 5407 380 5471 dicere,
393 5408 467 5479 quod
483 5423 539 5462 non
548 5408 650 5462 dixerit
660 5409 732 5462 filios
742 5408 852 5473 faciam,
865 5409 912 5462 sed
954 5423 1017 5462 rnus
1026 5412 1110 5476 atquc
1119 5404 1295 5458 destruemus
1304 5402 1477 5456 adversarias
1488 5405 1640 5473 potestates
1652 5401 1753 5457 animm

131 5507 201 5562 vnis,
217 5494 292 5568 quod
305 5495 349 5550 vel
362 5496 502 5567 parvulos,
518 5497 561 5550 vel
576 5513 677 5568 pueros
693 5497 750 5551 sive
762 5496 914 5551 infantulos
955 5503 1058 5551 nostrie
1071 5494 1245 5549 insidiantes.

127 5588 286 5658 etposteros
296 5584 491 5656 intelligimus,
507 5589 540 5639 ut
553 5602 585 5639 ex
600 5586 721 5655 eoquod
736 5585 795 5655 ipse
809 5585 915 5638 miseri·
993 5605 1005 5635 ι
1022 5583 1176 5637 Dilatatum
1191 5587 1234 5636 est
1243 5598 1274 5634 os
1287 5596 1381 5634 ancum
1395 5596 1480 5649 super
1493 5578 1622 5634 inimicos
1639 5597 1724 5633 meos.
1739 5602 1751 5630 a

238 5684 373 5747 Parnoi.
390 5682 482 5745 Cxll.
1599 5682 1637 5738 33
