3772 6120
117 292 167 349 tit
413 290 445 347 a.
465 288 602 347 mnam
621 288 736 343 naum
755 288 923 344 anemae.
943 288 1106 347 unauna.
1126 290 1277 349 ΟΡΕΒΠΜ
1293 290 1387 347 Bm
1404 288 1456 349 ΙΙΙ.

117 435 173 490 qao
197 417 378 474 ubernamlo
396 415 533 472 merifleia
560 414 675 469 suerunt
701 414 855 479 saecahris,
871 410 1647 484 nivnperfeetumdcduxitlen»sedsecunduurcasmll

118 508 158 563 hil
172 508 206 562 ad
218 508 371 579 perfectam
387 505 557 560 deducentia
572 504 739 557 servientem
749 504 779 556 in
794 504 843 556 eis.
856 522 867 552 ι
882 504 914 556 ln
954 503 1013 557 dati
1038 504 1134 558 sordes
1157 511 1186 558 et
1208 503 1383 573 ignorantias
1410 502 1505 573 potuit
1527 500 1647 557 emundi

117 597 238 651 secundo
252 604 348 651 eutem
372 596 459 650 semel
473 594 501 647 irr
516 609 590 647 anno
609 593 685 646 solus
709 592 841 663 pontifex.
858 608 914 646 non
955 592 1182 655 adulteriorero,
1204 597 1234 647 et
1256 592 1291 647 de
1308 590 1476 662 capitalibus
1505 588 1647 651 criminiln

116 685 176 739 sine
191 685 328 756 sangnine
342 701 426 755 quom
436 683 518 737 offert
525 698 575 752 pro
582 698 633 735 sua
640 688 669 734 et
675 680 770 751 populi
783 681 915 750 ignorari·
957 681 1049 751 potuit
1061 697 1191 752 parspere,
1204 681 1251 735 sed
1267 682 1403 735 damnare
1418 686 1531 752 patrata
1540 679 1647 750 ahsqrm

116 773 165 827 tia.
183 793 196 825 ι
213 775 343 828 lstcrero
352 771 476 844 pontifex
495 788 528 825 ex
544 776 625 841 parte
639 770 853 838 significateum
869 769 916 839 qui
956 768 1087 823 ricerdis,
1109 771 1175 824 ldeo
1198 771 1357 825 adulteram
1381 767 1516 823 Pharisaei
1546 782 1647 839 proper

117 863 204 916 semol
225 863 370 933 ingressus
386 867 428 915 est
445 860 546 914 ooelum
566 860 642 913 intra
662 859 755 911 velum
775 858 805 911 in
821 868 917 911 sancta
957 866 1022 913 ante
1039 860 1136 913 lesum
1153 861 1243 919 (fourr.
1260 862 1329 925 verr),
1354 864 1387 913 ut
1404 857 1564 929 potuissent
1581 870 1647 911 exem

117 958 289 1013 sanctorum,
305 958 337 1005 ut
350 952 464 1006 assistet
478 948 568 1003 saltui
583 948 633 1002 Dei
660 962 711 1018 pro
729 945 818 1001 uobis.
836 947 915 1010 Quod
957 963 1029 1011 sere,
1056 948 1080 1002 si
1099 954 1199 1003 contra
1211 949 1303 1018 legem
1322 947 1466 1001 absolvere
1478 945 1614 1017 juberet;
1638 960 1647 999 s

117 1056 183 1095 vero
197 1041 256 1095 ait:
276 1040 560 1109 «Utoiieratprosua
574 1035 913 1107 etpopurilgnorsnaa»
957 1035 1078 1091 debilem
1101 1037 1333 1091 consuetudinem
1355 1036 1508 1102 auritteret,
1525 1034 1550 1089 si
1570 1032 1645 1104 legis

119 1130 228 1192 hocest,
243 1130 388 1200 quodipse
398 1129 428 1183 in
440 1126 587 1181 cruceait:
606 1144 620 1176 c
634 1126 719 1187 Deus,
735 1125 809 1179 Deus
824 1140 914 1186 meus,
956 1141 1023 1179 nom
1043 1125 1184 1180 custodire
1199 1126 1372 1196 praeciperet.
1395 1125 1449 1179 Sed
1466 1130 1623 1193 unamque
1645 1149 1647 1167 ι

118 1234 206 1289 quere
220 1234 267 1271 me
294 1215 592 1288 dereliquistil·louge
611 1231 628 1268 a
649 1214 741 1268 salute
756 1228 820 1267 mea
833 1212 918 1266 verba
957 1214 1097 1285 sepientis
1106 1214 1166 1279 Dei,
1178 1215 1259 1285 quasi
1274 1215 1392 1269 dixisset
1406 1231 1412 1264 :
1428 1210 1647 1283 ausumqaid

118 1307 285 1362 delictorum
300 1322 454 1360 meorum»
474 1305 559 1369 (Ptol.
576 1306 642 1364 xxii.
671 1303 739 1366 Qua
753 1308 821 1356 sunt
835 1301 917 1356 serbe
958 1303 981 1356 si
992 1305 1085 1373 justos
1098 1303 1382 1358 heberetrninistros.
1403 1302 1458 1366 Qui
1473 1298 1647 1357 festacemd

120 1395 295 1461 delictorum,
312 1394 366 1449 nisi
380 1392 506 1464 corporis
520 1392 586 1446 sui'l
959 1392 1075 1447 alterius
1088 1393 1188 1447 tollere
1202 1392 1302 1456 rident,
1319 1393 1428 1461 justum
1445 1395 1495 1454 est,
1510 1396 1543 1445 ut
1560 1388 1643 1460 prim

157 1481 540 1553 cllocsignihcanteilpiritn
551 1480 918 1550 sanctanonduurpropale-
959 1482 993 1535 dc
1016 1481 1129 1551 proprio
1143 1482 1225 1535 tollat
1248 1482 1338 1536 oculo.
1355 1481 1396 1537 Dc
1410 1480 1582 1551 baptismate
1598 1479 1647 1535 lac

121 1578 206 1627 «tarn
220 1588 282 1625 esse
296 1578 457 1625 sanctorum
469 1570 551 1629 riam,
566 1569 657 1622 adhuc
674 1569 766 1638 priore
786 1567 918 1622 taberna·
961 1570 1069 1640 plenius
1084 1571 1113 1624 in
1128 1570 1289 1640 Evangelio,
1312 1561 1380 1618 sari
1404 1568 1530 1623 Marcum
1539 1566 1647 1636 legitur

123 1680 134 1712 r
152 1662 214 1715 culo
229 1660 350 1714 habente
365 1664 480 1714 statum.
501 1659 568 1722 Quae
583 1657 770 1728 paraboleest
784 1657 919 1727 temporis
964 1659 1074 1721 vrrt,nbi
1084 1659 1217 1713 Pharisaei
1233 1656 1647 1728 vituperabantllominumets

123 1746 293 1813 o'instantis,
301 1750 383 1819 iuxta
396 1764 482 1818 quarn
501 1752 663 1800 muneraret
678 1745 776 1799 hostias
797 1731 951 1799 ellenon—B
962 1749 1002 1802 los
1013 1765 1068 1803 non
1089 1749 1154 1803 lotis
1181 1747 1312 1802 manibus
1336 1747 1516 1801 manducare.
1533 1745 1647 1799 Frustra

123 1857 135 1886 ο
151 1843 208 1903 tur,
216 1854 278 1908 quae
287 1854 344 1891 non
350 1842 468 1907 possunt
470 1837 481 1906 j
486 1822 552 1889 nita
558 1834 757 1889 conscientiam
767 1834 920 1905 perfectum
961 1837 1104 1903 Pharisaei,
1113 1837 1217 1891 frustra
1225 1843 1320 1891 autern
1329 1852 1427 1890 omnes
1439 1836 1452 1889 J
1456 1833 1528 1888 adesi
1540 1833 1639 1887 levant

124 1926 238 1981 «facere
262 1926 469 1981 servientem.»
488 1926 649 1994 Propterea,
669 1923 770 1993 inquit,
797 1924 854 1977 ista
881 1923 921 1976 its
961 1934 990 1979 et
1008 1926 1100 1980 elbro
1117 1926 1184 1980 dmn
1201 1926 1325 1990 veniunt,
1352 1922 1541 1993 baptizantur,
1556 1920 1647 1992 quens

119 2013 917 2089 constructesuntmtdiscernus,quiasanctesenctprurn,
962 2016 1174 2070 temnantfontc
1187 2012 1436 2069 Salvatorisablui.
1459 2012 1513 2067 Sed
1532 2010 1647 2067 Phariae

122 2105 235 2165 hocest,
251 2105 352 2158 coelam
367 2101 657 2157 adhucinaceesaibile
672 2101 837 2155 mortalibus
851 2101 922 2155 solet
962 2104 1030 2157 talia
1052 2103 1254 2174 prophetarum
1282 2101 1367 2156 verba
1395 2100 1547 2155 carnaliter
1581 2098 1647 2171 acci]

121 2209 192 2247 esse.
208 2194 267 2247 Nec
281 2199 414 2263 putemus
431 2198 462 2246 et
484 2191 553 2244 illud
572 2190 683 2260 ingredi
700 2206 856 2261 nonposse.
873 2189 919 2243 ubi
962 2192 1070 2263 quaeilli
1080 2193 1114 2246 do
1124 2188 1647 2262 cordisetoperiscestigetioneproecip

123 2281 245 2351 pontifex
259 2286 356 2335 noster
379 2281 455 2351 prior
478 2279 595 2334 intrarit
613 2295 669 2333 non
693 2279 755 2333 sine
772 2279 919 2348 sanguine,
962 2280 1102 2335 dicentes:
1135 2280 1319 2342 «Laeamini,
1346 2279 1444 2333 mundi
1465 2283 1557 2333 estote
1579 2279 1647 2347 (aas.

122 2371 195 2425 sicut
208 2370 349 2441 Propheta
370 2369 499 2441 praedixit
514 2385 520 2420 τ
545 2388 557 2420 a
573 2367 642 2432 eris
656 2373 699 2422 est
713 2368 766 2422 istc
783 2368 833 2438 qui
846 2367 922 2421 venit
962 2376 1006 2423 et:
1019 2387 1032 2420 c
1047 2368 1444 2438 Mundamini,quifertisresa
1454 2366 1568 2421 Domini
1586 2368 1647 2433 lise,

122 2459 157 2513 de
172 2459 260 2514 Edorn
278 2459 372 2513 tinctm
396 2458 520 2512 vestibus
540 2458 574 2511 de
599 2456 735 2510 Bosrais
759 2458 820 2519 lisa.
834 2460 921 2523 caru.)
964 2456 1646 2528 istidecorporcsorurnmouoravanuospecteutes

124 2546 178 2602 Sed
192 2547 331 2616 patienter
355 2554 549 2616 exspectamus
570 2552 683 2616 tempas
709 2544 922 2599 resurrectionis
964 2554 1122 2602 tererrant.
1132 2548 1317 2601 Currrcerturn
1330 2546 1489 2616 sitldoysen
1500 2551 1529 2598 et
1541 2544 1647 2615 prophe

124 2641 238 2695 nostras,
263 2635 292 2688 in
319 2652 385 2705 qno,
412 2656 423 2683 ι
456 2635 564 2689 Scimus
592 2633 724 2704 quoniam
747 2650 812 2687 oum
836 2650 921 2704 appa-
965 2653 1029 2690 rasa
1041 2636 1136 2706 populi
1151 2636 1202 2691 Dei
1219 2634 1489 2704 velaquisdilui‚rel
1504 2634 1647 2704 ignopurp

128 2723 225 2785 ruerit,
241 2722 348 2776 similes
372 2722 413 2775 illi
433 2723 540 2778 erimus
572 2725 681 2789 (t'olors.
706 2725 756 2789 ιιι),
774 2722 855 2775 »hnc
869 2730 920 2787 cst,
964 2726 1026 2779 oleo
1040 2724 1647 2795 sanctificeri‚qaacunqueexcaasa,husen

128 2812 317 2877 irnmortalesj,
341 2811 414 2865 sicta
439 2811 481 2865 illi
508 2827 585 2864 mors
602 2811 677 2864 ultra
698 2811 923 2865 nondominabi-
964 2814 993 2868 in
1008 2815 1060 2868 lrao
1078 2814 1268 2869 materialium
1284 2829 1378 2867 rerum
1394 2811 1647 2875 emandationem

124 2905 181 2963 tur,
197 2915 249 2953 nec
272 2905 370 2955 nostra
388 2916 452 2953 caro
467 2899 613 2953 dominata
631 2899 694 2953 erit.
713 2918 726 2953 s
745 2899 924 2970 Comparatio
965 2902 1034 2958 aum
1044 2903 1136 2973 potius
1152 2910 1181 2957 et
1194 2918 1312 2972 oporam
1326 2901 1512 2970 castigatione
1523 2902 1647 2954 essanct

124 2994 176 3053 est,
202 2987 304 3058 inquit.
329 2988 463 3058 temporis
485 2988 654 3042 instantis.»
678 2989 784 3055 (foeni
812 2990 923 3043 instans
965 2998 1049 3061 atque
1063 2991 1222 3046 animarum
1243 2990 1324 3044 nobis
1339 2989 1474 3044 mandare
1494 2989 1628 3043 salutem.

124 3076 325 3147 ternpusquale
338 3076 428 3131 dicit?
442 3081 508 3130 anto
522 3076 700 3147 presentiam
715 3076 821 3131 Christi
838 3095 845 3130 ε
861 3084 924 3149 post
934 3056 956 3112 G
967 3098 979 3129 r
992 3087 1053 3133 stus
1072 3085 1168 3134 summ
1197 3080 1332 3134 assistens
1355 3078 1478 3148 pontifex
1499 3077 1647 3133 futurorua

126 3165 277 3219 adrentum
291 3165 366 3219 enirn
390 3165 495 3219 Christi
520 3167 647 3235 nonjem
661 3171 705 3219 est
720 3165 837 3231 instans,
856 3183 923 3236 qao
967 3184 1057 3223 rrum
1084 3184 1134 3239 por
1160 3169 1281 3238 amplius
1309 3174 1337 3221 et
1360 3167 1509 3238 perfectius
1536 3165 1647 3221 taberna

123 3254 227 3309 model
242 3270 424 3324 namurgens
442 3254 739 3308 estetfrnembebens.
759 3255 842 3309 Aliud
855 3254 922 3309 item
967 3274 1051 3311 «non
1077 3257 1280 3321 annumeratum,
1306 3257 1334 3311 id
1367 3263 1419 3321 cst,
1449 3272 1505 3309 non
1530 3256 1617 3325 hrrjus
1641 3272 1647 3307 i

124 3342 294 3412 sigmficens,
309 3343 362 3396 hoc
374 3342 468 3396 dixit:
499 3360 588 3414 cquae
603 3344 776 3413 comparatio
790 3343 922 3398 instantis
965 3347 1049 3400 unis.
1068 3349 1128 3416 ssd.
1142 3347 1242 3413 ilipa).
1263 3345 1487 3400 Tabernacalnrn
1503 3360 1560 3398 non
1571 3358 1647 3399 maur

124 3431 344 3502 esttemporiw
355 3431 408 3486 hoc
421 3430 717 3493 estformefactaest.
733 3450 745 3483 a
762 3433 920 3486 Secundum
962 3451 1076 3489 caruem
1092 3435 1168 3499 dicit,
1187 3435 1215 3487 in
1231 3435 1358 3489 hocloco
1372 3433 1442 3488 berre
1462 3440 1491 3487 et
1504 3434 1642 3503 rnajorem

123 3536 210 3590 quam
226 3536 344 3575 munera
370 3525 399 3575 et
424 3520 522 3575 hostin
542 3522 709 3587 olleruntur,
724 3537 781 3575 non
798 3521 923 3575 solantes
963 3523 1111 3578 sectionem
1120 3523 1201 3585 dixit,
1212 3524 1351 3593 siquidem
1360 3529 1389 3577 et
1400 3524 1474 3576 Deus
1494 3520 1647 3575 Verbume

122 3609 483 3666 somndnmconscientiam
488 3611 643 3681 perlectum
650 3609 744 3663 fecere
751 3610 897 3665 cultorem.
908 3629 921 3662 a
963 3611 1324 3682 spiritusoperatiohabitat
1334 3612 1414 3665 inea.
1427 3612 1512 3665 «Non
1521 3609 1642 3665 enimad

124 3699 255 3761 Attouda,
265 3698 448 3768 quidhocest,
460 3698 735 3769 anihilperlloitlexi
744 3699 824 3753 etesi
836 3698 923 3752 incul-
964 3717 1025 3754 rarn
1035 3701 1084 3755 dat
1093 3702 1165 3754 Deua
1174 3700 1326 3771 Spiritum:
1343 3722 1353 3750 ι
1372 3699 1568 3770 perfectiorem
1580 3704 1647 3753 aute

125 3787 359 3857 pabilisessetille
371 3788 494 3858 prims.»
509 3788 672 3851 Quomodo?
684 3788 846 3842 Secundam
860 3802 923 3841 oon-
964 3788 1267 3860 utpotcinculpabilern
1274 3795 1303 3842 et
1309 3790 1417 3858 majore
1423 3788 1646 3858 perficientem.»

125 3876 922 3947 mendam.sllostiaeinqait,nonsordesnnimsedimitte-
967 3899 977 3927 r
995 3895 1051 3932 non
1069 3879 1152 3933 istam
1167 3886 1335 3932 creaturam.
1349 3899 1362 3926 ι
1379 3878 1597 3947 Eccequanturn
1610 3892 1647 3931 mr

126 3964 203 4027 bant,
218 3964 267 4018 sed
281 3970 392 4019 taintarn
420 3965 494 4018 circa
507 3981 610 4036 corpus
625 3972 716 4029 erant,
735 3984 747 4017 e
769 3965 922 4019 secundum
964 3967 1105 4022 nonenim
1126 3967 1187 4021 sine
1207 3967 1307 4037 spirita
1322 3983 1384 4019 earn
1391 3966 1555 4031 construxit,
1564 3980 1647 4036 neqan

125 4053 216 4121 legem
226 4053 352 4106 mandatr
364 4052 498 4117 carnalis;
510 4069 584 4106 »non
593 4053 668 4107 enim
676 4053 922 4117 adulterium,norr
963 4064 1093 4110 uenture
1108 4064 1159 4113 est,
1181 4056 1233 4109 hoc
1248 4061 1300 4120 est,
1312 4071 1368 4109 non
1384 4062 1472 4108 estex
1490 4053 1535 4109 his
1550 4059 1647 4109 creatu

124 4139 316 4201 hernicidium,
328 4157 420 4210 napae
432 4140 608 4211 sacrilegium
623 4142 767 4196 dimittere
781 4148 920 4213 poterent.
962 4145 1098 4215 spiritalis
1105 4161 1137 4198 es
1144 4142 1647 4215 Spiritusaneto.lntaerisquiaaodor

124 4228 255 4292 Intueris,
272 4228 339 4298 qaid
350 4228 399 4292 eit,
412 4230 600 4295 Hoccomede,
613 4230 682 4285 illud
697 4247 753 4284 non
765 4232 895 4285 comedes
910 4233 922 4283 'l
962 4232 1647 4302 naculumetvelnnencteoerunrilluaeorpasvoc

125 4334 187 4389 quae
200 4324 282 4371 erant
295 4317 494 4372 indifferentia.
522 4338 533 4368 r
555 4319 737 4373 Solummodo
750 4319 781 4374 in
800 4319 869 4373 cibis
894 4327 922 4375 et
964 4324 1056 4392 majus
1071 4322 1255 4393 etperfeotins
1268 4321 1551 4391 tabernaculum,per
1564 4321 1647 4375 velen

126 4407 299 4478 ‹potibasat
308 4407 393 4461 seriis
407 4407 554 4478 baptismis
563 4414 591 4462 et
598 4408 718 4478 justitiis
731 4409 921 4480 cominusque
964 4412 1259 4479 estcarnemejas,»et
1269 4411 1430 4466 iterumrin
1439 4409 1647 4465 interiorevela

126 4496 190 4551 sed
205 4503 317 4567 tempus
331 4496 512 4551 correctionis
525 4497 676 4568 impositis¹
696 4517 707 4548 ι
728 4498 919 4563 solummodo,
963 4500 1100 4554 etiterum
1111 4500 1284 4554 cintrantorn
1300 4500 1327 4553 in
1340 4504 1605 4553 sanctasanctorum
1621 4517 1635 4553 s

124 4584 227 4654 iuquit,
242 4586 272 4639 in
287 4585 355 4640 cibis
369 4592 399 4640 et
423 4587 453 4641 in
475 4586 587 4658 potibus
609 4594 639 4640 et
659 4587 743 4641 variis
765 4587 919 4658 baptismis.
963 4588 1352 4659 saltuiDei.Quareer·gohoc
1366 4588 1647 4643 tacitlsecundamu

125 4672 185 4727 lloc
199 4678 274 4743 pote,
288 4674 388 4745 inquit,
411 4676 463 4729 hoc
475 4676 542 4729 noli.
567 4676 602 4730 Et
614 4682 709 4731 tamen
719 4678 754 4731 de
769 4683 837 4748 potu
851 4677 922 4730 nihil
963 4677 1047 4732 aliam
1058 4677 1301 4748 significationem,
1313 4683 1344 4731 ut
1358 4683 1427 4747 pute
1437 4675 1523 4730 veluti
1534 4675 1647 4746 quoddi

125 4767 187 4815 erat
201 4761 377 4832 dispositum,
394 4765 443 4818 sed
467 4765 497 4818 in
520 4770 712 4836 mntemptam
734 4766 849 4820 mittens
864 4767 922 4820 laec
963 4767 1140 4821 meucoelum
1155 4773 1207 4820 eet.
1224 4764 1647 4836 Sicuteninrrnuroqaorlemd

125 4848 209 4912 dicit,‘
220 4871 232 4897 ο
243 4855 273 4904 et
283 4851 376 4916 veras,
400 4852 500 4923 inquit,
517 4853 663 4924 baptismis
675 4861 704 4908 et
714 4855 922 4925 justificationi
963 4862 1062 4909 sancta
1073 4856 1210 4917 velamen,
1226 4855 1265 4909 sic
1275 4864 1303 4909 et
1313 4870 1377 4909 caro
1391 4855 1564 4909 abscondens
1573 4853 1647 4909 divin

125 4939 179 4995 bus
191 4939 379 5010 tunicasque
391 4942 427 4994 ad
435 4948 546 5012 tempus
556 4943 736 4997 correctionis
749 4943 921 5014 impositis.»
963 4944 1093 4999 similiter
1113 4951 1141 4998 et
1149 4944 1362 4998 tabernaculum
1374 4943 1516 4997 habensin
1529 4959 1560 4997 se
1572 4942 1647 4999 dixin

125 5029 281 5085 lieceaim
294 5035 357 5083 aas
378 5030 491 5098 justitia
516 5031 619 5097 cernis,
636 5032 665 5085 in
687 5032 740 5085 hoe
758 5032 861 5103 dejecit
875 5034 923 5087 ille
963 5033 1184 5089 'sabernaculum
1192 5032 1647 5095 autorncmlara,illicenimestinf

125 5124 312 5183 semamente,
322 5119 472 5172 ostendens
487 5120 554 5189 quia
567 5121 674 5175 nullam
687 5120 828 5175 habebant
838 5123 923 5176 virtu·
963 5122 1038 5177 tifex.
1057 5124 1140 5191 (Alb)
1154 5124 1234 5178 Unde
1249 5139 1300 5177 nos
1314 5123 1409 5177 futura
1424 5122 1497 5175 bona
1518 5136 1647 5192 sperarat

126 5207 558 5279 temetquieusqucsdtempns
570 5210 751 5264 correctionis
763 5216 853 5273 erant,
869 5212 922 5264 hoc
963 5212 1069 5277 dari,id
1079 5218 1253 5275 est,aeter·na,
1264 5229 1324 5281 qaae
1340 5216 1560 5264 nontranseunt.
1578 5211 1647 5266 «Ne

125 5299 178 5357 cet,
193 5302 306 5365 ternpus
312 5296 498 5355 sustinebant,
505 5299 647 5368 corrigens
657 5300 848 5367 omnialdltl
857 5301 922 5354 Haec
959 5302 1008 5370 jus
1020 5300 1179 5366 creationis,
1197 5321 1209 5351 ι
1225 5302 1277 5355 hoc
1287 5307 1330 5354 ost
1342 5317 1398 5355 non
1412 5301 1496 5369 bajus
1505 5298 1647 5357 hibernati

126 5395 192 5434 sero
203 5382 321 5450 irntitiee
328 5386 464 5452 carnales,
473 5386 502 5440 in
511 5386 788 5459 cibisetinpotihus,
805 5388 921 5443 etvariis
961 5390 1027 5455 cies,
1040 5390 1415 5461 qnodinerernolixithorno,
1431 5388 1647 5459 sedhoclongee

126 5467 349 5539 baptismatibus,
366 5490 455 5545 usqae
479 5476 515 5530 ed
538 5482 650 5548 tempus
671 5478 852 5532 correctionis
867 5478 921 5531 irn-
961 5480 1024 5550 ipso
1037 5480 1097 5533 Deo
1107 5486 1232 5535 creatura
1240 5484 1292 5543 est,
1300 5479 1472 5550 spiritaliter,
1483 5493 1542 5532 non
1551 5479 1647 5535 carrea

125 5557 920 5636 poatoesuataetenaeqradaocea,rnsailnimaa
962 5567 1647 5640 quoteberneculornodosuetauimeejluloeu
