<?xml version="1.0" encoding="UTF-8"?>
<!DOCTYPE html PUBLIC "-//W3C//DTD XHTML 1.0 Transitional//EN"
    "http://www.w3.org/TR/xhtml1/DTD/xhtml1-transitional.dtd">
<html xmlns="http://www.w3.org/1999/xhtml" xml:lang="en" lang="en">
 <head>
  <title>
</title>
<meta http-equiv="Content-Type" content="text/html;charset=utf-8" />
  <meta name='ocr-system' content='tesseract 3.04.00' />
  <meta name='ocr-capabilities' content='ocr_page ocr_carea ocr_par ocr_line ocrx_word'/>
</head>
<body>
  <div class='ocr_page' id='page_1' title='image "./patrologiaecurs22goog_0252.png"; bbox 0 0 3772 6120; ppageno 0'>
   <div class='ocr_carea' id='block_1_1' title="bbox 126 238 1765 319">
    <p class='ocr_par' dir='ltr' id='par_1_1' title="bbox 126 238 1765 319">
     <span class='ocr_line' id='line_1_1' title="bbox 126 238 1765 319; baseline -0.01 -15"><span class='ocrx_word' id='word_1_1' title='bbox 126 244 176 319; x_wconf 56' lang='lat' dir='ltr'><strong>§Ol</strong></span> <span class='ocrx_word' id='word_1_2' title='bbox 328 302 341 319; x_wconf 65' lang='lat'>‚</span> <span class='ocrx_word' id='word_1_3' title='bbox 423 242 454 313; x_wconf 74' lang='lat' dir='ltr'><strong>fl·</strong></span> <span class='ocrx_word' id='word_1_4' title='bbox 475 242 611 312; x_wconf 70' lang='grc' dir='ltr'><strong>ΜΛΝί</strong></span> <span class='ocrx_word' id='word_1_5' title='bbox 629 242 746 309; x_wconf 59' lang='grc' dir='ltr'>ιιιιιιιι</span> <span class='ocrx_word' id='word_1_6' title='bbox 763 243 932 301; x_wconf 77' lang='lat' dir='ltr'><strong>necuter.</strong></span> <span class='ocrx_word' id='word_1_7' title='bbox 952 242 1116 303; x_wconf 73' lang='lat' dir='ltr'><strong>Moenus.</strong></span> <span class='ocrx_word' id='word_1_8' title='bbox 1137 240 1287 299; x_wconf 74' lang='lat' dir='ltr'><strong>OPERUM</strong></span> <span class='ocrx_word' id='word_1_9' title='bbox 1304 238 1397 295; x_wconf 75' lang='lat' dir='ltr'><strong>rm</strong></span> <span class='ocrx_word' id='word_1_10' title='bbox 1415 238 1466 295; x_wconf 83' lang='lat' dir='ltr'><strong>tu.</strong></span> <span class='ocrx_word' id='word_1_11' title='bbox 1709 242 1765 299; x_wconf 70' lang='lat' dir='ltr'><strong>m</strong></span> 
     </span>
    </p>
   </div>
   <div class='ocr_carea' id='block_1_2' title="bbox 118 363 1766 3020">
    <p class='ocr_par' dir='ltr' id='par_1_2' title="bbox 118 363 1766 3020">
     <span class='ocr_line' id='line_1_2' title="bbox 126 363 1766 445; baseline 0 -24"><span class='ocrx_word' id='word_1_12' title='bbox 126 384 188 445; x_wconf 58' lang='grc' dir='ltr'><strong>φη)</strong></span> <span class='ocrx_word' id='word_1_13' title='bbox 202 367 306 439; x_wconf 58' lang='lat' dir='ltr'><strong>sistente</strong></span> <span class='ocrx_word' id='word_1_14' title='bbox 323 372 391 437; x_wconf 76' lang='lat' dir='ltr'><strong>sunt</strong></span> <span class='ocrx_word' id='word_1_15' title='bbox 403 363 562 425; x_wconf 72' lang='lat' dir='ltr'><strong>differentis</strong></span> <span class='ocrx_word' id='word_1_16' title='bbox 576 364 731 429; x_wconf 77' lang='lat' dir='ltr'><strong>secundum</strong></span> <span class='ocrx_word' id='word_1_17' title='bbox 754 370 922 427; x_wconf 66' lang='lat' dir='ltr'><strong>naturarum</strong></span> <span class='ocrx_word' id='word_1_18' title='bbox 929 370 1075 437; x_wconf 66' lang='lat' dir='ltr'><strong>Anemen.</strong></span> <span class='ocrx_word' id='word_1_19' title='bbox 1093 364 1125 419; x_wconf 79' lang='lat' dir='ltr'><strong>tn</strong></span> <span class='ocrx_word' id='word_1_20' title='bbox 1138 367 1171 418; x_wconf 80' lang='grc' dir='ltr'><strong>ιιι</strong></span> <span class='ocrx_word' id='word_1_21' title='bbox 1186 365 1298 419; x_wconf 75' lang='lat' dir='ltr'><strong>nornine</strong></span> <span class='ocrx_word' id='word_1_22' title='bbox 1307 365 1460 419; x_wconf 76' lang='lat' dir='ltr'><strong>Jeruomne</strong></span> <span class='ocrx_word' id='word_1_23' title='bbox 1472 379 1545 431; x_wconf 77' lang='lat' dir='ltr'><strong>penu</strong></span> <span class='ocrx_word' id='word_1_24' title='bbox 1554 367 1766 433; x_wconf 59' lang='lat' dir='ltr'><strong>malarteis-</strong></span> 
     </span>
     <span class='ocr_line' id='line_1_3' title="bbox 124 452 1764 529; baseline -0.002 -18"><span class='ocrx_word' id='word_1_25' title='bbox 124 456 290 529; x_wconf 77' lang='lat' dir='ltr'><strong>diviaionem</strong></span> <span class='ocrx_word' id='word_1_26' title='bbox 303 455 333 511; x_wconf 91' lang='lat' dir='ltr'><strong>iu</strong></span> <span class='ocrx_word' id='word_1_27' title='bbox 352 469 440 509; x_wconf 89' lang='lat' dir='ltr'><strong>unum</strong></span> <span class='ocrx_word' id='word_1_28' title='bbox 455 452 549 523; x_wconf 81' lang='lat' dir='ltr'><strong>oinnia</strong></span> <span class='ocrx_word' id='word_1_29' title='bbox 564 454 685 523; x_wconf 73' lang='lat' dir='ltr'><strong>collegit,</strong></span> <span class='ocrx_word' id='word_1_30' title='bbox 702 454 743 513; x_wconf 82' lang='lat' dir='ltr'><strong>ite</strong></span> <span class='ocrx_word' id='word_1_31' title='bbox 755 460 788 515; x_wconf 81' lang='lat' dir='ltr'><strong>ut</strong></span> <span class='ocrx_word' id='word_1_32' title='bbox 804 454 923 515; x_wconf 79' lang='lat' dir='ltr'><strong>divisam</strong></span> <span class='ocrx_word' id='word_1_33' title='bbox 963 457 1048 511; x_wconf 83' lang='lat' dir='ltr'><strong>stv&#39;um</strong></span> <span class='ocrx_word' id='word_1_34' title='bbox 1060 458 1084 507; x_wconf 83' lang='lat' dir='ltr'><strong>et</strong></span> <span class='ocrx_word' id='word_1_35' title='bbox 1094 456 1269 507; x_wconf 79' lang='lat' dir='ltr'><strong>terrestrium</strong></span> <span class='ocrx_word' id='word_1_36' title='bbox 1285 458 1307 507; x_wconf 82' lang='lat' dir='ltr'><strong>rt</strong></span> <span class='ocrx_word' id='word_1_37' title='bbox 1323 454 1502 519; x_wconf 67' lang='lat' dir='ltr'><strong>internorum</strong></span> <span class='ocrx_word' id='word_1_38' title='bbox 1514 458 1764 524; x_wconf 73' lang='lat' dir='ltr'><strong>:etomnirtv&#39;nquu</strong></span> 
     </span>
     <span class='ocr_line' id='line_1_4' title="bbox 123 542 1765 614; baseline -0.002 -13"><span class='ocrx_word' id='word_1_39' title='bbox 123 545 265 611; x_wconf 73' lang='lat' dir='ltr'><strong>custodiet</strong></span> <span class='ocrx_word' id='word_1_40' title='bbox 278 560 404 614; x_wconf 75' lang='lat' dir='ltr'><strong>persone</strong></span> <span class='ocrx_word' id='word_1_41' title='bbox 415 542 632 614; x_wconf 79' lang='lat' dir='ltr'><strong>copulationem.</strong></span> <span class='ocrx_word' id='word_1_42' title='bbox 647 544 707 608; x_wconf 82' lang='lat' dir='ltr'><strong>lloc</strong></span> <span class='ocrx_word' id='word_1_43' title='bbox 714 544 814 599; x_wconf 90' lang='lat' dir='ltr'><strong>veroin</strong></span> <span class='ocrx_word' id='word_1_44' title='bbox 824 543 884 597; x_wconf 88' lang='lat' dir='ltr'><strong>loco</strong></span> <span class='ocrx_word' id='word_1_45' title='bbox 894 548 925 599; x_wconf 91' lang='lat' dir='ltr'><strong>et</strong></span> <span class='ocrx_word' id='word_1_46' title='bbox 964 545 1200 611; x_wconf 82' lang='lat' dir='ltr'><strong>confitcetnrqnio</strong></span> <span class='ocrx_word' id='word_1_47' title='bbox 1210 544 1426 597; x_wconf 32' lang='lat' dir='ltr'><strong>beinvinuslemr</strong></span> <span class='ocrx_word' id='word_1_48' title='bbox 1435 543 1559 597; x_wconf 65' lang='lat' dir='ltr'><strong>tinnitos</strong></span> <span class='ocrx_word' id='word_1_49' title='bbox 1572 546 1604 596; x_wconf 81' lang='lat' dir='ltr'><strong>in</strong></span> <span class='ocrx_word' id='word_1_50' title='bbox 1618 547 1710 611; x_wconf 72' lang='lat' dir='ltr'><strong>pluria</strong></span> <span class='ocrx_word' id='word_1_51' title='bbox 1726 550 1765 599; x_wconf 84' lang='lat' dir='ltr'><strong>est</strong></span> 
     </span>
     <span class='ocr_line' id='line_1_5' title="bbox 125 630 1763 705; baseline -0.002 -15"><span class='ocrx_word' id='word_1_52' title='bbox 125 635 246 693; x_wconf 81' lang='lat' dir='ltr'><strong>maxime</strong></span> <span class='ocrx_word' id='word_1_53' title='bbox 259 634 312 689; x_wconf 79' lang='lat' dir='ltr'><strong>lioc</strong></span> <span class='ocrx_word' id='word_1_54' title='bbox 329 632 484 705; x_wconf 73' lang='lat' dir='ltr'><strong>prudenter</strong></span> <span class='ocrx_word' id='word_1_55' title='bbox 500 632 584 687; x_wconf 86' lang='lat' dir='ltr'><strong>simul</strong></span> <span class='ocrx_word' id='word_1_56' title='bbox 608 640 638 687; x_wconf 90' lang='lat' dir='ltr'><strong>et</strong></span> <span class='ocrx_word' id='word_1_57' title='bbox 660 633 818 691; x_wconf 85' lang='lat' dir='ltr'><strong>necessario</strong></span> <span class='ocrx_word' id='word_1_58' title='bbox 833 633 923 703; x_wconf 77' lang='lat' dir='ltr'><strong>egisse</strong></span> <span class='ocrx_word' id='word_1_59' title='bbox 964 632 1013 685; x_wconf 82' lang='lat' dir='ltr'><strong>Ilei</strong></span> <span class='ocrx_word' id='word_1_60' title='bbox 1028 633 1128 685; x_wconf 81' lang='lat' dir='ltr'><strong>Petris.</strong></span> <span class='ocrx_word' id='word_1_61' title='bbox 1147 632 1205 685; x_wconf 88' lang='lat' dir='ltr'><strong>Hoc</strong></span> <span class='ocrx_word' id='word_1_62' title='bbox 1219 631 1296 686; x_wconf 90' lang='lat' dir='ltr'><strong>enim</strong></span> <span class='ocrx_word' id='word_1_63' title='bbox 1311 630 1353 685; x_wconf 94' lang='lat' dir='ltr'><strong>illi</strong></span> <span class='ocrx_word' id='word_1_64' title='bbox 1366 631 1490 698; x_wconf 85' lang='lat' dir='ltr'><strong>donavit,</strong></span> <span class='ocrx_word' id='word_1_65' title='bbox 1508 636 1540 685; x_wconf 88' lang='lat' dir='ltr'><strong>ut</strong></span> <span class='ocrx_word' id='word_1_66' title='bbox 1558 647 1658 685; x_wconf 91' lang='lat' dir='ltr'><strong>omnes</strong></span> <span class='ocrx_word' id='word_1_67' title='bbox 1679 632 1763 687; x_wconf 91' lang='lat' dir='ltr'><strong>illum</strong></span> 
     </span>
     <span class='ocr_line' id='line_1_6' title="bbox 126 720 1766 794; baseline -0.002 -15"><span class='ocrx_word' id='word_1_68' title='bbox 126 724 243 793; x_wconf 83' lang='lat' dir='ltr'><strong>videtur.</strong></span> <span class='ocrx_word' id='word_1_69' title='bbox 256 723 328 791; x_wconf 69' lang='lat' dir='ltr'><strong>Nem</strong></span> <span class='ocrx_word' id='word_1_70' title='bbox 343 727 459 794; x_wconf 84' lang='lat' dir='ltr'><strong>propter</strong></span> <span class='ocrx_word' id='word_1_71' title='bbox 472 722 705 779; x_wconf 84' lang='lat' dir='ltr'><strong>consuetudinem</strong></span> <span class='ocrx_word' id='word_1_72' title='bbox 714 723 802 777; x_wconf 85' lang='lat' dir='ltr'><strong>selem</strong></span> <span class='ocrx_word' id='word_1_73' title='bbox 813 721 923 793; x_wconf 84' lang='lat' dir='ltr'><strong>quaeb·</strong></span> <span class='ocrx_word' id='word_1_74' title='bbox 963 720 1090 779; x_wconf 80' lang='lat' dir='ltr'><strong>odorent.</strong></span> <span class='ocrx_word' id='word_1_75' title='bbox 1100 726 1129 775; x_wconf 88' lang='lat' dir='ltr'><strong>et</strong></span> <span class='ocrx_word' id='word_1_76' title='bbox 1136 728 1168 775; x_wconf 90' lang='lat' dir='ltr'><strong>ut</strong></span> <span class='ocrx_word' id='word_1_77' title='bbox 1176 736 1274 777; x_wconf 86' lang='lat' dir='ltr'><strong>omnes</strong></span> <span class='ocrx_word' id='word_1_78' title='bbox 1283 722 1373 775; x_wconf 88' lang='lat' dir='ltr'><strong>Deum</strong></span> <span class='ocrx_word' id='word_1_79' title='bbox 1383 722 1572 774; x_wconf 68' lang='lat' dir='ltr'><strong>confiteantur</strong></span> <span class='ocrx_word' id='word_1_80' title='bbox 1580 722 1594 775; x_wconf 86' lang='lat' dir='ltr'>J</span> <span class='ocrx_word' id='word_1_81' title='bbox 1597 737 1676 775; x_wconf 87' lang='lat' dir='ltr'><strong>esum</strong></span> <span class='ocrx_word' id='word_1_82' title='bbox 1682 722 1766 777; x_wconf 77' lang='lat' dir='ltr'><strong>cbri-</strong></span> 
     </span>
     <span class='ocr_line' id='line_1_7' title="bbox 124 808 1766 883; baseline -0.001 -18"><span class='ocrx_word' id='word_1_83' title='bbox 124 812 215 877; x_wconf 78' lang='lat' dir='ltr'><strong>utitur</strong></span> <span class='ocrx_word' id='word_1_84' title='bbox 223 810 578 883; x_wconf 74' lang='lat' dir='ltr'><strong>scrppulosqvndoctrinem</strong></span> <span class='ocrx_word' id='word_1_85' title='bbox 584 810 735 882; x_wconf 81' lang='lat' dir='ltr'><strong>deginatis,</strong></span> <span class='ocrx_word' id='word_1_86' title='bbox 745 812 794 867; x_wconf 87' lang='lat' dir='ltr'><strong>sed</strong></span> <span class='ocrx_word' id='word_1_87' title='bbox 801 818 830 865; x_wconf 87' lang='lat' dir='ltr'><strong>et</strong></span> <span class='ocrx_word' id='word_1_88' title='bbox 836 828 923 881; x_wconf 86' lang='lat' dir='ltr'><strong>quen·</strong></span> <span class='ocrx_word' id='word_1_89' title='bbox 963 816 1038 863; x_wconf 86' lang='lat' dir='ltr'><strong>stum</strong></span> <span class='ocrx_word' id='word_1_90' title='bbox 1052 808 1080 863; x_wconf 90' lang='lat' dir='ltr'><strong>in</strong></span> <span class='ocrx_word' id='word_1_91' title='bbox 1086 809 1177 877; x_wconf 76' lang='lat' dir='ltr'><strong>glorie</strong></span> <span class='ocrx_word' id='word_1_92' title='bbox 1186 810 1236 863; x_wconf 85' lang='lat' dir='ltr'><strong>Dei</strong></span> <span class='ocrx_word' id='word_1_93' title='bbox 1249 810 1339 864; x_wconf 81' lang='lat' dir='ltr'><strong>Petris</strong></span> <span class='ocrx_word' id='word_1_94' title='bbox 1349 810 1488 876; x_wconf 76' lang='lat' dir='ltr'><strong>ellectum,</strong></span> <span class='ocrx_word' id='word_1_95' title='bbox 1504 811 1557 864; x_wconf 87' lang='lat' dir='ltr'><strong>boe</strong></span> <span class='ocrx_word' id='word_1_96' title='bbox 1566 816 1611 864; x_wconf 89' lang='lat' dir='ltr'><strong>est</strong></span> <span class='ocrx_word' id='word_1_97' title='bbox 1621 810 1766 882; x_wconf 83' lang='lat' dir='ltr'><strong>talempo-</strong></span> 
     </span>
     <span class='ocr_line' id='line_1_8' title="bbox 123 898 1763 975; baseline -0.002 -16"><span class='ocrx_word' id='word_1_98' title='bbox 123 908 185 973; x_wconf 82' lang='lat' dir='ltr'><strong>tum</strong></span> <span class='ocrx_word' id='word_1_99' title='bbox 200 902 235 971; x_wconf 80' lang='lat' dir='ltr'><strong>ad</strong></span> <span class='ocrx_word' id='word_1_100' title='bbox 259 916 384 975; x_wconf 76' lang='lat' dir='ltr'><strong>presens</strong></span> <span class='ocrx_word' id='word_1_101' title='bbox 402 906 613 971; x_wconf 74' lang='lat' dir='ltr'>argumentum,</span> <span class='ocrx_word' id='word_1_102' title='bbox 637 900 716 955; x_wconf 84' lang='lat' dir='ltr'><strong>valde</strong></span> <span class='ocrx_word' id='word_1_103' title='bbox 741 901 799 955; x_wconf 80' lang='lat' dir='ltr'><strong>bec</strong></span> <span class='ocrx_word' id='word_1_104' title='bbox 815 900 922 971; x_wconf 87' lang='lat' dir='ltr'><strong>speeies</strong></span> <span class='ocrx_word' id='word_1_105' title='bbox 962 898 1046 953; x_wconf 91' lang='lat' dir='ltr'><strong>titum</strong></span> <span class='ocrx_word' id='word_1_106' title='bbox 1060 898 1320 969; x_wconf 77' lang='lat' dir='ltr'><strong>glev·iovn‚·qualem</strong></span> <span class='ocrx_word' id='word_1_107' title='bbox 1334 899 1377 953; x_wconf 85' lang='lat' dir='ltr'><strong>les</strong></span> <span class='ocrx_word' id='word_1_108' title='bbox 1389 904 1433 953; x_wconf 87' lang='lat' dir='ltr'><strong>est</strong></span> <span class='ocrx_word' id='word_1_109' title='bbox 1441 900 1523 953; x_wconf 92' lang='lat' dir='ltr'><strong>illum</strong></span> <span class='ocrx_word' id='word_1_110' title='bbox 1530 900 1578 971; x_wconf 93' lang='lat' dir='ltr'><strong>qui</strong></span> <span class='ocrx_word' id='word_1_111' title='bbox 1589 898 1643 953; x_wconf 85' lang='lat' dir='ltr'><strong>sibi</strong></span> <span class='ocrx_word' id='word_1_112' title='bbox 1652 906 1763 971; x_wconf 84' lang='lat' dir='ltr'><strong>petrem</strong></span> 
     </span>
     <span class='ocr_line' id='line_1_9' title="bbox 124 987 1763 1061; baseline -0.001 -15"><span class='ocrx_word' id='word_1_113' title='bbox 124 990 294 1061; x_wconf 74' lang='lat' dir='ltr'><strong>narrationis</strong></span> <span class='ocrx_word' id='word_1_114' title='bbox 313 989 355 1059; x_wconf 85' lang='lat' dir='ltr'><strong>illi</strong></span> <span class='ocrx_word' id='word_1_115' title='bbox 377 989 569 1057; x_wconf 83' lang='lat' dir='ltr'><strong>conveniebat,</strong></span> <span class='ocrx_word' id='word_1_116' title='bbox 594 989 769 1061; x_wconf 85' lang='lat' dir='ltr'><strong>propositum</strong></span> <span class='ocrx_word' id='word_1_117' title='bbox 789 990 865 1043; x_wconf 91' lang='lat' dir='ltr'><strong>enim</strong></span> <span class='ocrx_word' id='word_1_118' title='bbox 880 989 921 1047; x_wconf 88' lang='lat' dir='ltr'><strong>illi</strong></span> <span class='ocrx_word' id='word_1_119' title='bbox 962 987 1096 1045; x_wconf 80' lang='lat' dir='ltr'><strong>adscribit.</strong></span> <span class='ocrx_word' id='word_1_120' title='bbox 1114 988 1204 1043; x_wconf 88' lang='lat' dir='ltr'><strong>Deum</strong></span> <span class='ocrx_word' id='word_1_121' title='bbox 1218 988 1312 1059; x_wconf 79' lang='lat' dir='ltr'><strong>potiri.</strong></span> <span class='ocrx_word' id='word_1_122' title='bbox 1330 998 1445 1059; x_wconf 87' lang='lat' dir='ltr'><strong>propter</strong></span> <span class='ocrx_word' id='word_1_123' title='bbox 1459 989 1538 1043; x_wconf 85' lang='lat' dir='ltr'><strong>illem</strong></span> <span class='ocrx_word' id='word_1_124' title='bbox 1552 989 1763 1059; x_wconf 84' lang='lat' dir='ltr'><strong>copulationem</strong></span> 
     </span>
     <span class='ocr_line' id='line_1_10' title="bbox 122 1076 1764 1152; baseline -0.001 -17"><span class='ocrx_word' id='word_1_125' title='bbox 122 1086 185 1147; x_wconf 75' lang='lat' dir='ltr'><strong>eret</strong></span> <span class='ocrx_word' id='word_1_126' title='bbox 198 1086 232 1152; x_wconf 80' lang='lat' dir='ltr'><strong>ut</strong></span> <span class='ocrx_word' id='word_1_127' title='bbox 241 1080 355 1149; x_wconf 81' lang='lat' dir='ltr'><strong>doceret</strong></span> <span class='ocrx_word' id='word_1_128' title='bbox 368 1085 399 1133; x_wconf 89' lang='lat' dir='ltr'><strong>et</strong></span> <span class='ocrx_word' id='word_1_129' title='bbox 411 1079 614 1150; x_wconf 86' lang='lat' dir='ltr'><strong>Philippenses,</strong></span> <span class='ocrx_word' id='word_1_130' title='bbox 633 1079 766 1150; x_wconf 75' lang='lat' dir='ltr'><strong>quoniam</strong></span> <span class='ocrx_word' id='word_1_131' title='bbox 791 1078 865 1135; x_wconf 90' lang='lat' dir='ltr'><strong>bona</strong></span> <span class='ocrx_word' id='word_1_132' title='bbox 878 1084 922 1135; x_wconf 87' lang='lat' dir='ltr'><strong>est</strong></span> <span class='ocrx_word' id='word_1_133' title='bbox 962 1093 1047 1147; x_wconf 86' lang='lat' dir='ltr'><strong>quam</strong></span> <span class='ocrx_word' id='word_1_134' title='bbox 1061 1076 1146 1131; x_wconf 79' lang='lat' dir='ltr'><strong>babet</strong></span> <span class='ocrx_word' id='word_1_135' title='bbox 1168 1077 1203 1131; x_wconf 86' lang='lat' dir='ltr'><strong>ed</strong></span> <span class='ocrx_word' id='word_1_136' title='bbox 1227 1078 1414 1145; x_wconf 70' lang='lat' dir='ltr'><strong>unigenitum.</strong></span> <span class='ocrx_word' id='word_1_137' title='bbox 1430 1079 1570 1141; x_wconf 83' lang='lat' dir='ltr'><strong>Queniom</strong></span> <span class='ocrx_word' id='word_1_138' title='bbox 1590 1084 1687 1133; x_wconf 85' lang='lat' dir='ltr'><strong>eutem</strong></span> <span class='ocrx_word' id='word_1_139' title='bbox 1704 1080 1764 1135; x_wconf 82' lang='lat' dir='ltr'><strong>bec</strong></span> 
     </span>
     <span class='ocr_line' id='line_1_11' title="bbox 122 1167 1762 1241; baseline -0.001 -16"><span class='ocrx_word' id='word_1_140' title='bbox 122 1169 278 1241; x_wconf 70' lang='lat' dir='ltr'><strong>humilitps,</strong></span> <span class='ocrx_word' id='word_1_141' title='bbox 294 1174 323 1225; x_wconf 89' lang='lat' dir='ltr'><strong>et</strong></span> <span class='ocrx_word' id='word_1_142' title='bbox 337 1168 418 1235; x_wconf 80' lang='lat' dir='ltr'><strong>valdo</strong></span> <span class='ocrx_word' id='word_1_143' title='bbox 432 1167 573 1235; x_wconf 80' lang='lat' dir='ltr'><strong>sufficiens</strong></span> <span class='ocrx_word' id='word_1_144' title='bbox 587 1168 682 1237; x_wconf 79' lang='lat' dir='ltr'><strong>egenti</strong></span> <span class='ocrx_word' id='word_1_145' title='bbox 694 1168 847 1225; x_wconf 82' lang='lat' dir='ltr'><strong>illudluom</strong></span> <span class='ocrx_word' id='word_1_146' title='bbox 857 1184 923 1223; x_wconf 89' lang='lat' dir='ltr'><strong>eon·</strong></span> <span class='ocrx_word' id='word_1_147' title='bbox 961 1172 1024 1235; x_wconf 87' lang='lat' dir='ltr'><strong>post</strong></span> <span class='ocrx_word' id='word_1_148' title='bbox 1034 1167 1192 1237; x_wconf 80' lang='lat' dir='ltr'><strong>passionem</strong></span> <span class='ocrx_word' id='word_1_149' title='bbox 1207 1167 1522 1238; x_wconf 80' lang='lat' dir='ltr'><strong>aequisitasuntilliqui</strong></span> <span class='ocrx_word' id='word_1_150' title='bbox 1532 1174 1696 1238; x_wconf 79' lang='lat' dir='ltr'><strong>assumptus</strong></span> <span class='ocrx_word' id='word_1_151' title='bbox 1707 1176 1762 1235; x_wconf 85' lang='lat' dir='ltr'><strong>est,</strong></span> 
     </span>
     <span class='ocr_line' id='line_1_12' title="bbox 122 1255 1763 1329; baseline -0.002 -14"><span class='ocrx_word' id='word_1_152' title='bbox 122 1258 205 1329; x_wconf 65' lang='lat' dir='ltr'><strong>terre,</strong></span> <span class='ocrx_word' id='word_1_153' title='bbox 223 1266 253 1315; x_wconf 88' lang='lat' dir='ltr'><strong>et</strong></span> <span class='ocrx_word' id='word_1_154' title='bbox 266 1258 376 1325; x_wconf 82' lang='lat' dir='ltr'><strong>bacillo</strong></span> <span class='ocrx_word' id='word_1_155' title='bbox 386 1258 513 1328; x_wconf 85' lang='lat' dir='ltr'><strong>exemplo</strong></span> <span class='ocrx_word' id='word_1_156' title='bbox 524 1257 599 1328; x_wconf 85' lang='lat' dir='ltr'><strong>quod</strong></span> <span class='ocrx_word' id='word_1_157' title='bbox 609 1257 763 1313; x_wconf 88' lang='lat' dir='ltr'><strong>secundum</strong></span> <span class='ocrx_word' id='word_1_158' title='bbox 776 1257 921 1315; x_wconf 75' lang='lat' dir='ltr'><strong>Christum</strong></span> <span class='ocrx_word' id='word_1_159' title='bbox 962 1272 1044 1309; x_wconf 89' lang='lat' dir='ltr'><strong>nemo</strong></span> <span class='ocrx_word' id='word_1_160' title='bbox 1058 1257 1106 1327; x_wconf 86' lang='lat' dir='ltr'><strong>qui</strong></span> <span class='ocrx_word' id='word_1_161' title='bbox 1118 1257 1234 1323; x_wconf 80' lang='lat' dir='ltr'><strong>nesciet,</strong></span> <span class='ocrx_word' id='word_1_162' title='bbox 1249 1257 1306 1311; x_wconf 79' lang='lat' dir='ltr'><strong>lieo</strong></span> <span class='ocrx_word' id='word_1_163' title='bbox 1319 1263 1414 1310; x_wconf 87' lang='lat' dir='ltr'><strong>autem</strong></span> <span class='ocrx_word' id='word_1_164' title='bbox 1427 1255 1511 1311; x_wconf 91' lang='lat' dir='ltr'><strong>verbo</strong></span> <span class='ocrx_word' id='word_1_165' title='bbox 1522 1257 1642 1311; x_wconf 83' lang='lat' dir='ltr'><strong>aderent</strong></span> <span class='ocrx_word' id='word_1_166' title='bbox 1650 1274 1668 1311; x_wconf 87' lang='lat' dir='ltr'><strong>e</strong></span> <span class='ocrx_word' id='word_1_167' title='bbox 1682 1257 1763 1328; x_wconf 90' lang='lat' dir='ltr'><strong>prin-</strong></span> 
     </span>
     <span class='ocr_line' id='line_1_13' title="bbox 122 1344 1763 1417; baseline -0.002 -12"><span class='ocrx_word' id='word_1_168' title='bbox 122 1355 166 1405; x_wconf 83' lang='lat' dir='ltr'><strong>est</strong></span> <span class='ocrx_word' id='word_1_169' title='bbox 177 1348 336 1417; x_wconf 71' lang='lat' dir='ltr'><strong>confirmet.</strong></span> <span class='ocrx_word' id='word_1_170' title='bbox 345 1346 617 1411; x_wconf 76' lang='lat' dir='ltr'><strong>Conveniebatenim</strong></span> <span class='ocrx_word' id='word_1_171' title='bbox 630 1344 919 1415; x_wconf 81' lang='lat' dir='ltr'><strong>edmejoremdoctri-</strong></span> <span class='ocrx_word' id='word_1_172' title='bbox 959 1344 1043 1414; x_wconf 83' lang='lat' dir='ltr'><strong>cipio,</strong></span> <span class='ocrx_word' id='word_1_173' title='bbox 1056 1352 1152 1415; x_wconf 79' lang='lat' dir='ltr'><strong>utpote</strong></span> <span class='ocrx_word' id='word_1_174' title='bbox 1162 1345 1289 1399; x_wconf 91' lang='lat' dir='ltr'><strong>omnium</strong></span> <span class='ocrx_word' id='word_1_175' title='bbox 1301 1345 1408 1409; x_wconf 84' lang='lat' dir='ltr'><strong>fectori,</strong></span> <span class='ocrx_word' id='word_1_176' title='bbox 1416 1345 1490 1416; x_wconf 91' lang='lat' dir='ltr'><strong>quod</strong></span> <span class='ocrx_word' id='word_1_177' title='bbox 1496 1345 1640 1401; x_wconf 87' lang='lat' dir='ltr'><strong>neminem</strong></span> <span class='ocrx_word' id='word_1_178' title='bbox 1650 1346 1763 1401; x_wconf 74' lang='lat' dir='ltr'><strong>estimo</strong></span> 
     </span>
     <span class='ocr_line' id='line_1_14' title="bbox 122 1434 1764 1508; baseline -0.002 -14"><span class='ocrx_word' id='word_1_179' title='bbox 122 1455 188 1501; x_wconf 84' lang='lat' dir='ltr'><strong>uam</strong></span> <span class='ocrx_word' id='word_1_180' title='bbox 202 1436 280 1493; x_wconf 85' lang='lat' dir='ltr'><strong>omni</strong></span> <span class='ocrx_word' id='word_1_181' title='bbox 291 1453 325 1491; x_wconf 84' lang='lat' dir='ltr'><strong>ex</strong></span> <span class='ocrx_word' id='word_1_182' title='bbox 338 1440 419 1508; x_wconf 88' lang='lat' dir='ltr'><strong>parte</strong></span> <span class='ocrx_word' id='word_1_183' title='bbox 430 1435 527 1505; x_wconf 74' lang='lat' dir='ltr'><strong>augeri</strong></span> <span class='ocrx_word' id='word_1_184' title='bbox 542 1435 710 1506; x_wconf 84' lang='lat' dir='ltr'><strong>exemplum.</strong></span> <span class='ocrx_word' id='word_1_185' title='bbox 728 1434 918 1499; x_wconf 82' lang='lat' dir='ltr'><strong>Quemedruo·</strong></span> <span class='ocrx_word' id='word_1_186' title='bbox 959 1434 1160 1495; x_wconf 70' lang='lat' dir='ltr'><strong>contradicere,</strong></span> <span class='ocrx_word' id='word_1_187' title='bbox 1183 1434 1237 1489; x_wconf 87' lang='lat' dir='ltr'><strong>nisi</strong></span> <span class='ocrx_word' id='word_1_188' title='bbox 1255 1434 1321 1488; x_wconf 84' lang='lat' dir='ltr'><strong>sorti</strong></span> <span class='ocrx_word' id='word_1_189' title='bbox 1343 1434 1423 1489; x_wconf 87' lang='lat' dir='ltr'><strong>valde</strong></span> <span class='ocrx_word' id='word_1_190' title='bbox 1437 1435 1519 1489; x_wconf 84' lang='lat' dir='ltr'><strong>cedat</strong></span> <span class='ocrx_word' id='word_1_191' title='bbox 1538 1435 1665 1490; x_wconf 86' lang='lat' dir='ltr'><strong>inennive.</strong></span> <span class='ocrx_word' id='word_1_192' title='bbox 1684 1437 1764 1491; x_wconf 78' lang='grc' dir='ltr'>ιάιο-</span> 
     </span>
     <span class='ocr_line' id='line_1_15' title="bbox 121 1522 1760 1597; baseline -0.005 -12"><span class='ocrx_word' id='word_1_193' title='bbox 121 1523 919 1597; x_wconf 74' lang='lat' dir='ltr'><strong>dumailleitatiesoliuslecissetmentionemsutileientcr</strong></span> <span class='ocrx_word' id='word_1_194' title='bbox 959 1522 1760 1593; x_wconf 78' lang='lat' dir='ltr'><strong>vtivvm.quidemdicitinvisibiliumvirtutum:terrertrinm</strong></span> 
     </span>
     <span class='ocr_line' id='line_1_16' title="bbox 122 1612 1762 1687; baseline -0.002 -17"><span class='ocrx_word' id='word_1_195' title='bbox 122 1614 269 1681; x_wconf 83' lang='lat' dir='ltr'><strong>ostendere</strong></span> <span class='ocrx_word' id='word_1_196' title='bbox 279 1620 391 1687; x_wconf 79' lang='lat' dir='ltr'><strong>poteret</strong></span> <span class='ocrx_word' id='word_1_197' title='bbox 403 1614 478 1684; x_wconf 87' lang='lat' dir='ltr'><strong>qued</strong></span> <span class='ocrx_word' id='word_1_198' title='bbox 492 1612 572 1677; x_wconf 79' lang='lat' dir='ltr'><strong>valde</strong></span> <span class='ocrx_word' id='word_1_199' title='bbox 585 1612 860 1669; x_wconf 80' lang='lat' dir='ltr'><strong>convenistbumilie</strong></span> <span class='ocrx_word' id='word_1_200' title='bbox 875 1630 919 1669; x_wconf 88' lang='lat' dir='ltr'><strong>se·</strong></span> <span class='ocrx_word' id='word_1_201' title='bbox 959 1628 1024 1665; x_wconf 87' lang='lat' dir='ltr'><strong>vero</strong></span> <span class='ocrx_word' id='word_1_202' title='bbox 1038 1612 1163 1667; x_wconf 82' lang='lat' dir='ltr'><strong>virorum</strong></span> <span class='ocrx_word' id='word_1_203' title='bbox 1178 1613 1341 1667; x_wconf 84' lang='lat' dir='ltr'><strong>bominum:</strong></span> <span class='ocrx_word' id='word_1_204' title='bbox 1361 1615 1536 1681; x_wconf 75' lang='lat' dir='ltr'><strong>infernorum</strong></span> <span class='ocrx_word' id='word_1_205' title='bbox 1549 1613 1636 1667; x_wconf 84' lang='lat' dir='ltr'><strong>etiem</strong></span> <span class='ocrx_word' id='word_1_206' title='bbox 1646 1613 1762 1668; x_wconf 89' lang='lat' dir='ltr'><strong>illorum</strong></span> 
     </span>
     <span class='ocr_line' id='line_1_17' title="bbox 121 1700 1762 1777; baseline -0.004 -16"><span class='ocrx_word' id='word_1_207' title='bbox 121 1721 188 1777; x_wconf 81' lang='lat' dir='ltr'><strong>perc</strong></span> <span class='ocrx_word' id='word_1_208' title='bbox 204 1722 211 1758; x_wconf 91' lang='lat'><strong>:</strong></span> <span class='ocrx_word' id='word_1_209' title='bbox 227 1703 333 1773; x_wconf 81' lang='lat' dir='ltr'><strong>etenim</strong></span> <span class='ocrx_word' id='word_1_210' title='bbox 342 1708 454 1771; x_wconf 78' lang='lat' dir='ltr'><strong>lentum</strong></span> <span class='ocrx_word' id='word_1_211' title='bbox 464 1701 587 1765; x_wconf 85' lang='lat' dir='ltr'><strong>divinem</strong></span> <span class='ocrx_word' id='word_1_212' title='bbox 596 1708 727 1757; x_wconf 86' lang='lat' dir='ltr'><strong>naturam</strong></span> <span class='ocrx_word' id='word_1_213' title='bbox 742 1702 915 1768; x_wconf 80' lang='lat' dir='ltr'><strong>ostendebat,</strong></span> <span class='ocrx_word' id='word_1_214' title='bbox 927 1700 1008 1771; x_wconf 85' lang='lat' dir='ltr'><strong>Bqui</strong></span> <span class='ocrx_word' id='word_1_215' title='bbox 1023 1702 1126 1756; x_wconf 86' lang='lat' dir='ltr'><strong>mortni</strong></span> <span class='ocrx_word' id='word_1_216' title='bbox 1141 1708 1217 1767; x_wconf 88' lang='lat' dir='ltr'><strong>sunt,</strong></span> <span class='ocrx_word' id='word_1_217' title='bbox 1235 1702 1282 1772; x_wconf 88' lang='lat' dir='ltr'><strong>qui</strong></span> <span class='ocrx_word' id='word_1_218' title='bbox 1293 1708 1322 1755; x_wconf 91' lang='lat' dir='ltr'><strong>et</strong></span> <span class='ocrx_word' id='word_1_219' title='bbox 1331 1702 1384 1772; x_wconf 91' lang='lat' dir='ltr'><strong>ipsi</strong></span> <span class='ocrx_word' id='word_1_220' title='bbox 1394 1718 1445 1772; x_wconf 86' lang='lat' dir='ltr'><strong>per</strong></span> <span class='ocrx_word' id='word_1_221' title='bbox 1458 1702 1694 1756; x_wconf 74' lang='lat' dir='ltr'><strong>resurrectionem</strong></span> <span class='ocrx_word' id='word_1_222' title='bbox 1705 1702 1762 1757; x_wconf 87' lang='lat' dir='ltr'><strong>Do-</strong></span> 
     </span>
     <span class='ocr_line' id='line_1_18' title="bbox 121 1789 1759 1863; baseline -0.005 -12"><span class='ocrx_word' id='word_1_223' title='bbox 121 1793 310 1863; x_wconf 72' lang='lat' dir='ltr'><strong>numilitatem</strong></span> <span class='ocrx_word' id='word_1_224' title='bbox 325 1808 385 1851; x_wconf 87' lang='lat' dir='ltr'><strong>rem</strong></span> <span class='ocrx_word' id='word_1_225' title='bbox 393 1791 516 1851; x_wconf 82' lang='lat' dir='ltr'><strong>efficiens</strong></span> <span class='ocrx_word' id='word_1_226' title='bbox 527 1808 589 1862; x_wconf 77' lang='lat' dir='ltr'><strong>que</strong></span> <span class='ocrx_word' id='word_1_227' title='bbox 599 1792 721 1847; x_wconf 90' lang='lat' dir='ltr'><strong>multum</strong></span> <span class='ocrx_word' id='word_1_228' title='bbox 735 1808 753 1845; x_wconf 82' lang='lat' dir='ltr'><strong>e</strong></span> <span class='ocrx_word' id='word_1_229' title='bbox 766 1808 819 1845; x_wconf 89' lang='lat' dir='ltr'><strong>sua</strong></span> <span class='ocrx_word' id='word_1_230' title='bbox 827 1790 919 1861; x_wconf 73' lang='lat' dir='ltr'><strong>digni·</strong></span> <span class='ocrx_word' id='word_1_231' title='bbox 959 1789 1067 1845; x_wconf 91' lang='lat' dir='ltr'><strong>minum</strong></span> <span class='ocrx_word' id='word_1_232' title='bbox 1082 1790 1291 1845; x_wconf 78' lang='lat' dir='ltr'><strong>sentitebuntur</strong></span> <span class='ocrx_word' id='word_1_233' title='bbox 1304 1791 1518 1846; x_wconf 85' lang='lat' dir='ltr'><strong>resurrectionis</strong></span> <span class='ocrx_word' id='word_1_234' title='bbox 1531 1808 1589 1845; x_wconf 78' lang='lat' dir='ltr'><strong>eum</strong></span> <span class='ocrx_word' id='word_1_235' title='bbox 1602 1798 1759 1845; x_wconf 84' lang='lat' dir='ltr'><strong>auctorem.</strong></span> 
     </span>
     <span class='ocr_line' id='line_1_19' title="bbox 121 1880 1762 1952; baseline -0.002 -15"><span class='ocrx_word' id='word_1_236' title='bbox 121 1887 180 1947; x_wconf 76' lang='lat' dir='ltr'><strong>tete</strong></span> <span class='ocrx_word' id='word_1_237' title='bbox 193 1882 300 1949; x_wconf 79' lang='lat' dir='ltr'><strong>distare</strong></span> <span class='ocrx_word' id='word_1_238' title='bbox 310 1880 466 1937; x_wconf 88' lang='lat' dir='ltr'><strong>videbatur.</strong></span> <span class='ocrx_word' id='word_1_239' title='bbox 483 1881 556 1937; x_wconf 78' lang='lat' dir='ltr'><strong>b&#39;em</strong></span> <span class='ocrx_word' id='word_1_240' title='bbox 567 1880 817 1952; x_wconf 79' lang='lat' dir='ltr'><strong>queemtresipse</strong></span> <span class='ocrx_word' id='word_1_241' title='bbox 823 1880 918 1949; x_wconf 86' lang='lat' dir='ltr'><strong>agenti</strong></span> <span class='ocrx_word' id='word_1_242' title='bbox 959 1880 1030 1933; x_wconf 87' lang='lat' dir='ltr'><strong>llluvl</strong></span> <span class='ocrx_word' id='word_1_243' title='bbox 1045 1880 1119 1935; x_wconf 87' lang='lat' dir='ltr'><strong>inter</strong></span> <span class='ocrx_word' id='word_1_244' title='bbox 1132 1887 1233 1935; x_wconf 79' lang='lat' dir='ltr'><strong>metere</strong></span> <span class='ocrx_word' id='word_1_245' title='bbox 1241 1887 1284 1935; x_wconf 88' lang='lat' dir='ltr'><strong>est</strong></span> <span class='ocrx_word' id='word_1_246' title='bbox 1293 1881 1487 1951; x_wconf 80' lang='lat' dir='ltr'><strong>explimndum</strong></span> <span class='ocrx_word' id='word_1_247' title='bbox 1498 1880 1697 1951; x_wconf 87' lang='lat' dir='ltr'><strong>quodquidam</strong></span> <span class='ocrx_word' id='word_1_248' title='bbox 1706 1881 1762 1935; x_wconf 77' lang='lat' dir='ltr'><strong>be·</strong></span> 
     </span>
     <span class='ocr_line' id='line_1_20' title="bbox 121 1968 1761 2041; baseline 0.001 -16"><span class='ocrx_word' id='word_1_249' title='bbox 121 1970 414 2041; x_wconf 79' lang='lat' dir='ltr'><strong>lucrativaostcnderc</strong></span> <span class='ocrx_word' id='word_1_250' title='bbox 429 1970 507 2025; x_wconf 85' lang='lat' dir='ltr'><strong>nulle</strong></span> <span class='ocrx_word' id='word_1_251' title='bbox 521 1969 917 2041; x_wconf 81' lang='lat' dir='ltr'><strong>modopoterat,eoquodneo</strong></span> <span class='ocrx_word' id='word_1_252' title='bbox 959 1968 1108 2025; x_wconf 88' lang='lat' dir='ltr'><strong>reticorum</strong></span> <span class='ocrx_word' id='word_1_253' title='bbox 1132 1970 1315 2023; x_wconf 72' lang='lat' dir='ltr'><strong>intervertere</strong></span> <span class='ocrx_word' id='word_1_254' title='bbox 1336 1970 1460 2024; x_wconf 85' lang='lat' dir='ltr'><strong>volentes</strong></span> <span class='ocrx_word' id='word_1_255' title='bbox 1479 1970 1676 2023; x_wconf 88' lang='lat' dir='ltr'><strong>testimonium</strong></span> <span class='ocrx_word' id='word_1_256' title='bbox 1690 1969 1761 2027; x_wconf 89' lang='lat' dir='ltr'><strong>illud</strong></span> 
     </span>
     <span class='ocr_line' id='line_1_21' title="bbox 121 2058 1760 2133; baseline -0.002 -18"><span class='ocrx_word' id='word_1_257' title='bbox 121 2064 233 2133; x_wconf 73' lang='lat' dir='ltr'><strong>peteret</strong></span> <span class='ocrx_word' id='word_1_258' title='bbox 244 2058 427 2131; x_wconf 86' lang='lat' dir='ltr'><strong>comprobare</strong></span> <span class='ocrx_word' id='word_1_259' title='bbox 437 2058 543 2129; x_wconf 87' lang='lat' dir='ltr'><strong>aliquid</strong></span> <span class='ocrx_word' id='word_1_260' title='bbox 554 2059 620 2113; x_wconf 85' lang='lat' dir='ltr'><strong>binc</strong></span> <span class='ocrx_word' id='word_1_261' title='bbox 633 2058 711 2115; x_wconf 84' lang='lat' dir='ltr'><strong>illem</strong></span> <span class='ocrx_word' id='word_1_262' title='bbox 722 2064 852 2115; x_wconf 85' lang='lat' dir='ltr'><strong>netumm</strong></span> <span class='ocrx_word' id='word_1_263' title='bbox 866 2074 916 2129; x_wconf 91' lang='lat' dir='ltr'><strong>po·</strong></span> <span class='ocrx_word' id='word_1_264' title='bbox 958 2058 1031 2127; x_wconf 91' lang='lat' dir='ltr'><strong>quod</strong></span> <span class='ocrx_word' id='word_1_265' title='bbox 1046 2058 1151 2113; x_wconf 87' lang='lat' dir='ltr'><strong>dictum</strong></span> <span class='ocrx_word' id='word_1_266' title='bbox 1167 2064 1220 2121; x_wconf 79' lang='lat' dir='ltr'><strong>est,</strong></span> <span class='ocrx_word' id='word_1_267' title='bbox 1233 2076 1288 2113; x_wconf 73' lang='lat' dir='ltr'><strong>ivon</strong></span> <span class='ocrx_word' id='word_1_268' title='bbox 1297 2062 1428 2127; x_wconf 82' lang='lat' dir='ltr'><strong>rapinem</strong></span> <span class='ocrx_word' id='word_1_269' title='bbox 1442 2060 1600 2113; x_wconf 78' lang='lat' dir='ltr'><strong>arbitratus</strong></span> <span class='ocrx_word' id='word_1_270' title='bbox 1614 2063 1652 2113; x_wconf 78' lang='lat' dir='ltr'><strong>est</strong></span> <span class='ocrx_word' id='word_1_271' title='bbox 1666 2075 1720 2113; x_wconf 76' lang='lat' dir='ltr'><strong>esee</strong></span> <span class='ocrx_word' id='word_1_272' title='bbox 1734 2075 1760 2113; x_wconf 80' lang='lat' dir='ltr'><strong>se</strong></span> 
     </span>
     <span class='ocr_line' id='line_1_22' title="bbox 119 2147 1758 2219; baseline -0.004 -12"><span class='ocrx_word' id='word_1_273' title='bbox 119 2150 208 2219; x_wconf 83' lang='lat' dir='ltr'><strong>tuisse</strong></span> <span class='ocrx_word' id='word_1_274' title='bbox 221 2148 368 2219; x_wconf 74' lang='lat' dir='ltr'><strong>acquirere</strong></span> <span class='ocrx_word' id='word_1_275' title='bbox 385 2148 427 2203; x_wconf 87' lang='lat' dir='ltr'><strong>:si</strong></span> <span class='ocrx_word' id='word_1_276' title='bbox 437 2152 533 2203; x_wconf 86' lang='lat' dir='ltr'><strong>autem</strong></span> <span class='ocrx_word' id='word_1_277' title='bbox 547 2148 701 2203; x_wconf 77' lang='lat' dir='ltr'><strong>humanam</strong></span> <span class='ocrx_word' id='word_1_278' title='bbox 715 2154 846 2206; x_wconf 85' lang='lat' dir='ltr'><strong>naturam</strong></span> <span class='ocrx_word' id='word_1_279' title='bbox 856 2152 917 2202; x_wconf 83' lang='lat' dir='ltr'><strong>ten-</strong></span> <span class='ocrx_word' id='word_1_280' title='bbox 958 2150 1154 2215; x_wconf 74' lang='lat' dir='ltr'><strong>eqrvolmnllvp,</strong></span> <span class='ocrx_word' id='word_1_281' title='bbox 1163 2148 1203 2201; x_wconf 86' lang='lat' dir='ltr'><strong>sie</strong></span> <span class='ocrx_word' id='word_1_282' title='bbox 1213 2148 1420 2213; x_wconf 82' lang='lat' dir='ltr'><strong>intelleverunt,</strong></span> <span class='ocrx_word' id='word_1_283' title='bbox 1431 2147 1564 2218; x_wconf 85' lang='lat' dir='ltr'><strong>quoniam</strong></span> <span class='ocrx_word' id='word_1_284' title='bbox 1574 2147 1758 2209; x_wconf 77' lang='lat' dir='ltr'><strong>existimabit,</strong></span> 
     </span>
     <span class='ocr_line' id='line_1_23' title="bbox 118 2235 1758 2309; baseline -0.002 -16"><span class='ocrx_word' id='word_1_285' title='bbox 118 2237 266 2309; x_wconf 80' lang='lat' dir='ltr'><strong>tqmmodo</strong></span> <span class='ocrx_word' id='word_1_286' title='bbox 273 2237 373 2306; x_wconf 78' lang='lat' dir='ltr'><strong>luisset</strong></span> <span class='ocrx_word' id='word_1_287' title='bbox 382 2242 564 2299; x_wconf 74' lang='lat' dir='ltr'><strong>memoratus,</strong></span> <span class='ocrx_word' id='word_1_288' title='bbox 571 2236 736 2291; x_wconf 84' lang='lat' dir='ltr'><strong>lucrativam</strong></span> <span class='ocrx_word' id='word_1_289' title='bbox 742 2254 802 2292; x_wconf 90' lang='lat' dir='ltr'><strong>rem</strong></span> <span class='ocrx_word' id='word_1_290' title='bbox 812 2253 872 2291; x_wconf 87' lang='lat' dir='ltr'><strong>esse</strong></span> <span class='ocrx_word' id='word_1_291' title='bbox 882 2236 917 2291; x_wconf 91' lang='lat' dir='ltr'><strong>ab</strong></span> <span class='ocrx_word' id='word_1_292' title='bbox 958 2235 1051 2305; x_wconf 93' lang='lat' dir='ltr'><strong>inquit</strong></span> <span class='ocrx_word' id='word_1_293' title='bbox 1060 2236 1198 2301; x_wconf 83' lang='lat' dir='ltr'><strong>cbristus,</strong></span> <span class='ocrx_word' id='word_1_294' title='bbox 1206 2238 1355 2291; x_wconf 88' lang='lat' dir='ltr'><strong>convenire</strong></span> <span class='ocrx_word' id='word_1_295' title='bbox 1362 2236 1426 2303; x_wconf 84' lang='lat' dir='ltr'><strong>sibi,</strong></span> <span class='ocrx_word' id='word_1_296' title='bbox 1443 2243 1539 2291; x_wconf 89' lang='lat' dir='ltr'><strong>utnon</strong></span> <span class='ocrx_word' id='word_1_297' title='bbox 1551 2242 1665 2307; x_wconf 84' lang='lat' dir='ltr'><strong>reperet</strong></span> <span class='ocrx_word' id='word_1_298' title='bbox 1681 2236 1758 2290; x_wconf 81' lang='lat' dir='ltr'><strong>illem</strong></span> 
     </span>
     <span class='ocr_line' id='line_1_24' title="bbox 119 2324 1759 2399; baseline -0.002 -16"><span class='ocrx_word' id='word_1_299' title='bbox 119 2327 177 2397; x_wconf 87' lang='lat' dir='ltr'><strong>illis</strong></span> <span class='ocrx_word' id='word_1_300' title='bbox 190 2343 252 2399; x_wconf 80' lang='lat' dir='ltr'><strong>que</strong></span> <span class='ocrx_word' id='word_1_301' title='bbox 266 2325 293 2395; x_wconf 80' lang='lat' dir='ltr'><strong>ei</strong></span> <span class='ocrx_word' id='word_1_302' title='bbox 306 2324 446 2397; x_wconf 75' lang='lat' dir='ltr'><strong>aequisita</strong></span> <span class='ocrx_word' id='word_1_303' title='bbox 458 2324 572 2385; x_wconf 76' lang='lat' dir='ltr'><strong>tuerent</strong></span> <span class='ocrx_word' id='word_1_304' title='bbox 585 2324 759 2387; x_wconf 68' lang='lat' dir='ltr'><strong>ostendebat</strong></span> <span class='ocrx_word' id='word_1_305' title='bbox 771 2325 846 2396; x_wconf 91' lang='lat' dir='ltr'><strong>quod</strong></span> <span class='ocrx_word' id='word_1_306' title='bbox 852 2340 917 2379; x_wconf 90' lang='lat' dir='ltr'><strong>vero</strong></span> <span class='ocrx_word' id='word_1_307' title='bbox 958 2324 1147 2394; x_wconf 74' lang='lat' dir='ltr'><strong>equalitatem</strong></span> <span class='ocrx_word' id='word_1_308' title='bbox 1163 2342 1248 2396; x_wconf 86' lang='lat' dir='ltr'><strong>quem</strong></span> <span class='ocrx_word' id='word_1_309' title='bbox 1263 2327 1337 2381; x_wconf 86' lang='lat' dir='ltr'><strong>Deus</strong></span> <span class='ocrx_word' id='word_1_310' title='bbox 1350 2326 1453 2381; x_wconf 79' lang='lat' dir='ltr'><strong>bebere</strong></span> <span class='ocrx_word' id='word_1_311' title='bbox 1467 2325 1630 2380; x_wconf 77' lang='lat' dir='ltr'><strong>videbatur:</strong></span> <span class='ocrx_word' id='word_1_312' title='bbox 1652 2325 1759 2380; x_wconf 88' lang='lat' dir='ltr'><strong>dictum</strong></span> 
     </span>
     <span class='ocr_line' id='line_1_25' title="bbox 119 2412 1760 2487; baseline 0 -16"><span class='ocrx_word' id='word_1_313' title='bbox 119 2416 266 2487; x_wconf 78' lang='lat' dir='ltr'><strong>conveniat</strong></span> <span class='ocrx_word' id='word_1_314' title='bbox 274 2414 394 2471; x_wconf 84' lang='lat' dir='ltr'><strong>humilia</strong></span> <span class='ocrx_word' id='word_1_315' title='bbox 405 2430 505 2486; x_wconf 80' lang='lat' dir='ltr'><strong>sapere</strong></span> <span class='ocrx_word' id='word_1_316' title='bbox 518 2431 582 2471; x_wconf 82' lang='lat' dir='ltr'><strong>cuni</strong></span> <span class='ocrx_word' id='word_1_317' title='bbox 590 2413 675 2471; x_wconf 87' lang='lat' dir='ltr'><strong>simili</strong></span> <span class='ocrx_word' id='word_1_318' title='bbox 688 2414 836 2485; x_wconf 71' lang='lat' dir='ltr'><strong>dignitate,</strong></span> <span class='ocrx_word' id='word_1_319' title='bbox 853 2413 918 2469; x_wconf 87' lang='lat' dir='ltr'><strong>buie</strong></span> <span class='ocrx_word' id='word_1_320' title='bbox 957 2412 1050 2484; x_wconf 91' lang='lat' dir='ltr'><strong>ipsum</strong></span> <span class='ocrx_word' id='word_1_321' title='bbox 1061 2415 1181 2468; x_wconf 85' lang='lat' dir='ltr'><strong>multum</strong></span> <span class='ocrx_word' id='word_1_322' title='bbox 1190 2414 1760 2486; x_wconf 78' lang='lat' dir='ltr'><strong>stultitiaelialvetprobetienem‚bocenim</strong></span> 
     </span>
     <span class='ocr_line' id='line_1_26' title="bbox 119 2501 1760 2577; baseline -0.001 -16"><span class='ocrx_word' id='word_1_323' title='bbox 119 2521 177 2563; x_wconf 87' lang='lat' dir='ltr'><strong>non</strong></span> <span class='ocrx_word' id='word_1_324' title='bbox 190 2508 304 2577; x_wconf 81' lang='lat' dir='ltr'><strong>poterat</strong></span> <span class='ocrx_word' id='word_1_325' title='bbox 316 2503 493 2559; x_wconf 83' lang='lat' dir='ltr'><strong>ceulirmare.</strong></span> <span class='ocrx_word' id='word_1_326' title='bbox 509 2503 583 2557; x_wconf 80' lang='lat' dir='ltr'><strong>Nem</strong></span> <span class='ocrx_word' id='word_1_327' title='bbox 596 2508 626 2557; x_wconf 87' lang='lat' dir='ltr'><strong>et</strong></span> <span class='ocrx_word' id='word_1_328' title='bbox 644 2502 714 2559; x_wconf 89' lang='lat' dir='ltr'><strong>illud</strong></span> <span class='ocrx_word' id='word_1_329' title='bbox 730 2502 806 2572; x_wconf 92' lang='lat' dir='ltr'><strong>quod</strong></span> <span class='ocrx_word' id='word_1_330' title='bbox 823 2501 894 2557; x_wconf 87' lang='lat' dir='ltr'><strong>dixit</strong></span> <span class='ocrx_word' id='word_1_331' title='bbox 907 2519 915 2557; x_wconf 90' lang='grc' dir='ltr'><strong>ι</strong></span> <span class='ocrx_word' id='word_1_332' title='bbox 958 2504 1071 2572; x_wconf 88' lang='lat' dir='ltr'><strong>quando</strong></span> <span class='ocrx_word' id='word_1_333' title='bbox 1084 2504 1240 2575; x_wconf 79' lang='lat' dir='ltr'><strong>excogitare</strong></span> <span class='ocrx_word' id='word_1_334' title='bbox 1255 2504 1346 2576; x_wconf 87' lang='lat' dir='ltr'><strong>potuit</strong></span> <span class='ocrx_word' id='word_1_335' title='bbox 1356 2504 1495 2569; x_wconf 81' lang='lat' dir='ltr'><strong>Christus,</strong></span> <span class='ocrx_word' id='word_1_336' title='bbox 1512 2504 1536 2558; x_wconf 91' lang='lat' dir='ltr'><strong>si</strong></span> <span class='ocrx_word' id='word_1_337' title='bbox 1551 2510 1649 2558; x_wconf 89' lang='lat' dir='ltr'><strong>temen</strong></span> <span class='ocrx_word' id='word_1_338' title='bbox 1657 2520 1760 2559; x_wconf 84' lang='lat' dir='ltr'><strong>secun·</strong></span> 
     </span>
     <span class='ocr_line' id='line_1_27' title="bbox 120 2591 1760 2663; baseline -0.001 -15"><span class='ocrx_word' id='word_1_339' title='bbox 120 2596 211 2661; x_wconf 79' lang='lat' dir='ltr'><strong>suctus</strong></span> <span class='ocrx_word' id='word_1_340' title='bbox 225 2592 481 2659; x_wconf 78' lang='lat' dir='ltr'><strong>obediemusquced</strong></span> <span class='ocrx_word' id='word_1_341' title='bbox 490 2591 831 2651; x_wconf 73' lang='lat' dir='ltr'><strong>rivortcvubominioutem</strong></span> <span class='ocrx_word' id='word_1_342' title='bbox 840 2596 918 2661; x_wconf 80' lang='lat' dir='ltr'><strong>epte·</strong></span> <span class='ocrx_word' id='word_1_343' title='bbox 957 2593 1024 2646; x_wconf 91' lang='lat' dir='ltr'><strong>dum</strong></span> <span class='ocrx_word' id='word_1_344' title='bbox 1039 2592 1151 2647; x_wconf 91' lang='lat' dir='ltr'><strong>illorum</strong></span> <span class='ocrx_word' id='word_1_345' title='bbox 1165 2594 1334 2648; x_wconf 81' lang='lat' dir='ltr'><strong>sententiam</strong></span> <span class='ocrx_word' id='word_1_346' title='bbox 1351 2595 1412 2663; x_wconf 85' lang='lat' dir='ltr'><strong>ejus</strong></span> <span class='ocrx_word' id='word_1_347' title='bbox 1425 2594 1535 2647; x_wconf 79' lang='lat' dir='ltr'><strong>lectura</strong></span> <span class='ocrx_word' id='word_1_348' title='bbox 1547 2599 1592 2647; x_wconf 87' lang='lat' dir='ltr'><strong>eet</strong></span> <span class='ocrx_word' id='word_1_349' title='bbox 1613 2609 1648 2647; x_wconf 89' lang='lat' dir='ltr'><strong>ex</strong></span> <span class='ocrx_word' id='word_1_350' title='bbox 1669 2592 1760 2647; x_wconf 80' lang='lat' dir='ltr'><strong>nihilo</strong></span> 
     </span>
     <span class='ocr_line' id='line_1_28' title="bbox 121 2678 1760 2753; baseline 0.001 -18"><span class='ocrx_word' id='word_1_351' title='bbox 121 2678 259 2749; x_wconf 83' lang='lat' dir='ltr'><strong>tumnibil</strong></span> <span class='ocrx_word' id='word_1_352' title='bbox 266 2684 378 2750; x_wconf 84' lang='lat' dir='ltr'><strong>peterat</strong></span> <span class='ocrx_word' id='word_1_353' title='bbox 391 2679 503 2735; x_wconf 83' lang='lat' dir='ltr'><strong>illerum</strong></span> <span class='ocrx_word' id='word_1_354' title='bbox 515 2679 616 2749; x_wconf 77' lang='lat' dir='ltr'><strong>‹queed</strong></span> <span class='ocrx_word' id='word_1_355' title='bbox 632 2680 820 2735; x_wconf 75' lang='lat' dir='ltr'><strong>bumilitatem</strong></span> <span class='ocrx_word' id='word_1_356' title='bbox 830 2680 917 2751; x_wconf 77' lang='lat' dir='ltr'><strong>perti·</strong></span> <span class='ocrx_word' id='word_1_357' title='bbox 957 2680 1056 2749; x_wconf 84' lang='lat' dir='ltr'><strong>foetus,</strong></span> <span class='ocrx_word' id='word_1_358' title='bbox 1068 2684 1116 2753; x_wconf 89' lang='lat' dir='ltr'><strong>qui</strong></span> <span class='ocrx_word' id='word_1_359' title='bbox 1128 2690 1156 2737; x_wconf 87' lang='lat' dir='ltr'><strong>et</strong></span> <span class='ocrx_word' id='word_1_360' title='bbox 1163 2690 1306 2737; x_wconf 83' lang='lat' dir='ltr'><strong>auctorem</strong></span> <span class='ocrx_word' id='word_1_361' title='bbox 1319 2699 1401 2737; x_wconf 86' lang='lat' dir='ltr'><strong>suum</strong></span> <span class='ocrx_word' id='word_1_362' title='bbox 1416 2682 1470 2739; x_wconf 88' lang='lat' dir='ltr'><strong>scit</strong></span> <span class='ocrx_word' id='word_1_363' title='bbox 1483 2682 1563 2735; x_wconf 91' lang='lat' dir='ltr'><strong>illum</strong></span> <span class='ocrx_word' id='word_1_364' title='bbox 1588 2697 1651 2736; x_wconf 81' lang='lat' dir='ltr'><strong>esee</strong></span> <span class='ocrx_word' id='word_1_365' title='bbox 1673 2682 1760 2737; x_wconf 79' lang='lat' dir='ltr'><strong>tacto-</strong></span> 
     </span>
     <span class='ocr_line' id='line_1_29' title="bbox 122 2767 1759 2842; baseline 0.001 -17"><span class='ocrx_word' id='word_1_366' title='bbox 122 2774 192 2841; x_wconf 79' lang='lat' dir='ltr'><strong>nent</strong></span> <span class='ocrx_word' id='word_1_367' title='bbox 205 2767 398 2839; x_wconf 77' lang='lat' dir='ltr'><strong>comprobare.</strong></span> <span class='ocrx_word' id='word_1_368' title='bbox 410 2768 440 2834; x_wconf 73' lang='lat' dir='ltr'><strong>Si</strong></span> <span class='ocrx_word' id='word_1_369' title='bbox 450 2784 507 2823; x_wconf 90' lang='lat' dir='ltr'><strong>non</strong></span> <span class='ocrx_word' id='word_1_370' title='bbox 524 2774 553 2823; x_wconf 86' lang='lat' dir='ltr'><strong>et</strong></span> <span class='ocrx_word' id='word_1_371' title='bbox 566 2768 659 2824; x_wconf 87' lang='lat' dir='ltr'><strong>divino</strong></span> <span class='ocrx_word' id='word_1_372' title='bbox 674 2776 775 2823; x_wconf 89' lang='lat' dir='ltr'><strong>notura</strong></span> <span class='ocrx_word' id='word_1_373' title='bbox 789 2769 881 2823; x_wconf 87' lang='lat' dir='ltr'><strong>inesse</strong></span> <span class='ocrx_word' id='word_1_374' title='bbox 890 2770 917 2824; x_wconf 89' lang='lat' dir='ltr'><strong>ei</strong></span> <span class='ocrx_word' id='word_1_375' title='bbox 958 2787 1108 2825; x_wconf 81' lang='lat' dir='ltr'><strong>reinsuum</strong></span> <span class='ocrx_word' id='word_1_376' title='bbox 1119 2778 1148 2826; x_wconf 85' lang='lat' dir='ltr'><strong>et</strong></span> <span class='ocrx_word' id='word_1_377' title='bbox 1157 2777 1312 2826; x_wconf 78' lang='lat' dir='ltr'><strong>creatorem</strong></span> <span class='ocrx_word' id='word_1_378' title='bbox 1322 2772 1335 2825; x_wconf 89' lang='lat' dir='ltr'><strong>l</strong></span> <span class='ocrx_word' id='word_1_379' title='bbox 1345 2772 1399 2825; x_wconf 84' lang='lat' dir='ltr'><strong>nisi</strong></span> <span class='ocrx_word' id='word_1_380' title='bbox 1409 2772 1540 2826; x_wconf 80' lang='lat' dir='ltr'><strong>l&#39;orteboe</strong></span> <span class='ocrx_word' id='word_1_381' title='bbox 1553 2771 1651 2825; x_wconf 83' lang='lat' dir='ltr'><strong>dicent</strong></span> <span class='ocrx_word' id='word_1_382' title='bbox 1666 2790 1672 2823; x_wconf 90' lang='lat'><strong>:</strong></span> <span class='ocrx_word' id='word_1_383' title='bbox 1685 2788 1759 2842; x_wconf 90' lang='lat' dir='ltr'><strong>quo-</strong></span> 
     </span>
     <span class='ocr_line' id='line_1_30' title="bbox 118 2856 1759 2931; baseline 0.002 -20"><span class='ocrx_word' id='word_1_384' title='bbox 118 2857 220 2927; x_wconf 79' lang='lat' dir='ltr'><strong>fnisset</strong></span> <span class='ocrx_word' id='word_1_385' title='bbox 233 2862 347 2925; x_wconf 74' lang='lat' dir='ltr'><strong>ostense</strong></span> <span class='ocrx_word' id='word_1_386' title='bbox 359 2873 500 2928; x_wconf 83' lang='lat' dir='ltr'><strong>perquam</strong></span> <span class='ocrx_word' id='word_1_387' title='bbox 514 2856 616 2913; x_wconf 81' lang='lat' dir='ltr'><strong>licebat</strong></span> <span class='ocrx_word' id='word_1_388' title='bbox 625 2862 654 2911; x_wconf 91' lang='lat' dir='ltr'><strong>et</strong></span> <span class='ocrx_word' id='word_1_389' title='bbox 672 2858 736 2913; x_wconf 86' lang='lat' dir='ltr'><strong>binc</strong></span> <span class='ocrx_word' id='word_1_390' title='bbox 750 2873 806 2913; x_wconf 92' lang='lat' dir='ltr'><strong>non</strong></span> <span class='ocrx_word' id='word_1_391' title='bbox 816 2857 917 2928; x_wconf 85' lang='lat' dir='ltr'><strong>subjici</strong></span> <span class='ocrx_word' id='word_1_392' title='bbox 957 2859 1035 2913; x_wconf 86' lang='lat' dir='ltr'><strong>niem</strong></span> <span class='ocrx_word' id='word_1_393' title='bbox 1056 2861 1209 2916; x_wconf 88' lang='lat' dir='ltr'><strong>seeundum</strong></span> <span class='ocrx_word' id='word_1_394' title='bbox 1228 2862 1369 2915; x_wconf 82' lang='lat' dir='ltr'><strong>daemones</strong></span> <span class='ocrx_word' id='word_1_395' title='bbox 1391 2878 1537 2931; x_wconf 73' lang='lat' dir='ltr'><strong>exequere</strong></span> <span class='ocrx_word' id='word_1_396' title='bbox 1558 2877 1588 2914; x_wconf 84' lang='lat' dir='ltr'><strong>se</strong></span> <span class='ocrx_word' id='word_1_397' title='bbox 1613 2860 1674 2914; x_wconf 91' lang='lat' dir='ltr'><strong>Deo</strong></span> <span class='ocrx_word' id='word_1_398' title='bbox 1701 2876 1759 2915; x_wconf 77' lang='lat' dir='ltr'><strong>nrm</strong></span> 
     </span>
     <span class='ocr_line' id='line_1_31' title="bbox 121 2946 1761 3020; baseline 0.001 -17"><span class='ocrx_word' id='word_1_399' title='bbox 121 2946 215 3017; x_wconf 80' lang='lat' dir='ltr'><strong>morti.</strong></span> <span class='ocrx_word' id='word_1_400' title='bbox 228 2946 303 3013; x_wconf 81' lang='lat' dir='ltr'><strong>Nam</strong></span> <span class='ocrx_word' id='word_1_401' title='bbox 316 2946 472 3013; x_wconf 83' lang='lat' dir='ltr'><strong>seeundum</strong></span> <span class='ocrx_word' id='word_1_402' title='bbox 484 2962 520 3001; x_wconf 85' lang='lat' dir='ltr'><strong>se</strong></span> <span class='ocrx_word' id='word_1_403' title='bbox 532 2963 588 3003; x_wconf 86' lang='lat' dir='ltr'><strong>non</strong></span> <span class='ocrx_word' id='word_1_404' title='bbox 598 2946 766 3001; x_wconf 81' lang='lat' dir='ltr'><strong>obeditionis</strong></span> <span class='ocrx_word' id='word_1_405' title='bbox 780 2963 851 3017; x_wconf 87' lang='lat' dir='ltr'><strong>opus</strong></span> <span class='ocrx_word' id='word_1_406' title='bbox 865 2947 917 3001; x_wconf 86' lang='lat' dir='ltr'><strong>im-¹</strong></span> <span class='ocrx_word' id='word_1_407' title='bbox 956 2950 1124 3020; x_wconf 75' lang='lat' dir='ltr'><strong>usurpavit?</strong></span> <span class='ocrx_word' id='word_1_408' title='bbox 1139 2951 1213 3020; x_wconf 88' lang='lat' dir='ltr'><strong>quod</strong></span> <span class='ocrx_word' id='word_1_409' title='bbox 1224 2950 1369 3005; x_wconf 80' lang='lat' dir='ltr'><strong>hereticos</strong></span> <span class='ocrx_word' id='word_1_410' title='bbox 1383 2950 1497 3020; x_wconf 89' lang='lat' dir='ltr'><strong>quidem</strong></span> <span class='ocrx_word' id='word_1_411' title='bbox 1512 2948 1643 3003; x_wconf 81' lang='lat' dir='ltr'><strong>convenit</strong></span> <span class='ocrx_word' id='word_1_412' title='bbox 1657 2949 1761 3004; x_wconf 84' lang='lat' dir='ltr'><strong>intelli·</strong></span> 
     </span>
    </p>
   </div>
   <div class='ocr_carea' id='block_1_3' title="bbox 118 3027 1761 3553">
    <p class='ocr_par' dir='ltr' id='par_1_3' title="bbox 118 3027 1761 3553">
     <span class='ocr_line' id='line_1_32' title="bbox 118 3027 1757 3110; baseline -0.001 -18"><span class='ocrx_word' id='word_1_413' title='bbox 118 3036 214 3109; x_wconf 78' lang='lat' dir='ltr'><strong>plebat</strong></span> <span class='ocrx_word' id='word_1_414' title='bbox 227 3034 312 3101; x_wconf 76' lang='lat' dir='ltr'><strong>morti</strong></span> <span class='ocrx_word' id='word_1_415' title='bbox 325 3034 510 3089; x_wconf 87' lang='lat' dir='ltr'><strong>succumbens</strong></span> <span class='ocrx_word' id='word_1_416' title='bbox 522 3051 529 3089; x_wconf 91' lang='lat'>:</span> <span class='ocrx_word' id='word_1_417' title='bbox 540 3035 699 3091; x_wconf 79' lang='lat' dir='ltr'><strong>sustinebat</strong></span> <span class='ocrx_word' id='word_1_418' title='bbox 707 3036 784 3091; x_wconf 89' lang='lat' dir='ltr'><strong>enim</strong></span> <span class='ocrx_word' id='word_1_419' title='bbox 794 3041 915 3091; x_wconf 82' lang='lat' dir='ltr'><strong>mortem</strong></span> <span class='ocrx_word' id='word_1_420' title='bbox 923 3027 946 3087; x_wconf 86' lang='lat' dir='ltr'><strong>G</strong></span> <span class='ocrx_word' id='word_1_421' title='bbox 955 3055 1032 3109; x_wconf 82' lang='lat' dir='ltr'><strong>gere,</strong></span> <span class='ocrx_word' id='word_1_422' title='bbox 1050 3038 1097 3109; x_wconf 91' lang='lat' dir='ltr'><strong>qui</strong></span> <span class='ocrx_word' id='word_1_423' title='bbox 1113 3044 1260 3109; x_wconf 85' lang='lat' dir='ltr'><strong>etsemper</strong></span> <span class='ocrx_word' id='word_1_424' title='bbox 1268 3040 1350 3110; x_wconf 87' lang='lat' dir='ltr'><strong>pleno</strong></span> <span class='ocrx_word' id='word_1_425' title='bbox 1360 3039 1476 3093; x_wconf 76' lang='lat' dir='ltr'><strong>insanie</strong></span> <span class='ocrx_word' id='word_1_426' title='bbox 1484 3038 1568 3092; x_wconf 84' lang='lat' dir='ltr'><strong>verbe</strong></span> <span class='ocrx_word' id='word_1_427' title='bbox 1579 3028 1757 3109; x_wconf 88' lang='lat' dir='ltr'><strong>loquuntur:</strong></span> 
     </span>
     <span class='ocr_line' id='line_1_33' title="bbox 118 3123 1761 3199; baseline 0.001 -18"><span class='ocrx_word' id='word_1_428' title='bbox 118 3132 148 3185; x_wconf 87' lang='lat' dir='ltr'><strong>et</strong></span> <span class='ocrx_word' id='word_1_429' title='bbox 160 3125 260 3195; x_wconf 78' lang='lat' dir='ltr'><strong>petetis</strong></span> <span class='ocrx_word' id='word_1_430' title='bbox 272 3124 427 3181; x_wconf 84' lang='lat' dir='ltr'><strong>secundum</strong></span> <span class='ocrx_word' id='word_1_431' title='bbox 440 3123 548 3179; x_wconf 92' lang='lat' dir='ltr'><strong>dudum</strong></span> <span class='ocrx_word' id='word_1_432' title='bbox 564 3125 687 3195; x_wconf 74' lang='lat' dir='ltr'><strong>[vositum</strong></span> <span class='ocrx_word' id='word_1_433' title='bbox 700 3125 854 3179; x_wconf 85' lang='lat' dir='ltr'><strong>terminum</strong></span> <span class='ocrx_word' id='word_1_434' title='bbox 864 3141 916 3179; x_wconf 82' lang='lat' dir='ltr'><strong>ne-</strong></span> <span class='ocrx_word' id='word_1_435' title='bbox 957 3128 1047 3181; x_wconf 91' lang='lat' dir='ltr'><strong>Puulo</strong></span> <span class='ocrx_word' id='word_1_436' title='bbox 1068 3146 1132 3181; x_wconf 87' lang='lat' dir='ltr'><strong>vero</strong></span> <span class='ocrx_word' id='word_1_437' title='bbox 1152 3145 1208 3182; x_wconf 86' lang='lat' dir='ltr'><strong>nen</strong></span> <span class='ocrx_word' id='word_1_438' title='bbox 1232 3128 1435 3182; x_wconf 79' lang='lat' dir='ltr'><strong>conveniebant</strong></span> <span class='ocrx_word' id='word_1_439' title='bbox 1459 3129 1517 3183; x_wconf 86' lang='lat' dir='ltr'><strong>baec</strong></span> <span class='ocrx_word' id='word_1_440' title='bbox 1530 3128 1615 3183; x_wconf 88' lang='lat' dir='ltr'><strong>verba</strong></span> <span class='ocrx_word' id='word_1_441' title='bbox 1631 3128 1714 3199; x_wconf 79' lang='lat' dir='ltr'><strong>qussi</strong></span> <span class='ocrx_word' id='word_1_442' title='bbox 1727 3134 1761 3183; x_wconf 88' lang='grc' dir='ltr'><strong>ιιι</strong></span> 
     </span>
     <span class='ocr_line' id='line_1_34' title="bbox 122 3213 1759 3289; baseline 0.001 -18"><span class='ocrx_word' id='word_1_443' title='bbox 122 3220 202 3285; x_wconf 71' lang='lat' dir='ltr'><strong>turae.</strong></span> <span class='ocrx_word' id='word_1_444' title='bbox 213 3214 372 3271; x_wconf 80' lang='lat' dir='ltr'><strong>Prudenter</strong></span> <span class='ocrx_word' id='word_1_445' title='bbox 387 3230 452 3269; x_wconf 88' lang='lat' dir='ltr'><strong>vero</strong></span> <span class='ocrx_word' id='word_1_446' title='bbox 467 3213 542 3269; x_wconf 89' lang='lat' dir='ltr'><strong>sicut</strong></span> <span class='ocrx_word' id='word_1_447' title='bbox 554 3213 625 3269; x_wconf 87' lang='lat' dir='ltr'><strong>dixit</strong></span> <span class='ocrx_word' id='word_1_448' title='bbox 639 3214 722 3284; x_wconf 87' lang='lat' dir='ltr'><strong>quasi</strong></span> <span class='ocrx_word' id='word_1_449' title='bbox 737 3214 766 3269; x_wconf 90' lang='lat' dir='ltr'><strong>in</strong></span> <span class='ocrx_word' id='word_1_450' title='bbox 781 3230 838 3269; x_wconf 86' lang='lat' dir='ltr'><strong>nue</strong></span> <span class='ocrx_word' id='word_1_451' title='bbox 855 3231 916 3285; x_wconf 90' lang='lat' dir='ltr'><strong>per·</strong></span> <span class='ocrx_word' id='word_1_452' title='bbox 957 3217 1023 3287; x_wconf 91' lang='lat' dir='ltr'><strong>quid</strong></span> <span class='ocrx_word' id='word_1_453' title='bbox 1034 3234 1168 3287; x_wconf 76' lang='lat' dir='ltr'><strong>magnum</strong></span> <span class='ocrx_word' id='word_1_454' title='bbox 1177 3218 1282 3271; x_wconf 81' lang='lat' dir='ltr'><strong>diceret</strong></span> <span class='ocrx_word' id='word_1_455' title='bbox 1290 3219 1325 3272; x_wconf 90' lang='lat' dir='ltr'><strong>de</strong></span> <span class='ocrx_word' id='word_1_456' title='bbox 1333 3218 1456 3283; x_wconf 78' lang='lat' dir='ltr'><strong>Christo,</strong></span> <span class='ocrx_word' id='word_1_457' title='bbox 1469 3217 1608 3272; x_wconf 83' lang='lat' dir='ltr'><strong>licettolie</strong></span> <span class='ocrx_word' id='word_1_458' title='bbox 1618 3232 1681 3271; x_wconf 89' lang='lat' dir='ltr'><strong>esse</strong></span> <span class='ocrx_word' id='word_1_459' title='bbox 1694 3217 1759 3289; x_wconf 77' lang='lat' dir='ltr'><strong>qui·</strong></span> 
     </span>
     <span class='ocr_line' id='line_1_35' title="bbox 119 3301 1761 3377; baseline 0 -16"><span class='ocrx_word' id='word_1_460' title='bbox 119 3301 402 3373; x_wconf 75' lang='lat' dir='ltr'><strong>ecnaomniaretulit,</strong></span> <span class='ocrx_word' id='word_1_461' title='bbox 410 3302 545 3373; x_wconf 81' lang='lat' dir='ltr'><strong>colligens</strong></span> <span class='ocrx_word' id='word_1_462' title='bbox 551 3303 580 3358; x_wconf 91' lang='lat' dir='ltr'><strong>in</strong></span> <span class='ocrx_word' id='word_1_463' title='bbox 590 3319 677 3357; x_wconf 79' lang='grc' dir='ltr'>ιιιιιιιιι</span> <span class='ocrx_word' id='word_1_464' title='bbox 688 3303 737 3357; x_wconf 83' lang='lat' dir='ltr'><strong>ille</strong></span> <span class='ocrx_word' id='word_1_465' title='bbox 746 3302 916 3373; x_wconf 78' lang='lat' dir='ltr'><strong>quevirtute</strong></span> <span class='ocrx_word' id='word_1_466' title='bbox 957 3305 1032 3360; x_wconf 87' lang='lat' dir='ltr'><strong>dicot</strong></span> <span class='ocrx_word' id='word_1_467' title='bbox 1040 3306 1097 3367; x_wconf 82' lang='lat' dir='ltr'><strong>illo,</strong></span> <span class='ocrx_word' id='word_1_468' title='bbox 1109 3308 1331 3377; x_wconf 71' lang='lat' dir='ltr'><strong>quaeserundnm</strong></span> <span class='ocrx_word' id='word_1_469' title='bbox 1342 3306 1431 3361; x_wconf 85' lang='lat' dir='ltr'><strong>illium</strong></span> <span class='ocrx_word' id='word_1_470' title='bbox 1440 3313 1516 3372; x_wconf 86' lang='lat' dir='ltr'><strong>sunt,</strong></span> <span class='ocrx_word' id='word_1_471' title='bbox 1538 3306 1634 3377; x_wconf 83' lang='lat' dir='ltr'><strong>qualia</strong></span> <span class='ocrx_word' id='word_1_472' title='bbox 1647 3306 1705 3360; x_wconf 88' lang='lat' dir='ltr'><strong>illic</strong></span> <span class='ocrx_word' id='word_1_473' title='bbox 1719 3306 1761 3361; x_wconf 93' lang='lat' dir='ltr'><strong>di-</strong></span> 
     </span>
     <span class='ocr_line' id='line_1_36' title="bbox 118 3390 1758 3467; baseline 0 -16"><span class='ocrx_word' id='word_1_474' title='bbox 118 3393 232 3461; x_wconf 78' lang='lat' dir='ltr'><strong>dillcrre</strong></span> <span class='ocrx_word' id='word_1_475' title='bbox 249 3390 426 3458; x_wconf 68' lang='lat' dir='ltr'><strong>videbantur,</strong></span> <span class='ocrx_word' id='word_1_476' title='bbox 446 3392 601 3447; x_wconf 83' lang='lat' dir='ltr'><strong>secundum</strong></span> <span class='ocrx_word' id='word_1_477' title='bbox 618 3398 785 3447; x_wconf 81' lang='lat' dir='ltr'><strong>naturarum</strong></span> <span class='ocrx_word' id='word_1_478' title='bbox 805 3392 916 3446; x_wconf 89' lang='lat' dir='ltr'><strong>divisio·</strong></span> <span class='ocrx_word' id='word_1_479' title='bbox 956 3400 1031 3449; x_wconf 86' lang='lat' dir='ltr'><strong>eunt.</strong></span> <span class='ocrx_word' id='word_1_480' title='bbox 1047 3396 1184 3450; x_wconf 81' lang='lat' dir='ltr'><strong>Videntur</strong></span> <span class='ocrx_word' id='word_1_481' title='bbox 1198 3402 1292 3451; x_wconf 85' lang='lat' dir='ltr'><strong>autem</strong></span> <span class='ocrx_word' id='word_1_482' title='bbox 1307 3412 1398 3467; x_wconf 87' lang='lat' dir='ltr'><strong>neque</strong></span> <span class='ocrx_word' id='word_1_483' title='bbox 1412 3412 1526 3451; x_wconf 80' lang='lat' dir='ltr'><strong>sensum</strong></span> <span class='ocrx_word' id='word_1_484' title='bbox 1539 3395 1667 3465; x_wconf 74' lang='lat' dir='ltr'><strong>Apostoli</strong></span> <span class='ocrx_word' id='word_1_485' title='bbox 1682 3412 1758 3467; x_wconf 69' lang='lat' dir='ltr'><strong>pre·</strong></span> 
     </span>
     <span class='ocr_line' id='line_1_37' title="bbox 119 3481 1760 3553; baseline 0.001 -16"><span class='ocrx_word' id='word_1_486' title='bbox 119 3499 195 3551; x_wconf 79' lang='lat' dir='ltr'><strong>nem,</strong></span> <span class='ocrx_word' id='word_1_487' title='bbox 207 3482 291 3545; x_wconf 80' lang='lat' dir='ltr'><strong>itaut</strong></span> <span class='ocrx_word' id='word_1_488' title='bbox 303 3498 337 3543; x_wconf 78' lang='lat' dir='ltr'><strong>ex</strong></span> <span class='ocrx_word' id='word_1_489' title='bbox 352 3487 473 3552; x_wconf 85' lang='lat' dir='ltr'><strong>utroque</strong></span> <span class='ocrx_word' id='word_1_490' title='bbox 481 3481 558 3552; x_wconf 94' lang='lat' dir='ltr'><strong>quod</strong></span> <span class='ocrx_word' id='word_1_491' title='bbox 565 3481 633 3537; x_wconf 85' lang='lat' dir='ltr'><strong>utile</strong></span> <span class='ocrx_word' id='word_1_492' title='bbox 648 3490 711 3537; x_wconf 86' lang='lat' dir='ltr'><strong>erat</strong></span> <span class='ocrx_word' id='word_1_493' title='bbox 719 3482 871 3538; x_wconf 87' lang='lat' dir='ltr'><strong>deduceret</strong></span> <span class='ocrx_word' id='word_1_494' title='bbox 880 3482 916 3535; x_wconf 86' lang='lat' dir='ltr'><strong>ad</strong></span> <span class='ocrx_word' id='word_1_495' title='bbox 956 3482 1760 3553; x_wconf 82' lang='lat' dir='ltr'><strong>spexissedieentis:Huniilitetemvosexistimentesolter·</strong></span> 
     </span>
    </p>
   </div>
   <div class='ocr_carea' id='block_1_4' title="bbox 118 3570 1767 5514">
    <p class='ocr_par' dir='ltr' id='par_1_4' title="bbox 118 3570 1761 4802">
     <span class='ocr_line' id='line_1_38' title="bbox 119 3570 1759 3645; baseline 0 -18"><span class='ocrx_word' id='word_1_496' title='bbox 119 3570 352 3637; x_wconf 74' lang='lat' dir='ltr'><strong>exhortationem,</strong></span> <span class='ocrx_word' id='word_1_497' title='bbox 362 3570 460 3626; x_wconf 89' lang='lat' dir='ltr'><strong>deillis</strong></span> <span class='ocrx_word' id='word_1_498' title='bbox 469 3571 584 3641; x_wconf 88' lang='lat' dir='ltr'><strong>quidem</strong></span> <span class='ocrx_word' id='word_1_499' title='bbox 594 3570 771 3626; x_wconf 86' lang='lat' dir='ltr'><strong>sermonibus</strong></span> <span class='ocrx_word' id='word_1_500' title='bbox 780 3571 917 3642; x_wconf 89' lang='lat' dir='ltr'><strong>quierant</strong></span> <span class='ocrx_word' id='word_1_501' title='bbox 957 3580 1051 3627; x_wconf 79' lang='lat' dir='ltr'><strong>utrrmi</strong></span> <span class='ocrx_word' id='word_1_502' title='bbox 1066 3574 1143 3628; x_wconf 88' lang='lat' dir='ltr'><strong>vobis</strong></span> <span class='ocrx_word' id='word_1_503' title='bbox 1157 3574 1376 3645; x_wconf 83' lang='lat' dir='ltr'><strong>supereminere.</strong></span> <span class='ocrx_word' id='word_1_504' title='bbox 1398 3574 1516 3627; x_wconf 83' lang='lat' dir='ltr'><strong>Evidens</strong></span> <span class='ocrx_word' id='word_1_505' title='bbox 1531 3578 1574 3627; x_wconf 88' lang='lat' dir='ltr'><strong>est</strong></span> <span class='ocrx_word' id='word_1_506' title='bbox 1589 3573 1665 3627; x_wconf 88' lang='lat' dir='ltr'><strong>enirn</strong></span> <span class='ocrx_word' id='word_1_507' title='bbox 1691 3590 1759 3645; x_wconf 90' lang='lat' dir='ltr'><strong>quo·</strong></span> 
     </span>
     <span class='ocr_line' id='line_1_39' title="bbox 119 3658 1759 3728; baseline -0.001 -11"><span class='ocrx_word' id='word_1_508' title='bbox 119 3661 248 3728; x_wconf 71' lang='lat' dir='ltr'><strong>Deitatis,</strong></span> <span class='ocrx_word' id='word_1_509' title='bbox 264 3658 402 3723; x_wconf 71' lang='lat' dir='ltr'><strong>suadebat</strong></span> <span class='ocrx_word' id='word_1_510' title='bbox 424 3658 505 3715; x_wconf 88' lang='lat' dir='ltr'><strong>nobis</strong></span> <span class='ocrx_word' id='word_1_511' title='bbox 524 3665 557 3717; x_wconf 88' lang='lat' dir='ltr'><strong>ut</strong></span> <span class='ocrx_word' id='word_1_512' title='bbox 576 3660 733 3715; x_wconf 77' lang='lat' dir='ltr'><strong>necessarie</strong></span> <span class='ocrx_word' id='word_1_513' title='bbox 757 3660 787 3714; x_wconf 92' lang='lat' dir='ltr'><strong>in</strong></span> <span class='ocrx_word' id='word_1_514' title='bbox 812 3659 916 3714; x_wconf 85' lang='lat' dir='ltr'><strong>nostris</strong></span> <span class='ocrx_word' id='word_1_515' title='bbox 955 3662 1033 3715; x_wconf 83' lang='lat' dir='ltr'><strong>niem</strong></span> <span class='ocrx_word' id='word_1_516' title='bbox 1058 3663 1087 3716; x_wconf 93' lang='lat' dir='ltr'><strong>in</strong></span> <span class='ocrx_word' id='word_1_517' title='bbox 1101 3663 1178 3717; x_wconf 87' lang='lat' dir='ltr'><strong>bisce</strong></span> <span class='ocrx_word' id='word_1_518' title='bbox 1199 3663 1292 3717; x_wconf 85' lang='lat' dir='ltr'><strong>verbis</strong></span> <span class='ocrx_word' id='word_1_519' title='bbox 1310 3679 1367 3719; x_wconf 91' lang='lat' dir='ltr'><strong>non</strong></span> <span class='ocrx_word' id='word_1_520' title='bbox 1388 3663 1512 3716; x_wconf 86' lang='lat' dir='ltr'><strong>minores</strong></span> <span class='ocrx_word' id='word_1_521' title='bbox 1528 3662 1611 3715; x_wconf 83' lang='lat' dir='ltr'><strong>docet</strong></span> <span class='ocrx_word' id='word_1_522' title='bbox 1629 3661 1759 3717; x_wconf 71' lang='lat' dir='ltr'><strong>debitum</strong></span> 
     </span>
     <span class='ocr_line' id='line_1_40' title="bbox 118 3740 1758 3823; baseline -0.001 -16"><span class='ocrx_word' id='word_1_523' title='bbox 118 3748 336 3823; x_wconf 60' lang='lat' dir='ltr'><strong>conibet-ionibus</strong></span> <span class='ocrx_word' id='word_1_524' title='bbox 346 3748 535 3807; x_wconf 80' lang='lat' dir='ltr'><strong>bumilitatem</strong></span> <span class='ocrx_word' id='word_1_525' title='bbox 543 3740 764 3815; x_wconf 82' lang='lat' dir='ltr'><strong>ostenderemus,</strong></span> <span class='ocrx_word' id='word_1_526' title='bbox 775 3749 916 3819; x_wconf 87' lang='lat' dir='ltr'><strong>siquidem</strong></span> <span class='ocrx_word' id='word_1_527' title='bbox 956 3750 1758 3822; x_wconf 77' lang='lat' dir='ltr'><strong>bonoremmajoribuspersolvere,sedexequotosbonore</strong></span> 
     </span>
     <span class='ocr_line' id='line_1_41' title="bbox 119 3837 1757 3912; baseline -0.001 -17"><span class='ocrx_word' id='word_1_528' title='bbox 119 3840 194 3905; x_wconf 74' lang='lat' dir='ltr'><strong>Deus</strong></span> <span class='ocrx_word' id='word_1_529' title='bbox 209 3837 325 3901; x_wconf 82' lang='lat' dir='ltr'><strong>verbum</strong></span> <span class='ocrx_word' id='word_1_530' title='bbox 342 3838 412 3895; x_wconf 84' lang='lat' dir='ltr'><strong>talia</strong></span> <span class='ocrx_word' id='word_1_531' title='bbox 424 3844 524 3909; x_wconf 84' lang='lat' dir='ltr'><strong>sponte</strong></span> <span class='ocrx_word' id='word_1_532' title='bbox 537 3838 636 3895; x_wconf 81' lang='lat' dir='ltr'><strong>iecisse</strong></span> <span class='ocrx_word' id='word_1_533' title='bbox 650 3838 806 3901; x_wconf 81' lang='lat' dir='ltr'><strong>videbatur,</strong></span> <span class='ocrx_word' id='word_1_534' title='bbox 822 3838 864 3892; x_wconf 85' lang='lat' dir='ltr'><strong>ita</strong></span> <span class='ocrx_word' id='word_1_535' title='bbox 885 3844 917 3892; x_wconf 88' lang='lat' dir='ltr'><strong>ut</strong></span> <span class='ocrx_word' id='word_1_536' title='bbox 956 3840 1098 3903; x_wconf 78' lang='lat' dir='ltr'><strong>admonet,</strong></span> <span class='ocrx_word' id='word_1_537' title='bbox 1107 3848 1139 3894; x_wconf 93' lang='lat' dir='ltr'><strong>ut</strong></span> <span class='ocrx_word' id='word_1_538' title='bbox 1145 3858 1196 3912; x_wconf 92' lang='lat' dir='ltr'><strong>per</strong></span> <span class='ocrx_word' id='word_1_539' title='bbox 1212 3841 1401 3895; x_wconf 80' lang='lat' dir='ltr'><strong>bumilitatem</strong></span> <span class='ocrx_word' id='word_1_540' title='bbox 1418 3840 1586 3894; x_wconf 82' lang='lat' dir='ltr'><strong>alterutrum</strong></span> <span class='ocrx_word' id='word_1_541' title='bbox 1597 3856 1630 3893; x_wconf 88' lang='lat' dir='ltr'><strong>se</strong></span> <span class='ocrx_word' id='word_1_542' title='bbox 1643 3839 1698 3893; x_wconf 85' lang='lat' dir='ltr'><strong>sibi</strong></span> <span class='ocrx_word' id='word_1_543' title='bbox 1713 3854 1757 3893; x_wconf 88' lang='lat' dir='ltr'><strong>su·</strong></span> 
     </span>
     <span class='ocr_line' id='line_1_42' title="bbox 118 3926 1755 4000; baseline -0.002 -15"><span class='ocrx_word' id='word_1_544' title='bbox 118 3945 170 4000; x_wconf 85' lang='lat' dir='ltr'><strong>pro</strong></span> <span class='ocrx_word' id='word_1_545' title='bbox 183 3928 306 3985; x_wconf 75' lang='lat' dir='ltr'><strong>eliorum</strong></span> <span class='ocrx_word' id='word_1_546' title='bbox 316 3926 408 3983; x_wconf 71' lang='lat' dir='ltr'><strong>ene</strong></span> <span class='ocrx_word' id='word_1_547' title='bbox 417 3927 669 3997; x_wconf 77' lang='lat' dir='ltr'><strong>pmhomrandem</strong></span> <span class='ocrx_word' id='word_1_548' title='bbox 678 3926 809 3981; x_wconf 87' lang='lat' dir='ltr'><strong>omnibus</strong></span> <span class='ocrx_word' id='word_1_549' title='bbox 824 3926 916 3980; x_wconf 87' lang='lat' dir='ltr'><strong>existi·</strong></span> <span class='ocrx_word' id='word_1_550' title='bbox 956 3930 1130 4000; x_wconf 88' lang='lat' dir='ltr'><strong>pereminene</strong></span> <span class='ocrx_word' id='word_1_551' title='bbox 1144 3930 1313 3984; x_wconf 85' lang='lat' dir='ltr'><strong>existiment.</strong></span> <span class='ocrx_word' id='word_1_552' title='bbox 1331 3928 1410 3985; x_wconf 88' lang='lat' dir='ltr'><strong>Unde</strong></span> <span class='ocrx_word' id='word_1_553' title='bbox 1425 3935 1453 3982; x_wconf 84' lang='lat' dir='ltr'><strong>et</strong></span> <span class='ocrx_word' id='word_1_554' title='bbox 1467 3929 1637 3983; x_wconf 84' lang='lat' dir='ltr'><strong>alterutrum</strong></span> <span class='ocrx_word' id='word_1_555' title='bbox 1651 3928 1755 3999; x_wconf 76' lang='lat' dir='ltr'><strong>posuit</strong></span> 
     </span>
     <span class='ocr_line' id='line_1_43' title="bbox 119 4014 1754 4089; baseline -0.001 -18"><span class='ocrx_word' id='word_1_556' title='bbox 119 4021 212 4083; x_wconf 70' lang='lat' dir='ltr'><strong>maret</strong></span> <span class='ocrx_word' id='word_1_557' title='bbox 223 4014 414 4071; x_wconf 72' lang='lat' dir='ltr'><strong>bumilitatem</strong></span> <span class='ocrx_word' id='word_1_558' title='bbox 426 4015 611 4081; x_wconf 89' lang='lat' dir='ltr'><strong>;deillisvero</strong></span> <span class='ocrx_word' id='word_1_559' title='bbox 622 4032 683 4087; x_wconf 70' lang='lat' dir='ltr'><strong>quie</strong></span> <span class='ocrx_word' id='word_1_560' title='bbox 693 4016 847 4071; x_wconf 83' lang='lat' dir='ltr'><strong>seeundum</strong></span> <span class='ocrx_word' id='word_1_561' title='bbox 862 4017 915 4069; x_wconf 92' lang='lat' dir='ltr'><strong>bu·</strong></span> <span class='ocrx_word' id='word_1_562' title='bbox 956 4024 1031 4072; x_wconf 85' lang='lat' dir='ltr'><strong>utet</strong></span> <span class='ocrx_word' id='word_1_563' title='bbox 1047 4018 1093 4072; x_wconf 87' lang='lat' dir='ltr'><strong>isti</strong></span> <span class='ocrx_word' id='word_1_564' title='bbox 1113 4035 1180 4087; x_wconf 73' lang='lat' dir='ltr'><strong>erge</strong></span> <span class='ocrx_word' id='word_1_565' title='bbox 1197 4019 1268 4079; x_wconf 82' lang='lat' dir='ltr'><strong>illos,</strong></span> <span class='ocrx_word' id='word_1_566' title='bbox 1290 4025 1319 4073; x_wconf 85' lang='lat' dir='ltr'><strong>et</strong></span> <span class='ocrx_word' id='word_1_567' title='bbox 1335 4019 1376 4071; x_wconf 91' lang='lat' dir='ltr'><strong>ilii</strong></span> <span class='ocrx_word' id='word_1_568' title='bbox 1390 4017 1531 4089; x_wconf 80' lang='lat' dir='ltr'><strong>engeistns</strong></span> <span class='ocrx_word' id='word_1_569' title='bbox 1541 4017 1621 4088; x_wconf 87' lang='lat' dir='ltr'><strong>peria</strong></span> <span class='ocrx_word' id='word_1_570' title='bbox 1632 4018 1754 4088; x_wconf 75' lang='lat' dir='ltr'><strong>sapient.</strong></span> 
     </span>
     <span class='ocr_line' id='line_1_44' title="bbox 119 4102 1757 4180; baseline 0 -19"><span class='ocrx_word' id='word_1_571' title='bbox 119 4102 915 4173; x_wconf 66' lang='lat' dir='ltr'><strong>munitatemlwtetuntostendebatlucretivameeeerem</strong></span> <span class='ocrx_word' id='word_1_572' title='bbox 956 4107 999 4161; x_wconf 84' lang='lat' dir='ltr'><strong>nd</strong></span> <span class='ocrx_word' id='word_1_573' title='bbox 1014 4108 1066 4162; x_wconf 87' lang='lat' dir='ltr'><strong>boc</strong></span> <span class='ocrx_word' id='word_1_574' title='bbox 1080 4108 1166 4161; x_wconf 87' lang='lat' dir='ltr'><strong>etiem</strong></span> <span class='ocrx_word' id='word_1_575' title='bbox 1181 4114 1210 4162; x_wconf 88' lang='lat' dir='ltr'><strong>et</strong></span> <span class='ocrx_word' id='word_1_576' title='bbox 1223 4108 1381 4180; x_wconf 88' lang='lat' dir='ltr'><strong>exemplum</strong></span> <span class='ocrx_word' id='word_1_577' title='bbox 1390 4112 1501 4179; x_wconf 79' lang='lat' dir='ltr'><strong>aptasse</strong></span> <span class='ocrx_word' id='word_1_578' title='bbox 1511 4106 1587 4160; x_wconf 87' lang='lat' dir='ltr'><strong>visus</strong></span> <span class='ocrx_word' id='word_1_579' title='bbox 1600 4112 1654 4173; x_wconf 76' lang='lat' dir='ltr'><strong>est,</strong></span> <span class='ocrx_word' id='word_1_580' title='bbox 1670 4106 1757 4177; x_wconf 85' lang='lat' dir='ltr'><strong>siqui-</strong></span> 
     </span>
     <span class='ocr_line' id='line_1_45' title="bbox 119 4190 1757 4266; baseline 0 -17"><span class='ocrx_word' id='word_1_581' title='bbox 119 4209 204 4266; x_wconf 76' lang='lat' dir='ltr'><strong>agere</strong></span> <span class='ocrx_word' id='word_1_582' title='bbox 217 4192 332 4259; x_wconf 82' lang='lat' dir='ltr'><strong>volenti,</strong></span> <span class='ocrx_word' id='word_1_583' title='bbox 340 4208 375 4247; x_wconf 85' lang='lat' dir='ltr'><strong>ex</strong></span> <span class='ocrx_word' id='word_1_584' title='bbox 387 4190 489 4262; x_wconf 88' lang='lat' dir='ltr'><strong>quibus</strong></span> <span class='ocrx_word' id='word_1_585' title='bbox 496 4192 544 4247; x_wconf 89' lang='lat' dir='ltr'><strong>ille</strong></span> <span class='ocrx_word' id='word_1_586' title='bbox 558 4198 622 4263; x_wconf 85' lang='lat' dir='ltr'><strong>pest</strong></span> <span class='ocrx_word' id='word_1_587' title='bbox 631 4194 791 4264; x_wconf 78' lang='lat' dir='ltr'><strong>passionem</strong></span> <span class='ocrx_word' id='word_1_588' title='bbox 799 4194 918 4247; x_wconf 79' lang='lat' dir='ltr'><strong>intents</strong></span> <span class='ocrx_word' id='word_1_589' title='bbox 956 4196 1021 4250; x_wconf 90' lang='lat' dir='ltr'><strong>dem</strong></span> <span class='ocrx_word' id='word_1_590' title='bbox 1029 4196 1157 4251; x_wconf 84' lang='lat' dir='ltr'><strong>Christus</strong></span> <span class='ocrx_word' id='word_1_591' title='bbox 1165 4198 1200 4251; x_wconf 86' lang='lat' dir='ltr'><strong>ed</strong></span> <span class='ocrx_word' id='word_1_592' title='bbox 1209 4198 1321 4251; x_wconf 74' lang='lat' dir='ltr'><strong>Patrem</strong></span> <span class='ocrx_word' id='word_1_593' title='bbox 1330 4197 1484 4251; x_wconf 84' lang='lat' dir='ltr'><strong>seeundum</strong></span> <span class='ocrx_word' id='word_1_594' title='bbox 1492 4195 1757 4251; x_wconf 83' lang='lat' dir='ltr'><strong>divinemnetnrem</strong></span> 
     </span>
     <span class='ocr_line' id='line_1_46' title="bbox 119 4279 1755 4357; baseline 0.001 -19"><span class='ocrx_word' id='word_1_595' title='bbox 119 4281 247 4349; x_wconf 76' lang='lat' dir='ltr'><strong>constitit</strong></span> <span class='ocrx_word' id='word_1_596' title='bbox 253 4279 354 4354; x_wconf 71' lang='lat' dir='ltr'><strong>gloria·</strong></span> <span class='ocrx_word' id='word_1_597' title='bbox 371 4279 451 4341; x_wconf 87' lang='lat' dir='ltr'><strong>Unde</strong></span> <span class='ocrx_word' id='word_1_598' title='bbox 461 4281 575 4337; x_wconf 85' lang='lat' dir='ltr'><strong>dicens:</strong></span> <span class='ocrx_word' id='word_1_599' title='bbox 584 4285 674 4350; x_wconf 70' lang='lat' dir='ltr'><strong>{betur</strong></span> <span class='ocrx_word' id='word_1_600' title='bbox 689 4284 812 4337; x_wconf 77' lang='lat' dir='ltr'><strong>obediens</strong></span> <span class='ocrx_word' id='word_1_601' title='bbox 832 4299 915 4352; x_wconf 76' lang='lat' dir='ltr'><strong>vesque</strong></span> <span class='ocrx_word' id='word_1_602' title='bbox 956 4285 1144 4356; x_wconf 83' lang='lat' dir='ltr'><strong>aequalitatem</strong></span> <span class='ocrx_word' id='word_1_603' title='bbox 1154 4286 1298 4340; x_wconf 80' lang='lat' dir='ltr'><strong>vindiceris</strong></span> <span class='ocrx_word' id='word_1_604' title='bbox 1308 4286 1446 4357; x_wconf 79' lang='lat' dir='ltr'><strong>acquievit</strong></span> <span class='ocrx_word' id='word_1_605' title='bbox 1456 4285 1485 4339; x_wconf 94' lang='lat' dir='ltr'><strong>in</strong></span> <span class='ocrx_word' id='word_1_606' title='bbox 1493 4285 1607 4339; x_wconf 85' lang='lat' dir='ltr'><strong>bomine</strong></span> <span class='ocrx_word' id='word_1_607' title='bbox 1614 4282 1755 4349; x_wconf 81' lang='lat' dir='ltr'><strong>babitare,</strong></span> 
     </span>
     <span class='ocr_line' id='line_1_47' title="bbox 119 4360 1755 4447; baseline -0.002 -18"><span class='ocrx_word' id='word_1_608' title='bbox 119 4375 157 4429; x_wconf 84' lang='lat' dir='ltr'><strong>ad</strong></span> <span class='ocrx_word' id='word_1_609' title='bbox 169 4376 297 4439; x_wconf 77' lang='lat' dir='ltr'><strong>mortem,</strong></span> <span class='ocrx_word' id='word_1_610' title='bbox 307 4376 424 4429; x_wconf 80' lang='lat' dir='ltr'><strong>mortem</strong></span> <span class='ocrx_word' id='word_1_611' title='bbox 432 4376 526 4427; x_wconf 83' lang='lat' dir='ltr'><strong>autem</strong></span> <span class='ocrx_word' id='word_1_612' title='bbox 534 4374 636 4437; x_wconf 78' lang='lat' dir='ltr'><strong>crocis,</strong></span> <span class='ocrx_word' id='word_1_613' title='bbox 648 4371 723 4442; x_wconf 88' lang='lat' dir='ltr'><strong>quod</strong></span> <span class='ocrx_word' id='word_1_614' title='bbox 732 4371 845 4442; x_wconf 91' lang='lat' dir='ltr'><strong>quidem</strong></span> <span class='ocrx_word' id='word_1_615' title='bbox 854 4378 917 4427; x_wconf 84' lang='lat' dir='ltr'><strong>eret</strong></span> <span class='ocrx_word' id='word_1_616' title='bbox 923 4360 985 4428; x_wconf 78' lang='lat' dir='ltr'><strong>Det</strong></span> <span class='ocrx_word' id='word_1_617' title='bbox 995 4374 1035 4427; x_wconf 87' lang='lat' dir='ltr'><strong>sic</strong></span> <span class='ocrx_word' id='word_1_618' title='bbox 1043 4375 1172 4445; x_wconf 80' lang='lat' dir='ltr'><strong>exiguam</strong></span> <span class='ocrx_word' id='word_1_619' title='bbox 1183 4376 1257 4447; x_wconf 84' lang='lat' dir='ltr'><strong>opud</strong></span> <span class='ocrx_word' id='word_1_620' title='bbox 1268 4375 1395 4429; x_wconf 88' lang='lat' dir='ltr'><strong>bomines</strong></span> <span class='ocrx_word' id='word_1_621' title='bbox 1405 4374 1566 4445; x_wconf 85' lang='lat' dir='ltr'><strong>opinionem</strong></span> <span class='ocrx_word' id='word_1_622' title='bbox 1583 4373 1733 4443; x_wconf 85' lang='lat' dir='ltr'><strong>acquirere</strong></span> <span class='ocrx_word' id='word_1_623' title='bbox 1748 4390 1755 4425; x_wconf 76' lang='grc' dir='ltr'><strong><em>ε</em></strong></span> 
     </span>
     <span class='ocr_line' id='line_1_48' title="bbox 119 4460 1759 4534; baseline 0 -17"><span class='ocrx_word' id='word_1_624' title='bbox 119 4460 304 4525; x_wconf 74' lang='grc' dir='ltr'>ιιωηιιιιιιιίι</span> <span class='ocrx_word' id='word_1_625' title='bbox 328 4460 483 4533; x_wconf 78' lang='lat' dir='ltr'><strong>proprium,</strong></span> <span class='ocrx_word' id='word_1_626' title='bbox 509 4477 571 4531; x_wconf 78' lang='lat' dir='ltr'><strong>que</strong></span> <span class='ocrx_word' id='word_1_627' title='bbox 597 4460 759 4515; x_wconf 83' lang='lat' dir='ltr'><strong>humanitas</strong></span> <span class='ocrx_word' id='word_1_628' title='bbox 787 4462 872 4516; x_wconf 84' lang='lat' dir='ltr'><strong>etiam</strong></span> <span class='ocrx_word' id='word_1_629' title='bbox 889 4467 918 4517; x_wconf 90' lang='lat' dir='ltr'><strong>et</strong></span> <span class='ocrx_word' id='word_1_630' title='bbox 957 4463 1102 4519; x_wconf 85' lang='lat' dir='ltr'><strong>iteutnec</strong></span> <span class='ocrx_word' id='word_1_631' title='bbox 1110 4464 1283 4519; x_wconf 79' lang='lat' dir='ltr'><strong>aestimarent</strong></span> <span class='ocrx_word' id='word_1_632' title='bbox 1294 4481 1359 4518; x_wconf 87' lang='lat' dir='ltr'><strong>eum</strong></span> <span class='ocrx_word' id='word_1_633' title='bbox 1370 4463 1445 4517; x_wconf 86' lang='lat' dir='ltr'><strong>eliud</strong></span> <span class='ocrx_word' id='word_1_634' title='bbox 1464 4462 1530 4534; x_wconf 91' lang='lat' dir='ltr'><strong>quid</strong></span> <span class='ocrx_word' id='word_1_635' title='bbox 1544 4468 1614 4516; x_wconf 87' lang='lat' dir='ltr'><strong>tuno</strong></span> <span class='ocrx_word' id='word_1_636' title='bbox 1627 4478 1682 4516; x_wconf 87' lang='lat' dir='ltr'><strong>nee</strong></span> <span class='ocrx_word' id='word_1_637' title='bbox 1696 4478 1759 4517; x_wconf 84' lang='lat' dir='ltr'><strong>esse</strong></span> 
     </span>
     <span class='ocr_line' id='line_1_49' title="bbox 119 4548 1758 4625; baseline -0.005 -12"><span class='ocrx_word' id='word_1_638' title='bbox 119 4553 280 4625; x_wconf 68' lang='lat' dir='ltr'><strong>pastionem</strong></span> <span class='ocrx_word' id='word_1_639' title='bbox 290 4550 447 4625; x_wconf 72' lang='lat' dir='ltr'><strong>suscepisse</strong></span> <span class='ocrx_word' id='word_1_640' title='bbox 460 4549 616 4605; x_wconf 87' lang='lat' dir='ltr'><strong>videbatur.</strong></span> <span class='ocrx_word' id='word_1_641' title='bbox 634 4549 916 4606; x_wconf 84' lang='lat' dir='ltr'><strong>Ostendebeturvero</strong></span> <span class='ocrx_word' id='word_1_642' title='bbox 957 4558 1071 4623; x_wconf 89' lang='lat' dir='ltr'><strong>propter</strong></span> <span class='ocrx_word' id='word_1_643' title='bbox 1090 4552 1232 4607; x_wconf 87' lang='lat' dir='ltr'><strong>bominem</strong></span> <span class='ocrx_word' id='word_1_644' title='bbox 1252 4553 1352 4617; x_wconf 81' lang='lat' dir='ltr'><strong>solum,</strong></span> <span class='ocrx_word' id='word_1_645' title='bbox 1370 4552 1443 4623; x_wconf 91' lang='lat' dir='ltr'><strong>quod</strong></span> <span class='ocrx_word' id='word_1_646' title='bbox 1469 4556 1498 4609; x_wconf 81' lang='lat' dir='ltr'><strong>et</strong></span> <span class='ocrx_word' id='word_1_647' title='bbox 1516 4567 1577 4605; x_wconf 89' lang='lat' dir='ltr'><strong>csse</strong></span> <span class='ocrx_word' id='word_1_648' title='bbox 1595 4548 1758 4617; x_wconf 74' lang='lat' dir='ltr'><strong>videbemr,</strong></span> 
     </span>
     <span class='ocr_line' id='line_1_50' title="bbox 120 4638 1761 4713; baseline -0.006 -10"><span class='ocrx_word' id='word_1_649' title='bbox 120 4657 155 4703; x_wconf 68' lang='grc' dir='ltr'><strong>ιι</strong></span> <span class='ocrx_word' id='word_1_650' title='bbox 168 4640 324 4703; x_wconf 70' lang='lat' dir='ltr'><strong>esteten</strong></span> <span class='ocrx_word' id='word_1_651' title='bbox 335 4638 511 4697; x_wconf 78' lang='lat' dir='ltr'><strong>sermonibus</strong></span> <span class='ocrx_word' id='word_1_652' title='bbox 524 4639 560 4695; x_wconf 87' lang='lat' dir='ltr'><strong>ed</strong></span> <span class='ocrx_word' id='word_1_653' title='bbox 571 4639 795 4695; x_wconf 77' lang='lat' dir='ltr'><strong>exhortationem</strong></span> <span class='ocrx_word' id='word_1_654' title='bbox 805 4639 917 4696; x_wconf 88' lang='lat' dir='ltr'><strong>bumili-</strong></span> <span class='ocrx_word' id='word_1_655' title='bbox 957 4642 1033 4696; x_wconf 87' lang='lat' dir='ltr'><strong>ultre</strong></span> <span class='ocrx_word' id='word_1_656' title='bbox 1041 4658 1106 4696; x_wconf 86' lang='lat' dir='ltr'><strong>vero</strong></span> <span class='ocrx_word' id='word_1_657' title='bbox 1115 4658 1171 4696; x_wconf 92' lang='lat' dir='ltr'><strong>non</strong></span> <span class='ocrx_word' id='word_1_658' title='bbox 1181 4647 1243 4696; x_wconf 84' lang='lat' dir='ltr'><strong>eret</strong></span> <span class='ocrx_word' id='word_1_659' title='bbox 1257 4646 1356 4712; x_wconf 79' lang='lat' dir='ltr'><strong>aptum</strong></span> <span class='ocrx_word' id='word_1_660' title='bbox 1370 4640 1395 4695; x_wconf 87' lang='lat' dir='ltr'><strong>ei</strong></span> <span class='ocrx_word' id='word_1_661' title='bbox 1414 4640 1521 4697; x_wconf 83' lang='lat' dir='ltr'><strong>nullam</strong></span> <span class='ocrx_word' id='word_1_662' title='bbox 1533 4638 1640 4693; x_wconf 85' lang='lat' dir='ltr'><strong>hebens</strong></span> <span class='ocrx_word' id='word_1_663' title='bbox 1651 4639 1690 4694; x_wconf 88' lang='lat' dir='ltr'><strong>ed</strong></span> <span class='ocrx_word' id='word_1_664' title='bbox 1704 4638 1761 4713; x_wconf 62' lang='lat' dir='ltr'><strong>Pe}</strong></span> 
     </span>
     <span class='ocr_line' id='line_1_51' title="bbox 119 4726 1761 4802; baseline -0.001 -17"><span class='ocrx_word' id='word_1_665' title='bbox 119 4728 342 4800; x_wconf 67' lang='lat' dir='ltr'><strong>tntispemueni</strong></span> <span class='ocrx_word' id='word_1_666' title='bbox 353 4728 457 4786; x_wconf 80' lang='lat' dir='ltr'><strong>licebat</strong></span> <span class='ocrx_word' id='word_1_667' title='bbox 465 4745 523 4786; x_wconf 87' lang='lat' dir='ltr'><strong>nou</strong></span> <span class='ocrx_word' id='word_1_668' title='bbox 529 4728 771 4801; x_wconf 71' lang='lat' dir='ltr'><strong>petisivoluisset,</strong></span> <span class='ocrx_word' id='word_1_669' title='bbox 788 4730 914 4800; x_wconf 81' lang='lat' dir='ltr'><strong>edjeeit:</strong></span> <span class='ocrx_word' id='word_1_670' title='bbox 956 4735 1029 4785; x_wconf 86' lang='lat' dir='ltr'><strong>trem</strong></span> <span class='ocrx_word' id='word_1_671' title='bbox 1044 4731 1418 4802; x_wconf 75' lang='lat' dir='ltr'><strong>equalitatempreeeptum</strong></span> <span class='ocrx_word' id='word_1_672' title='bbox 1431 4728 1606 4784; x_wconf 87' lang='lat' dir='ltr'><strong>solummodo</strong></span> <span class='ocrx_word' id='word_1_673' title='bbox 1619 4726 1761 4798; x_wconf 79' lang='lat' dir='ltr'><strong>implebat</strong></span> 
     </span>
    </p>

    <p class='ocr_par' dir='ltr' id='par_1_5' title="bbox 119 4816 1767 5514">
     <span class='ocr_line' id='line_1_52' title="bbox 155 4816 1760 4891; baseline -0.004 -14"><span class='ocrx_word' id='word_1_674' title='bbox 155 4816 552 4886; x_wconf 73' lang='lat' dir='ltr'><strong>Pmpmqmdevoemnvum</strong></span> <span class='ocrx_word' id='word_1_675' title='bbox 562 4821 702 4874; x_wconf 82' lang='lat' dir='ltr'><strong>aealtooit.</strong></span> <span class='ocrx_word' id='word_1_676' title='bbox 721 4819 822 4875; x_wconf 81' lang='lat' dir='ltr'><strong>Nescio</strong></span> <span class='ocrx_word' id='word_1_677' title='bbox 829 4820 853 4874; x_wconf 91' lang='lat' dir='ltr'><strong>si</strong></span> <span class='ocrx_word' id='word_1_678' title='bbox 862 4818 915 4873; x_wconf 86' lang='lat' dir='ltr'><strong>ali·</strong></span> <span class='ocrx_word' id='word_1_679' title='bbox 956 4820 1134 4891; x_wconf 82' lang='lat' dir='ltr'><strong>naturaipse,</strong></span> <span class='ocrx_word' id='word_1_680' title='bbox 1146 4826 1178 4874; x_wconf 89' lang='lat' dir='ltr'><strong>ut</strong></span> <span class='ocrx_word' id='word_1_681' title='bbox 1187 4820 1395 4891; x_wconf 78' lang='lat' dir='ltr'><strong>obtemperaret</strong></span> <span class='ocrx_word' id='word_1_682' title='bbox 1403 4818 1601 4873; x_wconf 86' lang='lat' dir='ltr'><strong>einecessitete</strong></span> <span class='ocrx_word' id='word_1_683' title='bbox 1615 4816 1655 4872; x_wconf 87' lang='lat' dir='ltr'><strong>illi</strong></span> <span class='ocrx_word' id='word_1_684' title='bbox 1665 4816 1760 4888; x_wconf 85' lang='lat' dir='ltr'><strong>impo-</strong></span> 
     </span>
     <span class='ocr_line' id='line_1_53' title="bbox 121 4902 1760 4980; baseline -0.002 -18"><span class='ocrx_word' id='word_1_685' title='bbox 121 4904 184 4978; x_wconf 71' lang='lat' dir='ltr'><strong>qqie</strong></span> <span class='ocrx_word' id='word_1_686' title='bbox 197 4902 239 4962; x_wconf 77' lang='lat' dir='ltr'><strong>sic</strong></span> <span class='ocrx_word' id='word_1_687' title='bbox 247 4903 352 4959; x_wconf 82' lang='lat' dir='ltr'><strong>stultus</strong></span> <span class='ocrx_word' id='word_1_688' title='bbox 361 4903 481 4961; x_wconf 82' lang='lat' dir='ltr'><strong>inveniri</strong></span> <span class='ocrx_word' id='word_1_689' title='bbox 490 4908 588 4978; x_wconf 82' lang='lat' dir='ltr'><strong>possit,</strong></span> <span class='ocrx_word' id='word_1_690' title='bbox 599 4908 641 4962; x_wconf 84' lang='lat' dir='ltr'><strong>ite</strong></span> <span class='ocrx_word' id='word_1_691' title='bbox 649 4912 752 4979; x_wconf 85' lang='lat' dir='ltr'><strong>utpost</strong></span> <span class='ocrx_word' id='word_1_692' title='bbox 757 4907 916 4980; x_wconf 76' lang='lat' dir='ltr'><strong>pensionem</strong></span> <span class='ocrx_word' id='word_1_693' title='bbox 957 4916 1050 4962; x_wconf 88' lang='lat' dir='ltr'><strong>nente.</strong></span> <span class='ocrx_word' id='word_1_694' title='bbox 1066 4910 1165 4979; x_wconf 80' lang='lat' dir='ltr'><strong>lteque</strong></span> <span class='ocrx_word' id='word_1_695' title='bbox 1179 4914 1208 4963; x_wconf 90' lang='lat' dir='ltr'><strong>et</strong></span> <span class='ocrx_word' id='word_1_696' title='bbox 1223 4907 1373 4963; x_wconf 87' lang='lat' dir='ltr'><strong>ridiculum</strong></span> <span class='ocrx_word' id='word_1_697' title='bbox 1383 4912 1445 4961; x_wconf 84' lang='lat' dir='ltr'><strong>eret</strong></span> <span class='ocrx_word' id='word_1_698' title='bbox 1456 4907 1612 4961; x_wconf 86' lang='lat' dir='ltr'><strong>secundum</strong></span> <span class='ocrx_word' id='word_1_699' title='bbox 1625 4904 1760 4976; x_wconf 69' lang='lat' dir='ltr'><strong>Apostoli</strong></span> 
     </span>
     <span class='ocr_line' id='line_1_54' title="bbox 120 4991 1759 5067; baseline 0 -16"><span class='ocrx_word' id='word_1_700' title='bbox 120 4994 274 5057; x_wconf 70' lang='lat' dir='ltr'><strong>sanitatum</strong></span> <span class='ocrx_word' id='word_1_701' title='bbox 288 4991 433 5049; x_wconf 74' lang='lat' dir='ltr'><strong>fuissene</strong></span> <span class='ocrx_word' id='word_1_702' title='bbox 442 4994 557 5051; x_wconf 84' lang='lat' dir='ltr'><strong>verbum</strong></span> <span class='ocrx_word' id='word_1_703' title='bbox 568 4995 718 5051; x_wconf 77' lang='lat' dir='ltr'><strong>existimet.</strong></span> <span class='ocrx_word' id='word_1_704' title='bbox 735 4996 802 5061; x_wconf 81' lang='lat' dir='ltr'><strong>Qum</strong></span> <span class='ocrx_word' id='word_1_705' title='bbox 816 5001 859 5051; x_wconf 83' lang='lat' dir='ltr'><strong>eet</strong></span> <span class='ocrx_word' id='word_1_706' title='bbox 868 5013 916 5050; x_wconf 87' lang='lat' dir='ltr'><strong>eu·</strong></span> <span class='ocrx_word' id='word_1_707' title='bbox 957 4996 1151 5063; x_wconf 84' lang='lat' dir='ltr'><strong>intentionem,</strong></span> <span class='ocrx_word' id='word_1_708' title='bbox 1168 5002 1200 5051; x_wconf 90' lang='lat' dir='ltr'><strong>ut</strong></span> <span class='ocrx_word' id='word_1_709' title='bbox 1213 4997 1328 5063; x_wconf 88' lang='lat' dir='ltr'><strong>diceret,</strong></span> <span class='ocrx_word' id='word_1_710' title='bbox 1344 4996 1477 5067; x_wconf 79' lang='lat' dir='ltr'><strong>quoniam</strong></span> <span class='ocrx_word' id='word_1_711' title='bbox 1492 5002 1521 5049; x_wconf 89' lang='lat' dir='ltr'><strong>et</strong></span> <span class='ocrx_word' id='word_1_712' title='bbox 1544 4994 1674 5049; x_wconf 87' lang='lat' dir='ltr'><strong>Christus</strong></span> <span class='ocrx_word' id='word_1_713' title='bbox 1698 5010 1759 5051; x_wconf 81' lang='lat' dir='ltr'><strong>non</strong></span> 
     </span>
     <span class='ocr_line' id='line_1_55' title="bbox 120 5080 1761 5157; baseline -0.004 -14"><span class='ocrx_word' id='word_1_714' title='bbox 120 5091 178 5143; x_wconf 75' lang='lat' dir='ltr'><strong>lem</strong></span> <span class='ocrx_word' id='word_1_715' title='bbox 192 5083 256 5157; x_wconf 82' lang='lat' dir='ltr'><strong>ipttt</strong></span> <span class='ocrx_word' id='word_1_716' title='bbox 270 5080 403 5141; x_wconf 67' lang='lat' dir='ltr'><strong>edesio</strong></span> <span class='ocrx_word' id='word_1_717' title='bbox 417 5081 430 5135; x_wconf 80' lang='lat' dir='ltr'><strong>l</strong></span> <span class='ocrx_word' id='word_1_718' title='bbox 442 5082 477 5137; x_wconf 80' lang='grc' dir='ltr'><strong>Ει</strong></span> <span class='ocrx_word' id='word_1_719' title='bbox 491 5085 605 5140; x_wconf 64' lang='lat' dir='ltr'><strong>mansit</strong></span> <span class='ocrx_word' id='word_1_720' title='bbox 618 5088 666 5140; x_wconf 74' lang='lat' dir='ltr'><strong>tvvs·</strong></span> <span class='ocrx_word' id='word_1_721' title='bbox 680 5102 780 5141; x_wconf 72' lang='lat' dir='ltr'><strong>notrum</strong></span> <span class='ocrx_word' id='word_1_722' title='bbox 790 5087 863 5154; x_wconf 84' lang='lat' dir='ltr'><strong>quod</strong></span> <span class='ocrx_word' id='word_1_723' title='bbox 878 5089 916 5139; x_wconf 78' lang='lat' dir='ltr'><strong>ev</strong></span> <span class='ocrx_word' id='word_1_724' title='bbox 957 5085 1761 5156; x_wconf 76' lang='lat' dir='ltr'><strong>insurrexitadversusPetrem‚nequeconetusestrapere</strong></span> 
     </span>
     <span class='ocr_line' id='line_1_56' title="bbox 119 5171 1762 5247; baseline 0.001 -20"><span class='ocrx_word' id='word_1_725' title='bbox 119 5187 406 5242; x_wconf 64' lang='lat' dir='ltr'><strong>smeromeomvn.</strong></span> <span class='ocrx_word' id='word_1_726' title='bbox 416 5171 527 5226; x_wconf 81' lang='lat' dir='ltr'><strong>Nomen</strong></span> <span class='ocrx_word' id='word_1_727' title='bbox 535 5173 649 5229; x_wconf 83' lang='lat' dir='ltr'><strong>evidens</strong></span> <span class='ocrx_word' id='word_1_728' title='bbox 659 5181 710 5242; x_wconf 83' lang='lat' dir='ltr'><strong>est,</strong></span> <span class='ocrx_word' id='word_1_729' title='bbox 719 5173 915 5246; x_wconf 84' lang='lat' dir='ltr'><strong>quoniemnon</strong></span> <span class='ocrx_word' id='word_1_730' title='bbox 957 5174 1033 5229; x_wconf 88' lang='lat' dir='ltr'><strong>illam</strong></span> <span class='ocrx_word' id='word_1_731' title='bbox 1054 5176 1326 5247; x_wconf 58' lang='lat' dir='ltr'><strong>aequalitatemque</strong></span> <span class='ocrx_word' id='word_1_732' title='bbox 1350 5191 1413 5229; x_wconf 89' lang='lat' dir='ltr'><strong>eum</strong></span> <span class='ocrx_word' id='word_1_733' title='bbox 1435 5175 1519 5228; x_wconf 80' lang='lat' dir='ltr'><strong>Petro</strong></span> <span class='ocrx_word' id='word_1_734' title='bbox 1535 5171 1666 5237; x_wconf 80' lang='lat' dir='ltr'><strong>babebat,</strong></span> <span class='ocrx_word' id='word_1_735' title='bbox 1692 5188 1762 5229; x_wconf 79' lang='lat' dir='ltr'><strong>eon-</strong></span> 
     </span>
     <span class='ocr_line' id='line_1_57' title="bbox 120 5259 1765 5336; baseline 0.002 -23"><span class='ocrx_word' id='word_1_736' title='bbox 120 5261 295 5329; x_wconf 62' lang='lat' dir='ltr'><strong>venedum,</strong></span> <span class='ocrx_word' id='word_1_737' title='bbox 312 5259 361 5318; x_wconf 85' lang='lat' dir='ltr'><strong>sed</strong></span> <span class='ocrx_word' id='word_1_738' title='bbox 375 5276 436 5317; x_wconf 73' lang='lat' dir='ltr'><strong>mm</strong></span> <span class='ocrx_word' id='word_1_739' title='bbox 454 5261 606 5331; x_wconf 77' lang='lat' dir='ltr'><strong>quomdam</strong></span> <span class='ocrx_word' id='word_1_740' title='bbox 620 5262 689 5318; x_wconf 87' lang='lat' dir='ltr'><strong>dicit</strong></span> <span class='ocrx_word' id='word_1_741' title='bbox 700 5262 867 5335; x_wconf 74' lang='lat' dir='ltr'><strong>acquisitam</strong></span> <span class='ocrx_word' id='word_1_742' title='bbox 878 5263 914 5327; x_wconf 82' lang='lat' dir='ltr'><strong>ei,</strong></span> <span class='ocrx_word' id='word_1_743' title='bbox 957 5264 1020 5319; x_wconf 88' lang='lat' dir='ltr'><strong>silio</strong></span> <span class='ocrx_word' id='word_1_744' title='bbox 1038 5264 1094 5319; x_wconf 85' lang='lat' dir='ltr'><strong>illie</strong></span> <span class='ocrx_word' id='word_1_745' title='bbox 1115 5266 1210 5328; x_wconf 82' lang='lat' dir='ltr'><strong>dente,</strong></span> <span class='ocrx_word' id='word_1_746' title='bbox 1231 5271 1263 5319; x_wconf 90' lang='lat' dir='ltr'><strong>ut</strong></span> <span class='ocrx_word' id='word_1_747' title='bbox 1285 5263 1406 5336; x_wconf 80' lang='lat' dir='ltr'><strong>aequelee</strong></span> <span class='ocrx_word' id='word_1_748' title='bbox 1428 5262 1481 5318; x_wconf 87' lang='lat' dir='ltr'><strong>sibi</strong></span> <span class='ocrx_word' id='word_1_749' title='bbox 1496 5263 1695 5319; x_wconf 81' lang='lat' dir='ltr'><strong>existimarent</strong></span> <span class='ocrx_word' id='word_1_750' title='bbox 1708 5278 1765 5334; x_wconf 77' lang='lat' dir='ltr'><strong>per</strong></span> 
     </span>
     <span class='ocr_line' id='line_1_58' title="bbox 120 5348 1767 5426; baseline 0.001 -19"><span class='ocrx_word' id='word_1_751' title='bbox 120 5348 331 5422; x_wconf 77' lang='lat' dir='ltr'><strong>siantilliqued</strong></span> <span class='ocrx_word' id='word_1_752' title='bbox 345 5349 551 5422; x_wconf 72' lang='lat' dir='ltr'><strong>scriptumest:</strong></span> <span class='ocrx_word' id='word_1_753' title='bbox 564 5350 598 5405; x_wconf 79' lang='grc' dir='ltr'><strong>[ιι</strong></span> <span class='ocrx_word' id='word_1_754' title='bbox 611 5355 916 5422; x_wconf 68' lang='lat' dir='ltr'><strong>menmeantqaoniom</strong></span> <span class='ocrx_word' id='word_1_755' title='bbox 957 5352 1094 5409; x_wconf 90' lang='lat' dir='ltr'><strong>bonorum</strong></span> <span class='ocrx_word' id='word_1_756' title='bbox 1117 5361 1211 5409; x_wconf 85' lang='lat' dir='ltr'><strong>ectum</strong></span> <span class='ocrx_word' id='word_1_757' title='bbox 1233 5353 1543 5426; x_wconf 72' lang='lat' dir='ltr'><strong>cooperationem-per</strong></span> <span class='ocrx_word' id='word_1_758' title='bbox 1563 5350 1767 5409; x_wconf 72' lang='lat' dir='ltr'><strong>numilitatem</strong></span> 
     </span>
     <span class='ocr_line' id='line_1_59' title="bbox 122 5437 1763 5514; baseline 0.002 -21"><span class='ocrx_word' id='word_1_759' title='bbox 122 5454 223 5501; x_wconf 73' lang='lat' dir='ltr'><strong>neme</strong></span> <span class='ocrx_word' id='word_1_760' title='bbox 241 5439 292 5496; x_wconf 74' lang='lat' dir='ltr'><strong>titt</strong></span> <span class='ocrx_word' id='word_1_761' title='bbox 305 5441 441 5497; x_wconf 76' lang='lat' dir='ltr'><strong>domines</strong></span> <span class='ocrx_word' id='word_1_762' title='bbox 457 5437 495 5505; x_wconf 78' lang='lat'><strong>(11</strong></span> <span class='ocrx_word' id='word_1_763' title='bbox 507 5439 575 5493; x_wconf 73' lang='lat' dir='ltr'><strong>tur.</strong></span> <span class='ocrx_word' id='word_1_764' title='bbox 591 5443 640 5509; x_wconf 75' lang='lat' dir='ltr'><strong>vv),</strong></span> <span class='ocrx_word' id='word_1_765' title='bbox 653 5441 768 5507; x_wconf 75' lang='lat' dir='ltr'><strong>booest,</strong></span> <span class='ocrx_word' id='word_1_766' title='bbox 784 5440 916 5513; x_wconf 80' lang='lat' dir='ltr'><strong>quonism</strong></span> <span class='ocrx_word' id='word_1_767' title='bbox 957 5442 1223 5514; x_wconf 83' lang='lat' dir='ltr'><strong>superemineresibi</strong></span> <span class='ocrx_word' id='word_1_768' title='bbox 1230 5442 1431 5497; x_wconf 70' lang='lat' dir='ltr'><strong>existimarent.</strong></span> <span class='ocrx_word' id='word_1_769' title='bbox 1439 5439 1763 5512; x_wconf 74' lang='lat' dir='ltr'><strong>ltaquebeatusl&#39;auluu</strong></span> 
     </span>
    </p>
   </div>
   <div class='ocr_carea' id='block_1_5' title="bbox 119 5526 1645 5605">
    <p class='ocr_par' dir='ltr' id='par_1_6' title="bbox 119 5526 1645 5605">
     <span class='ocr_line' id='line_1_60' title="bbox 119 5526 1645 5605; baseline -0.002 -16"><span class='ocrx_word' id='word_1_770' title='bbox 119 5534 153 5589; x_wconf 82' lang='grc' dir='ltr'><strong>ιιι</strong></span> <span class='ocrx_word' id='word_1_771' title='bbox 164 5526 312 5595; x_wconf 70' lang='lat' dir='ltr'><strong>uouism.</strong></span> <span class='ocrx_word' id='word_1_772' title='bbox 334 5527 541 5601; x_wconf 79' lang='lat' dir='ltr'><strong>interpretetur</strong></span> <span class='ocrx_word' id='word_1_773' title='bbox 552 5543 620 5593; x_wconf 73' lang='lat' dir='ltr'><strong>vem</strong></span> <span class='ocrx_word' id='word_1_774' title='bbox 635 5530 696 5602; x_wconf 79' lang='lat' dir='ltr'><strong>ipse</strong></span> <span class='ocrx_word' id='word_1_775' title='bbox 711 5531 779 5603; x_wconf 89' lang='lat' dir='ltr'><strong>quid</strong></span> <span class='ocrx_word' id='word_1_776' title='bbox 795 5532 834 5587; x_wconf 87' lang='lat' dir='ltr'><strong>sit</strong></span> <span class='ocrx_word' id='word_1_777' title='bbox 845 5530 916 5591; x_wconf 87' lang='lat' dir='ltr'><strong>illud</strong></span> <span class='ocrx_word' id='word_1_778' title='bbox 957 5532 998 5589; x_wconf 86' lang='lat' dir='ltr'><strong>sio</strong></span> <span class='ocrx_word' id='word_1_779' title='bbox 1010 5549 1062 5605; x_wconf 86' lang='lat' dir='ltr'><strong>per</strong></span> <span class='ocrx_word' id='word_1_780' title='bbox 1073 5533 1171 5589; x_wconf 81' lang='lat' dir='ltr'><strong>omnio</strong></span> <span class='ocrx_word' id='word_1_781' title='bbox 1182 5532 1407 5589; x_wconf 77' lang='lat' dir='ltr'><strong>exhortationem</strong></span> <span class='ocrx_word' id='word_1_782' title='bbox 1420 5531 1526 5590; x_wconf 77' lang='lat' dir='ltr'><strong>ledono</strong></span> <span class='ocrx_word' id='word_1_783' title='bbox 1537 5530 1645 5603; x_wconf 75' lang='lat' dir='ltr'><strong>adlicit.</strong></span> 
     </span>
    </p>
   </div>
   <div class='ocr_carea' id='block_1_6' title="bbox 0 0 1890 6118">
    <p class='ocr_par' dir='ltr' id='par_1_7' title="bbox 0 0 1890 6118">
     <span class='ocr_line' id='line_1_61' title="bbox 0 0 1890 6118; baseline 0 0"><span class='ocrx_word' id='word_1_784' title='bbox 0 0 1890 6118; x_wconf 95' lang='lat' dir='ltr'><strong> </strong></span> 
     </span>
    </p>
   </div>
  </div>
 </body>
</html>
