3772 6120
118 253 169 309 tlt
333 252 622 317 sumusnostra
641 251 679 307 IN
698 250 776 311 EPP.
797 248 904 303 PAULI
922 247 991 305 ΗΒ,
1012 250 1165 311 xxvll.-
1180 251 1219 307 ΙΝ
1237 251 1348 311 erist.
1369 255 1417 313 AD
1436 257 1542 317 HEBR.
1706 262 1757 318 tte

117 393 217 433 ornnes
228 378 307 443 illius
320 379 421 433 doinus
442 378 571 448 princeps
583 375 682 446 jubeat
697 380 728 429 ut
741 374 821 433 illum
836 372 918 445 proni
928 375 975 431 A«
990 375 1068 431 Tunc
1080 375 1163 441 ibam
1184 377 1212 430 lii
1228 377 1257 433 in
1273 379 1366 448 ignem
1383 386 1530 445 eternium,
1542 384 1613 452 justi
1628 385 1657 441 in
1671 385 1757 447 vitam

116 466 202 521 simul
218 484 317 523 omnes
336 468 476 523 adorent:
507 467 591 521 itaet
606 465 748 520 Christum
766 463 920 519 secundum
960 468 1094 519 aeternam
1107 466 1214 530 (ilioltb.
1227 471 1329 536 ,rislo

116 572 231 611 earnem
245 557 468 627 jussitacunctis
479 555 585 625 angelis
601 553 835 609 adoraridieens:
859 575 869 601 ι
886 553 920 607 Et
1000 572 1010 603 o
1028 553 1114 623 Virga
1128 555 1279 624 miquitatis,
1295 557 1373 627 virga
1387 558 1467 627 regni
1481 560 1522 616 tui
1545 579 1556 612 a
1567 561 1682 631 virgam
1692 580 1758 623 vero

116 645 237 703 adorem
252 663 318 701 euni
332 662 430 703 omnes
443 645 536 715 angui
550 644 623 703 Dei:
654 643 766 697 »etiarn
782 642 841 714 ipse
862 642 918 695 tia·
962 643 1087 712 regulam
1107 644 1361 715 dirinaesignisrcat
1375 647 1524 718 equitatis,
1540 666 1602 720 quse
1623 651 1759 709 remiter

117 734 197 791 briel.
214 736 270 791 Sed
287 742 395 806 quaerat
412 734 525 804 aliquis,
549 750 616 787 num
632 732 725 802 mrgeli
740 737 851 786 tantum
873 731 921 787 ad·
962 737 1037 785 recta
1050 733 1162 799 dicitur,
1180 734 1245 804 quia
1260 735 1338 791 nulla
1353 736 1490 806 pravitate
1510 745 1650 799 curvatur.
1672 740 1759 811 Virga

118 840 199 879 orare
210 823 343 895 praerepti
360 824 527 881 sunthon.
545 822 665 877 adverte
682 821 778 891 itaque
798 835 859 890 quae
875 834 920 873 se·
960 820 1015 875 ista
1033 822 1125 892 justos
1146 823 1227 892 regit,
1254 823 1356 893 impios
1369 826 1490 895 percutit
1506 846 1511 879 :
1529 828 1578 883 sed
1599 829 1657 885 haec
1680 830 1760 899 virga

119 919 267 984 quantur:
293 934 304 962 ι
322 914 357 969 Et
372 913 406 969 ad
422 912 536 981 angelos
551 911 664 981 quidem
682 910 767 965 dixit:
785 907 838 977 eoi
854 907 922 963 lacit
961 909 1096 967 tortitudo
1107 916 1150 969 est
1161 911 1272 978 inuicta,
1283 915 1401 984 niquitas
1416 916 1582 982 rectissima,
1598 917 1759 977 inllesibilis

119 1003 235 1073 angelos
250 1020 316 1059 suos
331 1003 447 1073 spiritus
466 1010 495 1056 et
522 1000 666 1056 irrmistros
689 1016 754 1055 suos
776 1000 920 1053 llanmmm
961 998 1116 1071 disciplina.
1143 1002 1208 1057 llaec
1227 1002 1301 1057 enim
1327 1003 1406 1072 virga
1426 1005 1496 1073 regii
1519 1006 1633 1065 honoris
1650 988 1759 1078 insigne
1828 1050 1831 1059 .

119 1094 192 1163 ignis
204 1114 211 1156 ,ζ
224 1094 261 1148 ad
272 1094 375 1151 Filium
387 1100 499 1149 autern:
515 1092 602 1147 Sedes
619 1097 678 1157 tua,
691 1092 776 1155 Deus,
792 1090 822 1145 in
836 1105 921 1145 secu-
961 1094 1103 1161 sceptrum
1116 1089 1262 1149 dicebatur
1277 1091 1442 1162 antiquitus,
1458 1093 1609 1164 designans
1619 1095 1649 1153 in
1659 1113 1692 1153 en
1702 1097 1758 1157 vir-

119 1183 177 1237 lum
194 1183 333 1239 secuti.»
361 1183 429 1239 Ecce
446 1181 569 1238 inaximo
593 1181 762 1246 differentia,
790 1180 857 1250 quia
879 1178 920 1233 illi
961 1184 1158 1249 tutumregern
1169 1180 1760 1256 DominumSelratorem.sDilexistiJ‘usti-
1822 1218 1824 1223 -

120 1272 235 1343 quidem
250 1272 338 1327 creati
353 1278 427 1336 suut,
444 1272 489 1327 nic
504 1276 600 1325 alutem
609 1269 759 1325 increatus.
775 1269 817 1323 Ad
833 1285 920 1338 ange-
964 1287 974 1315 u
992 1269 1062 1325 tiam
1073 1276 1102 1323 et
1115 1268 1200 1323 odini
1217 1268 1413 1339 iniquitatem3
1428 1289 1442 1323 r
1459 1272 1520 1342 ipsa
1536 1280 1580 1332 est
1590 1274 1669 1345 virga
1680 1281 1760 1335 recta

121 1360 265 1419 losautem
273 1362 376 1432 niquit,
391 1387 403 1412 a
416 1361 469 1425 Qui
487 1360 552 1421 t'acit
562 1361 750 1429 arigelossuos
762 1360 891 1431 spiritus;
906 1382 919 1409 ι
962 1374 1058 1415 amare
1074 1357 1235 1428 equitatem
1245 1364 1275 1412 et
1288 1359 1380 1415 odisse
1399 1360 1563 1431 nequitiam.
1579 1363 1669 1423 Nemo
1684 1365 1760 1425 enim

120 1449 425 1507 adfiliumautemnou
436 1450 574 1519 ‹liritoqui
590 1448 683 1515 facit»
695 1455 801 1505 etsanc
815 1453 919 1520 posset,
963 1447 1083 1518 perdocte
1094 1446 1187 1515 diligit
1203 1447 1416 1517 justitiam,nisi
1431 1449 1480 1519 qui
1497 1453 1760 1522 stactuspessimos

121 1538 143 1593 si
161 1538 237 1604 uelit,
255 1538 339 1593 istam
359 1539 400 1594 sic
412 1538 568 1608 exprimere
578 1537 766 1593 differentiam
779 1537 918 1593 dicendo:
962 1536 1151 1603 abominatur,
1163 1537 1231 1608 quia
1245 1538 1373 1593 raritatis
1390 1556 1470 1597 rimor
1484 1539 1581 1595 odiurn
1598 1547 1643 1603 est
1650 1542 1758 1599 falsita-

121 1629 184 1685 Ἐἰ
205 1629 241 1682 ad
267 1630 383 1698 angelos
397 1628 511 1698 quidem
530 1627 616 1692 dicit;
639 1626 693 1691 eui
718 1626 785 1681 facit
807 1626 920 1696 angelos
961 1626 1007 1680 tis.
1032 1628 1087 1679 sul
1113 1626 1179 1683 huic
1208 1627 1298 1685 autori
1323 1626 1455 1683 bonitatis
1478 1635 1508 1682 et
1533 1630 1598 1685 odio
1624 1631 1760 1702 iniquita-

120 1734 183 1774 suos
198 1718 317 1789 spiritus
335 1737 341 1784 ;
359 1719 394 1773 ad
415 1718 436 1773 F
439 1717 518 1771 ilium
539 1722 644 1781 autem,
667 1715 803 1771 Dominus
818 1693 999 1771 crearitBtis
1020 1731 1082 1786 qua
1101 1716 1219 1786 praemia
1247 1722 1313 1773 sunt
1336 1716 1445 1770 reddito
1473 1718 1570 1777 subter
1590 1721 1703 1791 exponit
1721 1721 1762 1777 di·

121 1824 164 1867 rna
176 1825 182 1858 z
196 1828 209 1858 a
225 1807 367 1876 siquidem
383 1827 393 1855 ι
409 1805 561 1861 Dominum
575 1821 640 1859 euni
657 1805 836 1859 etClrristum
847 1804 922 1861 Deus
963 1822 1046 1861 orris:
1066 1822 1079 1857 s
1095 1805 1248 1875 Propterea
1268 1805 1348 1863 unxit
1359 1812 1387 1861 te
1401 1807 1564 1866 Deuslleus
1578 1815 1653 1869 tuus.
1673 1834 1685 1859 n
1703 1811 1760 1865 Un-

120 1895 381 1966 secitsSedneque
391 1895 501 1951 illudde
511 1893 580 1951 Filio
590 1893 757 1957 dictumest,
769 1908 860 1962 neque
870 1893 922 1945 lioc
962 1900 1024 1949 ctus
1048 1893 1176 1949 Christus
1197 1899 1225 1950 et
1248 1911 1345 1963 regern
1368 1895 1509 1965 significat
1532 1903 1560 1951 et
1573 1899 1757 1961 sacerdotem,

121 1985 224 2041 deDeo
234 1984 409 2049 sero,sedde
419 2000 453 2038 eo
463 1983 510 2054 qui
521 1987 564 2039 est
574 1982 858 2037 secundumcarnem.
869 1979 921 2037 Ubi
963 1983 1029 2054 quia
1041 1982 1193 2051 dignitates
1215 1983 1276 2039 ista
1290 1983 1474 2039 surnebantnr
1489 2001 1540 2054 per
1557 1987 1760 2047 sacratissimae

120 2074 197 2129 enirn
213 2090 310 2129 seram
330 2072 517 2127 dillcrentiam
533 2070 685 2142 significari
700 2070 850 2131 desiderat,
865 2086 922 2125 non
962 2072 1118 2129 unctiones.
1137 2073 1208 2127 Nam
1230 2078 1258 2125 et
1271 2072 1364 2142 ipsum
1389 2088 1492 2127 rioraen
1506 2074 1611 2133 Cliristi
1632 2083 1760 2137 ananelo

119 2166 178 2235 jam
189 2164 266 2219 solos
277 2163 391 2233 angelos
407 2161 627 2232 comprehendit,
638 2161 687 2215 sed
698 2177 795 2216 ornnes
805 2159 922 2214 virtutes
963 2162 1113 2217 chrismate
1128 2160 1303 2223 vocemmeam
1319 2160 1348 2215 in
1367 2160 1416 2215 illa
1427 2167 1529 2217 natma
1540 2169 1639 2217 unaue
1656 2164 1760 2223 dicitur

121 2251 281 2311 ministeria
293 2267 416 2321 superna
424 2250 582 2320 iungentes.
593 2251 716 2305 Intueris
726 2248 866 2318 quomode
877 2247 921 2301 di-
963 2250 1264 2321 quadispensationeet
1272 2255 1523 2305 natusetmortuus
1536 2256 1564 2305 et
1577 2254 1760 2313 resurrexisse
1802 2248 1808 2257 '

120 2340 199 2403 sidit,
216 2344 324 2394 etcum
339 2344 445 2410 quanta
458 2340 585 2395 claritate
600 2344 771 2394 creaturasa
790 2339 922 2393 Crantore
963 2338 1206 2395 ueraciterdicitur
1215 2337 1352 2391 Cluistus.
1365 2338 1503 2397 Craterum
1514 2338 1604 2395 deitas
1614 2342 1674 2409 eius
1683 2341 1759 2400 nullo

120 2428 265 2493 discernit,
281 2429 424 2483 ministros
439 2445 540 2483 vocans
555 2433 584 2483 et
596 2428 758 2493 Dominum,
779 2443 872 2482 servos
894 2431 923 2479 et
963 2444 1090 2493 munere,
1111 2427 1188 2483 nullo
1208 2427 1315 2481 honore
1329 2426 1451 2496 indiguit
1464 2427 1600 2497 adjurari.
1619 2430 1760 2500 Repetitio

120 2517 684 2588 heredemacpropriurnFiliurn.lAup.l
698 2517 920 2573 Scieridumrero
963 2517 1127 2575 aeterniate
1142 2516 1298 2587 quoddicit
1315 2534 1328 2567 s
1345 2515 1428 2579 lleus,
1449 2517 1564 2582 Deua»
1590 2519 1760 2587 praeconium

121 2613 163 2665 eet
182 2608 258 2678 quod
280 2607 372 2676 angeli
390 2623 492 2662 nomen
511 2614 554 2661 est
568 2605 652 2661 officii
668 2621 724 2659 non
738 2613 857 2669 natura,
873 2604 920 2674 qui
963 2623 1072 2676 megine
1080 2604 1239 2661 dilectionis
1247 2604 1401 2659 ostendit«
1415 2605 1483 2660 Oleo
1497 2606 1691 2668 exsultationis
1705 2626 1762 2678 pne

121 2697 206 2753 etiam
221 2713 334 2766 semper
348 2701 414 2751 sunt
429 2696 558 2765 Spiritus,
573 2695 621 2749 sed
633 2711 810 2764 nonsemper
828 2694 920 2764 angeli
961 2694 1144 2767 participibus
1159 2695 1225 2751 biis.
1243 2715 1255 2744 ι
1280 2693 1391 2764 Duplici
1407 2694 1490 2750 modo
1506 2695 1666 2752 mintionem
1681 2680 1759 2753 illain

122 2786 214 2841 vocari
224 2791 352 2856 possunt.
370 2785 477 2850 Quaeris
488 2786 571 2854 lituus
581 2790 688 2843 nature
696 2784 821 2839 nomen?
836 2783 922 2853 Spiri·
962 2791 1088 2841 sanctam
1112 2783 1274 2854 provenisse
1295 2782 1444 2852 significat.
1462 2783 1562 2839 Oleum
1590 2785 1693 2841 mnae
1717 2792 1761 2843 est

125 2874 358 2944 basest;quaeris
372 2874 474 2931 cilicii?
490 2874 607 2943 angelus
625 2879 677 2928 est.
690 2873 919 2943 Exeoquodest,
963 2874 1069 2945 peccati
1082 2874 1222 2929 maceriam
1244 2888 1301 2927 non
1316 2871 1429 2927 habere.
1447 2873 1525 2929 Unde
1539 2892 1570 2927 se
1593 2875 1763 2936 conscientiis

124 2965 240 3036 spiritus
255 2968 308 3027 est,
334 2981 366 3017 ex
388 2979 421 3017 eo
444 2963 518 3033 quod
542 2962 630 3028 audit,
650 2962 767 3032 angelus
787 2968 839 3028 est,
856 2960 921 3031 quin
963 2979 1074 3034 semper
1087 2962 1234 3029 exlrilarat,
1248 2961 1360 3032 quando
1378 2962 1457 3017 nulla
1472 2962 1761 3035 recordationisaspe-

124 3054 242 3123 angelis
258 3053 363 3111 Graece,
384 3052 483 3107 latine
498 3037 1047 3133 nuntiusdiciturusicuthomoCritate
1067 3052 1223 3111 mordetur.
1249 3052 1350 3118 (locri.)
1366 3051 1421 3114 Qui
1448 3057 1515 3107 suut
1542 3051 1583 3107 illi
1610 3053 1762 3124 participes

126 3158 229 3199 nemen
248 3147 292 3199 est
313 3147 429 3207 natura,
456 3141 537 3196 miles
560 3157 625 3194 vero
645 3157 746 3195 nomen
770 3139 862 3194 otstcii.
877 3138 923 3193 Sic
965 3142 1012 3198 alii
1028 3147 1129 3213 prater
1143 3139 1270 3195 homines
1294 3140 1305 3191 'l
1334 3139 1386 3195 hoc
1411 3147 1464 3203 est,
1488 3142 1562 3211 quod
1578 3140 1644 3199 alibi
1659 3142 1763 3202 dicitur

127 3233 201 3293 enim
221 3231 269 3301 qui
280 3232 425 3299 erautjam
436 3230 551 3301 spiritus
563 3229 666 3285 conditi
683 3246 699 3283 a
715 3229 922 3291 CreatoreDeo,
966 3233 1055 3298 llorere.
1078 3234 1113 3298 r),
1130 3229 1262 3298 quianon
1273 3228 1308 3282 ad
1324 3245 1486 3285 mensuram
1498 3230 1626 3286 Christus
1639 3232 1762 3303 suscepit

126 3320 193 3377 lecit
210 3337 259 3375 eos
270 3320 384 3389 angelos
396 3319 533 3373 mittendo
544 3335 593 3374 eos
602 3318 734 3375 nuntiare
749 3318 822 3389 equod
834 3319 925 3388 jussa
966 3319 1112 3391 Spiritum.
1131 3318 1337 3389 Contemplaris
1365 3318 1505 3388 quomodo
1524 3336 1636 3395 semper
1651 3327 1764 3392 coepas

128 3410 172 3477 rit,
191 3416 223 3465 et
235 3409 381 3463 ministros
394 3424 460 3463 suos
475 3409 618 3461 flammam
633 3407 715 3477 ignis.
733 3408 865 3476 liegiinus
874 3424 924 3476 ap-
965 3424 1123 3465 sermonem
1129 3407 1330 3477 dispensationi
1341 3407 1687 3479 serumsermoniquidem
1694 3411 1763 3469 dum

128 3499 252 3569 paruisse
268 3498 362 3567 ignem
381 3496 410 3551 in
428 3495 496 3551 rubo
514 3497 609 3563 (laod.
630 3500 665 3559 ml
680 3516 686 3549 :
702 3497 822 3566 legimus
838 3496 923 3551 etiarn
966 3499 1114 3555 denatura
1127 3495 1764 3566 divinitatiseloqnitur.Quidliocclariusdici

129 3585 926 3657 missumignemdesuper,etirnplerissequodpreoceptum
967 3590 1060 3659 polest
1081 3586 1092 3637 l
1121 3583 1327 3641 animadvertis
1346 3585 1485 3654 quomodo
1508 3602 1564 3639 non
1585 3591 1628 3641 est
1641 3586 1764 3658 idipsum

129 3684 169 3733 est
184 3678 309 3745 (ll'lqu.
331 3687 370 3745 u).
399 3676 493 3730 Potest
503 3675 558 3729 dici
574 3674 686 3744 qnando
702 3674 776 3729 leuia
796 3674 925 3729 nuntiare
967 3679 1134 3731 creaturaet
1150 3673 1263 3744 proles?
1279 3674 1342 3727 Non
1356 3672 1430 3726 enini
1449 3673 1765 3735 itadivideretsiidam

129 3768 290 3828 mittuntur,
302 3766 416 3835 angelos
427 3782 497 3831 esse,
512 3764 624 3835 quando
643 3764 678 3818 ad
694 3763 845 3817 vindictam
860 3762 926 3817 mit·
969 3768 1043 3820 esset
1064 3768 1224 3831 utrumque.
1243 3778 1295 3815 nec
1314 3760 1349 3815 ad
1364 3760 1552 3815 ditl'erentiarn
1572 3760 1648 3817 illius
1676 3764 1764 3830 serbi,

131 3855 469 3922 tantur·,1uinistrosesse,
481 3854 572 3918 idest,
585 3853 680 3924 ignem
691 3853 846 3907 ardentem.
857 3854 930 3907 Sunt
970 3854 1044 3926 quod
1058 3852 1175 3917 dixerat,
1190 3871 1200 3900 ι
1211 3850 1286 3916 lecit,
1305 3872 1314 3896 υ
1332 3848 1464 3905 irriserat:
1481 3870 1492 3899 s
1508 3850 1765 3911 tortuositatem

131 3945 214 4001 eliam
225 3945 286 4001 liaeo
301 3943 393 3999 officia
407 3944 438 3999 in
448 3943 572 4001 Ecclesia
588 3942 728 4013 prasenti.
740 3943 812 3997 Nam
827 3941 928 4013 praedi-
969 3943 1055 4001 dixit:
1072 3941 1158 3997 Sedes
1168 3946 1226 4007 tun,
1243 3940 1327 4006 Deus,
1338 3938 1368 3993 in
1376 3939 1507 3995 saeculum
1521 3939 1625 4000 saculi.
1640 3961 1651 3993 i
1668 3942 1767 4012 Neque

131 4041 238 4089 catores
248 4033 338 4088 sancti
348 4034 460 4103 quando
475 4032 614 4103 spiritalia
629 4032 789 4103 praedicant,
807 4039 835 4085 et
861 4048 930 4099 gau·
970 4031 1142 4093 differentius
1156 4046 1259 4085 nomen
1281 4022 1437 4100 appellaret
1456 4029 1519 4086 Filii
1529 4046 1642 4096 nornen,
1655 4032 1679 4090 si
1689 4032 1766 4100 eius·

131 4122 174 4179 dia
188 4123 271 4192 regini
285 4122 336 4179 Dei
357 4123 536 4188 annuntiant,
551 4122 644 4191 augeli
658 4122 804 4187 dicuntur,
817 4121 929 4191 quando
970 4121 1128 4176 domasset
1150 4118 1364 4189 significationis
1390 4136 1454 4175 cuin
1481 4120 1595 4175 nornine
1620 4126 1766 4179 creaturae.

133 4228 193 4267 sero
208 4217 348 4267 terrorem
365 4211 501 4281 gebenna
521 4210 593 4280 ignis
615 4210 779 4281 predicunt,
808 4209 930 4264 ministri
970 4212 1043 4267 Nam
1057 4227 1128 4281 (qua,
1146 4226 1223 4281 rogo,
1240 4208 1399 4265 differentia
1412 4209 1578 4276 remanebit,
1599 4210 1623 4265 si
1638 4211 1712 4269 idern
1725 4216 1770 4268 ast

131 4310 203 4366 suut,
220 4305 390 4357 utterreant
404 4307 563 4370 peccatores
581 4300 609 4352 in
625 4299 842 4353 comminatione
856 4298 1063 4374 iguistroles
1089 4316 1122 4355 ao
1148 4303 1278 4355 creatura
1302 4298 1422 4367 lliluq.)
1446 4299 1512 4354 ldeo
1540 4306 1635 4359 autem
1663 4300 1769 4358 dictum

133 4387 204 4443 ilius
227 4388 277 4459 qui
291 4405 437 4459 nunquam
451 4389 654 4458 exstinguetur.
673 4408 685 4440 s
703 4388 744 4442 Ad
759 4389 780 4442 F
783 4387 861 4442 ilium
875 4404 927 4441 au·
970 4394 1013 4445 est
1028 4407 1041 4440 a
1056 4405 1114 4459 prae
1130 4387 1311 4459 participibus
1330 4387 1427 4454 tuias
1449 4388 1581 4458 quoniam
1596 4389 1669 4445 hauc
1682 4388 1768 4445 bene-

134 4481 185 4533 bm
198 4497 204 4531 :
221 4478 353 4535 Thronus
365 4484 442 4543 tuus,
454 4478 538 4541 Deus,
547 4477 577 4533 iu
588 4477 720 4533 seculum
732 4477 834 4533 seculi.
849 4495 863 4531 a
876 4476 928 4531 llic
970 4477 1122 4542 dictionem
1135 4492 1221 4546 supra
1233 4492 1317 4531 omne
1336 4475 1491 4531 humanum
1503 4475 1663 4544 genennae
1677 4493 1767 4546 reges,

133 4565 209 4635 leeo
218 4567 299 4633 dicit,
314 4567 363 4637 qui
378 4567 532 4625 secuudum
546 4583 660 4621 carneus
668 4572 722 4632 est,
735 4566 770 4620 de
777 4583 832 4636 quo
842 4566 928 4621 ctiam
970 4566 1028 4621 sire
1044 4565 1202 4621 sacerdotes
1216 4565 1245 4621 in
1272 4563 1366 4619 Veteri
1394 4562 1583 4627 Testamenta,
1600 4564 1657 4621 sive
1684 4565 1769 4622 enam

133 4653 186 4726 ipse
198 4657 337 4712 Dominus
347 4657 376 4711 in
387 4656 538 4725 Evangelio
548 4656 588 4711 ait
603 4674 609 4708 :
625 4676 637 4707 ‹
652 4656 735 4711 Pater
754 4672 810 4709 non
821 4655 931 4725 judicat
971 4655 1289 4726 apostolosetmartyres
1298 4655 1327 4707 in
1337 4653 1425 4716 Nero,
1438 4651 1767 4725 cognoscitu-accepisse,

134 4760 312 4816 quemquam,
329 4745 379 4801 seo
390 4744 616 4815 emnejudicium
631 4744 709 4803 dedit
727 4743 807 4809 Filio,
825 4749 857 4817 ut
870 4761 931 4798 om·
971 4750 1004 4799 ut
1017 4748 1118 4797 unctus
1132 4741 1322 4811 singulariter,
1333 4745 1448 4795 ceteros
1458 4755 1563 4810 ungere
1572 4741 1729 4799 debuisset:
1740 4744 1769 4802 in

134 4834 375 4893 mehonorificent
384 4834 405 4893 F
406 4833 500 4897 ilinm3
513 4852 527 4886 r
543 4840 572 4887 et
585 4833 763 4904 paulopost:
782 4833 932 4887 «Potesta-
976 4832 1025 4887 illo
1035 4831 1110 4887 enim
1121 4831 1181 4887 sons
1195 4836 1239 4883 est
1248 4828 1459 4895 benedictionis,
1475 4834 1505 4885 et
1514 4838 1598 4901 prout
1612 4831 1666 4902 ipsi
1681 4833 1771 4891 visum

134 4920 275 4980 lemdedit
284 4924 311 4979 ei
322 4924 463 4994 judicium
474 4923 645 4993 tacere,quia
656 4922 678 4977 F
681 4922 744 4979 ilius
755 4923 876 4977 bominis
892 4925 935 4977 est
973 4920 1069 4986 fuerit,
1086 4936 1136 4989 per
1158 4919 1302 4975 uniuersos
1316 4918 1420 4973 electos
1434 4926 1625 4991 competenter
1648 4928 1769 4979 emanet.
1867 4911 1878 4929 ‘

136 5004 221 5069 Urere.
234 5014 272 5080 r).
290 5030 302 5064 o
319 5013 371 5069 Hic
385 5012 461 5069 enim
486 5012 603 5069 thronus
615 5011 665 5067 Dei
683 5012 863 5081 adjudicium
874 5029 935 5083 per·
975 5010 1094 5065 Sedhac
1105 5007 1285 5065 oniriiacarni
1294 5008 1526 5075 conveniunt,cui
1536 5008 1770 5079 penbctissimum

135 5098 201 5157 tinet
215 5101 343 5157 liitumm
361 5101 390 5156 in
410 5117 465 5171 (quo
480 5099 570 5156 forma
587 5100 658 5154 serui
686 5100 833 5163 ridebitur,
846 5100 932 5170 imler
974 5096 1596 5168 etgloriosissimuml'erbumunitumcstpro
1607 5099 1697 5155 mlute
1708 5116 1771 5156 sau·

135 5188 256 5245 uirorum
270 5195 300 5243 et
315 5197 501 5254 mortuorum,
517 5195 546 5244 et
560 5206 615 5260 quo
629 5188 733 5259 judicio
749 5189 842 5245 onriiia
857 5204 933 5243 vera·
973 5187 1154 5245 ctorumlloc
1163 5192 1338 5255 unguentum
1348 5186 1376 5241 in
1386 5186 1442 5243 alio
1452 5186 1555 5245 dicitur
1564 5186 1672 5255 insumo
1685 5190 1768 5256 (strat.

137 5278 202 5333 niter
214 5278 345 5333 Christus
355 5279 526 5343 moderatur,
536 5278 680 5335 exarmant
689 5285 771 5349 ianque
786 5278 930 5347 ilijudicat.
974 5288 1073 5341 cxxxii)
1082 5276 1258 5331 descendisse
1268 5275 1296 5331 iu
1307 5274 1433 5338 barbam,
1443 5274 1557 5334 linrluun
1574 5277 1669 5334 Aaron
1683 5294 1771 5347 usquc

140 5386 150 5417 ι
167 5368 198 5423 ln
212 5368 346 5425 saoulmn
362 5368 454 5425 saculi
474 5390 486 5416 s
510 5368 560 5423 ait.
577 5368 645 5439 quin
665 5367 846 5424 nouissimum
858 5366 933 5437 judi·
974 5366 1004 5423 in
1018 5383 1065 5421 ora
1081 5365 1238 5423 vestimenti
1255 5366 1334 5435 ajam
1362 5372 1390 5419 et
1403 5365 1485 5434 paulo
1501 5372 1581 5434 quise:
1603 5389 1613 5423 ι
1630 5366 1770 5429 Quoniam

138 5454 209 5513 aum
220 5456 390 5515 iuterbouos
402 5463 433 5513 et
443 5458 533 5515 malos
541 5465 648 5513 interna
657 5457 824 5515 discretione
837 5455 932 5522 stabit,
976 5478 988 5505 ι
1012 5454 1067 5511 illic
1088 5455 1232 5515 intenderit
1245 5453 1381 5511 Dominus
1406 5453 1627 5513 lieuedictionem
1643 5461 1671 5511 et
1686 5456 1772 5514 sinim

136 5560 167 5605 eo
178 5546 239 5616 ipse
259 5552 383 5609 testatae
401 5547 433 5607 iu
446 5546 599 5618 Erarrgelio
616 5546 664 5618 qiu
682 5545 860 5616 judicaturus
873 5551 931 5601 est:
977 5567 988 5597 ι
1012 5544 1278 5614 usqueiusaeeulum
1286 5543 1776 5613 seeuliol'estbuloanitatisiaitur
