3786 6128
123 296 191 353 t‘ttt
414 296 444 351 B.
465 296 601 353 annam
620 298 736 354 unum
761 295 929 353 ancillae.
949 292 1112 350 MOGUN'I'.
1133 291 1281 348 OPERUM
1298 290 1392 347 PARS
1409 290 1459 346 111.
1692 286 1755 344 tata

121 419 217 474 deretl
232 420 404 491 Potuitergo
413 421 453 476 ita
465 422 559 479 videre
569 425 659 481 Deum
671 426 848 498 prius,quam
857 420 1056 496 pec-aguam
1071 435 1160 491 quaa
1175 417 1388 490 quadrupedum
1410 434 1460 473 esu
1474 415 1608 490 probibet
1623 415 1756 488 vitupera·

122 514 208 575 caret,
224 509 406 576 Adam‚sicut
415 527 479 564 eum
491 509 579 568 sancti
591 515 896 586 patriarchaeriderunt
911 531 918 579 3
961 526 1033 574 mus,
1047 510 1090 563 vel
1101 509 1269 580 poenitentes
1283 509 1410 563 carnium
1425 523 1475 562 esu
1493 505 1639 561 abstinere
1663 504 1755 576 probi-

122 597 171 651 sed
186 598 297 669 quando
327 598 388 652 ait:
421 600 553 656 «Vocem
574 608 651 658 tuam
681 603 785 668 audiri,
797 608 826 658 et
838 601 920 657 timui
961 597 1088 664 beamus,
1102 598 1151 652 sed
1166 597 1350 669 utquomodo
1364 596 1437 667 gulae
1459 595 1559 650 vitium
1577 593 1754 649 devitandum

120 686 198 757 (Gen.
214 703 251 752 m,
272 687 324 756 10),
346 704 378 742 ex
403 688 451 744 illa
462 690 523 760 jam
539 691 652 747 videndi
667 694 757 748 Deum
771 691 921 747 sanctitate
961 686 999 742 sit
1008 687 1167 743 doceamus.
1183 687 1302 759 Oportet
1310 685 1391 741 enim·
1406 691 1439 740 ιιι
1452 685 1500 756 qui
1515 701 1534 738 a
1555 683 1622 738 rino
1635 679 1757 737 etcami·

122 775 269 840 ceciderat,
283 777 329 848 qui
341 777 494 848 pergulam
503 780 667 835 mandatum
673 781 921 852 Deitransgressus
961 776 1013 831 bus
1030 792 1060 830 se
1075 776 1198 831 abstinet
1214 791 1271 830 non
1286 775 1323 828 sit
1337 774 1366 828 in
1380 773 1489 829 caeteris
1508 772 1579 828 cibis
1595 771 1638 826 rel
1652 769 1755 842 potibus

121 864 223 919 fuerat.
243 865 311 929 Quae
328 864 456 921 videlicet
471 867 560 923 tribus
574 869 665 924 modis
679 886 797 940 regnare
812 869 921 924 videtur
961 866 1036 920 ultra
1050 865 1164 921 modum
1179 864 1277 919 avidus
1301 885 1308 918 :
1337 863 1385 917 sed
1405 862 1434 918 in
1454 861 1587 917 omnibus
1601 859 1710 915 sobrius
1730 866 1756 913 ct

122 953 151 1008 in
162 953 274 1007 homine
287 973 293 1020 ;
305 953 333 1008 id
348 960 400 1020 est,
417 955 484 1009 dum
502 956 586 1012 homo
600 958 698 1013 horam
714 959 877 1014 canonicam
891 963 921 1012 et
960 955 1132 1009 moderatus.
1150 952 1222 1020 Quid
1238 969 1304 1023 ergo
1319 951 1445 1023 proderit
1458 950 1534 1023 quod
1550 950 1615 1023 quis
1624 948 1755 1005 ciconas

122 1047 257 1098 statutam
269 1043 342 1114 gulae
358 1060 448 1098 causan
462 1046 617 1118 anticipare
632 1049 718 1120 cupit,
735 1056 784 1104 aut
798 1049 920 1119 exquisi-
962 1042 1025 1098 sino
1040 1050 1069 1097 et
1082 1059 1176 1109 carne,
1192 1047 1222 1098 et
1239 1047 1353 1097 caeteros
1372 1039 1449 1096 cibos
1462 1039 1506 1095 vel
1519 1045 1605 1111 potus
1619 1054 1706 1111 usrpue
1723 1039 1754 1094 ad

121 1131 209 1185 tiores
222 1131 297 1186 cibos
321 1131 374 1186 sibi
397 1150 556 1205 praeparare
569 1135 650 1205 jubet
669 1154 753 1209 quarn
770 1138 921 1192 necessitas
962 1132 1130 1187 cruditatem
1141 1131 1329 1186 relsomitum
1344 1135 1448 1195 sumat,
1466 1145 1532 1183 cum
1542 1144 1601 1184 non
1610 1144 1700 1199 genua
1711 1128 1755 1182 ali·

122 1221 247 1291 corporis
262 1221 303 1275 vel
326 1238 383 1277 suae
398 1223 519 1294 qualitas
535 1241 661 1295 persona
675 1227 814 1297 exagitat3
839 1225 919 1280 vel
897 1243 921 1281 ιι
962 1223 1060 1289 menti,
1076 1221 1125 1276 sed
1147 1219 1325 1275 solummodo
1353 1218 1521 1274 comessatio
1549 1224 1580 1272 et
1598 1216 1754 1299 ebrictasin

121 1310 185 1380 plus
198 1309 292 1381 accipi
288 1311 355 1365 itin
370 1311 478 1366 edendo
497 1314 539 1367 rel
551 1312 670 1369 bibendo
685 1321 801 1388 propter
811 1315 921 1370 deside·
962 1310 1029 1364 vitio
1044 1310 1098 1364 sit?
1111 1310 1191 1365 Unde
1199 1308 1409 1363 consuleremus
1416 1305 1754 1378 utdlllgeoimowbssoss

122 1399 196 1452 rium
211 1399 433 1471 intemperantiae
447 1417 505 1455 suae
516 1419 601 1473 quam
615 1420 672 1458 suae
688 1405 815 1475 proficiat
825 1405 920 1459 saluti
961 1399 1018 1454 tis
1006 1416 1074 1470 Jura
1083 1398 1231 1454 obseruare
1239 1396 1464 1452 contendamus
1456 1412 1486 1451 ιιι
1500 1395 1752 1451 conviviisuootria·

123 1487 177 1543 Sed
185 1488 435 1544 horscrendumest
444 1491 853 1564 quodnecdeltcraaqurelrbetsr
861 1493 923 1547 abs·
963 1487 1041 1543 Sicut
1059 1487 1291 1543 comessationem
1311 1492 1340 1541 ct
1362 1486 1529 1541 ebrietatem
1549 1500 1707 1547 caveamus,
1719 1484 1754 1538 ita

103 1580 176 1647 'quc
185 1577 530 1649 desideriopercipiantur,
539 1580 666 1634 officiunt
675 1600 681 1648 3
690 1581 852 1636 etvilescibi
862 1582 922 1654 ple·
964 1581 992 1631 ct
1010 1576 1124 1631 avemo
1152 1575 1334 1632 detractionis
1348 1583 1377 1631 et
1390 1573 1579 1646 stultiloquio,
1597 1591 1650 1629 nec
1664 1590 1716 1628 non
1728 1579 1753 1627 ct

123 1680 242 1736 rumque
252 1665 428 1721 abstinentiae
439 1668 602 1737 profectum,
617 1669 641 1723 si
651 1677 843 1742 competenter
853 1671 923 1726 acci·
965 1666 1074 1720 avonis
1086 1666 1157 1735 jocis
1181 1666 1357 1721 continentes
1380 1664 1478 1718 simus.
1508 1663 1664 1719 Mimorunr
1681 1670 1708 1716 et
1718 1662 1753 1716 hi·

122 1754 245 1824 piantur,
259 1755 435 1826 impendunt.
453 1757 526 1811 Hinc
541 1763 584 1811 cst
602 1759 676 1829 quod
703 1766 817 1814 sanctus
832 1760 918 1815 David
929 1752 952 1810 B
963 1755 1102 1810 strionum
1116 1755 1194 1810 lusus
1207 1759 1236 1809 et
1249 1753 1374 1808 carmina
1388 1753 1464 1807 uelut
1481 1768 1625 1807 uenenum
1639 1750 1753 1807 irrortile-

123 1859 202 1914 equa
216 1843 246 1897 in
258 1860 288 1897 se
302 1844 558 1915 concupiscentiam
583 1847 742 1918 castigavit,
759 1845 843 1920 atque
858 1865 920 1904 eam
962 1861 1025 1898 rom
1046 1861 1222 1916 respuamus,
1245 1843 1311 1914 quio
1325 1842 1450 1897 seductio
1465 1848 1494 1896 ot
1515 1848 1677 1897 wmmesslo
1697 1847 1754 1896 Sunt

123 1931 176 1985 sibi
194 1931 283 1986 asnis
297 1933 430 1999 oblatam,
448 1949 483 1987 ne
503 1934 643 1990 desiderio
658 1953 690 1990 ex
712 1953 745 1991 ea
761 1937 921 1993 satisfacere
962 1931 1095 1987 dioboli?
1117 1949 1256 1987 memores
1276 1948 1387 2003 semper
1407 1931 1484 1986 illius
1497 1930 1596 1985 divitis
1614 1929 1751 2001 erarrgelici

122 2020 273 2088 videretur,
282 2021 380 2076 elludit
392 2041 397 2076 :
411 2027 439 2076 et
449 2029 545 2078 sancto
560 2024 625 2080 Elia
641 2025 782 2097 perceptio
792 2027 920 2082 carnium
962 2021 1010 2093 qui
1021 2023 1149 2093 sepultus
1164 2022 1194 2076 in
1208 2021 1317 2076 insarno
1333 2020 1492 2092 refrigerari
1515 2019 1704 2091 sibilinguam
1716 2035 1753 2074 ar·

122 2125 178 2165 non
206 2111 354 2181 concupita
376 2127 431 2165 non
456 2112 561 2166 nocuit.
582 2113 661 2168 Unde
690 2115 774 2170 datur
801 2115 920 2186 intelligi
961 2110 1073 2164 dentem
1089 2110 1223 2182 poposcit,
1239 2125 1306 2181 quia
1320 2107 1753 2178 inconniviissuisgulaeatiani·

123 2199 197 2269 quod
211 2199 346 2254 veraciter
354 2198 528 2255 abstinentes
539 2218 730 2258 escarumnon
741 2205 920 2269 naturas,sed
961 2199 1055 2271 loquio
1071 2206 1137 2254 ante
1157 2199 1294 2254 seruiunt.
1322 2197 1478 2252 Audiamus
1500 2197 1669 2269 Apostolum
1683 2195 1749 2250 nobi*

121 2288 362 2358 concupiscentias
375 2289 528 2344 damnent:
541 2307 573 2344 ac
584 2292 743 2346 voluntates
765 2309 832 2347 suas
845 2293 919 2348 desi.
960 2288 1130 2359 loquentem:
1150 2287 1320 2342 aSivcenim
1328 2286 1542 2350 manducemus,
1556 2285 1616 2339 sire
1626 2284 1749 2339 bibamus.

122 2377 176 2431 rati
188 2376 242 2431 cibi
258 2378 299 2432 rel
314 2384 396 2449 potus
410 2379 544 2434 abusione
564 2380 741 2435 mortificent.
754 2381 807 2447 Qui
823 2388 919 2437 antem
960 2377 1017 2431 sive
1040 2377 1117 2433 aliud
1137 2377 1203 2448 quid
1220 2393 1347 2447 agamus,
1364 2374 1460 2430 omnia
1473 2374 1639 2445 ingloriam
1659 2374 1703 2428 uei
1716 2373 1750 2428 la·

121 2467 280 2523 nouaclum
290 2484 308 2520 a
322 2468 467 2539 qualitate,
483 2469 530 2523 sed
543 2469 628 2524 etiarn
643 2486 660 2524 a
675 2471 832 2542 quantitate
846 2471 920 2527 cibo
960 2465 1067 2521 oiamUS
1089 2469 1114 2532 (Ι
1127 2467 1188 2522 0⁰¹⁸·
1205 2484 1231 2535 ι,
1246 2467 1303 2535 31),
1322 2485 1334 2517 ²

121 2571 185 2610 rurn
200 2555 317 2628 cupiunt
328 2555 478 2623 abstinere,
500 2557 570 2613 nihil
589 2559 665 2613 aliud
680 2559 803 2625 student,
821 2560 875 2615 nisi
889 2567 922 2616 ut

123 2649 259 2715 quantum
283 2646 427 2699 stomacho
450 2646 600 2701 reficiendo
625 2664 657 2701 ac
684 2648 751 2703 fami
769 2649 922 2704 eximenda

123 2733 192 2786 satis
207 2750 267 2787 esse
278 2733 390 2788 videtur
402 2734 575 2806 indulgeant,
593 2753 644 2790 nec
658 2737 787 2809 expleant
797 2755 862 2793 suos
875 2755 923 2810 ap·
999 2734 1065 2790 Haec
1079 2735 1113 2788 de
1127 2735 1197 2804 gula
1210 2734 1285 2788 dicta
1303 2733 1453 2789 sufficiant.
1469 2749 1547 2788 nunc
1561 2737 1749 2805 consequenter

125 2822 371 2891 petitusaviditate
380 2823 561 2895 percipiendi,
574 2825 623 2880 sed
636 2827 832 2898 comprimant,
836 2833 921 2899 atque
963 2823 1075 2893 quidde
1091 2822 1613 2894 ejusconsortevidelicetsornicatione
1621 2823 1749 2894 Scripmrn

125 2910 166 2964 eis
180 2927 235 2965 non
251 2911 367 2966 satietas
388 2912 488 2968 edendi
505 2914 588 2968 linem
602 2914 695 2980 faciat,
713 2916 763 2970 sed
780 2918 919 2984 aoluntas,
962 2912 1179 2968 sanctaintimet
1193 2912 1345 2966 rideamus.
1363 2911 1482 2967 Sanctus
1497 2911 1605 2966 Paulus
1619 2928 1656 2984 ap
1666 2910 1747 2965 stolia

125 2999 192 3069 quia
205 3005 264 3054 tam
282 3016 300 3053 a
324 3001 478 3070 cupiditate
493 3003 679 3073 pretiosorum
695 3004 821 3060 ciborum
837 3023 922 3076 quam
963 3001 1087 3055 scribens
1100 3001 1136 3055 ad
1152 3001 1301 3073 discipulos
1317 3001 1358 3054 ita
1372 3000 1433 3054 ait:
1453 3019 1466 3053 ι
1482 3001 1585 3070 Fugite
1600 3000 1746 3055 fornicatio

124 3088 242 3142 animia
269 3089 447 3161 perceptione
469 3091 565 3145 vilium
587 3093 779 3148 continebant.
801 3095 863 3149 Jam
887 3072 1039 3150 deCnem.
1048 3074 1289 3162 Omnepeccatum
1302 3088 1561 3161 quodcommiserit
1574 3089 1669 3154 homo,
1685 3094 1747 3143 aaa

123 3177 187 3231 rino
201 3176 367 3232 abstlnendo
382 3178 423 3233 vel
440 3179 618 3251 percipiendo
632 3182 700 3253 quid
715 3182 827 3237 dicam?
842 3184 921 3239 Unde
963 3186 1137 3250 corpusest:
1164 3180 1212 3251 qui
1234 3185 1328 3250 autem
1353 3177 1541 3243 fornicaturj
1534 3194 1563 3232 ιιι
1587 3195 1687 3250 corpus
1699 3194 1747 3249 pm

124 3270 237 3320 sanctus
259 3267 410 3336 Apostolus
438 3272 544 3321 certam
569 3269 629 3323 lixit
650 3271 777 3340 regulam
797 3272 919 3327 dicens:
962 3268 1055 3339 prium
1080 3264 1454 3339 pcccatlICor·.ur,18).r
1482 3266 1662 3338 Exaggerare
1676 3265 1745 3320 solrrit

127 3375 137 3405 ι
155 3354 248 3409 Nolite
263 3354 395 3409 inebriari
410 3356 485 3422 vino,
501 3357 530 3411 in
547 3374 602 3428 quo
617 3364 660 3412 est
673 3359 785 3413 luxuria
799 3362 877 3429 (Epa.
893 3378 919 3428 a,
964 3356 1155 3412 fornicationis
1176 3357 1282 3411 malum
1299 3373 1383 3427 super
1402 3360 1503 3410 caetera
1522 3357 1622 3411 omnia
1639 3362 1743 3428 peraeta

124 3441 179 3512 ⁴8).
204 3463 216 3495 ι
238 3444 324 3509 Quasi
339 3445 454 3511 diceret,
471 3445 611 3500 luxuriam
629 3447 704 3512 lacit,
724 3455 753 3503 et
767 3449 857 3504 nutrit
866 3450 922 3505 vini
964 3462 1026 3517 quae
1040 3445 1092 3500 etsi
1100 3462 1201 3517 corpus
1211 3445 1392 3509 comitantur,
1403 3461 1459 3499 non
1470 3451 1568 3500 tamen
1576 3445 1697 3500 animuin
1705 3443 1744 3498 bu-

125 3533 267 3604 perceptio
282 3534 378 3599 nimia,
395 3550 452 3588 non
465 3540 575 3599 natura,
596 3541 625 3589 et
646 3543 795 3608 propterea
808 3555 923 3593 nonnos
964 3551 1079 3589 manum
1093 3535 1325 3606 concupiscentiae
1339 3534 1444 3588 carnali
1460 3534 1501 3588 ita
1515 3533 1645 3590 efficiunt
1659 3532 1741 3587 ‹claui-

123 3621 165 3677 uti
178 3621 252 3688 vino,
268 3622 460 3677 sedinebriari
471 3623 606 3694 prohibeo
619 3643 625 3692 3
642 3626 871 3697 quandoquidem
882 3627 923 3682 in·
964 3630 1040 3679 ctum
1050 3630 1079 3677 ct
1092 3623 1253 3688 obnoxium,
1271 3623 1448 3694 quomodoin
1464 3623 1525 3678 solo
1541 3639 1627 3694 opere
1642 3622 1740 3677 soimer-

123 3711 236 3765 firmum
251 3711 427 3766 stomachum
438 3712 677 3768 moderatususus
706 3715 920 3783 sinicensortat,
963 3712 1048 3767 tionis
1064 3712 1216 3784 corporalis
1230 3712 1403 3767 commisceri
1424 3711 1500 3778 iacit,
1518 3728 1647 3766 amanum
1666 3711 1738 3781 injun-

123 3798 244 3855 ebrietas
271 3801 397 3856 animum
415 3816 571 3873 corpusque
595 3802 732 3869 debilitat,
757 3804 798 3858 illi
811 3820 923 3876 quoque
963 3817 1032 3872 gens
1046 3819 1097 3873 per
1108 3801 1251 3857 libidinem
1264 3818 1327 3856 cum
1339 3800 1400 3872 ipso
1414 3816 1541 3872 corpore,
1558 3807 1587 3855 et
1602 3813 1738 3855 unumcou

124 3888 172 3959 qui
186 3895 289 3959 negata
303 3889 355 3943 sibi
368 3890 546 3961 perceptione
557 3891 612 3944 vini
624 3891 799 3947 diversorum
808 3895 923 3964 poculo·
963 3891 1024 3961 ipso
1039 3890 1246 3963 quodammodo
1255 3889 1438 3961 agglutinari,
1446 3897 1477 3944 et
1486 3889 1646 3965 devinctum
1659 3887 1736 3942 esseio

123 3992 187 4030 rum
202 3976 379 4046 portionibus
402 3977 586 4044 inundantur,
600 3994 783 4050 ,nequaqnam
798 3981 866 4035 mihi
882 3981 923 4035 vi·
964 3985 1074 4034 tanturn
1086 3985 1118 4034 ut
1132 3980 1201 4034 nihil
1215 3979 1290 4033 aliud
1307 3980 1368 4039 ipso
1379 3984 1523 4032 momento
1533 3983 1563 4032 et
1572 3978 1737 4050 experimen

124 4064 227 4118 dentur
239 4064 439 4119 abstinentiam
453 4066 571 4137 implere
588 4082 594 4121 :
612 4067 659 4138 qui
672 4067 747 4122 etad
760 4068 812 4123 hoc
826 4087 855 4122 so
870 4070 924 4124 for·
963 4069 1048 4139 hujus
1063 4075 1122 4123 tam
1134 4068 1229 4140 magni
1245 4066 1344 4139 ilagitii
1356 4068 1480 4138 cogitare
1492 4067 1601 4122 bomini
1615 4068 1736 4128 licentem

124 4153 300 4207 tassisavino
309 4154 492 4224 suspendunt,
501 4161 532 4209 ut
546 4163 709 4210 mereantur
718 4157 753 4210 ab
763 4157 923 4215 hominibus
964 4158 1109 4213 intendere
1132 4157 1186 4211 nisi
1206 4156 1280 4228 quod
1305 4156 1419 4210 sibimet
1444 4156 1559 4221 addicit,
1584 4160 1736 4221 mentemque

125 4241 247 4306 laudem,
263 4248 292 4296 et
316 4242 457 4297 interdicti
473 4243 525 4297 sibi
545 4244 604 4299 vini
620 4253 805 4316 compensant
818 4248 925 4318 poculis
966 4247 1103 4318 captivam
1119 4245 1215 4301 subdit
1229 4245 1290 4316 ipsa
1305 4244 1482 4299 submersio:
1512 4250 1542 4298 et
1557 4239 1734 4316 quodannnole

1241 2611 1276 2663 lle
1290 2604 1483 2677 fornicatione.

125 4420 356 4475 busabstinentes
371 4427 399 4475 et
408 4422 505 4477 avibus
519 4422 645 4478 altilibus
658 4429 709 4477 aut
723 4425 846 4494 piscibus
863 4390 1023 4496 per-Diam
1038 4440 1172 4494 magnum
1196 4423 1302 4477 malum
1321 4422 1408 4492 jussit
1420 4421 1573 4493 Apostolus
1586 4422 1682 4492 augea,
1695 4429 1732 4469 ιιιιι
1785 4452 1787 4491 ἰ

125 4507 257 4564 fruuntur
272 4530 277 4564 :
295 4527 352 4565 non
366 4511 573 4566 mihiridentur
586 4528 712 4566 resecare
724 4512 924 4569 delectationes
948 4518 1023 4566 'tam
1047 4512 1174 4566 videlicet
1193 4512 1253 4566 loco
1275 4528 1361 4582 quam
1381 4511 1493 4577 affectu,
1508 4510 1574 4582 quia
1593 4508 1693 4565 difficile
1703 4510 1731 4554 at
1784 4532 1787 4601 i

125 4597 169 4652 sui
181 4599 315 4668 corporis,
332 4599 380 4652 sed
396 4605 515 4654 mutare.
528 4601 599 4654 Nam
615 4606 680 4655 sunt
696 4601 782 4672 aliqui
794 4602 829 4656 de
843 4602 925 4658 salso·
965 4601 1006 4655 illi
1022 4601 1160 4667 resistere,
1176 4607 1326 4672 postquam
1338 4615 1386 4654 cor
1401 4599 1585 4670 captivaverit
1598 4606 1730 4670 pataraci-
1785 4636 1787 4641 .

126 4701 189 4739 rum
202 4685 404 4742 abstinentium
420 4705 547 4753 numero,
567 4690 614 4760 qui
630 4689 659 4743 in
674 4690 726 4744 hoc
736 4690 876 4761 parciores
886 4690 924 4744 vi·
966 4690 1221 4762 placentiamflinc
1234 4689 1352 4745 humani
1365 4689 1478 4758 generis
1488 4695 1599 4743 creator
1606 4682 1731 4742 eradio

125 4775 185 4829 deri
198 4774 304 4841 volunt,
330 4781 359 4830 ct
378 4777 498 4846 gloriam
513 4776 566 4831 sibi
590 4779 666 4832 velut
687 4779 721 4832 dc
749 4778 925 4834 abstinentiae
966 4780 1042 4833 Deus
1056 4779 1157 4849 opillcii
1172 4779 1216 4833 sui
1225 4785 1356 4834 naturam
1370 4794 1428 4850 prae
1442 4777 1575 4832 omnibus
1588 4768 1727 4832 emendatio·

124 4863 304 4919 distinctione
318 4866 497 4936 conquirunt,
522 4883 586 4920 curn
611 4867 652 4920 sic
670 4867 705 4921 ab
719 4869 848 4922 omnibus
863 4869 925 4922 arri·
966 4867 1337 4939 nernquecognoscens,illic
1350 4883 1449 4921 curam
1464 4866 1595 4921 adhibuit
1607 4859 1727 4919 medicina·

124 4952 246 5008 malibus
257 4953 387 5024 judicant
396 4956 658 5025 temperandum,ut
669 4957 825 5028 peregrinis
834 4958 924 5029 pomis
965 4957 1040 5013 unde
1055 4972 1153 5010 causas
1168 4955 1258 5010 morbi
1272 4955 1465 5027 principaliter
1480 4961 1598 5010 noverat
1607 4958 1725 5008 emanant

125 5060 157 5098 ac
180 5042 390 5098 sorbitiunculis
414 5043 551 5109 delicatis,
575 5045 740 5117 caeterisque
762 5046 866 5102 talibus
880 5046 923 5102 sui
966 5045 1166 5116 «Quicunque,
1182 5044 1322 5115 inquiens,
1337 5044 1439 5107 viderit
1450 5043 1599 5098 mulierem
1614 5042 1645 5097 ad
1657 5045 1724 5092 rouo·

124 5132 249 5205 corporis
264 5132 401 5203 impleant
416 5133 583 5204 appetitum,
599 5151 662 5188 cum
673 5135 828 5206 spiritualis
839 5134 923 5190 absti-
963 5133 1127 5206 piscendam
1135 5150 1207 5197 earn,
1214 5133 1275 5202 jam
1283 5133 1438 5187 moechatus
1445 5137 1490 5186 ost
1500 5148 1563 5186 eam
1577 5132 1606 5186 in
1615 5127 1685 5185 conlo
1694 5130 1725 5171 sno

125 5221 227 5276 nentia
234 5237 290 5275 non
298 5221 456 5293 aliquorum
466 5221 590 5277 ciborum
598 5239 690 5289 usum,
698 5223 745 5278 sed
753 5223 922 5278 desidorium
965 5224 1070 5290 (idatii.
1088 5239 1115 5287 v,
1131 5222 1186 5291 2³8).
1205 5221 1393 5276 »Petulantes
1407 5220 1624 5286 oculosnotans,
1635 5217 1727 5273 nouitll

126 5310 226 5364 suadet
241 5309 483 5379 compescendum.
511 5311 545 5366 Et
570 5311 610 5365 illi
636 5313 726 5382 magis
742 5313 923 5383 parcimonia
964 5328 1012 5366 eos
1025 5312 1129 5383 arguit,
1142 5327 1227 5382 quarn
1242 5310 1322 5364 illum
1335 5309 1500 5365 interiorem
1517 5293 1730 5378 sensumquidl·

126 5398 461 5464 servirecensendisunt,
474 5399 922 5502 quisibinonaliquarumrerum
964 5400 1006 5455 cio
1030 5417 1127 5456 corum
1143 5400 1216 5454 male
1231 5399 1371 5455 utiturad
1388 5398 1557 5454 ridendum.
1581 5395 1732 5458 Corntnqll

127 5574 293 5629 llactamcn
308 5591 365 5630 non
381 5577 422 5631 ita
434 5577 552 5633 ιιίιιίιιιιιιι
567 5580 648 5652 quasi
663 5580 865 5636 monachorum
880 5596 926 5635 re—
967 5579 1132 5651 piscandum
1144 5579 1229 5643 videt,
1244 5577 1428 5635 beneficium
1421 5577 1527 5633 inritus
1535 5582 1613 5634 tacte
1621 5574 1736 5633 ιὶιιιιιιιι
