3786 6128
144 269 213 327 llb'l
441 272 472 327 Β.
493 273 629 329 RABANI
647 271 764 333 naum
783 269 951 326 anemae.
971 269 1133 327 llOGUN'l'.
1154 270 1303 327 OPERUM
1321 271 1414 328 PARS
1432 272 1482 329 111.
1715 273 1785 333 ¹168

142 397 323 470 singulariter
336 413 513 463 conversans,
527 397 579 453 hoc
593 402 645 464 est,
658 414 675 452 a
688 397 813 453 saeculari
823 400 1130 458 conver-Arenovatur
1143 397 1173 450 in
1192 395 1363 468 agnitionem
1378 397 1428 452 Dei
1446 398 1512 465 (eor.
1532 397 1572 466 iri,
1590 398 1632 467 9),
1658 420 1669 450 ι
1696 416 1784 472 quam

142 488 250 542 satione
257 492 392 541 remotus.
404 487 501 542 Mones
512 487 587 541 enim
598 487 693 542 Graece
708 487 889 559 singularitas
898 487 939 542 di·
978 486 1186 540 renovationem
1205 486 1234 540 in
1249 492 1342 541 ruente
1360 492 1471 559 oportet
1484 488 1556 552 fieri,
1577 489 1625 542 sed
1641 489 1673 543 in
1689 490 1784 560 eapite

140 577 222 643 citur,
239 581 268 631 et
280 577 433 632 monachus
446 576 597 648 singularis
607 577 648 630 vel
660 576 812 632 solitarius.
827 577 939 632 Tertius
978 574 1174 640 demonstrari,
1187 575 1235 630 ubi
1245 576 1393 646 ipsamens
1407 577 1532 632 noscitur
1547 577 1687 632 habitere.
1700 578 1784 642 Quod

118 737 122 745 ι
140 671 184 720 θεῖ
204 665 272 720 ordo
289 664 436 720 clericalis.
461 665 557 719 Oleros
576 665 679 737 quippe
700 664 795 720 Graece
809 682 878 727 sors,
895 665 938 720 vel
979 679 1044 718 vero
1058 663 1174 718 detonso
1187 665 1316 736 superius
1331 665 1421 737 capite
1435 665 1551 720 inferius
1563 666 1662 721 oirruli
1676 684 1784 723 corona

140 753 289 810 haereditas
304 754 415 809 dicitur.
428 755 523 809 Cleros
531 760 624 808 autem
636 754 799 810 velclericos
807 742 877 808 hinc
887 771 937 826 ap·
979 752 1156 823 relinquitur,
1167 754 1354 808 sacerdotium
1368 771 1540 827 regnumque
1552 756 1685 810 Ecclesia
1696 756 1726 810 in
1740 757 1783 810 eis

140 844 258 915 pellatos
273 845 405 899 Doctores
419 843 508 899 nostri
520 843 627 907 dicunt,
640 843 706 914 quia
715 843 847 897 Matthias
861 849 936 898 sorte
978 841 1107 896 existimo
1122 844 1247 912 figurari.
1260 843 1363 897 Thiara
1378 844 1452 898 enim
1466 845 1540 916 apud
1555 851 1667 900 veteres
1678 846 1782 900 consti·

139 935 245 988 electus
259 939 311 1000 est,
327 933 546 1005 quamprimum
562 932 597 986 ab
611 931 743 1003 apostolis
758 932 877 1003 legimus
890 950 937 986 or·
978 930 1111 985 tuebatur
1124 931 1153 985 in
1177 932 1268 1003 eapite
1287 933 1472 999 sacerdotum,
1489 934 1547 988 heac
1562 950 1595 987 er
1612 933 1697 1004 bysso
1718 951 1782 989 con·

139 1006 339 1078 unctumssie
355 1028 384 1077 et
397 1039 443 1076 eos
458 1039 528 1093 quos
541 1021 597 1076 illis
611 1021 784 1093 temporibus
799 1022 937 1076 Ecclesia·
978 1020 1049 1074 secta
1063 1022 1184 1075 rotunda
1193 1026 1254 1075 erat
1269 1023 1348 1093 quasi
1364 1024 1473 1094 sphaera
1484 1023 1587 1083 media,
1596 1027 1624 1077 et
1634 1023 1690 1077 hoc
1697 1023 1781 1094 signi·

61 1178 65 1186 ,
139 1129 202 1167 rum
217 1111 357 1184 principes
372 1109 548 1176 ordinabant,
567 1115 642 1165 sorte
656 1109 796 1180 legebant.
820 1110 893 1165 Nam
908 1115 938 1164 et
979 1110 1078 1163 beatur
1092 1110 1121 1163 in
1138 1115 1218 1181 parte
1239 1111 1337 1182 eapitis
1350 1118 1441 1166 tonsa.
1457 1112 1568 1166 Corona
1582 1117 1681 1166 autem
1694 1129 1779 1167 aurea

139 1200 287 1256 haereditas
307 1201 403 1255 Graece
426 1199 597 1254 cleronomia
617 1197 783 1270 appellatur,
800 1204 828 1253 et
848 1199 937 1254 haeres
978 1196 1095 1252 latitudo
1111 1205 1153 1253 est
1162 1199 1267 1267 circuli,
1280 1217 1341 1271 quae
1351 1217 1448 1271 regum
1460 1200 1553 1272 capita
1563 1201 1662 1272 cingit,
1672 1208 1778 1257 utrum·

139 1291 324 1359 cleronomus.
339 1290 492 1360 Propterea
506 1305 572 1359 ergo
586 1287 654 1342 dicti
669 1294 735 1343 sunt
749 1287 852 1355 elerici,
871 1288 937 1359 quia
977 1303 1031 1356 que
1040 1287 1135 1358 itaque
1149 1288 1261 1358 signum
1276 1289 1441 1360 exprimitur
1451 1290 1479 1343 in
1493 1290 1585 1361 capite
1599 1290 1773 1355 clericorum,

138 1380 172 1434 de
185 1385 261 1434 sorte
274 1384 341 1434 sunt
347 1378 467 1439 Domini,
475 1378 518 1431 rel
529 1377 596 1448 quia
605 1376 757 1432 Dominum
765 1384 873 1449 partem
884 1378 936 1432 ha·
976 1380 1009 1429 nt
1022 1375 1173 1447 impleatur
1188 1378 1273 1432 etiam
1289 1378 1413 1450 corporis
1435 1378 1558 1450 quadam
1579 1379 1771 1444 similitudine,

137 1468 214 1536 bent,
228 1467 301 1523 sicut
315 1468 349 1521 de
364 1467 404 1521 eis
418 1466 552 1538 scriptum
574 1470 626 1530 est,
643 1467 775 1537 loquente
790 1467 909 1521 Domino
926 1485 931 1520 :
977 1464 1051 1534 quod
1065 1466 1200 1537 scriptum
1216 1472 1267 1531 est,
1284 1467 1366 1522 Petro
1391 1468 1516 1538 apostolo
1536 1467 1651 1522 dicente
1669 1487 1702 1521 :‹
1722 1467 1771 1524 l'os

137 1558 192 1626 Epo
207 1559 351 1612 itareditos
361 1570 456 1609 corum
468 1557 550 1622 (Psoi.
565 1571 656 1615 xxxvi,
672 1554 725 1622 18).
738 1555 817 1609 Unde
825 1561 936 1626 oportet
976 1553 1042 1607 estis
1056 1571 1145 1624 genus
1156 1556 1385 1627 electum,regale
1400 1556 1589 1611 sacerdotium
1606 1560 1632 1625 (I
1638 1555 1767 1619 Petri').

137 1645 226 1717 utqui
237 1645 327 1699 Deum
337 1643 500 1699 haereditate
515 1643 659 1715 possident
669 1642 774 1714 absque
785 1644 842 1698 ullo
848 1644 935 1716 impe·
976 1641 1116 1706 Quaeritur
1130 1649 1223 1698 autem
1239 1662 1289 1699 cur
1302 1645 1375 1711 sieut
1389 1646 1463 1717 apud
1476 1646 1609 1717 antiquos
1628 1647 1766 1701 Nazaraeos

137 1734 262 1790 dimonte
277 1733 368 1788 saeculi
382 1734 440 1787 Deo
450 1732 554 1787 servire
562 1731 703 1799 studeant,
722 1737 755 1786 ut
766 1749 888 1803 congrue
903 1733 934 1787 il·
943 1715 967 1776 Β
976 1747 1033 1784 non
1045 1738 1111 1786 ante
1125 1750 1206 1787 coma
1215 1734 1340 1789 nutritur
1349 1740 1378 1788 et
1391 1735 1431 1788 sio
1442 1735 1571 1789 tonditur
1582 1752 1587 1786 :
1599 1735 1649 1789 sed
1660 1735 1707 1806 qui
1717 1737 1765 1790 hec

137 1823 185 1878 lud
197 1823 352 1877 psalmista
362 1822 728 1894 dicerepossint2Domiaas
741 1838 807 1890 pars
822 1823 933 1877 haredi-
974 1821 1134 1892 exquirunt,
1152 1822 1299 1878 advertant
1313 1823 1379 1894 quid
1394 1823 1430 1877 sit
1448 1823 1523 1877 inter
1547 1824 1618 1878 illud
1634 1825 1760 1896 propheti·

137 1915 202 1968 totis
216 1914 371 1975 mectPsal.
382 1927 427 1978 xv,
445 1911 479 1975 5).
496 1910 932 1983 lsteautemor·dojurep1mpo·
973 1925 1036 1963 cum
1056 1911 1244 1967 velamentum
1264 1919 1293 1966 et
1312 1912 1384 1966 hanc
1398 1912 1540 1983 Evangelii
1561 1914 1756 1975 revelationem,

136 2007 214 2057 nrtur
224 2001 254 2056 in
265 2000 395 2064 Ecclesia,
412 2000 479 2072 quia
492 2000 522 2053 in
536 1999 639 2054 sanctis
654 1999 789 2065 deseruit,
799 2005 828 2054 et
838 2017 932 2055 sacra·
973 1998 1008 2053 de
1023 2015 1079 2070 qua
1088 1999 1156 2054 dicit
1175 2002 1325 2073 Apostolus
1343 2019 1348 2053 :
1364 2020 1376 2053 e
1393 2002 1463 2056 Cum
1475 2002 1623 2057 transieris
1645 2003 1680 2057 ad
1694 2003 1754 2058 Chri·

134 2096 230 2146 menta
245 2089 355 2161 populis
368 2089 522 2160 dispensat.
535 2088 933 2144 SicuteniminVeteriTesta-
972 2093 1058 2155 stum,
1073 2089 1200 2145 aufertur
1208 2090 1334 2144 velamen
1346 2093 1396 2158 ((ll
1406 2092 1466 2146 Cor.
1478 2107 1518 2156 111,
1535 2090 1589 2158 16).
1606 2091 1704 2156 »Quod
1716 2108 1753 2145 au·

133 2178 333 2245 mento,tribus
342 2179 407 2233 Levi
421 2195 479 2250 prae
492 2178 599 2233 caeteris
611 2177 739 2233 tribubus
753 2179 933 2250 peculiariter
972 2182 1029 2230 tem
1044 2178 1221 2249 significabat
1235 2180 1362 2234 velamen
1374 2179 1573 2250 interpositum
1590 2180 1664 2235 inter
1674 2180 1751 2235 facien

134 2285 152 2322 a
165 2268 285 2324 Domino
296 2269 384 2322 electa
394 2272 445 2333 est,
461 2268 496 2321 ad
509 2267 686 2321 serviendum
700 2267 741 2321 illi
757 2285 807 2340 per
822 2268 931 2325 diversa
973 2265 1062 2338 Moysi
1073 2273 1101 2321 et
1115 2276 1258 2339 aspectum
1274 2269 1395 2323 filiorum
1409 2269 1505 2330 lsrael.
1530 2271 1583 2324 hoe
1600 2269 1750 2341 significabat

133 2356 225 2412 olllcia
239 2357 269 2411 in
281 2357 462 2413 tabernaculo
478 2375 483 2409 :
500 2357 541 2410 ita
552 2363 581 2411 et
590 2355 706 2411 clericus
721 2356 789 2410 ordo
802 2357 932 2428 speciali·
972 2354 1028 2409 illis
1040 2357 1213 2427 temporibus
1222 2374 1303 2412 coma
1314 2362 1485 2412 sanctorum.
1498 2359 1572 2412 Nam
1587 2364 1616 2413 et
1622 2358 1748 2429 Apostolus

133 2452 177 2503 ter
190 2447 273 2501 modo
287 2448 392 2502 electus
405 2452 449 2500 est
462 2446 497 2501 ad
516 2445 733 2501 ministrandum
748 2447 806 2501 Deo
820 2446 849 2501 in
866 2464 931 2503 vero
972 2462 1080 2500 comam
1096 2463 1147 2517 pro
1162 2446 1319 2500 velamento
1334 2462 1394 2499 esse
1408 2446 1476 2500 dicit
1500 2446 1623 2500 Proinde
1642 2448 1697 2515 jaro
1708 2462 1746 2500 oon

132 2536 182 2590 Dei
202 2536 382 2592 tabernaculo
396 2536 469 2606 quod
485 2540 528 2589 est
541 2535 662 2590 Ecclesia
676 2552 807 2607 praesens,
828 2542 860 2591 ut
872 2553 932 2590 ser·
973 2541 1084 2605 oportet
1097 2540 1129 2589 ut
1142 2536 1270 2590 velentur
1285 2535 1407 2590 crinibus
1425 2535 1518 2607 capita
1531 2552 1630 2590 eorum
1651 2536 1695 2607 qui
1705 2536 1744 2590 lie

131 2624 210 2680 vient
224 2625 249 2679 ei
269 2625 315 2678 die
330 2642 362 2678 ac
376 2629 457 2679 nocte
469 2625 497 2678 in
512 2625 618 2695 templo
632 2630 729 2679 sancto
743 2626 812 2694 ejus,
829 2631 862 2680 ut
876 2625 933 2680 sint
973 2622 1049 2677 mino
1061 2632 1269 2691 consecrantur,
1282 2624 1330 2679 sod
1345 2631 1456 2679 tantum
1471 2631 1504 2679 ut
1515 2625 1673 2680 revelentur
1683 2644 1689 2676 :
1698 2623 1744 2695 quia

132 2714 235 2784 populo
249 2713 279 2767 in
293 2713 337 2767 his
352 2730 413 2784 quae
435 2713 469 2767 ad
485 2715 574 2768 Deum
589 2713 741 2785 pertinent,
759 2719 791 2768 ut
814 2715 932 2769 offerant
974 2712 1047 2783 quod
1063 2719 1125 2767 erat
1137 2714 1277 2768 occultum
1292 2713 1320 2766 in
1336 2719 1511 2767 saeramento
1534 2714 1694 2784 prophetia,
1703 2714 1744 2784 jau

131 2802 190 2856 Deo
204 2801 278 2856 dona
287 2807 316 2856 et
326 2802 579 2872 sacrificiaprosua
590 2807 619 2856 et
630 2821 679 2875 pro
691 2804 786 2874 populi
797 2802 931 2873 ignoran-
972 2801 1001 2855 in
1016 2801 1165 2872 Evangelio
1187 2803 1360 2857 declaratum
1375 2808 1426 2856 est.
1444 2803 1516 2857 Sunt
1530 2819 1642 2874 quoque
1655 2801 1743 2874 quidun

131 2890 179 2957 tia,
194 2895 226 2945 ut
236 2890 364 2959 judicent
377 2891 451 2945 inter
460 2891 569 2958 justum
583 2895 611 2944 et
625 2891 771 2962 injustum,
788 2898 816 2946 et
830 2892 931 2947 discer-
972 2888 1117 2945 doctorum
1138 2891 1186 2961 qui
1207 2896 1337 2945 asserunt
1350 2891 1473 2945 diversas
1489 2891 1524 2944 ob
1539 2909 1638 2946 causas
1656 2893 1743 2945 Petnru

131 2985 201 3033 nant
211 2979 285 3033 inter
298 2985 426 3033 sanctum
442 2986 471 3033 et
486 2981 642 3051 profanum,
659 2981 886 3050 interpellatum
901 2987 930 3036 et
938 3019 960 3080 G
971 2980 1127 3051 apostolum
1135 2979 1208 3033 hunc
1219 2980 1304 3034 ritum
1318 2980 1441 3051 primum
1449 2980 1612 3050 sumpsisse,
1629 2979 1741 3052 primitus.

131 3067 279 3135 mundum,
294 3068 467 3140 doceantque
481 3069 615 3140 populum
629 3069 680 3123 Dei
695 3069 790 3123 omnia
803 3069 929 3140 legitima
970 3074 1002 3123 ut
1015 3068 1133 3123 formam
1139 3074 1168 3122 et
1177 3069 1389 3123 similitudinem
1395 3069 1535 3123 Christiin
1547 3070 1639 3140 capite
1646 3072 1742 3139 gesara

131 3157 202 3228 ejus,
219 3163 247 3212 et
257 3163 396 3229 praecepta
410 3175 472 3228 quae
483 3158 665 3212 mandaverat
679 3158 713 3212 ad
729 3174 785 3213 eos.
970 3159 1037 3212 dum
1051 3174 1101 3228 pro
1116 3157 1410 3229 redemptionenostra
1424 3158 1515 3212 crucis
1526 3158 1680 3229 patibulum
1691 3152 1742 3211 subi·

266 3303 272 3326 1
693 3304 697 3314 ,
970 3251 1050 3301 turus
1064 3263 1081 3300 a
1096 3246 1216 3300 nefanda
1239 3247 1399 3301 Judaorurn
1416 3253 1501 3316 gente
1519 3248 1610 3302 acutis
1625 3246 1740 3319 spineam

251 3300 316 3354 ω’
333 3301 382 3412 HIJ
400 3332 432 3341 ”
447 3302 483 3355 ⁰⁶
499 3306 616 3356 mmm
629 3304 802 3356 ⁶l⁶r²⁶⁰m²³²¹
971 3336 1074 3390 aculeis
1090 3336 1242 3390 crudeliter
1255 3341 1447 3390 coronaretur.
1465 3335 1583 3403 Deinde,
1600 3343 1631 3391 ut
1641 3332 1741 3391 sacerdo

167 3426 216 3492 (lb.
231 3441 253 3479 c.
272 3423 310 3494 3.)
321 3426 455 3480 Tonsurae
470 3424 661 3480 ecclesiasticae
673 3442 741 3480 usus
756 3443 772 3480 a
787 3426 926 3481 Nazaraeis
967 3430 1010 3477 tes
1024 3423 1134 3478 Veteris
1149 3430 1177 3477 et
1189 3424 1258 3477 Novi
1270 3422 1442 3477 Testamenti
1454 3422 1482 3476 in
1498 3429 1616 3479 tonsura
1629 3430 1656 3478 et
1668 3420 1739 3476 babitu

130 3512 194 3582 (nisi
205 3513 296 3584 fallor)
312 3520 425 3569 exortus
439 3520 491 3580 est,
508 3513 555 3586 qui
571 3515 648 3586 prius
658 3515 735 3569 crine
749 3521 868 3582 servato,
880 3515 928 3570 de·
968 3511 1203 3566 discernerentur.
1218 3513 1362 3566 Postremo
1377 3518 1409 3566 ut
1423 3511 1498 3565 idem
1510 3514 1653 3583 apostolus
1666 3510 1739 3578 suiqa

129 3607 260 3674 nuopost
275 3603 340 3659 vitae
354 3620 463 3674 magna
477 3603 680 3659 continentiam
693 3604 840 3659 devotione
854 3621 927 3659 com·
968 3616 1142 3654 successores
1164 3606 1193 3654 et
1213 3600 1379 3672 sequipedes
1398 3600 1582 3656 ridiculosum
1603 3607 1738 3672 mansura
1806 3594 1808 3601 '

128 3686 204 3757 pleta
216 3692 301 3759 caput
310 3687 447 3742 radebant
457 3692 486 3742 et
495 3687 610 3758 capillos
624 3688 653 3742 in
667 3688 733 3758 igne
741 3688 869 3743 sacrificii
880 3705 928 3760 po·
968 3688 1120 3744 ludibrium
1148 3689 1176 3742 in
1200 3690 1304 3760 populo
1320 3690 1447 3744 Romano
1462 3696 1618 3760 portarent,
1647 3690 1702 3762 quie
1718 3689 1737 3736 el

128 3790 195 3828 nere
207 3773 388 3846 jubebantur,
402 3777 508 3831 scilicet
516 3783 549 3830 ut
563 3776 760 3848 perlectionem
770 3776 925 3831 devotionis
967 3793 1064 3832 eorum
1080 3778 1199 3831 barones
1222 3784 1251 3831 et
1272 3778 1367 3832 hostes
1388 3779 1525 3833 exercitus
1547 3769 1737 3851 supereraut

128 3880 186 3918 suae
200 3864 319 3919 Domino
329 3869 533 3920 consecrarent.
551 3867 657 3920 Horum
669 3865 925 3937 exemplis,ususab
966 3881 1069 3919 corona
1084 3867 1202 3920 vendere
1218 3865 1354 3920 solebant.
1370 3865 1424 3921 Sed
1439 3867 1474 3921 de
1488 3867 1532 3920 his
1552 3867 1618 3939 quid
1633 3860 1737 3935 suscipiat

127 3954 262 4025 apostolis
276 3952 451 4009 introductus
464 3960 517 4020 est,
533 3959 566 4008 ut
581 3955 610 4008 hi
621 3954 669 4026 qui
684 3955 713 4008 in
728 3955 829 4009 divinis
844 3954 925 4010 culti·
966 3954 1077 4008 lectoris
1089 3954 1194 4024 judicio
1204 3955 1436 4027 derelinquimus.

126 4039 336 4114 busmancipati
347 4043 466 4097 Domino
473 4050 680 4110 consecrantur,
696 4045 775 4115 quasi
788 4044 924 4112 Nazaraei,

127 4129 222 4197 idest,
242 4131 330 4185 sancti
350 4131 412 4198 Dei,
433 4132 510 4187 crine
528 4132 645 4203 praeciso
671 4132 850 4188 innoventur.
867 4134 926 4189 Hoc
1582 4197 1585 4204 ,

127 4219 230 4291 quippe
239 4220 374 4275 Ezechieli
386 4221 774 4292 prophetaejubetur,dicente
787 4223 922 4278 Domino:
1003 4223 1082 4289 (lbid.
1100 4241 1121 4277 c.
1141 4223 1247 4291 ‘ratus
1262 4225 1445 4280 sacramentis
1459 4231 1554 4281 autem
1565 4243 1625 4298 quae
1635 4227 1662 4280 in
1671 4217 1744 4280 Emis

1085 4099 1150 4152 Car.
1166 4099 1213 4153 IV.
1226 4129 1258 4138 -
1274 4100 1311 4153 lic
1325 4105 1507 4155 sacramentis
1522 4101 1652 4159 Ecclesia.

128 4327 140 4360 ι
156 4308 208 4375 Τιι,
223 4309 264 4364 fili
277 4309 409 4377 hominia
424 4327 504 4365 suine
515 4310 565 4364 tibi
576 4310 702 4381 gladium
718 4317 829 4365 acutum
837 4319 865 4366 et
875 4312 956 4399 dun
965 4312 1007 4366 sia
1021 4317 1096 4379 sunt,
1111 4318 1221 4383 oportet
1235 4315 1358 4385 primum
1372 4320 1404 4369 ut
1413 4315 1497 4385 hujus
1512 4317 1605 4387 operis
1616 4333 1702 4371 sermo
1713 4318 1749 4357 el·

126 4414 171 4453 ces
180 4404 324 4470 percaput
333 4405 414 4454 tuum
429 4404 457 4453 et
470 4397 586 4453 barbam
601 4400 706 4468 (Erech.
720 4417 746 4465 v,
765 4400 797 4468 l),
816 4418 829 4452 a
845 4401 923 4455 vide·
964 4407 1051 4473 ponat
1065 4407 1150 4473 atque
1164 4403 1288 4457 declaret
1302 4403 1387 4458 ritum
1397 4404 1600 4460 sacerdotalem
1613 4425 1620 4462 :
1634 4406 1695 4478 quia
1710 4400 1754 4469 per

125 4486 190 4542 licet
201 4488 267 4559 quia
281 4493 311 4542 et
323 4488 382 4560 ipse
393 4493 422 4542 et
431 4488 597 4543 sacerdotali
608 4505 711 4560 genere
723 4489 780 4542 Deo
790 4489 820 4542 in
827 4489 923 4544 minis-
963 4490 1121 4545 sacerdotes
1130 4491 1236 4546 Christi
1245 4493 1432 4548 ministerium
1447 4494 1664 4551 ecclesiasticum
1678 4476 1764 4549 debet

124 4575 636 4633 teriasanctificationisdeserviebat.
659 4579 717 4631 Hoc
732 4583 761 4631 ct
777 4578 922 4633 Nazaraeos
963 4578 1097 4645 ordinari,
1114 4585 1198 4651 atque
1213 4582 1271 4635 Deo
1288 4582 1438 4652 adjuvante
1454 4584 1561 4655 perlici.
1578 4585 1649 4640 Sunt
1666 4571 1771 4639 autel

122 4663 185 4718 illos
197 4664 352 4719 Priscillam
368 4672 396 4721 et
409 4667 539 4737 Aquilam
555 4666 585 4720 in
600 4665 716 4721 Actibus
730 4667 922 4738 apostolorum
963 4672 1148 4732 sacramenta,
1172 4667 1328 4739 baptismus
1342 4677 1371 4725 et
1384 4671 1518 4736 chrisma,
1539 4690 1640 4744 corpus
1660 4680 1688 4727 et
1698 4659 1780 4726 W

122 4751 228 4822 primos
243 4753 341 4808 secisse
351 4755 481 4825 legimus,
498 4755 618 4809 Paulum
633 4771 745 4826 quoque
764 4757 922 4826 apostolum
961 4754 1034 4824 guis,
1051 4773 1112 4827 qua
1127 4757 1161 4810 ob
1178 4757 1208 4810 id
1221 4766 1399 4814 sacramenta
1413 4760 1556 4823 dicuntur,
1575 4763 1642 4834 quia
1655 4762 1703 4817 sub
1740 4741 1790 4793 μ’

122 4844 151 4894 θῖ
164 4841 300 4911 quosdam
315 4843 515 4915 discipulorum
531 4843 647 4909 Christi,
670 4844 717 4914 qui
739 4845 769 4898 in
790 4845 921 4915 hujusce·
960 4851 1096 4914 gumento
1111 4847 1297 4917 corporalium
1308 4864 1403 4904 rerum
1414 4849 1503 4904 virtus
1518 4851 1614 4905 divina
1628 4840 1739 4906 secreu‘
1751 4826 1798 4869 ὕ

121 4929 197 4985 modi
212 4931 289 4986 cultu
303 4931 432 4986 imitandi
448 4933 623 4987 exstiterunt.
637 4933 685 4987 Est
694 4933 824 4987 autemin
839 4934 920 4989 eleri-
961 4933 1080 4988 salutem
1089 4935 1252 4989 eorumdem
1265 4943 1507 4993 sacramentorum
1516 4911 1807 5010 ορθεθῖιιεΝθιί)8

121 5018 160 5074 cis
174 5025 291 5075 tonsura
304 5021 417 5092 signum
432 5021 572 5092 quoddam
588 5021 662 5093 quod
683 5022 710 5075 in
727 5023 815 5093 [Forte
829 5027 918 5092 secppl.
961 5023 1075 5076 secretis
1090 5023 1240 5079 virtutibus
1263 5027 1305 5080 vel
1320 5027 1407 5081 sacris
1428 5034 1606 5083 sacramenta
1619 5001 1808 5084 dicentis*

121 5110 247 5181 corpore]
259 5111 406 5182 figuratur,
424 5110 473 5166 sed
485 5110 513 5165 in
533 5111 627 5165 animo
642 5111 743 5182 agitur.
761 5110 870 5166 Scilicet
888 5117 920 5166 ut
961 5128 1022 5182 quae
1037 5112 1098 5166 ideo
1116 5113 1257 5168 fructuose
1266 5130 1352 5185 penes
1362 5116 1514 5170 Ecclesiam
1523 5118 1606 5179 fiunt,
1620 5119 1688 5190 quia
1699 5089 1808 5172 aas

121 5196 173 5250 hoc
179 5198 259 5269 signo
268 5198 297 5252 in
309 5199 444 5270 religione
452 5199 520 5255 vitia
535 5205 705 5265 resecentur,
718 5204 747 5254 et
755 5199 919 5254 criminibus
960 5201 1058 5255 etusin
1068 5218 1102 5255 ea
1111 5219 1229 5258 manens
1240 5203 1364 5275 spiritus,
1381 5205 1510 5260 eumdem
1519 5178 1808 5264 sacramentam!

120 5286 212 5340 cornis
225 5293 328 5343 nostrae
343 5288 424 5359 quasi
447 5286 572 5344 crinibus
591 5305 734 5353 exuamur,
750 5295 835 5360 atque
853 5289 918 5343 inde
959 5289 1080 5345 latenter
1091 5297 1224 5362 operatur
1238 5293 1473 5374 ellectunnUnde
1489 5311 1538 5351 seu
1549 5313 1602 5367 per
1613 5268 1808 5353 bonosser¹

120 5371 259 5429 innovatis
278 5376 407 5432 sensibus
420 5383 453 5432 ut
473 5378 560 5433 comis
579 5377 696 5433 rudibus
720 5378 914 5444 enitescamus,
958 5395 1009 5449 per
1016 5379 1104 5433 malos
1121 5381 1264 5435 ministros
1276 5381 1351 5436 intra
1363 5383 1516 5438 Ecclesiam
1531 5385 1584 5439 Dei
1595 5385 1748 5458 dispensae.
1760 5372 1808 5409 χ

48 5508 54 5517 ,
119 5463 335 5533 «exspoliantes
350 5483 410 5533 nos,
430 5468 537 5539 »juxta
556 5467 732 5539 Apostolum,
759 5472 917 5522 »veterem
957 5473 1013 5531 tur,
1025 5485 1076 5522 nec
1086 5468 1223 5524 bonorum
1233 5471 1341 5526 meritis
1349 5471 1787 5547 dispensatorumampliticans

119 5548 261 5605 hominem
277 5569 340 5608 curo
356 5554 465 5610 actibus
479 5557 549 5626 ejus,
564 5555 748 5612 etinduentes
760 5556 916 5628 novumqui
957 5561 1005 5610 tur
1014 5557 1073 5612 haeo
1083 5558 1166 5624 dona,
1178 5575 1229 5615 nee
1238 5560 1699 5630 molommaaenuantumooim«
1712 5579 1769 5619 εν
