3772 6120
116 239 190 303 mu
412 238 444 293 B.
466 237 603 295 RABANl
622 235 739 297 llAllRl
757 234 930 295 tuemur.
947 230 1113 302 UOQUNT.
1134 227 1284 288 ornum(
1303 228 1399 285 PARS
1417 230 1466 285 lv.

232 363 411 422 Altilhronus
422 362 545 435 glorioso

269 455 327 510 Rex
341 452 452 509 sedebit
465 454 495 509 in
505 452 586 519 solio,

269 543 441 613 Angelorum
456 542 642 599 tremebunda
704 524 707 529 ¹

270 631 499 687 circumstabunt
512 638 541 687 et
556 631 681 703 agmina,

269 721 384 776 Cunctis
395 721 482 792 judex
495 736 559 776 cum
569 718 683 793 propriu
792 792 798 797 Ι

271 810 431 866 Secundum
443 808 542 865 reddet
555 808 666 865 merita.

235 898 378 956 Stabimus
392 906 481 954 etnos
492 898 586 971 paridi

271 990 343 1043 Ante
355 987 479 1043 tribunal
494 986 545 1042 Uei

272 1077 488 1149 Reddemusque
500 1075 536 1130 de
547 1073 678 1131 omuibus

274 1166 423 1222 Rationem
433 1165 588 1227 aflectibus,

275 1256 301 1310 N
303 1260 380 1310 ostra
392 1254 518 1311 videntes
533 1253 626 1326 posite

274 1345 347 1399 Ante
361 1342 477 1399 obtutus
486 1342 614 1407 crimina,

240 1431 393 1504 librosque
403 1429 581 1487 conscientie

273 1522 431 1577 Patefactus
447 1521 475 1575 in
486 1519 556 1575 laeie
571 1538 576 1573 :

273 1612 305 1668 ln
320 1611 460 1682 singultus
469 1623 660 1681 erumpemus,

275 1701 310 1756 Et
323 1702 392 1755 lletu
404 1698 466 1754 diro
479 1715 636 1771 gememus,

275 1788 425 1844 subtracta
435 1786 595 1843 necessaria

275 1877 416 1951 Operandi
431 1876 559 1932 materia.

238 1969 317 2025 Tune
330 1967 427 2022 lldeles
438 1982 505 2021 nam
514 1966 657 2022 colestem

276 2056 359 2113 Urbis
372 2072 489 2111 summae
504 2054 681 2113 Hierusalem
790 2085 793 2089 ·

276 2145 467 2202 Sustollentur
480 2144 516 2201 ad
531 2144 664 2217 patriam,

276 2234 437 2291 lntreibunt
448 2234 484 2291 ad
497 2234 628 2306 glorium,

276 2322 330 2379 Ubi
344 2322 433 2393 fulget
445 2337 511 2376 uera
525 2321 602 2395 pacis

280 2411 340 2466 Lux
355 2408 494 2477 Christus,
506 2411 548 2465 sol
561 2407 706 2466 mirabilis.

241 2501 418 2574 llymnorum
434 2498 610 2555 cantionibus

277 2589 380 2645 Sedulo
394 2587 589 2655 tinnientibus,

277 2677 386 2734 Sanctis
401 2675 619 2748 tripudiantibus

279 2766 452 2839 Angelorum
466 2782 499 2821 ex
512 2764 637 2821 millibus

279 2857 312 2913 ln
324 2861 443 2928 paterna
457 2853 584 2911 claritate

281 2947 317 3001 Se
330 2944 456 3015 gaudent
464 2944 608 3000 Christum
622 2959 746 3000 cernere.

243 3031 288 3086 Sic
303 3028 400 3099 viginti
413 3028 539 3083 felicibus

281 3119 409 3185 Quatuer
422 3117 579 3172 senioribus

279 3209 404 3263 Coronas
414 3208 475 3277 jam
488 3205 667 3261 mittentibus

278 3297 352 3368 Agni
365 3296 416 3351 Dei
429 3295 481 3351 sub
495 3292 613 3369 pedibus

279 3387 425 3444 Laudatur
437 3384 528 3441 tribus
538 3384 643 3441 vicibus

282 3478 405 3534 Trinitas
419 3474 609 3533 aeternalibus.

248 3567 295 3623 Bis
310 3567 383 3623 binis
393 3582 488 3621 comm
501 3564 641 3622 stantibus

279 3657 371 3712 Unitis
385 3654 564 3722 animalibus

279 3745 371 3801 'Perna
382 3744 465 3799 laude
480 3742 645 3800 sonantibus

279 3834 398 3889 Sanctus
413 3831 537 3888 Sabaoth
545 3832 690 3889 Dominus.
776 3904 779 3909 .

280 3924 338 3978 llac
351 3921 440 3977 sancti
452 3926 569 3977 manent
581 3920 673 3993 gloria

280 4014 305 4068 A
324 4013 431 4068 saeculis
440 4012 471 4067 in
486 4012 596 4067 saeeuln.

246 4101 326 4159 Zelus
340 4101 413 4171 ignis
423 4099 591 4157 furibundus

281 4193 465 4247 consummet
472 4192 654 4259 adversarios,

281 4282 414 4338 Nolenbes
425 4280 569 4335 Christum
584 4282 698 4369 credere
786 4270 791 4275 ¹

281 4371 339 4426 Deo
353 4386 371 4425 a
384 4370 468 4425 Patre
482 4370 601 4437 venisse,
655 4374 658 4381 ’

281 4461 367 4516 iletre
382 4466 469 4515 ruunt
481 4461 610 4533 perpetui

280 4552 313 4607 ln
324 4551 398 4621 ignis
409 4552 538 4605 llammas
552 4550 641 4624 impii.

247 4638 299 4696 Ubi
309 4638 450 4694 habentur
459 4637 582 4694 tenebrae

281 4728 397 4783 Vermes
406 4733 435 4781 et
447 4728 515 4783 dirae
528 4726 633 4796 bestiae,

281 4818 335 4874 Ubi
346 4817 419 4889 ignis
434 4818 603 4891 sulphureus

280 4908 369 4964 Ardet
378 4907 499 4962 llnnunis
514 4906 655 4976 edacibus,

280 4999 333 5055 Ubi
346 4998 455 5069 rugitus
467 4997 622 5065 homiuum,

280 5090 376 5145 Fletus
390 5095 419 5142 et
431 5086 536 5142 stridor
545 5086 681 5147 dentium.

245 5178 298 5234 Ubi
311 5178 448 5251 gehenna
461 5176 594 5249 gemitus,

279 5267 432 5324 'l'onitruus
444 5273 473 5321 et
487 5266 626 5329 horridus,

280 5354 334 5411 Ubi
348 5356 431 5410 ardor
445 5356 632 5412 llamnmticus

282 5444 349 5498 Sitis
362 5444 498 5518 famisque
508 5446 655 5507 maximus.

282 5533 334 5587 Ubi
349 5540 439 5589 tortor
450 5536 617 5594 durissimus

1110 352 1523 429 Augetpoenamcumlaribus·
1615 384 1642 431 .'.

966 436 971 445 ’
1077 450 1164 504 Satan
1175 452 1237 501 atro
1251 462 1315 501 cum
1330 445 1443 516 agmine
1474 446 1477 451 '

1112 538 1173 602 Quo
1187 541 1301 591 tenetur
1311 534 1340 589 in
1353 549 1464 589 earcere
1519 518 1522 523 ¹
1564 588 1577 615 .·
1590 516 1645 607 fs}

1114 626 1259 697 Religatus
1274 626 1303 679 in
1314 625 1433 681 Tartara

1113 717 1145 771 ln
1156 722 1261 770 {eterna
1278 714 1410 769 incendia

1114 804 1265 877 Cocytique
1280 800 1475 875 charybdibus
1565 874 1569 881 Ι
1640 874 1647 883 Ι

1114 893 1316 964 Submergetur
1330 893 1359 948 in
1374 890 1517 963 gentibus,
1639 942 1643 971 :

1079 985 1103 1039 Ο
1112 984 1187 1038 Deus
1200 983 1258 1038 reri
1271 981 1387 1037 luminis
1567 1042 1572 1056 .
1590 1054 1594 1060 .

1114 1075 1219 1127 Auctor
1230 1079 1260 1127 et
1272 1073 1365 1128 oninis
1378 1070 1513 1133 hominis.

1114 1161 1199 1216 Miser
1214 1176 1266 1231 ege
1282 1160 1350 1231 quid
1363 1158 1475 1223 faciam,

1115 1250 1194 1306 Tunc
1207 1248 1255 1305 ubi
1275 1254 1360 1321 atque
1373 1248 1492 1321 fugiam,

1116 1340 1188 1395 Cum
1201 1338 1417 1395 tremetmuudi
1431 1322 1598 1417 machine·
1672 1324 1682 1335 ’

1116 1427 1174 1485 Sub
1188 1428 1370 1484 llemmarum
1383 1424 1571 1485 monarchia?
1642 1414 1651 1423 ’

1081 1520 1142 1584 Quo
1157 1524 1409 1591 memmpossum
1424 1524 1536 1577 vertere
1644 1550 1648 1557 ·

1117 1608 1443 1681 Etsullragiaquoerere,
1545 1682 1548 1686 Ι

1117 1700 1188 1753 Cum
1200 1684 1299 1753 contra
1311 1715 1357 1753 me
1371 1698 1520 1767 sententia,

1118 1788 1265 1843 Profertur
1281 1787 1310 1842 in
1323 1804 1428 1859 magua
1441 1787 1615 1867 erigentia?
1654 1846 1657 1851 ,

1117 1881 1241 1935 Accusor
1254 1878 1469 1935 reuscrimmis.
1642 1860 1645 1868 ¹

1118 1970 1189 2023 Cum
1204 1983 1260 2023 non
1277 1967 1314 2022 sit
1328 1966 1520 2043 lavoreperis.

1082 2056 1499 2129 Damnentmelaetapropria,

1120 2145 1278 2203 Verborum
1288 2145 1379 2203 multa
1390 2145 1493 2221 millia,

1118 2242 1207 2296 Amor
1221 2238 1313 2291 malus
1327 2252 1393 2313 cum
1404 2235 1522 2311 rubere,

1121 2327 1175 2394 lra,
1188 2326 1254 2381 rixae
1269 2332 1297 2380 et
1311 2324 1427 2381 maculis
1518 2396 1522 2401 .

1119 2415 1222 2471 'lotum
1237 2412 1356 2485 patetin
1371 2411 1480 2491 lumine
1600 2456 1607 2461 .

1120 2503 1222 2560 Mentis
1236 2507 1266 2557 et
1275 2500 1457 2574 penetrabile.
1524 2546 1527 2551 .

1087 2596 1177 2651 Cerno
1191 2597 1317 2647 tremens
1327 2591 1401 2662 quod
1416 2589 1553 2651 fecerum·
1589 2654 1593 2659 ,
1628 2620 1649 2655 ·,

1123 2684 1158 2738 Et
1170 2681 1219 2735 diu
1230 2678 1305 2752 quod
1314 2680 1481 2747 celaveram,

1123 2771 1181 2826 Nee
1191 2768 1328 2840 adjurant
1338 2767 1449 2833 solatia,
1513 2842 1518 2847 Ι
1602 2842 1606 2847 Ι

1123 2854 1216 2911 Patris
1227 2858 1256 2908 et
1268 2851 1368 2909 metris
1380 2851 1499 2921 lernina,

1122 2942 1217 3001 Turba
1228 2958 1279 2998 nee
1294 2941 1449 2999 amicabilis
1592 2932 1596 2937 ’

1123 3035 1241 3089 Praestat
1251 3035 1385 3104 juramen
1399 3030 1511 3088 debilis.

1089 3123 1168 3183 Unde
1182 3124 1258 3179 salus
1269 3123 1341 3193 jam,
1355 3120 1486 3189 Domine,
1594 3110 1598 3115 ’

1124 3213 1193 3270 Mihi
1204 3212 1297 3267 reniet
1310 3228 1443 3285 prospere

1124 3304 1230 3359 Prreter
1244 3307 1323 3357 trram
1337 3300 1519 3357 clausentiam

1125 3393 1229 3457 Solam,
1246 3397 1275 3447 et
1288 3407 1384 3447 verum
1394 3390 1540 3463 gratiam
1612 3374 1615 3385 ¹
1652 3440 1656 3445 .

1124 3482 1308 3554 Autquisdut
1322 3481 1531 3552 indulgentiam
1652 3464 1670 3555 ‚⁵

1126 3574 1231 3628 Pireter
1245 3576 1325 3626 tuam
1339 3568 1520 3642 potentiam?
1618 3616 1658 3641 .:

1090 3662 1138 3727 Te,
1154 3660 1467 3733 bonelesu,depreoor‚

1126 3752 1231 3805 Auctor
1241 3756 1302 3805 utre
1321 3757 1349 3805 et
1359 3748 1495 3811 redditor.
1604 3734 1608 3739 ¹
1640 3736 1659 3827 ἰ

1128 3840 1210 3894 Salva
1223 3843 1304 3895 tuum
1320 3839 1504 3913 mancipium,
1618 3910 1621 3917 Ι
1656 3906 1661 3915 ¹

1127 3930 1229 3986 Munus
1237 3935 1266 3984 et
1279 3930 1315 3983 «ln
1330 3935 1510 4001 perpetuum,

1126 4020 1218 4074 Verus
1230 4028 1263 4074 ut
1277 4025 1326 4074 tuo
1338 4020 1442 4077 lamine

1126 4109 1300 4173 iustificeris,
1313 4110 1441 4165 Domine.

1091 4198 1153 4254 'libi
1169 4202 1265 4269 grates
1276 4214 1310 4253 ex
1322 4204 1437 4270 pectere
1454 4264 1458 4269 ,
1609 4242 1615 4253 .
1628 4242 1634 4251 .

1126 4286 1327 4358 Redemptuse
1340 4288 1513 4351 discrimine,
1610 4334 1633 4347 ..
1652 4272 1663 4325 Ῑ

1127 4377 1185 4432 Deo
1200 4375 1259 4430 rivo
1273 4380 1307 4430 ut
1319 4376 1438 4433 reserem

1128 4465 1284 4521 Laureae
1299 4464 1455 4533 victoriam,
1662 4526 1670 4537 ,Ι
1685 4510 1695 4535 ;

1128 4556 1254 4626 Sequens
1264 4559 1292 4607 te
1303 4571 1399 4627 regem
1413 4558 1568 4631 proprium
1692 4542 1700 4551 ’

1127 4644 1235 4715 Raptus
1249 4660 1282 4700 cx
1297 4643 1376 4699 hoste
1386 4644 1553 4705 Dominum.
1630 4630 1633 4635 ¹

1091 4734 1227 4805 Nuncque
1237 4749 1305 4804 roge
1315 4732 1357 4788 uti
1369 4732 1480 4804 jubens,

1127 4823 1162 4879 Et
1175 4822 1204 4877 in
1215 4838 1260 4876 me
1270 4822 1322 4877 hoe
1336 4824 1475 4895 perficias,

1126 4910 1255 4977 Quandiu
1267 4910 1295 4966 in
1305 4911 1447 4985 ergastulo

1126 5002 1195 5057 Sum
1204 5001 1316 5056 clausus
1328 4990 1420 5057 carnis
1431 5002 1540 5074 sedule,

1126 5094 1191 5160 Ore,
1202 5092 1285 5147 corde
1299 5097 1328 5146 et
1344 5108 1427 5165 opere

1125 5181 1164 5237 Te
1174 5198 1273 5237 canam
1287 5181 1410 5251 laudem,
1423 5180 1520 5255 Kyrie.
1593 5174 1598 5183 ’

1090 5271 1167 5328 Dexo
1182 5270 1243 5337 tibi,
1256 5271 1425 5333 Altithrone.

1125 5360 1182 5415 Rex
1198 5360 1331 5415 celorum
1343 5360 1537 5417 sanctissime.

1124 5448 1177 5512 Qui
1192 5454 1279 5502 metu
1292 5449 1437 5520 J'ummine

1125 5536 1325 5593 Consolaturus
1340 5538 1445 5611 optime

1710 223 1775 313 inc
