3772 6120
130 276 199 332 1195
421 278 452 331 Β.
473 240 609 333 RABAlll
628 280 743 335 MhUlll
762 279 932 335 nectitur.
950 276 1112 333 llOGUNT.
1134 274 1282 332 OPERUM
1301 276 1393 333 PARS
1412 277 1461 333 lll.
1699 275 1764 332 tlte

127 402 272 474 praecptis
282 400 438 456 dilectionis
451 401 502 456 Dei
517 408 546 456 et
560 401 922 474 proximiquaeadhucsola
931 411 955 469 Α
964 402 1036 456 xime
1047 400 1301 455 commendandum
1313 407 1477 467 est,utcum
1491 399 1540 455 ille
1553 400 1605 473 qui
1612 415 1667 455 nos
1677 400 1763 467 audit,

128 492 273 563 Scriptura
286 496 383 546 sancta
396 496 458 545 emt
470 508 532 545 cum
542 492 594 546 hoc
609 492 924 551 Dominusdiceret.Sed
964 491 1022 546 imo
1033 506 1083 563 per
1096 506 1147 544 nos
1162 490 1241 545 audit
1255 490 1353 556 Deum,
1370 490 1494 544 moribus
1507 496 1536 544 et
1550 489 1673 544 scientia
1686 491 1763 561 profi·

127 581 212 636 etiam
235 597 416 652 quacumque
435 581 575 650 posterius
595 581 745 636 salubriter
763 589 924 638 consecrata
964 578 1278 649 cerecoeperit‚etviam
1290 578 1394 633 Christi
1405 595 1468 632 cum
1484 578 1637 633 alacritate
1646 577 1761 649 ingredi,

126 676 202 737 suut,
214 669 411 740 memoriaeque
421 669 554 724 mandata
563 670 924 728 divinarumroluminalit-
964 667 1136 723 necnobisid
1149 667 1252 723 audeat
1266 667 1417 737 assignare,
1431 683 1483 721 nec
1497 665 1562 735 sibi,
1576 666 1628 721 sed
1643 667 1761 739 seipsum

124 764 259 813 terarum.
276 758 348 823 Quia
362 775 428 829 ergo
442 759 572 813 charitati
592 759 661 814 nihil
687 761 818 815 adversus
838 779 923 834 quam
964 764 992 811 et
1007 773 1057 812 nos
1070 763 1098 811 et
1112 773 1291 827 quoscunque
1308 756 1377 810 alios
1392 756 1484 826 diligit
1497 756 1607 810 amicos
1621 755 1651 810 in
1665 756 1722 822 illo,
1736 762 1760 812 et

124 847 287 913 invidentia,
310 853 401 902 mater
423 855 518 902 autem
539 848 698 903 invidentiae
718 851 848 923 superbia
869 858 920 918 est,
963 852 1077 917 propter
1090 844 1169 899 illum
1186 844 1273 915 diligi,
1291 845 1339 916 qui
1360 862 1424 899 ‹³¹11ss
1447 845 1546 899 dilexit
1569 845 1716 900 inimicum
1732 853 1760 901 ut

123 936 198 994 idem
211 937 346 992 Dominus
360 939 441 991 lesus
455 937 584 991 Christus
597 938 673 993 Deus
686 939 770 994 homo
785 945 814 994 et
822 940 922 995 divina
960 935 1118 1005 justificans
1133 934 1237 988 faceret
1250 935 1381 988 amicum·

123 1026 153 1080 in
159 1040 210 1081 nos
217 1026 374 1081 dilectionis
387 1025 521 1080 indicium
534 1030 563 1080 et
572 1018 701 1082 humana
716 1027 791 1099 apud
805 1045 856 1082 nos
872 1029 922 1084 hu·
998 1024 1071 1079 lllud
1086 1023 1462 1096 planenonpraetereundum
1468 1029 1521 1090 est,
1530 1028 1565 1079 ut
1574 1023 1598 1079 si
1609 1024 1757 1097 adtequis-

122 1114 250 1170 militatis
256 1115 423 1187 exemplum,
434 1119 466 1169 ut
472 1120 692 1186 magnustumor
705 1123 801 1171 noster
814 1119 922 1188 maiore
963 1129 1048 1183 quam
1060 1113 1272 1168 catechizandus
1286 1113 1394 1168 venerit
1402 1111 1568 1168 liberalibus
1582 1113 1757 1170 doctrinisex·

120 1205 263 1260 contraria
276 1204 415 1259 medicina
429 1209 587 1258 sanaretur.
598 1205 701 1274 Magna
716 1211 758 1259 est
780 1206 856 1261 enim
871 1206 923 1277 mi·
963 1202 1055 1256 cultus
1066 1202 1113 1274 qui
1124 1204 1186 1273 jam
1199 1202 1354 1257 decreverit
1369 1219 1429 1257 esse
1444 1202 1638 1269 Christianus,
1652 1207 1681 1257 et
1701 1204 1755 1259 ideo

123 1293 198 1348 seria
207 1292 344 1364 superbus
350 1293 495 1357 homo‚sed
506 1294 597 1364 major
610 1293 922 1351 misericordiahumilis
963 1291 1071 1346 venerit
1078 1298 1110 1346 ut
1119 1292 1178 1359 liat,
1185 1290 1382 1348 difficillimum
1391 1292 1507 1347 omnino
1518 1297 1564 1346 est
1574 1298 1608 1348 ut
1614 1293 1754 1349 nonnum

126 1383 211 1441 Deus.
228 1383 287 1438 Hac
300 1399 367 1453 ergo
382 1382 530 1436 dilectione
543 1381 605 1447 tibi,
620 1382 716 1449 lector,
738 1389 874 1455 tauquam
888 1384 924 1440 si-
963 1385 1123 1451 nostrarum
1137 1380 1338 1452 scripturarum
1362 1381 1581 1452 litterarumque
1596 1383 1753 1453 cognoverit,

126 1488 183 1543 gno
195 1472 339 1544 proposito
364 1487 419 1543 quo
442 1470 547 1525 reseras
562 1471 733 1543 emmaque
753 1473 832 1540 dicis,
844 1474 924 1545 quid·
965 1468 1065 1540 quibus
1073 1472 1134 1540 jam
1152 1470 1305 1524 instructus
1316 1471 1350 1524 ad
1364 1476 1612 1526 sacramentorum
1623 1471 1756 1544 participa·

126 1560 193 1633 quid
205 1576 304 1616 narras
317 1560 358 1614 ita
368 1576 453 1614 narra
469 1579 474 1613 :
492 1566 524 1614 ut
545 1559 592 1614 ille
605 1561 652 1615 cui
672 1562 796 1632 loqueris
810 1562 924 1618 audien·
964 1558 1070 1613 tionem
1083 1559 1279 1615 tantummodo
1288 1560 1404 1615 venerit.
1417 1561 1500 1614 Tales
1508 1560 1588 1614 enim
1604 1577 1662 1615 non
1671 1561 1753 1616 mem

125 1649 161 1705 do
174 1650 280 1717 credat,
291 1649 429 1704 credendo
443 1654 545 1721 speret,
559 1647 697 1721 sperando
712 1658 797 1706 amet.
965 1649 1034 1704 hora
1043 1647 1345 1720 quaChn'stianisiunt,
1357 1648 1479 1704 sedante
1498 1649 1596 1704 solent
1605 1649 1753 1705 omniadili

160 1739 328 1794 Narratione
342 1739 431 1806 finita,
448 1755 512 1810 spes
536 1739 749 1794 resurrectionis
768 1738 1063 1809 intimandaBgeuter
1071 1738 1222 1809 inquirere,
1230 1743 1258 1792 et
1267 1743 1359 1792 motus
1367 1738 1455 1792 animi
1466 1739 1512 1793 sui
1522 1755 1589 1793 cum
1600 1738 1753 1812 quibuspos·

123 1834 175 1896 est,
193 1834 222 1883 et
233 1844 284 1899 pro
297 1829 451 1900 capacitate
471 1844 503 1882 ac
531 1828 635 1883 viribus
656 1830 806 1898 audientis,
817 1846 923 1902 proque
964 1833 1031 1883 sunt
1044 1827 1252 1883 communicare
1266 1833 1351 1899 atque
1370 1827 1521 1882 discutere.
1534 1829 1609 1883 Cum
1618 1827 1663 1883 his
1674 1829 1752 1900 itaque

123 1917 212 1990 ipsius
226 1919 360 1989 temporis
374 1918 487 1973 modulo
511 1917 643 1973 adversus
673 1934 756 1974 ranas
780 1919 924 1976 irrisiones
963 1917 1229 1988 breviteragendum
1244 1922 1333 1984 est,et
1350 1933 1406 1972 non
1416 1918 1514 1972 odiose
1528 1917 1750 1990 inculcandoqu

124 2007 280 2063 infidelium
295 2007 467 2079 decerperis
482 2008 686 2063 resurrectione
700 2010 924 2078 tractandum,et
965 2012 1079 2072 norunt,
1091 2007 1139 2061 sed
1160 2007 1285 2061 modeste
1300 2006 1528 2076 perstringendo,
1547 2007 1590 2061 ita
1604 2007 1749 2062 utdicamns

123 2097 212 2152 lhtum'
221 2097 314 2152 ultimi
324 2097 424 2167 judicii
434 2096 559 2152 bonitate
574 2097 603 2152 in
616 2095 713 2167 bonos,
730 2098 879 2154 severitate
894 2100 924 2154 in
965 2112 1016 2151 nos
1029 2095 1220 2168 crederequod
1225 2097 1284 2166 jam
1292 2095 1498 2150 noverintillud
1506 2096 1747 2168 etqueillud,atque

124 2187 224 2253 malos,
245 2186 361 2241 veritate
376 2187 405 2241 in
427 2203 533 2242 omnes.
551 2187 841 2260 commemoratisque
859 2204 923 2245 cum
966 2185 1018 2239 hoc
1028 2185 1111 2240 modo
1119 2186 1223 2240 cursim
1233 2201 1398 2240 enumerare
1409 2186 1507 2240 omnia
1521 2201 1586 2257 quae
1599 2184 1707 2240 rudibus
1717 2185 1765 2240 in·'

123 2275 309 2331 detestatione
325 2280 353 2330 et
373 2277 488 2330 horrore
514 2276 604 2348 poenis
627 2277 788 2349 impiorum,
805 2294 924 2349 regnum
964 2273 1357 2347 doctisqueinculcaudasunt
1366 2280 1399 2328 ut
1408 2274 1462 2329 etsi
1473 2274 1544 2347 quid
1553 2274 1745 2331 nautarum

121 2367 264 2436 iustorum
280 2371 364 2436 atque
375 2365 499 2420 fidelium
510 2381 634 2437 superna
644 2365 693 2420 illa
703 2366 923 2438 ciuusejusque
964 2363 1018 2419 iste
1031 2380 1088 2420 non
1102 2369 1237 2436 tanquam
1250 2381 1269 2418 a
1281 2363 1393 2419 doctore
1407 2363 1517 2432 audiat,
1534 2364 1591 2419 etsi
1605 2364 1670 2436 quid
1689 2364 1743 2419 torte

118 2453 258 2524 ‘gaudium
272 2469 336 2509 cum
346 2453 484 2508 desiderio
497 2453 708 2526 predicandum
718 2459 770 2510 est.
777 2457 849 2510 Tum
857 2472 923 2511 rero
964 2453 1055 2509 adhuc
1073 2454 1185 2524 ignorat
1197 2454 1265 2508 dum
1280 2470 1314 2508 ea
1339 2469 1599 2511 commemoramus
1611 2470 1672 2526 qua
1682 2453 1742 2510 illm

122 2542 288 2598 instruenda
302 2549 331 2597 et
343 2543 496 2598 animanda
510 2548 553 2598 est
566 2541 716 2599 infirmitas
735 2544 858 2600 hominis
871 2545 923 2600 ad·
964 2558 1046 2597 nosse
1056 2544 1115 2614 jam
1139 2542 1278 2598 credhnus
1305 2542 1403 2596 discat.
1420 2543 1495 2597 Sunt
1513 2543 1584 2598 item
1605 2542 1741 2615 quidsmde

121 2647 220 2686 versus
229 2633 401 2687 tentationes
411 2637 440 2687 et
449 2632 590 2700 scandala,
602 2633 744 2701 sircforis,
756 2634 813 2689 sive
822 2634 851 2689 in
862 2634 924 2706 ipsa
964 2632 1065 2687 scholis
1076 2631 1268 2686 usitatissimis
1285 2630 1550 2702 grammaticorum,
1567 2638 1740 2704 oratorumque

122 2720 200 2776 intus
215 2722 333 2776 ecclesia
349 2740 354 2774 :
371 2722 440 2775 soris
455 2722 588 2777 adsersus
608 2723 728 2793 gentiles
750 2723 793 2777 vel
813 2724 923 2780 Judaeos
963 2721 1116 2789 venientes,
1125 2720 1640 2793 quosuequeinteridiotasnumerare
1649 2721 1737 2785 sudem

123 2810 166 2864 rel
178 2810 332 2877 hereticos,
343 2810 419 2865 intus
430 2816 525 2865 autem
544 2811 677 2866 adversus
684 2828 757 2868 area
771 2813 922 2869 Dominicee
963 2824 1055 2883 neque
1068 2811 1143 2865 inter
1157 2810 1221 2866 illos
1236 2810 1412 2865 doctissimos
1419 2825 1541 2881 quorum
1555 2828 1638 2866 mens
1650 2826 1739 2882 magn

122 2899 227 2972 paleas,
245 2916 301 2954 non
315 2904 349 2954 ut
363 2905 461 2954 contra
475 2900 587 2971 singula
602 2918 796 2972 perversorum
816 2919 922 2973 genera
962 2916 1026 2954 rum
1036 2917 1131 2955 rerum
1141 2905 1185 2955 est
1195 2899 1346 2954 exercitata
1356 2900 1571 2970 questionibus.
1580 2901 1630 2955 His
1639 2898 1737 2971 ergoqui

121 2988 289 3061 disputetur,
307 3005 460 3059 omnesque
469 2989 583 3043 illorum
595 3006 688 3062 pravae
698 2991 843 3062 opiniones
858 3009 921 3064 pro-
961 2989 1093 3061 loquendi
1105 2995 1165 3044 arte
1180 2990 1288 3044 caeteris
1303 2989 1464 3044 hominibus
1487 2990 1625 3045 excellere
1635 2989 1737 3044 ridentur

119 3078 221 3148 positis
236 3077 437 3150 questionibus
462 3078 636 3133 refellantur.
653 3080 707 3134 Sed
722 3096 773 3150 pro
793 3086 1024 3154 temporaneum
1040 3078 1153 3133 veniant
1169 3085 1201 3133 ut
1215 3077 1367 3132 Christiani
1380 3078 1460 3144 fiant,
1474 3078 1528 3133 hoc
1542 3078 1663 3150 amplius
1674 3092 1735 3149 quan

119 3165 197 3221 brevi
221 3166 471 3222 demonstrandum
495 3174 538 3221 est
559 3168 600 3220 ita
619 3183 680 3222 esse
703 3170 877 3239 praedictum,
892 3177 921 3227 et
961 3167 1017 3222 illis
1032 3167 1183 3223 illitteratis
1198 3166 1339 3240 impartiri
1354 3166 1500 3232 debemus,
1519 3167 1595 3238 quod
1606 3167 1736 3222 sedulomo

119 3271 182 3328 quse
194 3257 232 3310 sit
245 3256 351 3311 utilitas
362 3257 551 3311 tentationum
562 3256 723 3312 erudiendis
737 3258 876 3326 fidelibus,
892 3265 921 3314 et
961 3256 1045 3312 nendi
1055 3263 1130 3323 suut,
1148 3263 1179 3312 ut
1193 3256 1352 3311 humilitate
1372 3256 1466 3311 induti
1479 3256 1643 3312 Christiana
1654 3256 1735 3312 disant

119 3361 181 3417 quae
197 3345 335 3400 medicina
349 3347 377 3400 in
394 3346 520 3417 exemplo
535 3345 745 3417 patientiueDei,
759 3348 807 3418 qui
821 3349 920 3402 statuit
961 3344 1734 3417 noncontemnerequoscognoverunt,morumritisqusu

116 3450 208 3506 usque
224 3435 253 3488 in
268 3435 353 3489 linem
367 3435 421 3489 ista
435 3434 608 3506 permittere.
625 3436 696 3490 Cum
710 3452 776 3491 vero
788 3436 920 3492 adr-ersus
960 3433 1107 3490 verborum
1124 3435 1244 3507 amplius
1260 3435 1393 3500 devitare,
1411 3441 1439 3490 et
1453 3434 1532 3490 cordi
1547 3440 1625 3490 casto
1636 3435 1734 3506 limum

118 3540 166 3579 eos
181 3525 340 3591 insimitur,
357 3540 476 3596 quorum
492 3540 628 3596 perversae
638 3523 727 3579 turbae
738 3526 921 3597 corporaliter
960 3523 1142 3579 exercitatam
1155 3525 1340 3579 necconserre
1355 3524 1676 3596 audeaut,quametism
1686 3537 1733 3595 pre

117 3613 236 3687 implent
252 3615 382 3670 ecclesias
399 3633 404 3666 :
422 3614 505 3668 simul
530 3613 616 3669 etiam
637 3621 777 3686 praecepta
797 3614 919 3671 breviter
960 3613 1032 3668 serre
1047 3620 1260 3669 consueverunt.
1269 3614 1388 3668 Maxime
1395 3619 1492 3668 autem
1508 3613 1558 3669 isti
1573 3613 1733 3669 docendisurt

116 3708 147 3759 et
154 3704 285 3759 decenter
299 3710 555 3759 commemorantur
578 3704 745 3759 Christiana
766 3709 851 3776 atque
870 3706 918 3761 ho-
960 3703 1118 3777 Scripturas
1132 3704 1231 3758 audire
1244 3703 1362 3769 divinas,
1378 3720 1414 3757 ne
1441 3703 1558 3758 sordeat
1583 3705 1624 3758 eis
1642 3701 1732 3759 sobduu

116 3799 205 3850 nesta
225 3794 453 3860 conversationis,
471 3810 506 3848 ne
528 3793 562 3847 ab
584 3793 710 3861 ebriosis,
727 3794 827 3862 avaris,
844 3794 918 3850 frau-
959 3793 1112 3864 eloquium,
1128 3792 1264 3865 quianon
1278 3792 1472 3860 estiullatum,
1489 3792 1732 3866 nequeabinam

116 3883 272 3949 datoribus,
306 3883 485 3950 aleatoribus,
513 3883 657 3950 adulteris,
689 3884 914 3953 fornicatoribus,
958 3882 1116 3936 carnalibus
1130 3881 1330 3953 integumentis
1343 3881 1469 3936 involuta
1482 3880 1731 3955 atqucopertade

116 3972 708 4044 speculatorumamatoribus,remediorum
717 3973 917 4045 sacrilegorum
957 3972 1001 4025 vel
1012 3971 1086 4026 sacta
1095 3972 1251 4037 hominum,
1263 3989 1324 4044 quae
1340 3971 1370 4025 in
1382 3970 1437 4026 illis
1451 3970 1533 4047 libris
1548 3972 1683 4044 leguntur,
1695 3982 1731 4025 aa

116 4061 326 4132 allegatoribus,
356 4061 604 4134 praecantatoribus
632 4063 847 4129 mathematicis,
874 4065 917 4118 rel
957 4061 1109 4116 evolvenda
1123 4067 1209 4134 atque
1224 4060 1377 4133 operienda
1391 4066 1424 4115 ut
1438 4056 1731 4134 intelligantur-:sedric

118 4150 306 4221 quarundibet
315 4151 419 4205 artium
432 4168 566 4207 ranarum
581 4157 609 4206 et
623 4153 761 4207 malarum
780 4153 917 4208 divinato·
958 4150 1118 4223 accipienda
1146 4157 1178 4206 ut
1203 4151 1304 4206 littera
1328 4156 1439 4218 sonant,
1456 4150 1551 4222 deque
1565 4151 1628 4224 ipsa
1639 4149 1731 4207 aulae

116 4239 195 4295 ribus
210 4245 294 4311 atque
304 4240 466 4310 hujusmodi
481 4241 588 4295 caeteris
609 4241 649 4296 ita
661 4241 741 4296 facile
754 4242 913 4307 seducatur,
957 4240 1057 4295 secreti
1071 4240 1146 4294 unde
1158 4240 1244 4298 etiam
1259 4239 1394 4312 mysteria
1407 4245 1546 4295 vocantur
1564 4238 1732 4314 quidmst

116 4329 322 4402 etimpunitum
334 4329 387 4383 sibi
394 4329 465 4384 forte
472 4329 633 4398 arbitretur,
644 4331 710 4402 quia
715 4331 791 4387 videt
800 4333 913 4400 multos,
923 4330 1138 4430 Daenigmatum
1149 4329 1263 4385 latebrae
1272 4330 1312 4402 ad
1328 4345 1454 4384 amorem
1468 4327 1730 4386 veritatisacueuduu

116 4421 165 4491 qui
181 4419 334 4475 Christiani
346 4420 532 4491 appellantur,
548 4420 608 4475 hacc
625 4436 721 4475 amare
735 4427 763 4476 et
778 4438 871 4493 agere,
888 4427 917 4477 et
956 4418 1219 4491 discutiendumque
1232 4418 1338 4474 fastidii
1347 4425 1502 4491 torporem,
1515 4419 1579 4492 ipsa
1587 4414 1730 4493 experientis

116 4509 275 4576 defendere,
294 4516 323 4563 et
344 4510 471 4576 suadere,
496 4515 525 4565 et
543 4510 721 4580 persuadere.
752 4511 820 4575 Quis
839 4512 915 4567 enim
957 4507 1133 4580 probandum
1148 4516 1200 4577 est,
1222 4509 1326 4565 talibus
1351 4525 1415 4564 cum
1444 4508 1555 4581 aliquid
1577 4510 1619 4565 eis
1636 4504 1729 4581 qualit

117 4598 181 4653 linis
187 4600 328 4670 praestitus
335 4599 405 4654 sitin
412 4599 542 4654 taliavita
547 4599 824 4671 perseverantibuset
831 4618 916 4672 quam
957 4604 1089 4670 promptu
1104 4599 1238 4672 positum,
1249 4616 1307 4655 non
1321 4599 1363 4653 ita
1374 4603 1497 4667 moreat,
1515 4594 1729 4655 modauonsnle

117 4687 174 4740 sint
188 4688 217 4742 in
230 4688 291 4759 ipsa
313 4689 436 4743 Ecclesia
449 4688 588 4743 tolerandi
602 4705 636 4745 er
661 4706 717 4760 qua
737 4689 767 4744 in
788 4691 844 4745 sme
856 4708 917 4763 spe·
957 4689 1043 4760 gorise
1057 4689 1176 4760 alicujus
1187 4688 1305 4745 cruitur.
1323 4688 1374 4743 llis
1389 4688 1467 4743 enim
1491 4688 1614 4744 maxime
1631 4687 1728 4744 utus

117 4776 198 4831 randi
213 4784 279 4831 sunt
293 4778 450 4833 divinorum
464 4778 600 4833 librorum
614 4779 784 4835 testimoniis
798 4780 916 4836 edocen·
958 4793 1040 4834 nosse
1049 4779 1090 4833 ita
1100 4796 1161 4834 esse
1172 4778 1367 4851 proponendas
1376 4777 1469 4833 verbis
1483 4779 1727 4847 seutentiasutp't

117 4868 186 4921 dum
196 4873 248 4933 est,
256 4867 502 4938 praenuntiandum
512 4868 598 4922 etiam
614 4869 794 4925 inventurum
805 4887 870 4926 eum
887 4871 915 4927 in
958 4869 1073 4941 ponitur
1082 4869 1192 4924 animus
1207 4869 1325 4942 corpori,
1340 4886 1373 4924 er
1386 4885 1444 4941 quo
1452 4869 1496 4937 nt,
1511 4874 1545 4925 ut
1557 4870 1599 4925 ita
1614 4862 1725 4923 mdledt·
1782 4936 1784 4940 ,

117 4956 240 5011 Ecclesia
254 4957 357 5010 multos
373 4956 548 5010 Christianos
561 4956 659 5024 bonos,
677 4958 915 5037 venssimoscives
956 4957 1042 5013 beant
1056 4960 1177 5014 veriores
1192 4976 1277 5031 quarn
1292 4957 1455 5015 disertiores
1483 4960 1584 5016 audire
1601 4967 1721 5014 munt,
1773 5020 1781 5029 ,

116 5046 237 5100 coelestis
251 5046 417 5101 Jerusalem.
435 5047 462 5101 Si
478 5046 609 5117 csseipse
622 5048 747 5118 eruperit,
765 5048 801 5103 sd
823 5055 914 5105 extre·
955 5049 1027 5104 sicut
1040 5050 1124 5103 malle
1139 5048 1243 5104 debent
1255 5049 1451 5120 prudentiores
1470 5065 1558 5121 mam
1581 5043 1721 5104 fomute·
1768 5106 1777 5118 „

117 5153 195 5191 mum
205 5153 240 5190 ne
251 5153 313 5208 spes
322 5136 382 5206 ejus
392 5136 420 5189 in
430 5137 542 5190 homine
552 5138 780 5208 ponatursedulo
797 5155 914 5194 monen—
954 5137 1432 5194 habereamicos:norcrintetiam
1447 5154 1508 5195 nou
1527 5154 1589 5194 ue
1609 5125 1717 5190 roseit·l
1770 5161 1784 5208 ,-

118 5227 231 5292 dusest,
243 5226 410 5297 quianeque
427 5226 505 5280 facile
520 5226 555 5280 ab
567 5227 680 5281 homine
687 5228 808 5298 judicari
823 5234 915 5299 potest
956 5243 1039 5282 aures
1052 5229 1102 5283 Dei
1117 5228 1170 5283 nisi
1180 5229 1310 5283 allectum
1321 5228 1419 5283 animi.
1436 5229 1482 5283 Ita
1498 5229 1576 5283 enim
1590 5216 1714 5282 nmmilc
1762 5274 1777 5297 ,-

118 5315 181 5385 quis
195 5316 279 5370 horno
302 5317 340 5370 sit
354 5317 459 5386 justus,
474 5322 505 5371 et
526 5317 550 5370 si
564 5317 645 5373 facile
660 5322 763 5388 posset,
781 5334 836 5372 non
851 5319 914 5374 ideo
955 5317 1026 5371 bunt
1039 5319 1063 5372 si
1075 5319 1183 5390 aliquos
1190 5319 1330 5374 antistites
1342 5323 1372 5373 et
1382 5318 1531 5373 ministros
1543 5308 1713 5373 uoelaiattt
1766 5335 1774 5381 ς

118 5402 198 5456 nobis
213 5405 331 5475 proponi
346 5406 472 5477 exempla
479 5407 622 5476 justorum
635 5411 668 5461 ut
679 5407 714 5462 ab
729 5408 769 5462 eis
781 5408 915 5478 justifica
956 5408 1214 5476 animadverterint,
1226 5409 1269 5463 rel
1284 5425 1348 5463 cum
1358 5407 1543 5464 barbarismis
1556 5393 1711 5463 etsolett'tml
1772 5452 1784 5476 ς

118 5494 290 5559 mur,sedut
305 5495 655 5552 eosimitantesaheorum
667 5497 914 5568 justificatorenos
955 5499 1105 5553 Dominum
1120 5499 1258 5563 invocare,
1275 5499 1319 5552 rel
1339 5497 1439 5553 eadem
1453 5498 1612 5570 uerbaque
1627 5497 1710 5565 wll*
1762 5530 1781 5565 -,

118 5597 229 5652 quoque
240 5584 388 5653 iustificari
402 5587 532 5641 sciamus.
551 5587 695 5643 Hoeenim
710 5589 759 5644 llet
768 5589 842 5660 quod
856 5604 914 5643 ma·
955 5588 1027 5643 tiant
1039 5604 1094 5644 non
1110 5589 1266 5659 intelligere
1280 5585 1708 5661 penummaqusuisinawtw
1758 5616 1784 5655 ·-,
