3786 6128
102 315 171 383 537
366 315 711 385 missiamanum
730 316 808 373 EPP.
828 316 936 373 PAULI
956 318 1025 374 utu.
1042 319 1101 375 XX.
1118 349 1150 360 -
1171 319 1210 374 IN
1229 318 1341 375 EPIS'l'.
1361 321 1410 375 ΑΙ)
1430 319 1508 376 OOL.
1707 320 1758 377 538

102 441 253 508 metitus
268 441 374 498 moeret
386 441 576 498 diversitatem
598 442 746 508 virtutum,
760 442 871 497 Pharao
890 445 1007 505 etAtur
1020 444 1055 498 ad
1072 445 1222 517 specialem
1242 444 1462 500 consolationem
1481 444 1577 499 dicens
1600 465 1606 498 ε
1629 448 1759 501 Mulieres

102 529 378 597 Nabuchodonosor
394 531 454 587 baec
474 530 641 586 vestimenta
663 529 794 586 habuisse
814 532 919 587 scribe·
960 536 1075 589 subdita
1090 541 1169 589 estote
1188 537 1451 603 virissimtoportct
1465 536 1633 589 indomino.
1653 535 1759 591 Uxores

102 626 227 685 pennu,
239 624 270 674 et
283 636 341 675 non
354 618 920 692 ioseph,quisubperegrinoetpastomli
958 623 1040 692 jubet
1053 622 1180 678 subditas
1200 639 1260 678 esse
1275 622 1394 677 maritis.
1416 624 1479 697 Viri
1489 625 1597 691 ‹titipite
1607 640 1704 678 osores
1714 640 1758 677 ec·

102 712 302 792 patrevestes
314 708 465 764 discolores
481 714 510 764 et
526 708 619 779 regias
639 707 742 763 habere
761 725 817 764 non
838 715 920 781 pote-
959 716 1041 777 siros,
1057 717 1081 766 et
1100 715 1184 767 notite
1197 716 1294 766 amari
1311 728 1364 766 esse
1381 713 1418 765 ud
1436 714 1509 766 ittcs.
1524 711 1607 766 Viros
1625 712 1759 767 admonet

102 802 170 863 rat.
188 797 309 867 (emm.)
322 798 378 852 Per
390 797 486 852 omnia
499 798 554 852 ista
567 797 656 852 suasit
670 797 787 853 utillum
802 815 864 869 quae
878 798 920 852 in·
960 800 1077 872 diligere
1087 818 1153 857 suas
1166 818 1266 856 uxores
1281 818 1332 856 nec
1346 801 1462 856 moleste
1476 817 1544 872 erga
1556 801 1619 855 illas
1639 800 1754 856 versari.

102 888 208 949 ricem
223 892 268 941 est
281 885 449 941 charitatem
457 886 487 941 in
496 885 576 941 nobis
585 886 786 952 custodiamus,
796 887 919 943 charita-
959 891 1028 945 iiiiii
1034 892 1136 945 obedite
1142 892 1306 959 perentibus
1311 894 1461 960 peremnia
1474 893 1755 960 :ttoeenimptecitnm

102 980 153 1043 pis
164 975 246 1030 emm
254 991 342 1047 opera
354 980 421 1030 sunt
430 974 494 1042 ists,
506 980 709 1047 etpermanens
718 974 749 1030 in
757 975 858 1031 iisdem
868 977 918 1032 ad·
959 985 1038 1035 estin
1049 979 1361 1034 dominoSuadeisiliis
1376 985 1408 1034 ut
1417 977 1571 1034 obaudiant
1581 978 1753 1050 parentibus.

102 1063 194 1149 jicit:
206 1062 408 1134 Supportentes
417 1067 566 1119 incicemet
576 1066 709 1119 donantes
724 1066 919 1135 vobismetipsis
959 1070 1184 1123 Petresnotttead
1190 1069 1410 1137 indignationem
1416 1071 1563 1137 provocari
1571 1071 1642 1136 titios
1657 1072 1756 1122 vestrm

103 1159 140 1219 μ’
149 1156 216 1223 quis
224 1154 355 1207 aduersus
368 1156 490 1224 utiquam
500 1154 578 1208 debet
589 1157 738 1222 queniam,
751 1159 780 1208 et
793 1155 919 1226 exemplo
959 1162 991 1211 nt
1006 1173 1061 1211 non
1073 1160 1268 1227 pusittmn'mes
1294 1160 1372 1225 fierit.
1397 1157 1526 1211 Patribus
1541 1157 1640 1212 suadet
1655 1164 1756 1213 utnon

105 1241 305 1308 sslissuadere
318 1242 434 1313 cupiens
448 1243 505 1297 ait:
519 1242 598 1299 Sicut
618 1247 642 1296 et
655 1244 792 1297 ttoniinns
806 1245 918 1299 denovit
960 1247 1101 1318 superssuc
1115 1246 1487 1311 tristentsiliossuos.Scrui,
1496 1247 1597 1300 obedite
1606 1249 1756 1315 peremnia

113 1333 201 1397 ωῠίε,
212 1334 350 1386 ituetses.
363 1331 470 1387 Deinde
479 1331 764 1387 adconllrmstionem
779 1332 918 1388 dictomm
959 1336 1081 1390 dominis
1091 1338 1262 1399 carnatibus,
1279 1352 1335 1389 non
1345 1338 1382 1389 ed
1397 1339 1508 1390 eentum
1521 1339 1665 1390 scrutantes
1677 1338 1758 1404 qumi

117 1436 204 1493 aper
218 1436 332 1475 omnem
347 1420 420 1475 hanc
432 1420 599 1476 charitatem
614 1421 812 1492 compendioso
826 1421 919 1476 dicere
960 1424 1541 1493 nonitnieusptaeemes,sminmnpimtan
1555 1426 1644 1478 cordis
1656 1427 1756 1479 timen-

124 1508 453 1577 enitebantatishabete
464 1509 652 1580 diligentiam,
664 1514 735 1564 etex
751 1510 918 1581 quahoium
961 1514 1111 1568 tosticum:
1129 1515 1309 1583 qnodcunqee
1320 1515 1415 1581 facitis
1433 1529 1465 1567 ec
1485 1516 1582 1567 enimc
1600 1516 1758 1581 operamini

130 1599 235 1659 tinctio
248 1598 378 1665 efficitur,
393 1604 422 1653 et
435 1599 585 1654 ostendens
603 1598 748 1654 charitatis
767 1599 919 1654 utilitatem
959 1604 1029 1656 sicut
1042 1603 1189 1656 Dominoet
1202 1603 1432 1666 connominatus,
1448 1604 1569 1666 scientes,
1583 1603 1655 1670 queit
1672 1601 1757 1655 alto-

137 1686 365 1759 aljicit:0uodest
377 1690 523 1742 vincutum
533 1689 719 1756 perfectionis.
738 1688 858 1754 Etenim,
875 1689 918 1743 in-
960 1694 1037 1745 ·mine
1052 1693 1190 1760 accipietis
1214 1691 1423 1744 retributionem
1440 1691 1617 1756 hereditatis,
1639 1691 1757 1744 ltomino

143 1775 196 1850 quit,
209 1776 237 1830 in
249 1776 347 1830 futuro
361 1776 472 1841 saeculo,
483 1792 516 1830 ac
526 1774 573 1831 ubi
579 1776 798 1844 constiterimus,
809 1777 838 1831 in
850 1777 918 1831 illud
929 1762 1067 1836 Beiram
1074 1783 1180 1834 scissile.
1189 1779 1273 1834 lubet
1287 1785 1316 1833 et
1325 1795 1419 1833 servos
1435 1779 1547 1833 obedire
1562 1778 1620 1833 suis
1636 1778 1757 1832 dominis

147 1865 377 1937 quodpraeceptum
388 1870 432 1919 est
438 1866 538 1932 adhuc,
547 1865 576 1919 id
584 1870 628 1920 est
634 1864 783 1931 charitate,
795 1866 919 1937 colligati
960 1868 1139 1941 inspicientes
1151 1868 1268 1922 inillam
1276 1867 1413 1922 mercedis
1423 1867 1688 1934 remunerationem,
1696 1883 1757 1937 qua·

148 1953 297 2021 hinricem,
322 1952 560 2026 permanebimus,
582 1955 689 2009 nullam
711 1955 919 2027 separationem
960 1975 978 2012 a
989 1958 1048 2013 Deo
1065 1957 1121 2012 illis
1134 1957 1306 2011 retribuetur
1322 1973 1372 2028 pro
1387 1955 1462 2010 fideli
1479 1955 1600 2020 servitio,
1622 1960 1650 2009 et
1664 1956 1705 2009 ita
1719 1955 1757 2009 sa-

149 2043 237 2098 rlteiius
250 2043 423 2098 sustinentes
438 2061 444 2096 :
459 2043 619 2098 tenebimur
632 2059 698 2098 vero
716 2043 747 2098 in
770 2044 919 2099 concordis
960 2047 1014 2102 cite
1026 2046 1099 2101 sicut
1107 2052 1137 2117 et
1147 2048 1257 2117 justum
1272 2051 1316 2100 esi
1328 2045 1420 2100 lacere
1439 2061 1497 2111 eos,
1514 2044 1561 2115 qui
1585 2062 1602 2098 a
1624 2045 1682 2100 Deo
1704 2044 1757 2099 sibi

151 2129 238 2203 ilique
251 2148 320 2202 erga
332 2133 500 2187 alterutrum
510 2137 554 2186 est
563 2131 685 2203 idipsum
695 2133 873 2187 alterutrum.
885 2134 918 2188 iit
959 2136 1118 2191 mercedem
1139 2134 1224 2190 tribui
1244 2140 1413 2207 exspectant.
1430 2134 1493 2188 Non
1508 2133 1581 2188 sicut
1598 2131 1758 2188 hominibus

151 2222 289 2289 subtristi
297 2224 413 2274 excutiet
431 2224 463 2275 in
474 2222 717 2275 cordibusecstris.
733 2221 829 2276 Sciens
843 2223 919 2276 enim
960 2224 1122 2287 servientes,
1143 2223 1192 2278 sed
1212 2224 1286 2278 sicut
1303 2223 1345 2276 illi
1360 2240 1377 2276 a
1391 2239 1446 2293 quo
1461 2228 1489 2277 et
1499 2221 1657 2276 mercedem
1675 2221 1757 2275 vicis-

152 2305 332 2364 lsitusl'sulus
341 2309 474 2381 quoniam
484 2309 622 2365 charitate
632 2316 764 2364 manente
774 2310 869 2365 omnia
881 2310 920 2366 sa·
962 2313 1015 2368 sim
1029 2313 1079 2367 sibi
1090 2312 1176 2367 imbui
1190 2318 1352 2384 exspectant
1361 2311 1462 2383 quibus
1482 2311 1578 2381 adjicit
1594 2328 1600 2363 z
1618 2312 1672 2378 Oui
1683 2312 1758 2363 eni-m

152 2396 185 2451 ete
194 2397 359 2469 diriguntur,
373 2397 428 2452 illis
444 2415 507 2453 vero
522 2415 585 2469 qum
598 2399 920 2454 contrariasuntteneu·
960 2405 1100 2472 injuriam
1110 2403 1187 2469 feeit,
1203 2404 1313 2470 recipiet
1325 2403 1354 2454 iit
1367 2403 1438 2469 quod
1449 2403 1545 2468 inique
1559 2402 1639 2467 pessit
1654 2403 1678 2452 et
1703 2414 1759 2452 non

152 2483 278 2542 itasmhil
295 2487 417 2542 efficitur
436 2504 469 2542 er
494 2486 551 2542 illis
573 2503 634 2558 que
649 2487 827 2553 conveniunt,
844 2489 919 2543 omni
960 2497 998 2546 est
1005 2506 1190 2560 personarum
1202 2493 1319 2559 acceptio
1333 2491 1409 2558 apud
1426 2490 1522 2543 henin.
1546 2488 1685 2553 Quoniam
1706 2488 1758 2542 etsi

152 2572 372 2631 bndecbaritate
381 2576 504 2631 multum
522 2576 614 2631 lacere
627 2576 738 2633 videtur
747 2593 918 2645 sermonem,
960 2581 1056 2650 aliqua
1070 2579 1178 2634 ratione
1188 2579 1292 2649 injuste
1301 2595 1350 2633 eos
1360 2577 1467 2632 domini
1474 2577 1599 2648 affligere
1608 2576 1756 2642 voluerint,

153 2665 306 2720 mandens
316 2665 521 2720 exhortationis
529 2666 681 2720 utilitatem
696 2666 806 2736 adjicit:
818 2670 853 2722 in
865 2683 920 2736 quc
960 2686 1018 2724 non
1025 2676 1109 2724 emnt
1119 2667 1302 2735 innoxii,Deo
1314 2667 1420 2722 scilicet
1432 2666 1537 2721 nullius
1547 2681 1695 2737 personam
1710 2670 1760 2719 aut

152 2754 359 2809 sentimum
375 2770 432 2808 nno
451 2770 570 2823 corpore,
582 2761 607 2808 et
624 2757 702 2822 preti
717 2760 805 2809 estote.
826 2755 920 2810 Unum
962 2756 1124 2830 accipiente,
1137 2762 1187 2812 aui
1200 2761 1353 2811 reverente.

151 2841 263 2912 quoddam
277 2859 381 2914 corpus
394 2859 445 2916 per
459 2842 703 2914 regenerationem
719 2843 785 2898 iacti
798 2860 896 2899 sumus
912 2863 917 2898 :
1271 2863 1388 2918 cqpuq
1403 2863 1450 2917 pv,

151 2929 236 2987 “dm
254 2938 299 2987 ω
316 2937 414 2987 autem
437 2948 568 3003 ‘immam
583 2949 612 2986 ¹¹¹
625 2948 695 3003 ΡΜ
709 2948 806 2988 summ
819 2939 920 2999 ‘mu‘
962 2971 1092 3025 Dominos
1105 2973 1223 3024 instruit
1232 2969 1391 3039 Apostolus;
1408 2975 1432 3023 st
1451 2970 1624 3024 commendet
1644 2983 1672 3022 se
1695 2982 1759 3021 ore·

151 3021 303 3092 ”imm
311 3018 476 3093 ⁰⁰fPl¹⁸⁸lbi
489 3021 543 3093 ipsi
560 3037 686 3092 unquam
696 3021 749 3075 ⁸⁰st
762 3020 920 3076 dlSffilffl·
1000 3044 1121 3097 tionibus
1135 3043 1343 3106 deterrentium,
1357 3042 1498 3095 ostendens
1523 3041 1655 3110 quomodo
1679 3054 1705 3092 se
1724 3039 1761 3091 ud

151 3104 310 3165 lbmnvenit
322 3126 372 3164 vos
381 3109 496 3165 obhanc
508 3110 598 3182 ipsam
606 3109 781 3165 vocationem
790 3108 953 3184 operibusc
999 3114 1121 3181 infidetes
1137 3113 1233 3166 trabere
1243 3114 1355 3167 debeant
1363 3131 1371 3176 ,·
1388 3114 1538 3181 etponitur
1553 3111 1680 3180 Epistote
1699 3124 1760 3164 con-

149 3198 326 3265 trdoshabitu
335 3215 386 3254 vos
395 3199 513 3266 ostendi,
521 3199 710 3254 custodientes
720 3198 797 3253 illam
807 3215 875 3271 erga
884 3200 922 3253 al-
999 3186 1085 3239 ⁶¹²⁴⁸f0
1096 3199 1148 3253 W
1160 3186 1367 3238 “immimin-

151 3288 600 3359 mmmmtegmmvocstionem.
613 3290 726 3343 Verbum
735 3289 839 3344 Christi
846 3290 922 3343 nabi·
996 3291 1120 3348 Dornim',
1128 3292 1309 3359 mnirtjustum
1320 3295 1357 3343 est
1372 3293 1397 3342 ct
1409 3304 1519 3357 equum
1531 3290 1616 3342 serv-is
1623 3292 1759 3356 preston,

151 3376 468 3431 tetineobiscbundonter.
480 3377 677 3444 Ditissimesii,
687 3376 787 3447 inquit,
800 3377 830 3433 iu
843 3376 921 3432 vobis
961 3381 1074 3434 tristiter
1081 3380 1182 3448 quodsi
1190 3395 1233 3432 sos
1243 3380 1395 3433 Dominum
1403 3378 1507 3432 tratetis
1521 3379 1553 3430 in
1570 3379 1641 3430 ceto.
1655 3374 1762 3446 (Amb.)

149 3459 317 3534 bachum
332 3465 469 3532 doctrina,
488 3466 724 3538 quemadmodum
740 3467 769 3520 in
783 3466 860 3521 omni
876 3484 921 3520 so·
963 3467 998 3522 Et
1017 3467 1139 3522 dominis
1162 3467 1262 3521 suadet
1288 3473 1320 3520 ut
1336 3465 1405 3520 illud
1421 3465 1496 3536 quod
1515 3463 1649 3519 concedet
1671 3463 1760 3517 servis

148 3553 360 3617 ttniodocentes
378 3559 403 3608 et
421 3560 618 3609 commonentes
634 3559 814 3624 vosmetipsos
827 3555 872 3610 Sic
886 3554 921 3608 il·
962 3555 1097 3622 tribuant,
1109 3556 1232 3610 humane
1245 3572 1312 3625 erga
1322 3571 1369 3608 eos
1379 3560 1495 3624 agentes
1507 3558 1536 3607 et
1551 3553 1674 3622 inopere
1689 3550 1759 3604 dile·
1838 3550 1840 3555 ⁴

149 3635 365 3699 brumassidusm
374 3642 475 3697 habete
484 3644 649 3698 memorium
658 3649 690 3697 ut
702 3659 813 3715 semper
827 3644 920 3698 videa·
962 3644 1083 3699 ctionem
1096 3645 1152 3699 iltis
1162 3643 1326 3715 prebentes,
1334 3648 1363 3696 ei
1372 3642 1546 3712 diligentiam
1556 3641 1668 3694 illorum
1679 3639 1759 3693 adhi-

149 3728 327 3804 uisivosipsos
335 3732 436 3787 docere
443 3739 473 3787 et
481 3732 633 3787 admonere
647 3738 865 3804 consequentem
882 3733 922 3787 eis
962 3735 1070 3801 bentes,
1082 3740 1166 3805 prout
1176 3738 1277 3803 potest,
1297 3730 1446 3786 streniam
1460 3730 1514 3783 illis
1534 3727 1761 3799 delinquentibus

151 3813 507 3876 mmmmnvemationem
522 3826 696 3875 ostentantes
708 3839 714 3888 ;
730 3821 771 3875 sic
782 3823 857 3875 enim
868 3820 924 3874 erit
963 3822 1099 3889 tribuant,
1111 3839 1173 3877 cum
1185 3838 1233 3876 eos
1243 3836 1359 3893 peccare
1378 3818 1520 3884 acciderit,
1539 3818 1592 3872 hoc
1607 3816 1682 3872 enim
1695 3815 1762 3870 dicit

152 3902 264 3965 basma
282 3909 312 3963 in
326 3908 405 3964 vobis
419 3911 481 3980 ejus
494 3909 630 3976 doctrina,
647 3910 671 3964 si
686 3926 798 3981 semper
805 3910 864 3965 hac
874 3926 922 3965 ea·
961 3913 1072 3983 justum
1083 3916 1244 3981 etoequum,
1255 3915 1288 3964 ut
1301 3925 1356 3963 non
1368 3907 1490 3978 aequales
1500 3905 1552 3961 sibi
1562 3922 1610 3961 eos
1628 3921 1689 3959 esse
1707 3904 1762 3959 exi-

153 3990 196 4051 lem
207 3999 359 4070 cogitantes
370 3998 400 4052 in
420 4005 512 4053 vestro
532 4014 616 4053 sensu
639 4015 701 4053 eam
716 3999 856 4053 custodire
877 4015 924 4052 vo·
964 4000 1080 4056 stiment
1091 4019 1097 4053 :
1110 3999 1253 4054 fierienim
1265 3996 1521 4069 potestquandout
1536 3995 1660 4050 serviant
1678 3993 1759 4054 servi,

154 4079 245 4142 luitis.
253 4087 326 4143 Nam
335 4087 410 4159 quod
420 4087 491 4141 dixit
508 4090 540 4140 in
556 4091 636 4141 enini
652 4090 799 4156 snpientia,
816 4087 924 4158 sapien·
964 4095 994 4145 et
1002 4106 1066 4144 cum
1076 4089 1187 4159 integro
1195 4087 1318 4143 serviant
1327 4087 1435 4140 ellectu.
1448 4085 1539 4139 Tanta
1554 4083 1680 4155 scripsit;
1695 4099 1761 4138 sua-

156 4169 203 4228 lim
214 4176 403 4232 vocavitillum
412 4175 585 4231 intellectum
597 4176 685 4246 quide
692 4175 753 4230 istis
763 4181 807 4230 est
823 4194 828 4228 :
846 4178 923 4230 Psot-
964 4178 1013 4233 det
1022 4184 1116 4233 autem
1125 4184 1154 4232 et
1163 4177 1207 4231 his
1220 4177 1279 4231 haec
1285 4175 1424 4230 custodire
1434 4174 1484 4228 illa
1493 4174 1637 4239 memoris,
1654 4173 1721 4242 quia
1734 4178 1763 4226 et

157 4263 634 4333 niqtiymnis,conticisspiritutihns,
643 4267 923 4332 ingratincantuntcs
964 4266 1018 4338 ipsi
1031 4266 1088 4321 sint
1096 4265 1148 4320 sub
1155 4264 1276 4320 Domino
1291 4265 1339 4319 illo
1349 4263 1438 4335 quiin
1457 4263 1534 4317 coelis
1544 4269 1603 4316 est:
1618 4261 1762 4315 etiterum

157 4348 470 4412 transmeantium.
483 4353 608 4423 Semper,
624 4353 726 4424 inquii,
738 4352 768 4407 in
778 4370 861 4408 sensu
875 4369 924 4407 ve·
965 4356 1001 4410 ad
1016 4354 1241 4410 communionem
1256 4353 1383 4418 vertitur,
1402 4358 1430 4406 et
1443 4351 1497 4405 ait:
1510 4351 1639 4406 Orationi
1651 4353 1762 4404 insten-

158 4441 301 4511 tbugratias
310 4442 387 4514 agite
401 4442 459 4497 Deo
468 4458 520 4513 pro
530 4441 632 4513 quibus
647 4441 717 4497 talia
730 4441 862 4513 prestitit
875 4439 955 4499 vo-li
966 4449 1010 4507 tes,
1027 4447 1172 4512 uigilantes
1186 4447 1218 4497 in
1232 4459 1263 4497 ca
1277 4446 1309 4496 in
1320 4444 1482 4510 pretiorum
1497 4441 1613 4493 actione.
1626 4437 1763 4507 Praecepit

158 4518 563 4600 hlt·tlrnncqnodcannesamiis
574 4534 605 4585 in
620 4533 699 4585 cerdo
717 4536 768 4584 ant
787 4546 819 4584 in
836 4546 920 4599 opere,
964 4530 1058 4587 sobria
1066 4537 1160 4586 mente
1169 4531 1282 4585 assidue
1290 4545 1381 4594 orare,
1396 4535 1481 4599 atque
1494 4527 1601 4596 gratias
1613 4541 1697 4595 agere
1711 4541 1761 4597 pro

159 4619 261 4674 nmen
273 4623 385 4674 nominc
393 4620 507 4674 Itomini
515 4622 578 4674 tara
592 4621 801 4687 tentamentis
816 4624 924 4687 agentes
964 4621 1020 4677 illis
1029 4620 1110 4676 bouis
1119 4636 1180 4691 quie
1188 4619 1241 4674 sibi
1251 4622 1342 4673 sunta
1351 4618 1409 4672 Deo
1419 4615 1534 4670 tributa.
1547 4615 1662 4669 Orantis
1675 4617 1761 4668 simut

159 4698 841 4779 lnPetriperipsum.thuodcunque‚inquit,aut
854 4707 924 4762 dici·
964 4716 1051 4780 cipro
1062 4711 1138 4764 notis
1152 4713 1185 4762 ut
1199 4710 1269 4763 Dens
1278 4710 1385 4776 operiet
1400 4706 1476 4759 nobis
1486 4706 1587 4757 ostium
1596 4704 1673 4757 certi
1687 4705 1762 4772 toqui

157 4787 924 4867 insutagitisdnmentesinChristodebitamgrstiarum
964 4800 1098 4867 mysterio
1108 4798 1220 4855 Christi.
1234 4801 1347 4866 propter
1356 4795 1428 4862 quod
1438 4797 1461 4846 et
1473 4795 1576 4860 ligatus
1587 4795 1762 4858 retinuimu-

157 4880 266 4940 tctionem
274 4886 333 4941 Deo
342 4891 372 4940 et
380 4884 458 4939 Patri
465 4884 568 4939 referre
580 4891 728 4956 properate
737 4902 788 4957 pro
799 4885 924 4956 illisque
965 4888 1091 4954 nifastem
1100 4886 1174 4940 titud
1181 4889 1252 4939 sicut
1263 4885 1389 4937 conuenit
1398 4884 1475 4950 toqui
1483 4898 1534 4935 me.
1545 4880 1599 4936 Sed
1610 4886 1696 4950 etpro
1711 4896 1762 4933 no·

153 4980 189 5037 l&
198 4971 336 5029 Christum
348 4973 428 5028 vobis
442 4978 509 5028 sunt
522 4973 649 5045 praestita
660 4992 665 5027 :
676 4974 782 5028 etenim
797 4973 827 5028 in
848 4973 923 5044 psal·
965 4974 1017 5041 bis,
1028 4973 1261 5045 inquit,0rareut
1270 4969 1524 5043 coopereturnobis
1533 4969 1670 5034 Christus,
1679 4968 1762 5022 etdo-

151 5057 191 5113 nis
205 5068 233 5117 et
250 5062 365 5136 hymnis
383 5068 412 5118 et
430 5061 546 5117 canticis
567 5062 741 5134 spiritalibus
768 5062 924 5133 gratiarum
965 5080 1027 5118 cere
1044 5079 1141 5117 omnes
1160 5062 1301 5133 possimus
1322 5060 1399 5114 illam
1422 5076 1483 5131 quse
1506 5058 1536 5112 in
1562 5057 1705 5113 Christum
1719 5064 1763 5111 est

150 5148 265 5206 utonem
293 5151 414 5217 vocavit,
440 5151 494 5206 hoc
520 5151 626 5219 dicens,
656 5152 685 5206 in
713 5151 843 5206 cordibus
880 5167 924 5205 ve-
965 5148 1512 5222 veritatem,proquoetalligatussum
1528 5145 1711 5216 adpraesens.
1727 5147 1761 5199 in

145 5237 198 5293 ni·
207 5241 312 5312 gratias
325 5240 403 5312 agite
416 5240 485 5307 Deo,
499 5246 549 5295 aut
563 5241 749 5312 quodcunque
763 5245 813 5295 aut
832 5239 924 5294 dicitis
964 5243 1101 5311 sapientis
1113 5240 1252 5294 cinbutcte
1261 5239 1298 5292 ed
1307 5255 1349 5292 eos
1359 5239 1408 5307 qni
1417 5238 1567 5304 ferierunt,
1577 5234 1761 5302 tcmpnsredi·

142 5329 277 5401 satagitis,
287 5329 330 5385 sic
338 5334 369 5385 et
377 5328 461 5384 dicite
481 5335 510 5384 et
524 5330 600 5401 agite
619 5329 691 5385 sicut
704 5330 814 5399 justum
828 5333 871 5383 est
884 5327 925 5382 di·
965 5333 1075 5384 mentes.
1097 5328 1167 5383 Cum
1191 5325 1350 5399 prudentia,
1375 5324 1476 5395 inquit,
1498 5322 1555 5377 illis
1574 5321 1623 5395 qui
1637 5323 1761 5377 extremi

139 5430 193 5471 tere
203 5418 275 5487 illes,
286 5419 336 5490 qui
349 5418 419 5472 talis
431 5417 543 5490 assequi
558 5418 636 5489 digni
658 5423 725 5472 suni
743 5417 841 5472 habiti.
858 5418 923 5472 Haec
964 5423 1030 5472 sunt
1039 5417 1119 5471 asido
1128 5415 1333 5487 disceptamini,
1344 5429 1467 5486 praesens
1476 5416 1588 5483 tempus
1597 5416 1681 5483 prout
1695 5427 1762 5467 con-

136 5505 203 5561 ssim
216 5512 261 5562 est
281 5523 350 5562 vera
367 5507 524 5578 gratiarum
543 5507 616 5562 actio
635 5506 755 5560 :deinde
771 5511 800 5560 et
814 5506 844 5559 in
871 5506 923 5560 hac
964 5506 1078 5561 veniens
1095 5511 1139 5560 est
1156 5505 1234 5559 vobis
1248 5503 1406 5569 abutentes,
1419 5518 1451 5556 eo
1473 5501 1548 5573 quod
1561 5501 1609 5557 ille
1623 5501 1671 5573 qui
1685 5517 1761 5556 com-

132 5601 205 5667 pete
214 5595 389 5653 imitsusilh
398 5611 460 5667 quse
469 5594 506 5650 sd
520 5595 654 5671 Ephesios
672 5594 824 5667 scripserat
836 5595 922 5650 verti·
964 5600 1046 5667 parat
1058 5593 1313 5672 aliquid‚sdusum
1323 5588 1677 5649 suarumutilitatumitlud
1687 5604 1762 5643 com·
