3786 6128
120 301 171 356 tot
416 304 446 356 B.
469 304 604 361 usuam
623 306 739 361 unum
758 308 926 363 tucatur.
946 307 1108 362 uocum.
1129 305 1278 362 eruhuit
1301 305 1395 361 PARS
1412 307 1465 375 ul.
1706 301 1758 365 5ὅῦ

122 425 262 502 prioribus
275 429 401 499 Apostoli
416 428 546 482 meliores
565 428 608 482 sui
622 429 735 483 fuerant
754 430 854 496 effecti,
872 431 1017 493 sedAtem
1032 430 1189 494 laudantes,
1206 446 1239 483 eo
1254 430 1328 500 quod
1343 435 1373 483 et
1387 427 1536 484 tormentis
1557 428 1643 482 variis
1665 427 1758 481 allecti

122 516 412 588 perseveraverintin
436 517 555 588 pristino
577 534 628 572 suo
650 534 735 589 pravo
763 519 916 590 proposito.
958 517 987 572 iu
1011 518 1110 572 eodem
1132 523 1209 573 statu
1230 518 1435 590 permansistis.
1461 517 1536 572 Bene
1558 521 1653 570 autem
1677 514 1758 580 dixit,

123 603 226 659 Scribit
241 604 328 674 igitur
341 605 493 659 secundam
517 606 590 660 hanc
610 607 773 677 Epistolam,
795 608 919 680 primum
961 624 974 657 t
995 623 1065 676 quas
1082 605 1235 672 sustinetis,
1254 626 1267 661 u
1283 623 1316 661 eo
1335 607 1410 678 quod
1430 606 1484 660 hoc
1501 604 1689 659 demiratione
1715 603 1760 659 di·

122 692 234 764 quidem
249 693 413 748 collaudans
428 711 484 761 eos,
500 695 573 765 quod
584 702 682 750 contra
691 712 787 751 omnes
797 697 919 768 impetus
958 710 1047 766 gnum
1060 700 1130 761 erat,
1146 694 1220 766 quod
1234 694 1299 749 sorti
1314 694 1407 749 animo
1427 693 1599 749 sustinerent
1613 693 1695 747 illata
1706 690 1761 746 sibi

121 781 349 836 adversariorum
363 783 541 838 decertantes
562 799 618 839 nou
639 785 752 840 fuerant
770 786 916 856 superati:
960 788 1101 837 tormenta
1117 801 1123 836 :
1140 782 1241 837 deinde
1257 783 1325 837 dicit
1338 789 1367 837 et
1385 782 1472 854 ipsius
1495 781 1635 854 passionis
1651 780 1763 835 utilita-

120 869 290 925 adhortatur
303 887 369 926 vero
385 888 433 926 eos
447 871 533 926 etiam
548 874 672 928 currenti
687 880 814 945 ternpore
828 874 858 928 in
871 892 919 930 eo·
960 878 1027 938 tem,
1047 890 1060 923 u
1076 872 1105 926 in
1120 872 1389 926 demonstrationem
1401 872 1472 941 justi
1484 869 1583 942 judicii
1597 869 1659 935 Dei,
1670 876 1705 924 ut
1717 868 1761 923 di·

121 960 186 1014 dem
201 958 353 1030 persistere
371 961 513 1032 proposito
538 978 707 1034 omnemque
724 969 920 1035 tempestatem
963 978 976 1012 (ι
992 959 1041 1030 gni
1055 958 1216 1015 habeamini
1231 975 1319 1031 regno
1334 960 1394 1027 Dei,
1410 976 1461 1031 pro
1480 975 1536 1030 quo
1550 963 1578 1012 et
1592 957 1760 1029 petimine·

123 1047 159 1102 ab
174 1047 342 1102 adversariis
356 1049 464 1104 illatam
479 1066 529 1120 per
539 1051 703 1121 patientiam
711 1069 853 1123 superare.
870 1054 922 1108 De·
961 1048 1132 1121 apparebitis
1146 1048 1251 1104 etenim
1270 1048 1306 1103 ob
1325 1049 1381 1104 ista
1401 1049 1430 1103 in
1455 1047 1549 1103 futuro
1564 1047 1667 1102 seculo
1685 1047 1764 1117 justa

123 1137 188 1191 inde
203 1136 318 1191 instruit
332 1154 389 1201 eos,
402 1145 434 1193 ut
447 1154 503 1194 non
519 1140 680 1195 existiment
693 1140 855 1196 incumbere
868 1140 921 1196 sibi
962 1137 1071 1192 ratione
1088 1153 1207 1208 regnum
1219 1139 1353 1192 coelorum
1368 1137 1493 1192 fruentes
1509 1154 1515 1190 z
1532 1136 1557 1190 si
1570 1139 1762 1207 tamenetpro

123 1225 380 1281 consummationes
394 1232 570 1299 temporum3
587 1228 661 1284 inter
681 1235 782 1284 caetera
797 1246 862 1284 vero
876 1230 920 1285 in·
962 1226 1010 1281 illo
1037 1226 1096 1298 pati
1124 1226 1311 1297 acquiescitis,
1336 1243 1470 1297 magnum
1490 1225 1632 1297 quoddam
1657 1223 1763 1281 meum

122 1314 209 1370 struit
218 1331 266 1369 eos
276 1314 311 1368 de
318 1315 475 1371 antichristi
486 1318 617 1385 adventu,
629 1323 658 1372 et
668 1319 791 1390 qualiter
799 1320 841 1373 vel
852 1336 921 1390 quo·
962 1315 1154 1369 existimantes
1164 1332 1224 1370 esse
1239 1315 1412 1370 fruitionem.
1420 1314 1612 1370 Etostendens
1627 1313 1763 1384 quoniam

124 1401 207 1457 modo
219 1403 258 1457 sit
266 1405 446 1474 appariturus
460 1424 465 1472 ;
479 1405 513 1460 de
524 1406 739 1478 indisciplinatis
748 1407 871 1462 scribens
879 1425 923 1462 ve-
962 1420 1014 1458 nec
1028 1403 1196 1458 adversariis
1209 1402 1278 1457 talia
1291 1403 1321 1457 in
1332 1403 1388 1457 illis
1396 1402 1562 1458 facientibus
1570 1402 1627 1456 erit
1635 1402 1762 1473 impune,

123 1491 329 1547 hementereos
340 1493 502 1564 corripiens,
519 1511 552 1549 eo
568 1496 642 1566 quod
655 1496 725 1550 nihil
739 1513 772 1550 ex
786 1496 923 1568 illisprio-
962 1491 1083 1562 adjicit:
1101 1514 1114 1544 o
1131 1492 1161 1546 Si
1172 1497 1268 1546 tamen
1281 1494 1390 1563 justum
1415 1498 1458 1546 est
1477 1490 1552 1563 apud
1573 1491 1666 1545 Deum
1685 1490 1765 1545 retri-

123 1579 202 1635 ribus
217 1581 328 1653 scriptis
338 1581 444 1637 fuerint
452 1582 542 1652 adjuti
553 1583 583 1637 in
592 1583 694 1655 quibus
706 1585 854 1640 consilium
867 1584 922 1639 illis
964 1600 977 1633 c
998 1580 1084 1636 buere
1098 1580 1142 1635 bis
1156 1581 1204 1652 qui
1218 1580 1355 1635 tribulant
1372 1596 1421 1634 ros
1435 1579 1657 1645 tribulationem,
1676 1584 1707 1634 et
1720 1595 1765 1633 xo-

125 1668 243 1724 dederat
256 1669 290 1725 de
305 1670 361 1724 illis
384 1688 445 1742 quae
459 1688 507 1726 eos
519 1689 603 1743 agere
617 1673 828 1728 conveniebant.
852 1674 922 1729 Cau·
965 1688 978 1722 t<
998 1669 1040 1724 bis
1051 1669 1099 1741 qui
1108 1668 1285 1724 tribulamini
1291 1668 1417 1741 requiem
1424 1668 1579 1723 nobiscum.
1589 1668 1681 1723 »Nam
1691 1666 1765 1739 quod

124 1757 181 1812 tius
197 1774 260 1813 vere
275 1759 310 1813 de
320 1758 449 1814 omnibus
456 1759 630 1816 instruemur
640 1778 674 1816 ex
683 1762 738 1817 illis
750 1779 812 1833 quse
823 1763 851 1817 in
859 1758 1030 1841 sudeicit
1053 1759 1077 1812 si
1098 1759 1207 1829 justum
1227 1764 1279 1825 est,
1299 1758 1352 1812 hoc
1373 1757 1449 1823 dicit,
1468 1776 1481 1809 «
1497 1757 1520 1811 si
1534 1762 1631 1812 tamen
1650 1758 1762 1826 justum

123 1846 306 1918 sequentibus
322 1847 471 1903 habentur.
964 1854 1015 1902 est.
1034 1848 1132 1901 »Vult
1150 1847 1225 1902 euim
1247 1847 1339 1902 dicere
1356 1866 1362 1900 ι
1379 1846 1447 1918 quia
1465 1847 1543 1916 justa
1562 1853 1629 1901 tunc
1655 1846 1765 1900 ratiorm

964 1937 1038 1991 Deus
1052 1936 1114 1990 illos
1129 1936 1244 2006 quidem
1259 1935 1307 2007 qui
1321 1935 1390 1989 talia
1411 1935 1441 1989 in
1463 1934 1594 2006 presenti
1616 1934 1677 1988 vita
1698 1950 1765 2004 erga

379 1991 496 2046 CAPUT
515 1991 668 2047 PRIMUM·
964 2041 1012 2079 vos
1025 2029 1175 2095 gesserunt
1188 2023 1289 2079 subdet
1303 2040 1401 2095 poenae,
1418 2023 1496 2077 robis
1508 2039 1583 2088 vero,
1597 2039 1649 2094 pro
1664 2021 1766 2094 quibus

126 2095 239 2151 Gratias
261 2099 320 2180 opit
334 2099 476 2166 Apostolus
500 2099 532 2151 de
552 2099 621 2183 berra
645 2100 924 2184 Tltcsmlom'ccmium
965 2113 1103 2185 patimini,
1116 2130 1248 2184 magnam
1263 2111 1398 2184 praebequ
1411 2111 1672 2167 ,emmeramum
1686 2111 1770 2183 largi.

143 2173 355 2233 conuersatione,
362 2171 468 2223 orando
474 2185 528 2239 pro
537 2173 650 2223 meliore
659 2176 905 2225 conxmmnatrone.
966 2201 1047 2265 mim
1064 2208 1093 2256 et
1107 2218 1199 2274 poenae
1208 2202 1297 2273 ipsius
1305 2201 1451 2274 publicans
1461 2201 1580 2272 pondus,
1596 2199 1667 2254 dicit
1681 2201 1767 2255 epm

166 2309 179 2343 c
199 2291 314 2359 Paulus,
337 2297 367 2346 et
388 2293 527 2360 Silvanus,
548 2299 577 2347 et
599 2293 772 2360 Timotheus,
798 2295 928 2349 Ecclesia
968 2290 1059 2362 qualis
1072 2291 1111 2344 sit
1125 2291 1261 2363 adremus
1275 2290 1364 2362 ipsius
1376 2289 1479 2361 J'udicis
1496 2307 1502 2342 :
1521 2307 1534 2340 c
1551 2289 1584 2344 ln
1598 2289 1770 2344 revelatione

130 2402 141 2431 a
164 2379 454 2436 Thessalonicensium
465 2382 495 2436 in
505 2383 563 2436 Deo
573 2382 657 2436 Patre
666 2388 762 2437 nostro
773 2384 927 2437 etDomino
970 2398 983 2429 «
1004 2379 1116 2433 Domini
1130 2380 1196 2434 Jesu
1212 2380 1247 2433 de
1261 2380 1330 2433 coelo
1352 2394 1417 2433 cum
1438 2377 1545 2449 augelis
1563 2377 1679 2432 virtutis
1698 2379 1768 2448 ejus,

18 2504 26 2520 .
131 2469 231 2523 «lesu
247 2468 369 2524 Christo.
382 2470 481 2525 Gratia
490 2471 568 2525 vobis
583 2479 612 2525 et
620 2487 674 2543 pax
687 2473 773 2526 aDco
787 2472 870 2527 Putre
880 2488 929 2527 no-
971 2467 1033 2522 «in
1048 2468 1164 2522 flamma
1184 2468 1258 2539 iguis
1279 2467 1373 2522 dantis
1394 2467 1545 2522 vindictam
1571 2465 1616 2520 his
1642 2466 1692 2537 qui
1714 2483 1771 2522 non

131 2576 144 2607 a
165 2563 223 2610 stro
238 2563 267 2611 at
281 2558 401 2613 Domino
415 2561 481 2613 lesu
497 2559 617 2614 Christo.
637 2561 782 2629 alimen)
793 2562 929 2632 llacprae-
971 2578 984 2607 a
1004 2562 1143 2611 noverunt
1156 2557 1246 2611 Deum
1270 2562 1299 2610 et
1322 2556 1371 2627 qui
1391 2572 1446 2610 non
1468 2554 1604 2610 obediunt
1620 2554 1771 2626 Evangelio

130 2645 282 2716 scriptione
293 2646 422 2717 Epistolae
431 2647 505 2701 facta
514 2648 612 2719 incipit
621 2649 660 2702 sic
672 2666 703 2701 :t
719 2649 831 2704 Gratias
845 2666 929 2721 agere
972 2664 985 2698 c<
1005 2645 1117 2700 Domini
1132 2645 1222 2700 nostri
1235 2647 1302 2700 lesu
1317 2644 1431 2699 Christi.
1447 2663 1460 2697 ›>
1475 2642 1641 2698 Terribilem
1649 2659 1702 2714 per
1714 2658 1770 2697 om-

133 2751 146 2784 «
167 2732 301 2788 debemus
312 2735 371 2789 Deo
384 2752 496 2806 semper
511 2753 561 2807 pro
576 2736 662 2803 vobis,
677 2736 788 2804 iratres,
804 2738 876 2793 sicut
889 2738 930 2792 di·
969 2734 1018 2788 nia
1033 2735 1094 2804 ejus
1109 2734 1260 2788 adrentum
1276 2750 1338 2788 esse
1352 2733 1484 2799 ostendit,
1501 2738 1530 2786 et
1543 2732 1597 2786 loci
1611 2736 1725 2795 natura,
1736 2731 1771 2787 si·

133 2840 146 2873 u
166 2837 256 2893 gnum
270 2829 321 2877 est.
340 2825 391 2878 »Α
407 2829 564 2894 gratiarum
583 2825 692 2879 actione
712 2825 834 2898 incipere
855 2827 929 2881 idem
970 2823 1084 2894 quidem
1096 2823 1132 2877 de
1145 2823 1214 2876 coelo
1221 2822 1348 2890 videtur3
1361 2829 1390 2876 et
1399 2828 1431 2876 ut
1439 2821 1634 2876 ministrorum
1643 2821 1773 2876 videatur

132 2912 281 2981 Apostolus
296 2929 369 2984 saepe
383 2919 426 2967 est
440 2913 548 2979 solitus,
564 2914 617 2968 hoc
629 2931 695 2968 vero
718 2914 747 2968 in
770 2915 830 2969 loco
844 2915 930 2971 etiam
970 2911 1115 2977 fortitudo,
1131 2927 1195 2966 curn
1209 2910 1317 2982 angelis
1338 2912 1400 2982 eius
1422 2911 1534 2964 virtutis
1554 2915 1708 2963 venturum
1728 2909 1771 2963 di·

130 2999 262 3055 dilatasse
286 3000 376 3072 ipsam
397 3002 555 3072 gratiarum
579 3003 717 3058 actionem
741 3003 851 3058 videtur
874 3020 930 3059 non
970 3000 1022 3068 cit,
1039 3006 1068 3053 et
1081 3004 1285 3054 tormentorum
1299 2999 1420 3070 speciem
1445 3000 1589 3052 hammam
1611 3014 1675 3052 esse
1699 2997 1773 3069 ignis

130 3087 257 3143 absolute
273 3089 369 3144 dicens
381 3091 489 3160 gratias
502 3091 622 3162 agimm,
639 3092 829 3163 sedquoniam
841 3111 853 3141 «
864 3109 930 3163 gra·
942 3088 1049 3154 edicit,
1062 3105 1191 3143 asserens
1204 3104 1269 3142 vero
1284 3094 1313 3141 et
1336 3088 1371 3142 de
1389 3087 1445 3141 illis
1464 3087 1513 3158 qui
1535 3093 1603 3141 sunt
1616 3086 1772 3141 tormentis

130 3176 186 3230 tias
200 3193 285 3247 agere
298 3177 442 3245 debemus,
460 3199 473 3231 a
490 3181 570 3250 quasi
585 3180 633 3251 qui
655 3186 684 3234 et
702 3180 824 3235 incusari
837 3182 875 3236 sit
888 3182 930 3236 di·
971 3176 1145 3246 subjacendi,
1160 3183 1211 3231 aut
1222 3193 1270 3231 eos
1285 3177 1333 3247 qui
1349 3192 1406 3230 non
1420 3181 1558 3231 noverunt
1568 3175 1669 3242 Deum,
1679 3180 1710 3229 et
1722 3174 1770 3246 qui

131 3280 214 3336 gnus,
231 3266 256 3319 si
270 3282 326 3321 non
341 3266 467 3322 debitum
482 3269 612 3323 redderet
626 3286 677 3340 pro
687 3270 752 3337 illis,
767 3287 818 3340 pro
829 3269 931 3341 quibus
972 3282 1028 3320 non
1043 3265 1230 3320 obaudierunt
1245 3265 1403 3336 Evangelio,
1412 3266 1549 3335 majorem
1562 3269 1773 3319 tormentorum

132 3358 160 3407 et
174 3352 278 3410 debent
291 3356 448 3426 gratiarum
462 3357 611 3424 actionem,
627 3374 661 3412 eo
684 3358 758 3429 quod
773 3359 931 3414 necessarie
972 3371 1070 3409 eorum
1094 3354 1213 3426 prebuit
1231 3353 1438 3427 probationem,
1455 3359 1484 3408 et
1502 3353 1644 3424 siquidem
1664 3353 1729 3407 illos
1750 3352 1775 3408 si

132 3441 234 3497 debere
257 3444 336 3498 illam
360 3445 489 3501 videatur
504 3464 510 3499 t
527 3452 556 3500 et
575 3447 695 3517 adjectio
718 3454 760 3502 est
784 3448 932 3519 perspicua
971 3444 1147 3498 solummodo
1170 3459 1227 3498 non
1251 3442 1410 3498 obedierint
1435 3442 1511 3508 fidei,
1535 3457 1617 3513 poena
1648 3448 1773 3508 manem,

133 3546 218 3602 quam
233 3532 338 3602 adjecit
351 3533 446 3588 dicens
462 3553 494 3588 :u
506 3535 584 3590 Sicut
593 3535 710 3606 dignum
726 3541 778 3591 est.
792 3537 893 3600 »Quod
903 3543 932 3591 et
972 3539 1077 3603 quanto
1091 3532 1182 3602 magis
1195 3532 1268 3599 illos,
1284 3531 1333 3603 qui
1346 3530 1524 3586 credentibus
1542 3530 1700 3585 calumnias
1719 3531 1774 3584 im·

132 3620 226 3691 ipsum
237 3628 420 3692 augmentum
430 3624 558 3690 actionis,
570 3623 708 3696 siquidum
716 3625 859 3680 tuliasunt
869 3643 930 3697 quae
971 3621 1184 3692 pressionesqne
1196 3619 1342 3691 irrogant?
1352 3620 1452 3674 deinde
1459 3626 1488 3674 et
1493 3624 1703 3674 tormentorum
1713 3635 1776 3691 spe·

132 3709 287 3764 secuudum
302 3727 349 3765 eos
359 3718 434 3776 sunt,
448 3719 479 3767 ut
485 3713 562 3782 juste
572 3714 630 3767 Deo
644 3730 694 3785 pro
704 3713 760 3768 illis
774 3714 930 3785 gratiarum
970 3709 1041 3763 ciem
1056 3715 1206 3780 exaggerat
1219 3716 1303 3780 prout
1321 3716 1422 3780 potest,
1440 3709 1536 3763 dicens
1552 3727 1558 3761 :
1576 3726 1591 3761 ¹
1606 3708 1662 3772 Qui
1677 3723 1775 3780 Poenfl

133 3799 207 3853 actio
222 3799 368 3855 reseratur.
386 3801 465 3856 Unde
481 3803 631 3857 ostendens
646 3803 713 3874 quia
728 3804 793 3874 jure
813 3804 868 3858 ista
887 3803 930 3857 di·
971 3798 1050 3854 luent
1072 3797 1204 3852 interitus
1227 3804 1384 3852 aeternas.»
1405 3799 1478 3852 Nam
1502 3815 1535 3852 ex
1551 3796 1690 3869 qualitate
1712 3796 1776 3869 ipsa

133 3887 182 3954 cit,
198 3904 231 3943 eo
246 3890 320 3960 quod
335 3906 439 3960 magna
452 3898 534 3945 erant
550 3891 599 3945 illa
622 3908 684 3962 qum
704 3893 859 3946 secundum
883 3909 931 3947 eos
971 3887 1068 3957 gravia
1083 3892 1224 3941 tormenta
1240 3903 1301 3941 esse
1321 3886 1453 3941 ostendit.
1473 3887 1618 3957 Siquidem
1641 3886 1775 3941 interitus

134 3981 225 4043 erant,
236 3976 276 4031 ait
292 3997 298 4031 :
317 3996 330 4029 a
346 3978 486 4042 Quoniam
501 3980 685 4050 supercrescit
700 3980 770 4035 tides
785 3986 886 4046 vestra,
904 3988 933 4036 et
973 3982 1049 4043 sunt,
1064 3981 1094 4030 et
1107 3975 1265 4030 exterminii
1281 3974 1439 4046 perditione
1453 3975 1640 4046 perficientes,
1656 3991 1692 4029 ex
1704 3981 1777 4031 tem·

136 4062 292 4119 «abundat
305 4066 427 4121 charitas
440 4068 932 4139 uniuscujusqueomniumvestrum
973 4081 1051 4136 pore,
1069 4064 1143 4135 quod
1163 4080 1219 4119 non
1243 4064 1278 4118 ad
1301 4071 1422 4135 tempus,
1440 4064 1489 4118 sed
1511 4069 1617 4118 aetema
1639 4068 1709 4119 suut
1724 4082 1731 4117 z
1747 4069 1777 4119 at

135 4170 149 4201 a
166 4151 195 4205 in
212 4151 389 4208 alterutrum.
404 4173 416 4207 r
432 4155 542 4209 Etenim
557 4173 607 4226 per
621 4156 716 4210 omnia
730 4157 854 4212 ostendit
867 4175 934 4229 quo·
975 4153 1077 4207 iterum
1093 4153 1127 4207 ad
1142 4169 1291 4224 personam
1311 4152 1431 4207 recurrit
1451 4152 1554 4223 judicis
1576 4168 1662 4223 poena
1686 4152 1776 4224 ipsius

134 4239 212 4294 niam
227 4256 330 4312 magna
345 4248 426 4297 erant
441 4243 490 4297 illa
504 4260 566 4315 quae
581 4245 734 4299 secundum
744 4262 792 4300 eos
803 4252 892 4313 erant,
901 4264 933 4301 ex
974 4242 1199 4313 magnitudinem
1213 4242 1312 4296 exinde
1326 4242 1494 4296 ostendens:
1509 4240 1634 4295 «Afacie
1649 4241 1775 4309 Domini,

135 4327 237 4400 quibus
260 4329 332 4385 dixit
349 4331 434 4385 fidem
452 4348 550 4386 eorum
570 4333 677 4404 augeri,
701 4334 775 4404 quod
793 4333 935 4390 habebant
975 4339 1004 4386 et
1018 4348 1034 4386 a
1046 4331 1137 4402 gloria
1149 4331 1332 4386 fortitudinis.
1352 4331 1412 4384 »Et
1423 4330 1490 4402 quia
1499 4346 1550 4401 per
1565 4329 1778 4400 omniamagus

134 4417 241 4490 aliquid
249 4420 395 4491 ampliusa
404 4421 536 4475 firmitate
545 4440 551 4474 ε
560 4423 680 4477 llrmitas
687 4423 822 4477 enimdici
830 4430 931 4495 potest,
941 4411 965 4469 D
975 4420 1097 4475 ostendit
1111 4437 1171 4474 esse
1183 4425 1326 4474 tormenta
1340 4435 1401 4490 qua
1417 4419 1447 4472 in
1461 4418 1635 4473 aduersarios
1647 4426 1717 4474 sunt
1729 4418 1778 4473 de·

135 4507 188 4562 etsi
202 4507 232 4562 iu
247 4509 345 4564 eodem
361 4516 436 4565 statu
452 4518 574 4565 maneat.
584 4512 657 4566 Nam
672 4513 747 4584 quod
761 4512 934 4584 dixitsuper-
974 4509 1138 4581 promenda,
1154 4508 1223 4563 dicit
1237 4508 1267 4562 in
1281 4508 1383 4579 quibus
1403 4515 1471 4562 tunc
1491 4513 1575 4562 erunt
1593 4507 1624 4561 hi
1643 4508 1694 4578 qui
1713 4522 1777 4562 cre·

134 4596 231 4663 crevit,
238 4597 362 4653 ostendit
370 4599 444 4670 quod
453 4600 592 4672 etinipsa
601 4601 656 4655 srde
664 4606 848 4671 augmentum
859 4618 934 4656 sum·
974 4598 1115 4652 diderunt.
1129 4617 1143 4650 u
1159 4598 1230 4652 Cum
1244 4597 1352 4652 venerit
1370 4597 1521 4668 glorificari
1539 4597 1568 4650 in
1588 4596 1697 4651 sanctis
1715 4596 1777 4651 suis

136 4685 259 4756 pserint,·
275 4687 345 4741 etin
359 4687 528 4743 alterutrum
544 4689 711 4745 charitatem
730 4706 827 4745 eorum
843 4690 931 4746 abun·
976 4706 989 4740 t(
1009 4694 1038 4741 et
1060 4687 1202 4741 mirificari
1226 4687 1256 4741 in
1278 4685 1409 4741 omnibus
1428 4685 1477 4757 qui
1500 4684 1691 4751 crediderunt,
1709 4701 1778 4756 quo-

134 4773 203 4826 dare
217 4772 321 4839 dicens,
338 4775 412 4845 quod
432 4783 461 4830 et
483 4777 576 4848 ipsum
598 4779 722 4833 ostendit
741 4779 771 4833 in
793 4779 853 4834 dies
874 4779 932 4834 sin·
975 4794 988 4826 c
1009 4775 1086 4829 niam
1101 4776 1239 4830 creditum
1255 4782 1298 4829 est
1311 4775 1506 4829 testimonium
1529 4780 1660 4828 nostrum
1679 4773 1710 4828 in
1731 4790 1779 4828 vo-

135 4861 217 4932 gulos
245 4861 388 4917 meliorem
415 4864 529 4922 illorum
553 4866 638 4922 fuisse
662 4867 818 4938 profectum
836 4886 841 4920 :
858 4868 933 4939 quod
976 4863 1051 4918 obis
1069 4865 1098 4918 in
1118 4864 1163 4919 die
1186 4854 1481 4928 1110„,Quoddixiti
1500 4882 1512 4916 l
1530 4863 1560 4917 1¹1
1583 4862 1630 4917 die
1644 4862 1696 4917 i¹1⁰
1710 4883 1725 4917 ὓ
1740 4862 1778 4917 ⁸1¹

135 4949 222 5004 etiam
237 4951 329 5021 maus
338 4968 464 5008 asserere
475 4956 590 5026 cupiens
601 4956 680 5023 dixit,
689 4974 702 5008 r
713 4957 933 5029 uniuscujusque
974 4952 1043 5008 illud
1056 4953 1230 5008 reddendum
1245 4958 1297 5020 est,
1308 4953 1382 5024 quod
1395 4953 1528 5007 dixerat«
1543 4957 1573 5006 et
1586 4950 1735 5006 mirificari
1746 4951 1778 5007 iu

18 5097 26 5112 ⁰
135 5043 259 5094 vestrum
270 5040 397 5095 omnium
408 5042 437 5096 in
446 5043 656 5112 alterutrum3»
664 5062 762 5099 omnes
772 5045 847 5100 enirn
858 5046 934 5100 simi-
974 5042 1103 5098 omnibus
1118 5042 1436 5114 quicr·ediderunt‚rut
1449 5041 1487 5095 sit
1500 5041 1530 5095 in
1544 5039 1778 5111 mediopoaitum

135 5128 200 5184 liter
214 5128 285 5184 dixit
297 5129 369 5185 tales
385 5147 445 5185 esse
462 5149 468 5183 :
486 5138 516 5185 et
530 5150 591 5203 quse
606 5138 649 5188 est
669 5134 751 5188 istim
769 5134 811 5188 rei
830 5133 932 5206 probe·
976 5151 989 5183 «
1010 5131 1143 5203 quoniam
1165 5131 1303 5186 creditum
1328 5136 1371 5186 est
1394 5129 1574 5201 Evangelium
1595 5134 1728 5184 nosmum
1747 5129 1779 5184 in

134 5217 197 5273 tio?
213 5236 226 5269 e
242 5219 286 5274 Ita
301 5225 334 5273 ut
348 5236 399 5275 nos
413 5219 466 5291 ipsi
480 5220 509 5274 in
524 5221 601 5277 vobis
618 5222 773 5293 gloriemur
790 5223 820 5277 in
842 5223 933 5278 Eccle-
974 5220 1091 5287 vobis»
1112 5227 1142 5275 et
1163 5221 1318 5276 secundum
1337 5237 1451 5275 sensum
1474 5217 1660 5273 normumum
1680 5219 1779 5290 jacere

138 5326 151 5356 ι(
172 5305 222 5361 siis
233 5306 345 5363 Domini
359 5325 410 5380 pro
424 5309 562 5381 patientia
579 5316 681 5379 vestra,
702 5317 732 5367 et
749 5312 804 5367 fide
823 5312 852 5367 in
871 5328 932 5366 om·
974 5309 1111 5365 rideatur.
1127 5309 1195 5365 Vult
1210 5309 1285 5364 enim
1299 5308 1392 5364 dicere
1407 5327 1414 5362 ε
1430 5307 1585 5364 secundum
1598 5306 1682 5363 illum
1699 5307 1778 5363 diam

137 5412 150 5443 u
171 5392 254 5449 nibus
274 5397 514 5467 persecutionibus
532 5400 632 5455 vestris
653 5405 682 5457 et
703 5400 933 5457 tribulationibus
973 5399 1113 5471 gloriosus
1127 5404 1157 5454 et
1169 5397 1304 5453 mirabilis
1317 5397 1457 5453 videbitur
1469 5397 1500 5452 in
1514 5395 1560 5451 his
1573 5395 1623 5467 qui
1637 5395 1694 5451 sibi
1713 5412 1777 5453 cre·

137 5501 150 5532 c
171 5497 241 5552 quas
255 5484 409 5541 sustinetis.
428 5506 441 5537 »
457 5487 586 5558 Denique
608 5495 637 5543 et
655 5506 706 5545 nos
727 5490 803 5545 omni
826 5490 855 5544 in
873 5490 933 5545 loco
974 5488 1116 5555 diderunt,
1133 5504 1183 5560 per
1204 5487 1253 5542 illa
1277 5486 1351 5541 bona
1374 5503 1436 5558 quae
1456 5502 1525 5556 erga
1538 5501 1586 5540 eos
1600 5484 1697 5553 faciet,
1713 5501 1778 5558 qun

134 5569 169 5624 de
183 5568 261 5629 vobis
273 5571 428 5655 gloriantes
448 5575 605 5633 referimus.
622 5578 686 5633 lldei
701 5586 800 5635 vestra
814 5577 933 5633 firmita-
974 5577 1101 5633 etiamst
1114 5593 1160 5631 vos
1174 5576 1241 5631 estis
1257 5576 1380 5643 fruituri,
1398 5592 1432 5629 eo
1450 5574 1524 5647 quod
1544 5574 1707 5630 docuinam
1722 5590 1777 5631 ao·
