3772 6120
116 329 161 386 itt
327 328 619 388 nasammonas!
637 330 677 387 ΙΝ
695 331 772 387 ΕΡΡ.
793 331 901 389 riuti
919 332 989 389 nie.
1009 330 1112 423 xviii,
1123 361 1155 374 -
1170 333 1210 389 IN
1223 332 1335 389 uelat.
1351 334 1400 391 AD
1419 334 1544 392 urnae.
1707 335 1760 397 434

117 451 202 513 niente
219 462 386 528 quaerant
409 456 557 512 inferenda
579 464 774 529 praenosceret.
800 457 1761 539 VidebatAhaecnumerosproprioshabeant,etsintlegiones‚utipse

116 546 195 619 igitur
208 562 286 618 sape
296 562 332 600 ex
341 551 464 618 utraque
477 551 558 619 parte
573 547 613 601 sic
620 547 684 614 dici,
700 553 729 602 et
743 553 800 602 tarn
824 548 920 602 vcrisi·
959 548 1297 622 Dominusdixit,quiaab
1309 554 1468 606 unctamen
1479 555 1508 606 et
1517 564 1569 624 per
1582 568 1671 608 unum
1682 558 1759 622 sunt,

115 635 186 691 inilia
199 634 232 689 in
243 633 330 690 iebus
346 636 495 690 contrariis
516 636 613 702 asseri,
631 643 663 691 ut
680 635 823 708 ambigere
844 637 918 692 face-
958 639 1044 695 simul
1053 640 1149 695 omnia
1157 655 1244 694 unum
1252 639 1658 712 corpusappellat3sicutenim
1669 658 1760 698 mein-

116 724 919 798 reataudientem,idcircouthomoetadhuciufragilicor·
959 727 1009 783 bra
1020 747 1084 784 cuni
1099 730 1156 784 sint
1170 728 1254 783 unius
1279 728 1414 800 corporis,
1444 729 1555 784 diversa
1569 735 1664 785 tamen
1692 737 1761 788 sunt

116 814 227 888 pesculo
250 813 436 880 constitutus,
452 813 704 870 circumferebatur
714 815 826 886 quidem
842 816 918 872 omni
960 824 1023 872 actu
1029 817 1256 890 etdignitate,ita
1266 823 1295 873 et
1301 823 1432 872 creatura
1440 818 1553 873 condita
1561 819 1694 875 estalleo
1708 837 1760 895 per

116 910 191 959 vento
211 903 361 970 doctrinae,
381 903 431 959 sed
447 920 502 958 non
518 903 683 959 elidebatur.
702 904 801 960 Stabat
816 905 919 977 quippe
960 907 1114 972 Christum,
1136 914 1168 962 ut
1181 923 1198 962 a
1212 905 1348 962 cherubin
1363 910 1393 961 et
1406 907 1538 979 seraphin
1552 913 1681 979 potentes
1695 909 1757 983 [po-

117 994 241 1065 inpuppi
256 992 483 1064 gubernaculum
495 999 595 1048 teneris
611 999 639 1047 et
648 1001 812 1065 spumantes
828 995 917 1049 haere·
959 996 1068 1067 tentiis]
1082 996 1129 1068 qui
1143 994 1195 1050 sub
1207 995 1273 1051 sede
1288 995 1339 1050 Dei
1353 1001 1430 1063 sunt,
1446 1001 1476 1051 et
1493 997 1600 1068 angelis
1615 997 1757 1071 quosipse
1863 1070 1868 1075 ⁸

116 1099 176 1139 seon
193 1083 303 1137 fluctus
324 1081 390 1136 fidei
414 1082 564 1137 securitate
577 1081 735 1153 frangebat,
751 1100 807 1138 noii
820 1090 917 1138 tamen
957 1085 1094 1139 Dominus
1109 1084 1447 1157 sancmsappellatquasi
1457 1086 1585 1157 quaedam
1593 1091 1757 1143 concatena-

119 1171 271 1242 intrepidus
283 1177 312 1225 et
327 1187 453 1237 secunis,
470 1188 521 1225 nec
531 1171 642 1242 quietus
657 1179 686 1226 et
702 1172 838 1244 placidus,
853 1189 916 1245 pro-
956 1173 996 1228 tio
1007 1174 1143 1246 situsque
1156 1175 1192 1229 ad
1206 1175 1416 1229 firmamentum
1430 1174 1559 1230 ordinata
1573 1175 1755 1245 descendens,

119 1260 248 1333 spieiebat
255 1266 357 1314 ventos
364 1260 501 1315 hincinde
509 1260 670 1331 perflantes,
680 1265 709 1315 et
723 1261 916 1318 sollicitaaure
957 1267 990 1317 ut
1003 1268 1094 1318 totum
1109 1269 1137 1318 et
1144 1265 1274 1334 junctum
1293 1262 1331 1317 sit
1344 1268 1373 1318 et
1387 1262 1496 1319 meritis
1509 1263 1756 1323 tamendiscema·

120 1349 242 1421 raptabat
262 1348 448 1421 vincebatque
461 1350 622 1416 contraria;
638 1351 757 1405 sednon
786 1355 848 1405 erat
874 1351 915 1405 illi
957 1355 1013 1406 tur.
1030 1352 1137 1407 Meritis
1147 1352 1209 1407 dico
1217 1368 1273 1407 non
1287 1351 1379 1406 solum
1386 1351 1553 1420 ciliciorum,
1565 1354 1616 1410 sed
1631 1360 1661 1410 et
1670 1361 1755 1412 natu-

122 1455 208 1494 secuia
223 1437 353 1493 victoria.
365 1438 437 1502 Quia
449 1438 536 1508 igitur
547 1438 916 1495 adversariorumverbaat-
957 1456 1064 1494 rarum.
1080 1441 1138 1495 Nec
1150 1441 1225 1495 onim
1241 1441 1308 1513 quin
1333 1441 1433 1511 juncta
1452 1441 1520 1496 dicit
1547 1443 1652 1511 omnia,
1672 1444 1757 1500 unius

124 1544 165 1600 que
180 1527 320 1594 rationes,
335 1525 437 1598 quibus
446 1528 594 1583 veritatem
604 1533 729 1583 evertere
742 1528 914 1596 nitebantur,
957 1536 1041 1584 erunt
1051 1529 1222 1595 naturansed
1232 1529 1306 1600 quod
1316 1529 1346 1584 in
1360 1547 1477 1601 corpore
1501 1530 1628 1586 membra
1650 1532 1757 1589 faciunt

125 1615 223 1671 ridebat
228 1632 288 1671 nou
301 1615 382 1671 facile
394 1633 476 1687 posse
485 1617 613 1688 superari
628 1623 657 1672 et
671 1618 747 1672 omni
762 1618 914 1673 calliditate
955 1617 1190 1685 discretaofficiis,
1202 1635 1258 1674 uon
1266 1620 1422 1685 natura,ita
1434 1626 1463 1674 et
1472 1620 1689 1678 inhisomnibus
1699 1639 1756 1679 non

128 1705 218 1778 plenas,
246 1704 402 1759 dialectioee
420 1721 541 1777 quoque,
554 1706 612 1760 imo
627 1706 729 1761 diaboli
756 1712 818 1762 arte
845 1724 913 1761 con·
954 1707 1756 1781 membra,sednaturaeipsaeiaciuntdistinctiones.llocer-

129 1793 408 1865 textas,sperabatllei
417 1794 562 1857 auxilium.
571 1799 604 1850 ut
612 1812 725 1850 omnem
735 1794 915 1851 deliberatio·
923 1785 946 1845 B
954 1813 991 1867 gc
997 1802 1040 1852 est
1049 1797 1124 1869 quod
1133 1796 1322 1865 laboratur,ut
1330 1798 1366 1853 ad
1375 1814 1463 1853 unum
1473 1813 1587 1854 sensum
1599 1798 1754 1871 redigatur,

130 1883 320 1938 recidemente
331 1899 383 1937 sua
392 1883 570 1955 propelleret,
582 1891 611 1940 et
622 1890 704 1940 certae
719 1890 804 1957 atque
818 1885 915 1941 defixae
956 1885 1021 1941 etin
1035 1901 1120 1940 sensu
1129 1903 1219 1941 uuum
1232 1886 1270 1941 sit
1279 1902 1390 1958 corpus,
1406 1887 1474 1942 dum
1488 1888 1615 1944 omnium
1626 1894 1758 1944 creatura

132 1971 218 2044 alque
227 1972 279 2026 illa
288 1972 428 2026 modestia
435 1973 686 2039 crederetveiitati,
699 1981 915 2045 ctaugereteam
956 1990 1014 2028 una
1021 1974 1156 2046 professio
1169 1980 1256 2031 estut
1273 1976 1423 2032 concordet
1430 1977 1459 2030 iii
1467 1976 1604 2032 charitate
1614 1977 1756 2034 creatoris

133 2062 153 2115 'u
169 2061 319 2116 dilectione
333 2061 537 2134 Christi,quem
547 2061 653 2117 sciebat
663 2080 723 2117 csse
735 2068 763 2118 et
771 2063 858 2118 totius
866 2064 916 2119 Ec-
955 2063 1697 2138 adsuumprofectum,reaedisicatenimseintempium
1703 2066 1757 2123 Dc·

133 2149 204 2205 clasiae
214 2151 344 2222 corporis
361 2158 455 2224 caput.
477 2153 622 2207 Veritatem
635 2158 729 2206 antem
742 2155 872 2221 facientes
882 2156 915 2208 in
955 2150 1754 2209 iiiiuizdestructaenimfueratdementiaetfurorediaboli.

134 2239 258 2306 mnan,
269 2243 467 2295 craeainiesin
482 2243 531 2295 itte
553 2256 603 2309 per
614 2243 772 2310 amnia,qni
782 2246 819 2295 est
833 2247 914 2311 capnt
992 2241 1147 2309 Hociaitar
1158 2243 1253 2297 diceet
1268 2243 1437 2310 testificorin
1452 2243 1578 2308 Doniino,
1587 2246 1683 2312 ntia-in
1697 2258 1755 2298 non

135 2329 540 2399 itriaas‚esqaototanvcorpas
548 2334 914 2398 compactametconneenm
956 2330 1647 2399 ambuletis,sicutetaentesambutantincanetate
1660 2346 1754 2387 sensas

132 2435 280 2488 peonnam
291 2422 462 2488 juncturam
471 2419 751 2486 subministrationis,
762 2421 914 2474 secandam
956 2421 1010 2483 sai,
1022 2421 1141 2474 tenebris
1150 2419 1754 2486 obscuratamhabentesintellectamatiena·

133 2511 301 2577 operationem
320 2510 354 2562 in
371 2522 534 2562 mensuram
555 2509 771 2578 uniuscnjusque
785 2511 912 2571 mantii,
957 2510 981 2560 a·
986 2524 1004 2563 a
1019 2510 1076 2562 cita
1086 2508 1136 2562 Dei
1147 2524 1197 2577 per
1207 2510 1477 2577 ignorantiamque
1486 2513 1525 2562 est
1538 2511 1571 2562 in
1578 2511 1637 2564 iltis
1641 2513 1754 2578 propter

132 2603 296 2665 manentiam
307 2599 431 2667 camaris
440 2597 555 2664 faciens,
570 2598 816 2665 iaadiflcati'onem
827 2601 873 2652 sai
881 2601 913 2652 in
954 2599 1101 2651 cecitatem
1109 2598 1199 2651 cordis
1212 2599 1345 2666 ipsorani,
1354 2599 1405 2665 qai
1413 2597 1584 2666 desperantes
1602 2600 1755 2668 seeneptisos

132 2686 257 2741 acritate.
274 2685 308 2741 lii
322 2686 379 2741 fine
389 2701 567 2752 rerum,cum
576 2685 667 2741 Deum
677 2685 847 2741 facievidere
860 2703 914 2741 coe·
955 2685 1138 2741 tradiderant
1144 2687 1333 2755 impudicitia,
1339 2688 1369 2740 in
1375 2686 1752 2755 operationemimmaaditia

132 2775 238 2847 perimm
252 2774 290 2829 nd
307 2774 417 2840 faciem,
433 2780 462 2829 et
476 2775 505 2828 iii
528 2791 690 2830 mensuram
704 2777 913 2847 pervenerimus
954 2777 1046 2828 ornnes
1061 2779 1086 2829 et
1099 2776 1235 2830 auaritia.
1251 2773 1430 2830 Manifestum
1443 2781 1571 2830 creatore
1598 2779 1627 2829 et
1644 2773 1755 2831 ratione

131 2865 205 2920 atatis
216 2863 401 2937 plenitudinis
409 2863 523 2930 Christi,
534 2864 569 2918 de
575 2864 914 2937 cujusplenitudinenunc
955 2868 1076 2929 ostensa,
1087 2879 1172 2935 quam
1185 2863 1265 2934 sequi
1278 2862 1380 2918 debeat
1388 2869 1529 2930 creatura,
1540 2862 1632 2918 infide
1645 2862 1696 2918 Dei
1710 2864 1755 2919 sui

132 2968 212 3009 omes
228 2953 399 3025 accepimus,
415 2952 456 3007 ita
473 2959 505 3007 ut
514 2953 643 3008 Christus
658 2970 714 3008 nori
724 2970 758 3008 ex
770 2960 851 3025 parte
865 2955 910 3022 sit,
955 2951 1340 3008 duntaxatcontestaturillos
1351 2952 1489 3018 inDeum,
1501 2957 1534 3008 ut
1551 2968 1608 3007 non
1615 2950 1699 3006 aliter
1710 2951 1753 3006 iii-

132 3042 168 3097 sed
176 3050 251 3099 totus
264 3043 296 3097 in
306 3040 396 3110 nobis,
404 3048 433 3096 et
446 3041 551 3096 relictis
563 3043 651 3097 initiis
657 3044 837 3115 parvulorum
852 3060 913 3098 cre·
955 3041 1057 3097 cedant
1064 3042 1106 3097 vol
1116 3042 1250 3108 sentiant,
1262 3057 1347 3114 quam
1353 3042 1499 3108 docentur,
1506 3057 1543 3096 ne
1553 3039 1754 3111 similesgenti·

132 3132 344 3188 terimusincum
351 3131 453 3198 virum,
464 3132 499 3186 de
510 3148 566 3203 quo
574 3132 713 3204 propheta
737 3133 805 3187 dicit
825 3153 831 3186 :
849 3106 943 3188 EcceC
953 3129 1006 3185 bus
1020 3131 1209 3198 inveniantur,
1225 3130 1273 3204 qui
1294 3147 1344 3185 uec
1357 3131 1442 3185 fidem
1456 3129 1604 3202 recipiunt,
1622 3144 1674 3184 uec
1685 3143 1754 3184 con·

133 3222 269 3289 vir,0riens
279 3237 382 3277 nomen
391 3224 449 3290 ejas
456 3222 546 3289 (Zach.
558 3224 595 3290 vi)
608 3223 780 3289 ;etJoannes
787 3222 914 3295 Baptista
954 3221 1149 3287 versationem,
1166 3237 1251 3292 quam
1266 3220 1382 3274 mandat
1391 3220 1444 3287 lcii,
1455 3218 1606 3274 obscurum
1618 3216 1755 3274 habentes

132 3316 316 3367 conmemorat
328 3329 334 3365 :
346 3313 407 3365 Post
425 3326 468 3364 me
482 3313 557 3365 canit
569 3313 615 3365 vir
628 3315 678 3380 qai
689 3318 753 3367 ante
762 3328 806 3365 nie
823 3313 913 3379 sactus
953 3326 1078 3376 sensum,
1095 3327 1146 3364 nec
1160 3310 1368 3381 contemplatur
1391 3308 1478 3364 divini
1506 3308 1629 3363 nominis
1649 3307 1753 3363 verita·

133 3403 305 3470 eit,qiioniam
319 3405 385 3455 ante
395 3415 439 3453 nie
455 3404 514 3454 erat
534 3400 644 3467 (loann.
653 3399 683 3471 i),
698 3406 765 3456 tunc
775 3401 805 3455 iii
819 3418 915 3456 occur·
954 3404 1025 3454 tem:
1034 3416 1106 3455 vana
1113 3399 1188 3454 enim
1197 3403 1402 3470 sectantesque
1415 3402 1483 3453 aunt
1489 3397 1658 3464 idololatria,
1665 3396 1753 3452 infre·

133 3502 181 3543 tuin
195 3490 279 3545 unius
299 3489 365 3544 fidei
379 3488 503 3544 etunius
517 3489 668 3560 agnitionis
678 3490 741 3545 Filii
753 3484 814 3558 Del,
829 3508 913 3562 quem
954 3494 1083 3544 nantura
1097 3488 1217 3555 diabolo,
1234 3506 1269 3542 iio
1278 3488 1363 3543 unius
1376 3488 1427 3543 Dei
1437 3487 1492 3541 iter
1506 3486 1647 3553 incedant,
1658 3491 1692 3541 ut
1705 3501 1751 3541 so-

133 3592 191 3633 rimc
204 3597 254 3650 pro
268 3579 406 3634 varietate
422 3579 569 3645 mentium,
582 3595 638 3634 uon
653 3596 710 3635 una
734 3596 785 3635 nec
814 3580 913 3635 eadem
954 3578 1011 3633 cios
1024 3578 1087 3634 illos
1106 3594 1164 3634 suro
1186 3577 1352 3650 perditionis
1371 3575 1494 3631 efficiat:
1511 3575 1631 3646 gentiles
1649 3573 1752 3631 tumre

134 3667 231 3723 samua
241 3673 272 3723 et
289 3668 434 3739 agnitione
462 3669 665 3738 cognoscimus,
683 3673 774 3724 totum
800 3686 910 3741 corpus,
953 3667 1166 3724 resurrectionis
1191 3667 1386 3738 desperatione
1408 3664 1562 3720 caecitatem
1584 3662 1677 3718 cordis
1699 3662 1751 3716 ha-

134 3757 192 3827 aad
204 3758 282 3830 prius
290 3757 558 3828 dissipatumfuerat
566 3764 595 3813 et
604 3758 750 3813 indiversa
758 3760 912 3813 laceratum
952 3754 1019 3812 berc
1037 3754 1186 3826 significat.
1199 3755 1285 3819 Quasi
1296 3754 1373 3809 euim
1384 3753 1460 3809 ultra
1479 3768 1537 3807 nori
1562 3751 1651 3806 fiituri
1665 3749 1752 3805 vitain

135 3844 242 3903 insuam
248 3864 415 3919 compagem
430 3848 649 3919 juncturamque
663 3847 814 3919 redigetur,
829 3848 914 3904 itaut
954 3860 1034 3901 suam
1047 3846 1242 3901 contaminant
1253 3842 1416 3914 turpissima
1433 3841 1607 3912 operatione,
1623 3838 1751 3894 nolentes

134 3949 176 3990 vna
190 3936 411 3992 subministratio
439 3942 468 3990 et
492 3936 575 3991 unius
601 3936 690 3990 nitatis
718 3942 914 3992 consummata
953 3930 1482 4005 sesubJ'icorelegilidei,quiaprohibct
1497 3928 1671 4001 voluptatem
1684 3943 1751 4000 pro·

134 4026 346 4093 arenearum
360 4042 486 4081 crescere
498 4025 582 4080 faciat
591 4042 692 4097 corpus
713 4026 867 4097 aequaliter,
885 4031 914 4081 et
953 4029 1016 4095 pter
1022 4041 1100 4095 spem
1112 4024 1175 4079 vitae
1187 4023 1298 4089 futura,
1307 4037 1393 4093 quam
1403 4020 1506 4075 idcirco
1520 4017 1669 4073 ridendam
1684 4032 1751 4072 cen·

134 4115 208 4170 min
219 4115 439 4186 membrajuxta
447 4130 608 4169 mensuram
623 4115 827 4170 incrementum
845 4122 912 4172 aeta-
953 4119 1026 4181 sent,
1049 4119 1082 4169 ut
1102 4114 1168 4185 jure
1188 4112 1373 4169 dehonestare
1398 4126 1428 4165 se
1452 4116 1481 4164 et
1503 4107 1596 4164 aliena
1618 4112 1752 4179 appetere

135 4203 312 4280 haccipiaat.
329 4206 394 4260 llaec
407 4210 503 4259 autem
513 4209 574 4259 tota
586 4205 742 4271 aedificatio,
760 4221 811 4277 per
825 4222 911 4277 quam
952 4203 1033 4257 avida
1039 4202 1192 4275 cupiditate
1198 4203 1355 4267 videantur,
1363 4199 1442 4273 quasi
1448 4198 1588 4271 posthanc
1601 4203 1753 4268 catapan·

133 4307 215 4368 ttipus
233 4295 364 4351 Ecclesia
387 4310 438 4366 per
451 4299 545 4366 partes
558 4298 687 4365 augetur,
704 4301 804 4349 mutua
830 4293 860 4349 in
881 4311 911 4350 sc
952 4292 1073 4348 ctionem
1087 4293 1166 4348 nulla
1174 4292 1211 4347 sit
1219 4290 1286 4347 vita.
1301 4291 1385 4360 (Alb.)
1401 4288 1462 4344 Hoc
1471 4303 1548 4358 ergo,
1562 4286 1613 4351 ait,
1625 4284 1687 4340 dico
1699 4301 1750 4338 vo-

132 4380 249 4439 disritate
259 4381 454 4454 complebitur,
473 4384 585 4455 quando
597 4399 699 4454 corpus
713 4384 801 4438 totius
816 4383 909 4438 Eccle-
951 4380 1003 4448 bis,
1019 4398 1035 4435 o
1050 4381 1172 4453 Ephesii,
1187 4397 1291 4453 vosque
1301 4383 1453 4444 contestor,
1469 4383 1502 4431 ut
1515 4375 1582 4446 quia
1607 4372 1751 4428 occursari

130 4472 238 4528 danum
249 4472 409 4544 dispersum
424 4477 509 4544 atque
523 4473 676 4527 laceratum
688 4488 771 4527 verus
785 4471 910 4528 medicus
950 4470 1018 4526 estis
1029 4471 1059 4525 in
1071 4486 1234 4526 mensuram
1244 4463 1525 4540 aetatisplcnitudinis
1552 4460 1667 4527 Christi,
1691 4475 1749 4515 non

130 4559 238 4618 (hristus
247 4563 486 4619 Jesussanaturus
501 4562 645 4617 advenerit
658 4561 809 4633 unicuique
821 4578 910 4616 mem·
951 4559 1101 4615 ambuletis
1121 4560 1194 4614 sicut
1215 4556 1361 4614 ambulant
1386 4558 1494 4625 gentes,
1510 4567 1572 4623 quae
1584 4548 1668 4605 idolis
1692 4563 1750 4603 ser·

129 4647 310 4724 bopropiiam
318 4650 437 4704 reddere
452 4650 618 4721 dignitatem
628 4651 782 4706 secundum
797 4651 911 4706 merito
950 4648 1223 4704 vientesetsensuet
1235 4651 1330 4702 mente
1350 4643 1506 4698 abutuntur
1517 4654 1603 4712 prave
1625 4638 1750 4693 muneri-

128 4755 177 4794 ruu
189 4739 366 4813 qualitatem,
383 4746 416 4793 ut
427 4739 457 4793 iii
470 4739 663 4795 omnibusuna
672 4741 794 4796 charitas
807 4738 910 4811 vigeat,
951 4736 1070 4804 busDei,
1086 4753 1148 4809 quae
1164 4734 1471 4804 cumideoacceperunt
1485 4727 1609 4783 animam
1623 4732 1653 4782 et
1665 4726 1751 4782 intel-

127 4830 282 4902 etperfecta
295 4829 460 4902 perficiatur
474 4828 627 4883 beatitudo.
645 4831 703 4885 Ista
730 4835 825 4885 autem
849 4830 912 4884 uni·
952 4827 1066 4892 lectum,
1086 4832 1119 4881 ut
1135 4822 1443 4898 cognoscerentDeum,
1456 4817 1607 4874 abalienati
1612 4816 1751 4871 suntavia

126 4933 194 4974 versa
203 4919 243 4975 sic
256 4920 338 4986 fient,
348 4924 381 4972 ut
390 4917 509 4972 invicem
525 4919 635 4973 intenso
645 4918 781 4975 charitate
791 4921 912 4991 jungan-
952 4918 1024 4988 ejus,
1032 4915 1206 4987 quamaliam
1214 4913 1319 4985 absque
1331 4910 1506 4967 Christouon
1519 4906 1658 4971 novimus,
1676 4908 1706 4958 et
1719 4903 1750 4958 in

123 5014 211 5072 πηοί
221 5009 290 5064 dum
300 5007 461 5078 congaudet
474 5007 631 5062 membrum
645 5008 854 5074 membro,etin
869 5009 912 5063 al·
952 5005 1094 5062 suicordis
1103 5005 1248 5062 ambulant
1257 5002 1391 5058 caecitate.
1400 4996 1610 5070 Atqueutinam
1620 5008 1751 5065 peccasse

122 5096 200 5151 terius
211 5097 445 5169 gandiolaetatur,
453 5096 557 5151 Christi
568 5113 679 5169 corpus,
687 5097 715 5151 id
723 5104 776 5163 est,
794 5098 912 5153 ccclesia
952 5095 1102 5162 sufficeret,
1119 5101 1148 5152 et
1160 5096 1201 5150 vel
1216 5110 1278 5150 sero
1288 5095 1404 5163 agerent
1418 5085 1624 5160 penitentiam,
1635 5081 1740 5136 damna

120 5184 465 5251 nnrtorum,inhabitetin
479 5186 584 5240 coelesti
601 5187 766 5253 Jerusalem,
783 5203 867 5257 quain
880 5187 910 5243 in
951 5191 1071 5258 rentquc
1080 5185 1156 5251 vitia,
1168 5182 1270 5256 quibus
1277 5181 1385 5252 jugiter
1394 5177 1549 5239 inhiarunt,
1558 5175 1688 5242 essetque
1703 5185 1750 5224 re·

119 5272 395 5348 diolaeollpostclus
405 5280 524 5329 matrem
534 5281 791 5332 sanctarumvocat.
807 5279 836 5342 (A
842 5277 908 5345 mh.)
950 5275 1074 5331 medium
1090 5275 1228 5347 respicere
1238 5267 1423 5344 [resipiscere]
1436 5270 1501 5337 post
1515 5275 1651 5317 errorem·
1671 5258 1753 5315 Nuus

119 5362 295 5430 hamone
319 5364 463 5419 Christum
477 5371 562 5436 caput
585 5382 646 5421 esse
665 5365 791 5420 omnium
810 5365 913 5422 ‹fixerh
950 5381 1016 5421 vero
1030 5347 1753 5437 desperantesseetrituirrationabiliumbestiaram

118 5453 243 5515 doceam
256 5456 410 5524 ipsaanim,
428 5453 528 5524 inquit,
541 5471 621 5508 omne
634 5471 741 5524 corpas,
748 5455 777 5509 id
785 5460 837 5521 cst,
849 5472 910 5510 om-
951 5471 1030 5512 coeno
1054 5454 1236 5525 voraginique
1259 5452 1428 5520 mergentes,
1454 5440 1636 5498 tradiderunt
1648 5455 1679 5495 ⁸⁰
1701 5437 1753 5493 im·

119 5542 156 5599 ἡ
167 5541 510 5614 cbomsarcbangelorum
526 5550 555 5599 et
560 5544 761 5616 potentiarum,
773 5544 911 5616 principa·
951 5544 1093 5618 pudicitiae
1107 5549 1192 5616 atque
1206 5539 1333 5611 luxuriae,
1361 5538 1511 5609 operantes
1538 5527 1674 5628 quidquid
1692 5543 1754 5582 cor·

118 5640 240 5695 met
247 5636 426 5709 petasatum
432 5630 569 5689 subsistit.
576 5632 791 5698 Quamviseriim
799 5633 912 5704 singtila
951 5651 1005 5706 pus
1016 5634 1115 5708 voluit,
1136 5648 1217 5716 meris
1245 5626 1422 5719 desideravit,
1437 5621 1525 5683 libido
1546 5620 1688 5704 tw*
1702 5633 1710 5682 3
1724 5621 1754 5670 02
