3772 6120
164 308 215 365 lla
394 354 397 361 .
461 310 492 364 Β.
513 309 649 365 RADANl
669 307 784 371 laeum
804 308 971 365 suculae.
992 307 1153 365 MOGUNT.
1175 307 1323 363 OPERUM
1342 307 1435 365 PARS
1454 305 1503 365 ill.
1752 305 1804 361 l8ll

163 436 265 507 dignus
279 436 317 490 sit
331 435 425 495 honio,
442 434 537 488 omniu
551 432 645 503 turpia
658 438 687 487 ct
703 433 810 503 polluta
824 450 885 504 quae
899 433 1073 496 heriAsime
1089 433 1252 489 dictumest
1268 452 1273 486 :
1289 435 1401 489 iudicia
1420 438 1469 487 tue
1483 433 1596 500 ahpssus
1612 435 1701 486 rrurlta
1717 433 1800 499 (Psal.

163 525 318 596 etcogitari
333 529 458 596 possunt,
479 521 634 576 emerenda
647 521 737 588 docet,
752 527 784 579 ut
800 539 855 579 non
871 523 962 579 solum
1004 527 1100 589 xxxv).

163 616 199 670 ds
213 631 307 686 opere,
322 613 370 667 sed
385 613 457 666 etde
470 611 639 680 cogitatione
655 611 802 680 pellantur.
816 611 963 673 Invitaatis
1039 612 1099 666 h'rm
1124 614 1200 665 cuim
1224 608 1408 679 nosmetipsos
1418 612 1612 680 predicamus,
1637 611 1682 663 eorl
1709 612 1803 663 lesum

162 703 248 758 verba
261 708 337 765 sunt,
353 701 404 754 sub
417 717 468 754 sua
479 699 591 755 enimet
601 716 715 757 suorum
728 716 849 774 persona
863 700 897 755 ad
907 716 963 755 me·
1004 699 1144 755 Christum
1160 703 1310 755 Dominum
1329 706 1465 755 nostrum.
1487 699 1588 768 (Ami.)
1606 699 1665 757 lioc
1678 704 1731 765 cst,
1746 715 1803 753 non

163 792 263 847 liorem
275 791 362 844 vitam
379 770 509 847 hortatur
516 794 631 860 propter
639 788 805 859 supradicta
815 788 891 855 vitia,
902 806 963 860 qua
1003 796 1129 845 noscam
1148 789 1267 863 gloriam
1287 789 1499 856 annuntiamus,
1519 804 1554 843 no
1578 787 1641 861 quis
1659 803 1710 843 nos
1728 786 1805 842 dicat

163 881 193 936 ln
206 881 251 935 his
265 896 338 951 sepe
352 877 547 949 reprebendiu
564 882 719 948 possuntct
729 877 788 935 hnc
799 877 907 935 occulta
917 878 963 935 de·
1003 883 1118 948 propter
1140 895 1191 933 nos
1211 878 1286 949 ipsos
1306 878 1505 947 evangelizare,
1526 881 1559 932 ut
1576 875 1657 933 nobis
1675 875 1804 948 proficiat

164 969 271 1025 decoris
297 984 367 1031 esse,
397 985 458 1039 qum
480 982 565 1038 pravo
587 982 672 1023 sensu
697 966 962 1038 adgpraedicarrdum
1003 965 1121 1019 sortead
1135 972 1257 1037 tenipus,
1273 966 1321 1020 sed
1334 967 1431 1020 lesum
1446 966 1598 1020 Dominum
1612 969 1741 1019 nostrum
1756 981 1804 1019 an·

164 1058 346 1123 meditantur,
363 1063 396 1112 ut
411 1056 517 1121 fallant,
537 1056 611 1109 undo
629 1054 748 1125 subjecit
764 1073 769 1109 :
789 1055 849 1113 tlon
863 1056 962 1113 arnbu·
1003 1054 1801 1126 nuntiamus,suhjiciantesnosrirtutimajestatiqueejus.

165 1153 253 1202 lentes
275 1150 308 1201 ia
328 1150 442 1210 astutia,
461 1161 545 1214 neque
568 1146 757 1201 adulterantes
776 1145 888 1201 verbum
903 1145 960 1201 llei.
1003 1143 1121 1208 Quando
1135 1161 1201 1215 ergo
1210 1145 1320 1200 nullum
1332 1144 1516 1210 concutimus
1524 1143 1800 1213 nullumgravamus,

164 1236 206 1293 hd
226 1236 346 1291 dedecus
365 1235 441 1289 onim
461 1241 491 1288 et
507 1233 741 1289 deformationem
763 1234 823 1302 ejus
842 1233 960 1303 proficit,
1003 1238 1032 1291 et
1046 1233 1188 1289 Christum
1198 1234 1349 1289 Dominum
1357 1240 1484 1290 nostrum
1496 1232 1626 1299 fatemur,
1644 1232 1710 1303 quid
1719 1238 1764 1287 est
1772 1238 1804 1286 ut

165 1325 214 1396 qui
223 1324 341 1379 subdola
350 1330 445 1378 mente
452 1321 604 1392 confringit
614 1321 769 1379 doctrinam
780 1321 816 1377 ad
824 1321 963 1392 decipien·
1003 1321 1069 1377 elati
1082 1322 1250 1394 judicemur,
1267 1323 1347 1393 quasi
1367 1339 1417 1395 pro
1433 1328 1530 1377 nostra
1547 1321 1662 1394 propria
1679 1321 1802 1377 utilitate

165 1415 232 1469 dum
248 1414 333 1469 corda
346 1411 516 1483 simplicium
536 1429 542 1464 :
562 1410 654 1481 turpis
670 1411 745 1468 enirn
760 1409 919 1469 invenietur
933 1411 962 1469 in
1003 1411 1164 1482 predicare,
1178 1418 1210 1468 ut
1218 1412 1333 1481 gloriosi
1345 1411 1548 1482 appareamus?

165 1504 211 1558 die
227 1501 327 1574 judicii
346 1502 411 1561 Deir
436 1500 541 1555 astutia
558 1500 635 1559 cuim
652 1500 733 1555 malm
753 1499 866 1569 monus,
883 1504 914 1557 ut
933 1500 962 1556 id
1039 1501 1092 1557 Nos
1106 1505 1199 1555 cirtem
1216 1505 1415 1556 servosocslros
1426 1503 1589 1569 perlatura.
1602 1500 1633 1556 ln
1645 1505 1758 1555 tautum
1774 1517 1802 1552 se

166 1591 241 1663 quod
252 1591 305 1645 sihi
320 1590 433 1645 libitum
448 1596 491 1643 est
503 1589 622 1661 expleat,
642 1587 726 1645 verba
743 1588 794 1647 Dai
813 1588 962 1653 adulterat,
1005 1603 1115 1648 servum
1130 1588 1235 1645 Christi
1250 1605 1311 1644 essa
1325 1587 1433 1659 probat,
1449 1595 1482 1644 ut
1498 1589 1615 1658 jubente
1632 1587 1703 1659 ipso,
1719 1587 1805 1645 mini·

166 1687 199 1736 ut
218 1696 331 1734 sensnm
347 1680 478 1733 invertat.
503 1678 670 1733 Adulteram
689 1683 732 1735 est
751 1683 846 1735 autern
867 1694 963 1735 vorum
1005 1683 1095 1736 strum
1116 1694 1146 1733 se
1168 1678 1269 1735 horum
1290 1678 1321 1735 in
1342 1677 1538 1748 praedicatione
1555 1682 1685 1744 testatur,
1704 1683 1737 1733 ut
1754 1693 1806 1749 pro

165 1785 280 1830 sensum
295 1785 346 1840 per
362 1768 465 1822 falsum
482 1766 552 1821 velle
568 1766 723 1821 excludere.
738 1765 791 1822 Sed
814 1769 846 1823 ih
868 1770 962 1823 rrruiri·
976 1760 1130 1825 Butilitata
1142 1767 1243 1823 borum
1257 1766 1374 1838 subjecti
1387 1767 1480 1822 sintin
1488 1766 1644 1823 ministerio
1653 1767 1807 1838 Evangelii,

166 1862 309 1928 secretione
331 1860 466 1919 ueritatis,
490 1857 708 1911 commendemus
729 1859 903 1924 uosrrretipsos
928 1858 965 1914 ad
1004 1871 1099 1915 servos
1114 1872 1179 1925 ergo
1194 1855 1289 1911 dicens
1302 1856 1446 1911 ministros
1464 1855 1614 1926 significat,
1633 1855 1682 1911 sed
1701 1861 1734 1911 ut
1753 1855 1807 1912 hu·

167 1964 275 2002 emicem
285 1949 480 2001 conscientiam
495 1947 640 1999 lrorrriuunr
652 1961 745 2000 coram
756 1947 816 2000 Deo.
829 1945 888 2002 Hoc
898 1945 966 2002 dicit
1005 1943 1111 2001 militer
1124 1945 1296 2015 loqueretur,
1311 1944 1352 2001 sic
1366 1944 1445 2011 dixit,
1455 1951 1488 2000 ut
1498 1960 1564 2000 vare
1578 1944 1741 2001 ostenderet
1751 1961 1808 1999 non

168 2037 235 2108 quie
247 2037 277 2090 in
288 2035 485 2107 praedicatione
494 2033 654 2104 evangelica
668 2034 738 2089 nulli
753 2049 783 2090 se
795 2034 861 2091 iacit
870 2050 965 2105 suspe·
1004 2032 1041 2089 ad
1053 2049 1133 2091 suam
1146 2034 1266 2104 gloriam
1280 2034 1424 2105 predicari
1439 2050 1494 2089 ase
1503 2033 1696 2104 Evangelium,
1712 2033 1761 2089 scd
1772 2035 1807 2088 ad

167 2131 254 2190 mum,
271 2125 377 2179 addens
399 2124 529 2195 amplius,
554 2140 618 2178 curn
640 2122 709 2179 dicit
732 2139 825 2179 rorum
846 2124 908 2188 hen,
934 2129 965 2181 ut
1005 2122 1162 2179 claritatem
1182 2122 1293 2178 Domini
1317 2123 1431 2190 Christi,
1456 2123 1501 2179 cui
1525 2122 1627 2188 obedit,
1649 2122 1694 2178 cui
1711 2124 1806 2187 servit,

167 2215 221 2269 boc
230 2214 322 2286 ipsum
330 2214 483 2275 noneolum
495 2211 656 2269 bominibus
666 2210 845 2269 manilestum
856 2210 963 2282 probet,
1005 2210 1147 2282 sicutipse
1156 2211 1293 2270 Dominus
1304 2213 1344 2267 ait
1356 2214 1429 2281 (luc.
1442 2215 1509 2280 xxn)
1521 2228 1527 2266 :
1539 2212 1594 2280 lieo
1603 2227 1666 2266 sirm
1676 2213 1708 2265 in
1717 2213 1807 2267 rrmdio

167 2304 216 2360 sed
231 2304 317 2359 etiam
330 2304 399 2367 Deo,
413 2303 457 2357 cui
472 2301 690 2359 nibiloccultum
699 2305 754 2368 ost;
771 2301 965 2357 testimonium
1005 2306 1127 2359 cestrum
1137 2316 1193 2357 uon
1203 2307 1234 2355 ul
1246 2304 1398 2366 urim'slrer,
1411 2302 1457 2359 sed
1466 2307 1497 2357 ut
1508 2303 1740 2366 ininistrem,non
1750 2317 1807 2355 ma-

167 2409 234 2464 ergo
250 2393 301 2448 Dei
314 2393 456 2463 implorat,
471 2396 503 2446 ut
516 2391 559 2444 vel
573 2389 839 2461 ipsicredaturquia
848 2389 888 2448 ita
897 2407 965 2461 pras·
1005 2389 1060 2447 rito
1076 2389 1177 2445 horum
1191 2389 1292 2460 quihus
1306 2391 1459 2454 ministrat,
1469 2389 1518 2445 sed
1529 2394 1643 2460 proptor
1653 2388 1804 2461 imperium

167 2481 243 2539 dieat
251 2482 324 2535 sicut
332 2481 431 2535 datum
445 2485 488 2534 est
501 2478 535 2533 ab
545 2484 669 2539 auctore,
680 2485 709 2533 et
717 2478 792 2535 Deus
799 2478 851 2535 boc
861 2479 965 2537 mundo
1006 2478 1128 2537 Domini.
1141 2478 1241 2546 (Creo.)
1258 2480 1290 2535 ln
1303 2478 1417 2535 sublimi
1434 2478 1537 2550 quippe
1552 2477 1673 2533 humiles
1692 2494 1802 2548 ponun-

152 2570 248 2624 .testis
263 2575 315 2635 est,
331 2567 790 2639 dumdetsigoaotprodigiaticri
805 2584 965 2639 permanes
1005 2572 1062 2630 tur.
1085 2567 1152 2638 quia
1171 2583 1234 2625 cunr
1253 2584 1283 2623 se
1303 2584 1336 2623 ex
1357 2567 1516 2625 humilitate
1535 2564 1727 2633 substernunt,
1749 2566 1805 2622 alto

168 2659 239 2728 ejus.
251 2659 326 2726 Quod
333 2661 358 2710 si
366 2659 449 2710 etiem
457 2663 582 2724 opertum
592 2663 629 2710 est
638 2657 820 2723 Euangelium
828 2661 963 2722 nestrum,
1006 2655 1109 2713 mentis
1120 2656 1226 2726 judicio
1239 2663 1340 2715 cuneta
1353 2656 1522 2728 temporalia
1535 2660 1630 2713 mento
1644 2661 1802 2723 transeunt:

168 2750 200 2800 in
214 2747 257 2800 his
276 2749 327 2815 prii
344 2750 471 2814 pereunt.
486 2744 592 2799 Verum
605 2750 657 2809 est,
677 2744 744 2814 quia
757 2744 893 2801 inereduli
909 2762 965 2801 non
1004 2761 1125 2815 cumque
1139 2745 1309 2815 indiguosse
1321 2745 1490 2802 inomnibus
1504 2745 1654 2811 aestimant,
1666 2750 1749 2801 recta
1759 2761 1805 2799 co-

167 2834 263 2889 vident
277 2834 396 2905 pertidia
409 2832 579 2887 obcaecatos
593 2833 768 2903 splendorem
784 2833 895 2888 virtutis
902 2835 963 2899 Dei,
1005 2833 1149 2904 gitationis
1163 2835 1290 2894 examine
1304 2835 1389 2906 hujus
1404 2835 1502 2893 mundi
1519 2834 1638 2905 gloriam
1658 2839 1805 2891 transcen·

167 2923 295 2978 velamen
309 2924 385 2977 enim
401 2927 444 2977 eat
457 2938 599 2993 supercor
614 2938 721 2986 eorum,
736 2926 765 2975 et
779 2922 888 2978 obtusio
900 2922 965 2979 inii-
1006 2922 1105 2981 dentes
1125 2924 1242 2979 calcant.
1264 2924 1416 2980 Videamus
1436 2924 1572 2981 humilem
1592 2923 1721 2989 Paulum,
1743 2940 1805 2979 ecoe

166 3012 301 3078 delitatis,
325 3012 428 3071 iudeis
455 3011 585 3073 marimo.
608 3014 640 3065 ln
668 3012 767 3080 quibus
789 3012 859 3067 Deus
882 3013 965 3082 liuius
1006 3011 1149 3082 discipulis
1165 3013 1249 3070 dicit:
1262 3014 1323 3073 Non
1336 3017 1411 3067 enirn
1426 3014 1801 3082 nosmetipsospradieamus,

168 3106 261 3159 seculi
274 3105 413 3156 occucurrit
429 3107 530 3155 irrentus
552 3103 718 3169 infidelium,
735 3106 766 3154 ut
785 3117 840 3155 rron
859 3104 963 3170 tulerat
974 3082 995 3145 0
1006 3103 1052 3157 sed
1064 3104 1159 3156 lcsrrm
1174 3103 1314 3157 Christum
1329 3105 1479 3159 horricum
1497 3107 1633 3165 nostruin,
1649 3107 1805 3157 isoscelem

168 3193 343 3247 illuminatio
356 3191 509 3258 Evangelii,
524 3193 616 3258 gloria
631 3189 742 3252 Christi,
756 3192 806 3257 qui
821 3196 859 3245 cst
874 3193 965 3259 inruho
1005 3206 1094 3247 servos
1115 3197 1215 3247 cestros
1226 3207 1277 3259 per
1291 3192 1441 3247 Christum.
1458 3191 1610 3247 Videamus
1623 3190 1697 3246 hunc
1711 3192 1805 3247 humi-

168 3282 225 3336 Dei.
233 3280 324 3335 Deum
334 3279 402 3334 diclt
411 3278 587 3340 secularium
595 3277 752 3345 bominum,
762 3279 964 3349 quiamaleroli
1005 3279 1061 3335 lem
1073 3279 1196 3350 positum
1209 3280 1240 3338 in
1254 3279 1377 3345 sublimi,
1393 3297 1460 3337 nam
1480 3279 1521 3336 ait
1535 3298 1541 3332 ε
1556 3282 1601 3335 An
1613 3283 1722 3335 uerutis
1738 3284 1805 3349 quic

167 3374 232 3424 sant
253 3385 321 3439 erge
342 3369 426 3422 sidem
447 3368 561 3434 Christi,
582 3383 681 3421 sensus
704 3366 843 3423 obcaecare
858 3373 964 3426 utnon
1004 3371 1114 3437 angelos
1123 3369 1334 3437 judicabimus?
1352 3371 1376 3438 (l
1386 3370 1447 3426 Cor.
1464 3372 1512 3437 val
1528 3369 1563 3425 llt
1579 3384 1692 3425 rursum
1710 3387 1716 3422 :
1734 3371 1805 3427 Cou-

165 3457 280 3512 videant
293 3456 441 3512 veritatem
456 3456 597 3527 Evangelii
613 3456 769 3526 majestatis
782 3457 897 3526 Christi,
912 3457 965 3513 hoe
1005 3461 1178 3513 resuscitarit
1187 3463 1211 3512 ct
1220 3461 1414 3515 consederemus
1424 3460 1489 3526 [ecit
1499 3461 1531 3513 in
1544 3459 1804 3527 celestibusOEphes.

166 3562 233 3627 ergo
245 3547 301 3601 illis
311 3552 426 3618 praestat
443 3546 518 3617 quod
533 3547 639 3599 volunt.
656 3545 728 3610 Quia
744 3545 819 3599 anim
835 3546 963 3600 malevoli
1004 3548 1044 3614 rr).
1065 3546 1193 3602 Fortasse
1218 3546 1292 3603 hunc
1311 3548 1434 3605 exterius
1450 3555 1518 3604 tunc
1536 3551 1636 3603 catena
1656 3545 1803 3618 religabat,

166 3635 681 3704 suntbomines,otnonintelligenteS,
695 3633 964 3691 vorumdicuntesse
1004 3641 1099 3691 inante
1119 3641 1216 3691 tamen
1239 3636 1346 3706 positus
1362 3635 1529 3693 sublimibus
1551 3636 1652 3701 uerat.
1676 3637 1725 3707 qui
1743 3637 1804 3707 jam

165 3723 963 3796 falsum,ineoipsoadiuvanturnepessintcraderequod
1004 3740 1055 3794 per
1075 3724 1134 3795 spei
1152 3741 1209 3781 suae
1231 3724 1430 3781 certitudinem
1447 3725 1477 3784 in
1495 3723 1654 3788 coelestibus
1677 3723 1802 3779 sedebat.

165 3815 272 3880 volunt,
289 3815 433 3869 Christum
448 3820 552 3873 autem,
569 3812 781 3881 cumsitimago
791 3813 851 3875 Dei,
869 3829 964 3884 corpe
1005 3813 1099 3869 Sancti
1109 3813 1204 3884 itaque
1219 3814 1271 3870 viri
1285 3813 1353 3869 ioris
1368 3814 1491 3885 despecti
1504 3818 1580 3881 sunt,
1597 3819 1627 3869 at
1644 3814 1720 3871 velut
1730 3814 1804 3871 iudi·

165 3903 963 3973 reumtantumasserunt,relinquentesgestaejus,solius
1002 3903 1052 3972 gui
1067 3903 1161 3959 omnia
1174 3904 1306 3969 tolerant,
1323 3903 1372 3959 sed
1385 3903 1485 3973 dignos
1499 3920 1529 3964 se
1545 3903 1675 3974 supernis
1691 3902 1806 3960 sedibus

165 3991 373 4046 carnistbciunt
386 3992 575 4056 mentionem;
590 3992 624 4044 de
641 3990 742 4060 quihus
761 3991 831 4045 dixit
851 3992 961 4047 Isaiae:
1002 3993 1177 4057 confitentes,
1203 3992 1368 4049 aternitatis
1400 3993 1521 4062 gloriam
1547 4009 1612 4049 cum
1636 3993 1806 4053 certitudine

166 4079 312 4135 Choamuit
332 4082 422 4132 oculos
441 4094 536 4137 cerritu
560 4095 594 4131 ne
616 4079 729 4132 uideant
744 4084 768 4132 el
792 4094 825 4132 nc
843 4080 962 4135 audr'ant
1003 4087 1173 4151 exspectant,
1213 4096 1332 4151 cumque
1374 4080 1504 4139 laborant
1537 4081 1604 4137 foris
1637 4080 1806 4137 adversitate

163 4169 282 4223 curibus
296 4183 380 4236 usque
394 4171 425 4220 in
441 4168 606 4220 hodiernum
624 4167 696 4219 dion
715 4167 780 4236 (lm.
803 4172 850 4235 vr).
869 4168 960 4238 [huo]
1003 4170 1215 4240 persecutionis,
1246 4170 1281 4223 ad
1300 4170 1440 4227 munitam
1467 4176 1616 4227 recurrunt
1636 4168 1806 4227 intrinsecus

164 4256 255 4320 Quam
270 4255 384 4326 quidem
399 4253 568 4308 sententiam
583 4254 709 4325 plerique
724 4255 904 4309 nostrumita
918 4256 961 4312 di·
1003 4273 1096 4312 arcem
1120 4258 1232 4322 urentis,
1262 4266 1291 4314 et
1316 4257 1380 4314 inde
1402 4263 1503 4315 cuncta
1526 4257 1578 4319 aab
1598 4274 1629 4312 se
1651 4257 1806 4328 respiciunt

163 4344 320 4415 stinguunt,
336 4350 369 4398 ut
382 4345 472 4402 Deum
484 4358 581 4405 mrum
595 4341 690 4397 dicant
702 4358 851 4396 exnecasse
864 4344 962 4398 inlide-
1002 4345 1077 4403 inter
1100 4362 1161 4418 qum
1184 4347 1306 4403 transire
1328 4347 1513 4418 corporaliter
1533 4347 1618 4415 etiam
1638 4346 1805 4417 semetipsos

161 4433 231 4489 lium
254 4439 378 4501 mentem
401 4450 465 4489 cum
488 4432 564 4493 enirn
578 4431 697 4502 legerint
711 4435 742 4486 iu
756 4433 856 4502 quihus
880 4436 959 4500 heus,
970 4413 1129 4491 Dcernunt.

162 4521 611 4596 suspenduntpronuntiationem,
621 4520 963 4587 acmneinferunumeru
1040 4524 1176 4591 Quoniam
1191 4525 1270 4587 Deus,
1287 4528 1337 4592 qui
1350 4527 1422 4579 dicit
1435 4525 1467 4580 de
1481 4525 1598 4580 tenebris
1614 4527 1702 4578 tricem
1716 4527 1804 4592 splen·

161 4609 254 4680 hujus,
267 4617 406 4666 recasavit
415 4617 517 4665 mentes
533 4613 697 4678 inhelat-ium,
708 4609 835 4680 quiaetsi
851 4609 889 4664 itu
906 4627 961 4663 non
1002 4615 1114 4672 deicere.
1124 4615 1219 4669 illusit
1230 4615 1260 4669 iu
1269 4615 1395 4672 cordibus
1406 4616 1508 4671 nostris
1517 4614 1554 4669 od
1563 4615 1801 4669 illuminationem

161 4697 328 4768 distinguas,
344 4699 393 4753 sed
407 4700 563 4770 exponendi
571 4699 664 4770 gratia
673 4699 713 4753 ita
726 4698 873 4753 verborum
883 4700 959 4752 ordi·
1000 4692 1121 4759 iecorum
1130 4703 1275 4759 alteritatis
1285 4704 1335 4759 Dei
1348 4705 1380 4758 iu
1394 4704 1464 4770 [acic
1476 4703 1581 4759 Christi
1593 4705 1666 4757 lesu.
1682 4701 1802 4767 (Auser.)

161 4803 226 4842 nern
242 4791 344 4850 mutes,
362 4791 393 4841 in
408 4789 508 4856 poribus
519 4790 589 4841 heus
603 4792 742 4844 excercuit
753 4793 854 4842 ruentes
866 4789 960 4854 infide
1002 4790 1061 4848 Hoc
1074 4790 1152 4855 dicit,
1162 4790 1428 4861 quiamiserr'cordia
1441 4791 1492 4847 Dei
1507 4790 1613 4847 iactum
1626 4795 1678 4854 est.
1694 4795 1726 4846 nt
1740 4806 1801 4855 nos,

161 4877 233 4930 lium
239 4879 333 4930 saculi
342 4877 435 4945 hierius.
444 4878 514 4930 ltem
524 4877 571 4946 qui
579 4877 609 4931 in
616 4878 665 4932 illa
672 4877 851 4934 distinctione
861 4894 959 4935 seusus
1000 4878 1101 4950 inquit,
1112 4878 1159 4949 qui
1172 4878 1276 4940 fuimus
1285 4878 1464 4937 incredibiles
1473 4880 1502 4941 in
1516 4879 1687 4949 ignorantia,
1696 4879 1750 4933 boc
1761 4885 1804 4933 ast

161 4963 265 5033 elaect;
281 4971 374 5037 potest
386 4965 463 5018 enim
475 4965 560 5018 etiam
576 4967 639 5019 talis
655 4967 780 5037 operatio
800 4983 857 5037 qua
873 4983 960 5025 excae·
1000 4967 1176 5033 intenebris,
1191 4985 1242 5039 per
1256 4985 1308 5023 nos
1323 4969 1404 5027 haret
1416 4970 1491 5025 Deus
1506 4970 1601 5027 lumen
1616 4968 1723 5030 certeris
1736 4983 1804 5038 gon-

159 5060 260 5111 cantur
273 5059 382 5111 mentes
394 5053 550 5108 intldelium
566 5056 720 5109 secundum
731 5056 881 5127 quemdam
897 5072 958 5110 ruo·
1000 5055 1085 5111 tibus.
1103 5056 1172 5112 vide
1188 5063 1324 5128 quantum
1332 5073 1362 5111 se
1370 5057 1463 5115 adhuc
1470 5057 1603 5115 humiliat
1610 5062 1642 5112 ut
1656 5056 1706 5111 Dei
1717 5056 1804 5111 solius

159 5142 228 5197 dnm
242 5144 385 5215 pertinere
399 5143 433 5197 ad
449 5158 546 5203 verum
553 5143 653 5207 Deum,
671 5145 743 5213 quod
758 5161 814 5200 non
828 5144 959 5203 facitrna
1002 5151 1029 5201 et
1044 5145 1148 5201 Christi
1162 5145 1282 5215 gloriam
1294 5147 1425 5217 preferat
1441 5165 1446 5199 :
1463 5146 1662 5203 illuminantur
1676 5145 1753 5201 enim
1772 5154 1805 5200 ut

157 5228 229 5298 litia,
237 5231 286 5286 sed
299 5232 420 5301 iustitia,
427 5232 500 5287 sicut
513 5231 588 5287 idern
602 5232 705 5288 Paulus
716 5232 782 5287 alibi
795 5233 863 5289 dicit
871 5235 956 5300 (horn.
1000 5234 1190 5303 coguitionem
1203 5234 1326 5291 habeant
1338 5235 1435 5305 glorie
1450 5236 1501 5295 Dei
1515 5252 1565 5307 per
1575 5235 1729 5300 Christum,
1740 5234 1803 5289 ideo

158 5318 353 5391 mltliunqcirl
363 5325 476 5389 iniquus
487 5323 709 5388 Deuaquiinfcrt
721 5325 813 5376 frain?
827 5322 959 5393 precedit
999 5322 1096 5392 gloria
1111 5323 1161 5380 Dei
1175 5323 1215 5379 ait
1228 5324 1427 5393 cognitionem,
1441 5325 1469 5379 id
1485 5332 1537 5389 est,
1557 5341 1615 5383 non
1633 5323 1684 5378 Dei
1704 5322 1801 5386 solius,

159 5408 234 5464 enirn
254 5407 361 5479 aliquid
382 5410 521 5465 oecultum
543 5409 572 5462 iu
596 5409 712 5463 occultis
736 5408 782 5464 uhi
803 5411 878 5467 Deus
899 5412 958 5481 agit
999 5412 1048 5467 scd
1062 5419 1091 5467 et
1105 5411 1209 5471 Christi
1226 5413 1273 5482 qui
1289 5418 1331 5466 est
1344 5413 1802 5485 gloriaejus,utsigniticarctnon

156 5498 344 5570 justissimum
354 5498 576 5568 examen'iudicii
583 5497 638 5563 sui,
649 5503 682 5550 ut
688 5499 875 5567 quorumdam
881 5517 958 5557 mon·
1000 5501 1089 5562 Deum
1108 5500 1199 5556 solum
1214 5502 1352 5570 cogrrosci,
1367 5502 1417 5562 sed
1432 5510 1461 5563 et
1474 5519 1560 5574 opera
1570 5503 1641 5574 ejus,
1658 5500 1802 5557 etmisari·

155 5590 200 5642 Μ
215 5593 397 5651 umatus,
406 5585 806 5656 quorumdomilluminenmr‚
818 5588 957 5647 culveris·
999 5589 1133 5654 cordiam,
1144 5594 1173 5649 et
1184 5589 1389 5661 mandentium
1400 5608 1457 5669 qua
1470 5597 1499 5653 ot
1508 5591 1634 5654 cocunt
1643 5589 1798 5649 atsslvavlt
