3786 6128
117 224 190 285 imi
425 219 456 276 B.
478 214 615 275 RhBth
633 210 751 275 linum
769 214 937 277 xnonxhh
958 217 1122 281 Mosam.
1142 218 1401 279 orthostatas
1421 216 1468 276 IV.
1698 218 1761 276 titt

156 350 248 404 Deum
263 361 537 411 serumsummum,
551 345 672 416 justum,
687 345 783 399 omnia
796 345 845 416 qui
859 351 954 408 con-A
998 348 1077 404 Unde
1100 364 1188 419 regna
1208 361 1320 418 semper
1344 345 1407 399 laeta
1427 358 1576 416 capessere
1600 344 1760 415 tpoasedere)

829 434 922 504 [didit
1611 432 1727 503 [patria.

157 526 246 590 Quem
261 524 308 596 qui
325 523 416 590 timet,
430 524 490 596 ipse
503 522 589 578 habet
607 522 753 577 charitatis
770 523 923 578 vinculum.
965 525 1068 592 Xristc‚
1085 525 1147 580 fave
1166 523 1247 591 votis,
1264 526 1329 578 Jesu
1345 538 1445 594 regum
1460 523 1518 577 Rex
1534 526 1564 574 et
1581 522 1707 576 Domine.

121 615 189 669 Dira
202 615 300 680 fames,
316 613 432 684 duplum
448 613 555 669 malum
569 616 613 667 esi
625 612 727 684 cupido
740 612 870 682 pessima,
1001 616 1092 669 Trahe
1108 615 1143 668 ad
1157 619 1186 669 te
1200 612 1248 685 qui
1262 618 1291 667 te
1304 612 1402 667 rolant
1414 612 1553 665 charitate
1569 610 1689 681 sequier.

156 702 323 757 Dimittendi
335 707 365 756 et
379 701 501 772 augendi
515 718 627 773 semper
640 700 694 755 erit
708 701 807 768 anxia;
1002 704 1074 768 Quia
1087 713 1118 759 tu
1129 720 1158 758 es
1171 703 1230 757 vita
1243 702 1346 773 luxque
1356 701 1457 771 viaque
1472 704 1620 771 perpetua.

158 793 349 864 lpsanamque
358 792 675 863 otgehennanunquam
687 791 797 845 dicunt:
806 790 923 845 Suilli-it.
966 795 1088 849 Ymnum
1104 791 1156 847 tihi
1175 807 1249 847 nunc
1258 796 1414 851 cantamus,
1431 805 1511 843 sacra
1526 794 1625 843 sancta
1636 787 1759 843 charitas.

87 939 93 951 ,
121 881 160 936 Ex
172 882 266 936 radice
280 881 428 936 charitatis
444 885 545 935 cuncta
560 880 632 934 bona
651 868 802 952 prodeunt,
1001 883 1073 948 Quia
1092 888 1122 936 tu
1136 898 1166 936 es
1180 880 1328 935 benedicta
1341 879 1416 933 celsa
1429 878 1569 932 scandens
1584 877 1697 941 aethera,

157 971 286 1042 Namque
294 970 390 1042 lingua
400 971 567 1040 asxgclorum
578 969 663 1024 simul
673 976 757 1041 atque
768 968 924 1036 hominum,
1001 973 1069 1037 Quae
1083 979 1127 1026 est
1141 987 1223 1025 omen
1238 976 1322 1040 atque
1341 983 1444 1022 nomen
1455 967 1506 1022 Dei
1522 967 1616 1021 Patris
1628 964 1735 1037 gloria:

158 1060 230 1115 Huic
244 1061 304 1114 sola
317 1066 489 1131 comparata.
503 1076 566 1129 quae
580 1065 624 1113 est
637 1065 729 1114 mater
743 1058 879 1113 omnium.
966 1061 1121 1133 Zmaragdo
1138 1061 1214 1114 luces
1228 1059 1380 1130 pulchrior,
1395 1056 1472 1111 omni
1485 1072 1601 1127 gemm
1614 1055 1721 1110 clarior.

124 1147 195 1202 Fora
209 1148 302 1214 fallax,
314 1150 386 1204 letor
401 1149 502 1212 malus,
517 1148 576 1203 hoec
591 1153 634 1202 est
645 1147 773 1211 avaritia,
1002 1150 1085 1206 Nitor
1098 1148 1257 1222 splendens,
1273 1163 1358 1218 super
1370 1147 1460 1200 aethra
1470 1145 1573 1200 sedens
1584 1145 1643 1200 sito
1654 1145 1728 1199 solio.

158 1238 224 1302 Quae
237 1244 280 1293 est
292 1237 381 1292 tristis
391 1244 420 1292 et
433 1254 537 1308 rugosa
551 1244 580 1291 et
593 1236 799 1300 intollerabilis,
1002 1240 1058 1295 Fac
1073 1244 1105 1293 ut
1119 1245 1213 1293 tecum
1226 1236 1363 1292 charitate
1381 1250 1534 1306 regnemus
1549 1235 1579 1290 in
1593 1233 1692 1305 gloria.

158 1328 223 1397 ¹P⁵⁸
236 1328 299 1393 sibi,
315 1327 385 1382 nuni
400 1328 521 1381 fratrum
532 1325 640 1381 Μ’*
654 1325 834 1380 adminiculo.
967 1347 1091 1409 XXVll.
1119 1379 1150 1390 -·
1175 1361 1207 1407 m
1221 1358 1417 1406 resrivxrxra
1431 1354 1617 1403 sancrossx
1631 1357 1756 1402 oxrnn.

123 1418 219 1481 Grata,
233 1417 299 1471 leta
312 1421 341 1471 et
355 1416 457 1471 alacris
472 1416 561 1470 sistus
574 1415 630 1470 ista
643 1414 774 1480 maxima,
1168 1451 1250 1512 (Apinl
1264 1447 1428 1507 nomnium,
1441 1452 1501 1495 tom·
1513 1447 1559 1505 fl.)

158 1504 348 1572 Credit,smat
363 1510 447 1576 atquc
461 1509 565 1574 sperat,
583 1504 733 1575 omniaque
755 1503 895 1558 sustinet:
1180 1549 1291 1604 Chriqte
1318 1547 1491 1618 Redemptor
1502 1545 1631 1600 Omnium

1249 1587 1254 1599 ,
1294 1588 1300 1610 ³
1363 1592 1369 1600 ,
1636 1586 1643 1597 .

1146 1641 1287 1695 Conserva
1300 1644 1364 1690 tuos
1377 1636 1498 1689 famulos

1146 1730 1240 1784 Beatae
1253 1742 1363 1796 semper
1374 1724 1492 1793 virginis

1145 1817 1276 1873 Placatos
1286 1813 1393 1870 sanctis
1407 1812 1549 1886 precibus.

1179 1908 1266 1964 Beata
1282 1921 1394 1976 quoque
1403 1903 1519 1973 agmina

1142 1996 1304 2052 Crelestium
1315 1993 1479 2065 spirituum.

1145 2084 1302 2149 Praeterita,
1319 2081 1479 2154 prasentia.

1147 2175 1255 2230 Futura
1266 2173 1341 2227 mala
1350 2170 1458 2244 pellite.

160 1594 304 1648 Patienter
318 1601 419 1649 cuncta
431 1600 556 1663 gestans,
573 1595 648 1648 laxat
660 1599 756 1647 nostra
773 1593 899 1648 crimina.

124 1682 200 1737 lleul
219 1700 304 1754 quam
317 1682 439 1738 dolendo
455 1682 539 1736 nimis
551 1683 609 1737 haec
621 1689 665 1736 est
678 1681 771 1736 inanis
785 1681 898 1753 stipula,
935 1665 958 1725 Β

160 1772 277 1843 Semper
287 1771 408 1826 stridens
431 1778 515 1843 atquo
534 1772 666 1826 mordens
687 1771 875 1842 frendensque
897 1770 926 1825 in

777 1859 887 1930 [labiisl

158 1950 226 2015 Quae
239 1965 290 2003 nec
301 1948 354 2003 sibi
367 1949 529 2015 miseretur,
545 1965 597 2004 nec
610 1949 747 2004 sucmirrit
763 1950 835 2005 aliis.

124 2038 173 2093 Ille
188 2055 311 2110 nomque
321 2038 468 2094 charitatis
482 2039 610 2110 sequitur
627 2039 743 2108 vestigia

159 2128 213 2192 Qui
237 2135 266 2182 et
290 2128 393 2182 fratres
421 2134 507 2195 amat,
532 2133 647 2200 propter
665 2127 872 2198 Dominamque
896 2129 925 2183 in

753 2217 891 2288 [proximo

159 2306 327 2374 teneratur,
343 2315 375 2362 ut
387 2308 431 2361 lex
444 2306 526 2362 docet
539 2305 681 2375 diligendo
689 2305 804 2376 jugiter.

125 2394 221 2464 Kalips
236 2393 384 2467 [Chalybs]
403 2396 472 2449 item
494 2394 639 2450 infernalis
661 2399 705 2449 est
723 2410 824 2448 avarus
844 2393 926 2448 cleri·

819 2483 888 2552 [cus.

162 2571 215 2636 Qui
231 2572 359 2641 exempla
373 2574 583 2643 Scripturamnn
597 2573 735 2626 convertit
749 2572 777 2624 in
788 2571 897 2629 vitium.

162 2665 241 2728 Quod
261 2681 312 2719 nec
326 2664 430 2719 Paulus
445 2663 521 2718 inter
534 2667 646 2719 sanctos
656 2663 796 2718 nominari
806 2663 923 2722 censuit:

125 2755 232 2809 Laetum
251 2759 348 2809 tamen
364 2756 528 2825 largitorem
540 2755 633 2826 ipsum
648 2761 725 2810 amat
738 2754 883 2820 Dominus,

160 2843 214 2907 Qui
226 2842 327 2897 alacris
340 2861 451 2915 semper
462 2861 545 2898 suum
559 2843 687 2916 impertit
700 2842 871 2914 pauperibus
882 2862 888 2909 3
950 2906 956 2924 1

160 2931 227 3000 Ejtis
241 2947 362 3003 namque
374 2932 492 3002 justitiae
508 2937 657 3004 permanet
672 2931 700 2985 in
716 2931 817 2986 siecula
936 2908 957 2963 Ὦ

126 3019 198 3072 Male
208 3036 272 3073 vero
287 3019 437 3075 distributa
451 3021 544 3091 ipsum
561 3026 639 3074 amat
651 3020 800 3074 Dominum
819 3035 825 3071 :

163 3106 282 3170 Quando
296 3125 344 3161 arc
358 3108 557 3174 murmuranti,
576 3107 660 3162 oorde
678 3124 790 3178 quoque
809 3108 925 3173 dolenti,

160 3196 216 3250 Dat
229 3200 334 3263 tamen,
351 3196 398 3251 scd
412 3197 472 3267 jam
486 3212 541 3251 non
556 3196 611 3250 erit
624 3212 735 3250 summo
743 3197 801 3251 Deo
812 3197 925 3267 placita.

127 3281 203 3338 Natu
218 3285 268 3340 Dei
284 3285 348 3339 felix
361 3286 444 3341 homo
459 3286 615 3340 collaetatur
626 3284 769 3351 fratribus,

162 3374 308 3429 Misellinis
323 3380 351 3429 et
362 3375 485 3446 pupillis,
500 3379 529 3428 et
542 3374 639 3444 egenis
653 3379 681 3428 et
696 3373 839 3446 orphanis,

160 3463 192 3517 ln
207 3463 251 3518 his
266 3470 451 3534 susceperunt
465 3463 517 3518 viri
532 3464 598 3519 celsi
613 3462 774 3518 Dominum.

123 3549 198 3607 Olim
206 3553 322 3624 jamque
337 3553 479 3609 exstitisse
493 3569 579 3608 sacrae
592 3553 687 3608 ierunt
700 3552 818 3624 pagina,

160 3640 239 3704 Quod
251 3658 303 3696 nec
318 3643 392 3697 ullus
407 3648 476 3715 puto
491 3643 561 3698 latet
570 3657 723 3715 pauperem
740 3647 768 3695 et
782 3641 906 3696 divitem.

162 3729 237 3792 Quos
253 3731 300 3803 qui
313 3732 374 3786 vult
386 3730 565 3787 considerare
569 3771 646 3787 .......

125 3819 238 3892 Pauper
250 3821 316 3875 felix
329 3822 480 3876 collocatur
498 3821 561 3877 sinu
576 3836 688 3876 summo
702 3820 822 3877 Abrahae

161 3908 340 3975 patriarche,
356 3909 539 3980 glomeratur,
552 3910 636 3964 decor
648 3909 752 3965 sanctis
764 3906 879 3976 sedibus,

161 3997 244 4052 Dives
258 4016 323 4053 vero
337 4004 484 4053 catenatus
496 3999 676 4070 mancipatur
688 3998 809 4069 ignibus.

127 4086 229 4149 Quare,
245 4085 332 4139 frater
346 4088 514 4154 Christiane,
525 4088 582 4141 tale
597 4094 661 4159 post
674 4088 790 4142 exitium

162 4174 198 4228 Es
211 4175 360 4228 immemor
375 4181 558 4246 utrorumque
571 4176 702 4230 stemate
718 4176 882 4247 praemium?
1126 4149 1260 4211 xxvm·
1277 4181 1316 4193 “““
1337 4160 1368 4206 ¹⁸
1383 4159 1487 4206 ⁸⁰⁹³*
1502 4160 1616 4209 mm·

162 4262 215 4326 Qui
231 4269 346 4334 propter
360 4263 445 4317 vitam
460 4263 543 4318 istam
556 4278 671 4334 parram
686 4265 762 4335 capis
771 4270 852 4321 tuum
865 4281 925 4319 mo·
1182 4262 1259 4326 lesu,
1275 4259 1403 4315 Salvator
1415 4257 1522 4315 seculi.

786 4354 891 4424 [ritum
1147 4349 1311 4421 Redemptis
1325 4362 1378 4419 ope
1392 4345 1519 4412 subveni,

127 4441 183 4495 ltex
198 4449 329 4509 aternus,
345 4443 447 4496 Rector
461 4458 560 4512 regum
575 4444 726 4514 legumque
739 4443 902 4514 dispositor,
1146 4439 1181 4494 m
1194 4439 1241 4510 pia
1255 4437 1304 4492 Dei
1317 4435 1438 4507 genitrix

163 4530 226 4601 lpse
240 4530 327 4586 reddo
343 4531 457 4603 [reddit]
473 4530 580 4587 cunctis
601 4548 713 4603 aequum
732 4549 783 4604 pro
798 4532 879 4586 factis
900 4539 927 4586 et
1146 4529 1272 4584 Salutem
1286 4542 1368 4599 posce
1381 4523 1503 4581 miseris.

760 4621 890 4692 [meritis.
1179 4618 1275 4673 eorus
1289 4611 1520 4684 omnesuigelici

162 4709 231 4773 Quae
240 4712 306 4779 post
313 4709 360 4779 huj
365 4725 397 4763 us
406 4709 480 4764 saecli
490 4715 602 4764 noctem
607 4726 658 4765 nos
666 4709 695 4764 in
704 4709 761 4764 imo
767 4715 925 4781 penetrant.
1148 4706 1375 4762 patriarcharum
1389 4702 1472 4759 cunei

126 4798 202 4853 Sana
220 4797 275 4852 lide
289 4807 385 4852 sancte
406 4800 520 4869 [sanare
535 4799 606 4871 spei]
619 4800 712 4867 horno,
725 4799 839 4855 intende
848 4815 926 4870 saga-
1150 4796 1185 4850 Et
1202 4795 1403 4867 prophetamus
1419 4792 1523 4847 menta

799 4888 890 4958 [alten
1146 4883 1233 4941 Nobis
1247 4887 1397 4956 precentur
1410 4879 1532 4935 reniam.

163 4979 237 5044 Quia
250 4982 361 5032 cessant
376 4977 444 5032 tides
459 4981 543 5048 atque
559 4978 620 5048 ipsa
633 4994 697 5049 spes
711 4978 739 5033 in
755 4977 865 5042 ultimo,
946 4997 953 5006 ·
1183 4973 1310 5046 Baptista
1323 4969 1429 5026 Christi
1445 4968 1569 5042 prasius

163 5068 240 5123 Lata
257 5072 354 5122 tamari
366 5066 426 5121 haec
439 5066 467 5120 in
476 5081 566 5120 aarum
577 5067 653 5121 clare
662 5072 762 5138 regnat
775 5066 906 5121 charitas.
1146 5064 1181 5119 Et
1193 5062 1315 5133 claviger
1328 5060 1476 5117 aethereus,

1180 2263 1267 2317 Vates
1281 2260 1378 2315 aeterni
1390 2258 1499 2315 iudicis

1144 2349 1328 2422 Apostoliquo
1343 2348 1466 2406 Domini.

1146 2439 1314 2511 Suppliciter
1326 2437 1504 2509 exposcimus

1147 2529 1255 2584 Saliari
1270 2527 1370 2583 restris
1381 2524 1522 2597 precihus.

1182 2619 1319 2688 Martyres
1328 2614 1378 2669 Dei
1389 2614 1488 2685 incliti

1146 2706 1381 2776 confessoresque
1394 2703 1490 2767 lucidi,

1144 2794 1250 2850 Vestris
1260 2791 1434 2849 orationibus

1146 2885 1202 2942 Nos
1215 2884 1285 2938 sorte
1299 2883 1328 2937 in
1344 2878 1513 2936 coelestibus.

1183 2973 1267 3029 Chori
1282 2977 1444 3026 sanctarum
1459 2969 1605 3039 virginum

1145 3062 1403 3131 Monacltorumque
1417 3058 1548 3113 omnium

1145 3151 1233 3207 Simul
1250 3166 1313 3205 cum
1328 3147 1433 3203 sanctis
1448 3145 1583 3202 omnium

1144 3241 1296 3295 Consortcs
1310 3237 1415 3292 Christi
1425 3235 1518 3290 facite.

1178 3330 1297 3385 Gentem
1309 3327 1416 3382 auferte
1432 3324 1572 3397 persidam

1146 3417 1328 3474 credentium
1342 3415 1377 3469 de
1391 3414 1503 3477 tinibus,

1145 3508 1183 3565 Ut
1196 3507 1308 3564 Christo
1322 3503 1420 3559 laudes
1433 3502 1545 3559 debitas

1144 3597 1339 3652 persolvamus
1353 3592 1495 3648 alacriter.

1182 3686 1279 3743 Gloria
1293 3685 1370 3740 Patri
1386 3682 1512 3757 ingenito

1148 3777 1271 3848 Eiusque
1286 3772 1447 3845 Unigenito,

1146 3863 1209 3921 Uno
1223 3881 1287 3920 cuni
1302 3867 1398 3917 sancto
1414 3859 1521 3933 Spiritu

1145 3954 1177 4011 ln
1191 3953 1364 4026 sempiterna
1384 3949 1495 4006 saecula.

933 4080 958 4138 D
1376 4040 1479 4094 Amen.

16 5126 19 5131 .
126 5157 196 5212 Toto
212 5157 275 5211 nisu
294 5154 409 5210 obeata
422 5155 568 5210 charitatis
581 5156 688 5210 viscera
709 5216 712 5220 ,
1146 5154 1218 5208 Cum
1232 5151 1339 5208 caeteris
1350 5147 1485 5222 apostolia

163 5245 280 5317 Semper
295 5251 389 5299 mente
404 5245 533 5309 retinete,
554 5261 666 5316 semper
680 5260 728 5298 ore
741 5244 872 5314 promite,
1144 5242 1201 5297 Nos
1214 5242 1324 5296 solvant
1336 5255 1409 5293 nexu
1424 5235 1562 5290 criminis.

163 5333 199 5388 Et
208 5339 267 5388 tam
282 5334 455 5405 dicturique
467 5332 542 5388 tactu
556 5333 689 5405 proximis
704 5332 866 5404 impendite.
1181 5325 1290 5385 Chorus
1304 5334 1432 5382 sacratus
1444 5331 1621 5401 martyrum,

127 5418 523 5495 utramoneaqimsencn,
538 5428 743 5479 atunctmum
754 5421 871 5494 amnia
1144 5416 1481 5476 mntoeaoaoerlonim

164 5509 229 5564 Haec
239 5512 373 5582 exemplis
387 5512 477 5569 serbis
488 5512 575 5568 sacris
584 5512 749 5568 semmai
760 5510 879 5583 populis,
1145 5506 1336 5580 acroma
1349 5504 1466 5562 aeut·
