3772 6120
145 344 168 397 ii
348 343 640 399 FNARRATIONUM
658 345 697 399 IN
717 344 793 400 EPP.
815 345 921 401 PAULI
941 346 1008 401 LlB.
1030 347 1063 400 X.
1090 377 1121 387 -
1144 347 1182 401 m*
1201 346 1312 402 EPIST.
1333 349 1344 402 l
1364 349 1412 403 An
1431 349 1512 404 COR.
1714 353 1748 407 66

143 468 329 524 sesecundum
340 469 417 538 quod
429 468 535 540 absque
545 469 665 524 feminco
673 471 1127 541 tantun1,proqqupermittitur
1142 473 1252 526 mulieri
1272 479 1304 526 ut
1322 473 1409 527 nubat
1423 475 1446 527 si
1462 475 1552 528 rirurn
1568 490 1649 529 suum
1664 492 1748 530 causa

69 594 71 639 i
141 557 439 627 llcrpatriurchaeludae
449 559 679 618 liliusaDomino
690 576 836 629 percussus
846 560 912 628 legi·
952 559 1143 614 fornicationis
1156 561 1304 622 dimiserit,
1317 568 1366 615 ant
1379 564 1534 633 apostasiae,
1552 571 1600 617 aut
1615 565 1638 618 si
1653 565 1750 637 impel-

139 647 242 701 turtdcn.
254 652 384 707 xxxrnd.
393 647 467 716 quod
477 647 505 701 in
517 648 668 718 Scripturis
679 648 782 701 sanctis
792 648 912 701 immun·
953 649 1027 702 lente
1040 649 1152 702 lascivia
1167 666 1248 703 usum
1259 656 1366 719 querat
1377 651 1480 712 uxoris,
1493 652 1559 721 quia
1572 653 1748 707 interiornon

136 736 377 804 titianuncupatun
386 737 859 806 superqqupostolus:Discentur
870 740 913 790 in·
954 737 1068 791 omnino
1084 738 1136 790 lrac
1150 738 1210 803 lege
1220 738 1310 791 utitur
1323 756 1378 808 qna
1386 740 1486 809 potior.
1498 741 1526 793 Si
1536 747 1630 794 tanmn
1641 749 1751 812 aposta

135 825 508 891 nrptisetridnis:Borrnmcst
517 828 914 893 iiiissisicpernrnnserintsic·
954 826 1073 879 reritrir
1086 833 1135 879 rint
1148 843 1230 879 usum
1242 833 1349 896 quierat
1360 828 1462 882 uxoris.
1473 829 1620 882 insectere.
1638 847 1688 883 nec
1702 831 1750 884 alii

132 917 252 977 ntrtepo.
271 910 459 975 erodsiflnon
476 914 748 968 repraesentabant
778 931 786 964 .·
814 915 913 965 arcellas
954 915 1752 984 potestnnlrerenmliernecrenutiadillumlilrirnro·

129 1001 185 1050 eain
199 1003 234 1050 est
250 999 355 1050 irridere
370 1014 457 1065 priora
474 1002 531 1051 nri.
544 999 669 1053 Tertium
685 1000 758 1069 quod
773 1000 867 1052 animo
882 1016 914 1052 ac
955 1018 1011 1055 rein
1029 1020 1081 1056 iton
1093 1005 1227 1056 dinrittot.
1240 1002 1526 1062 Subauditurantcm.
1544 1012 1657 1075 excepta
1667 1005 1751 1059 sorni-

127 1094 205 1138 nente
218 1086 388 1156 concipitur,
406 1087 441 1139 de
460 1104 515 1157 quo
535 1088 671 1142 Dominus
689 1088 718 1141 in
739 1089 910 1157 Evangelio:
954 1090 1279 1151 cationiscausa.etideo
1293 1108 1348 1144 non
1364 1092 1491 1160 subjecit,
1505 1093 1620 1146 sicutdc
1635 1095 1751 1149 muliere

126 1174 167 1240 Oui
177 1175 277 1228 viderit
296 1179 446 1229 irretire-rein
460 1178 498 1229 ad
511 1179 755 1245 corrarpiseendutn
769 1194 837 1239 eoric,
851 1181 913 1246 jein
954 1179 1059 1232 dicens.
1071 1180 1151 1243 Quod
1162 1180 1184 1232 si
1195 1180 1355 1232 discesserit
1371 1197 1485 1234 manere.
1500 1181 1548 1242 sic,
1566 1182 1632 1252 quia
1647 1183 1705 1237 siro
1721 1183 1752 1235 li·

123 1264 257 1316 inecdotus
271 1268 310 1316 cst
325 1280 388 1317 earn
405 1267 436 1317 in
451 1267 529 1318 corde
540 1281 589 1318 stro
606 1267 712 1333 tillaltlr.
724 1272 762 1334 r).
777 1266 844 1330 Quae
859 1267 915 1320 tria
954 1273 997 1321 cet
1011 1269 1111 1321 ducere.
1127 1284 1251 1327 uxorem,
1263 1269 1286 1321 si
1301 1269 1440 1321 dimiserit
1451 1286 1565 1323 errorem
1579 1275 1757 1340 peccantem!

120 1351 320 1420 perterabeatus
328 1354 482 1423 Apostolus
489 1355 914 1425 parimodoerstinguendapro·
955 1356 1020 1425 quia
1035 1373 1089 1410 non
1106 1357 1144 1410 ita
1159 1357 1219 1425 lege
1233 1357 1436 1426 constringitur
1449 1357 1521 1411 sicut
1535 1359 1645 1411 mulier.
1664 1360 1751 1428 Caput

118 1440 228 1493 nuntiat.
241 1441 530 1512 Mortificateinquit,
545 1445 667 1497 inernlnn
677 1450 914 1512 restrn,qrrasrnrt
954 1447 1028 1497 enim
1045 1462 1068 1496 nr
1075 1448 1171 1497 nlicris
1185 1449 1229 1498 rir
1244 1450 1290 1498 est.
1307 1445 1620 1513 (inpp'ltonrinuserpo
1635 1448 1669 1500 ad
1686 1447 1752 1501 illud

117 1545 188 1596 saper
204 1535 323 1591 terrain,
341 1533 566 1596 fornicationem,
582 1534 804 1596 irnnnendilionr,
822 1534 914 1586 liltidi-
955 1534 1187 1586 conlirmandurn.
1200 1540 1296 1586 utnon
1311 1534 1391 1586 facile
1408 1551 1477 1586 rnen·
1491 1534 1651 1588 dimittatur
1665 1536 1752 1589 solam

118 1634 179 1671 siren
189 1628 242 1670 etr.
255 1620 363 1683 (dicad.)
374 1620 406 1672 ln
420 1619 473 1673 ista
484 1636 514 1673 re
525 1620 587 1674 illos
597 1621 658 1674 vult
665 1622 833 1674 contendere
842 1628 874 1675 ut
884 1639 914 1675 se
954 1638 1067 1675 causam
1076 1621 1268 1675 fornicationis
1278 1623 1394 1692 excepit.
1405 1624 1527 1675 (aderas
1535 1640 1600 1676 rere
1609 1625 1753 1678 universas

116 1706 283 1772 contineant,
292 1708 369 1776 quod
382 1709 406 1761 si
418 1709 540 1779 impulsu
552 1710 643 1763 carnis
653 1726 830 1780 perseverare
840 1711 921 1764 seri:
956 1710 1107 1767 molestias.
1119 1711 1142 1762 si
1153 1727 1214 1780 (prm
1222 1711 1295 1764 torte>
1305 1711 1472 1765 exstiterint.
1482 1710 1562 1779 jubet
1573 1713 1683 1781 preside
1691 1730 1754 1766 con-

113 1794 199 1848 derint
213 1812 273 1849 nnn
291 1812 385 1866 posse,
401 1798 469 1867 quia
484 1814 534 1851 nce
550 1804 616 1852 sunt
634 1798 819 1869 promptiores
834 1799 862 1852 in
880 1788 1042 1869 ‹20Bj11eali
1052 1804 1079 1852 et
1091 1816 1140 1869 pro
1151 1799 1279 1853 castitate
1290 1785 1556 1853 lortitcrsnstinere.
1570 1801 1604 1853 Et
1613 1802 1753 1854 mceclmm

115 1883 168 1954 ipso
178 1890 211 1936 ut
220 1884 397 1954 adjuventur
407 1903 424 1938 a
438 1887 495 1939 Deo
508 1905 514 1938 ς
525 1886 604 1940 illum
615 1887 690 1940 enim
701 1889 775 1941 Deus
790 1888 913 1957 adjurat,
956 1887 1023 1941 dicit
1036 1888 1121 1940 etiam
1136 1888 1237 1952 sirum,
1251 1888 1298 1957 qui
1314 1904 1376 1940 carn
1394 1888 1513 1952 duxerit,
1531 1905 1592 1957 <puae
1606 1890 1698 1943 soluta
1711 1898 1754 1943 ost

116 1988 192 2041 quem
203 1973 281 2026 ridet
291 1982 354 2027 tota
362 1974 467 2029 virtute
477 1975 658 2040 contendere3
669 1975 777 2030 nubant
787 1978 883 2045 utique
891 1977 914 2029 si
956 1993 973 2028 a
986 1976 1053 2029 siro.
1070 1977 1156 2045 Cujus
1171 1977 1210 2029 rei
1227 1978 1370 2046 apostolus
1379 1977 1482 2029 Paulus
1494 1977 1646 2031 torminum
1662 1984 1753 2033 osten-

116 2061 153 2114 uri
163 2061 279 2127 tinient,
297 2061 371 2115 sorte
381 2063 458 2116 enim
470 2072 602 2134 poterunt
613 2073 708 2134 postea
725 2065 776 2117 hoc
787 2065 912 2135 adipisci.
955 2065 1007 2129 dit,
1019 2065 1190 2134 quintandiu
1201 2063 1405 2117 observandum
1414 2064 1490 2120 (licit.
1500 2067 1622 2134 quandiu
1638 2068 1680 2120 rir
1693 2069 1754 2137 ejus

116 2149 223 2219 Digesto
233 2151 314 2204 enim
334 2152 539 2222 impedimento
554 2159 665 2223 reparat
680 2172 710 2206 se
726 2155 854 2207 voluntas
872 2171 915 2208 ro·
955 2153 1089 2208 sirit.lllo
1099 2162 1192 2207 autem
1203 2160 1314 2206 inertuo
1323 2154 1371 2206 dat
1382 2152 1504 2206 nubendi
1515 2154 1665 2208 licentiam.
1676 2156 1753 2208 llanc

116 2236 235 2292 iustiore
260 2240 368 2295 virtute
394 2260 400 2292 :
423 2241 463 2295 sic
486 2242 561 2295 enim
582 2243 717 2312 scriptum
742 2250 784 2296 est
805 2245 911 2310 (liottir.
956 2242 1031 2295 enirn
1044 2242 1128 2295 etiam
1144 2243 1202 2311 ipsc
1213 2243 1340 2309 regulam
1356 2242 1455 2297 tenuit.
1468 2250 1497 2294 ct
1514 2242 1543 2293 in
1557 2259 1590 2294 ea
1604 2259 1658 2295 rien
1671 2260 1753 2296 sunm

116 2338 166 2388 xix)
182 2346 187 2380 :
202 2329 355 2397 Qnipotest
370 2347 473 2398 capiere,
486 2334 586 2399 capiat.
603 2330 701 2402 disp)
715 2332 770 2386 Sed
784 2348 839 2385 non
850 2349 914 2403 pos-
955 2331 1102 2384 corrsilium
1112 2331 1184 2384 sicut
1194 2331 1221 2383 in
1233 2329 1374 2382 nonnullis
1388 2329 1513 2389 monitis,
1524 2330 1571 2382 sed
1583 2337 1751 2399 paeceptum

115 2432 182 2471 sum.
192 2417 306 2487 inquis:
320 2435 377 2471 nctn
390 2423 469 2489 potes
480 2421 491 2471 ?
502 2436 558 2473 non
571 2437 684 2490 possum
695 2420 811 2490 suscipit
822 2437 851 2473 rc
865 2437 915 2474 nu·
956 2418 1068 2472 Domini
1078 2418 1204 2488 jubentis
1216 2417 1348 2473 ostendit.
1365 2434 1428 2470 cunr
1443 2417 1483 2469 ait
1499 2436 1504 2468 :
1524 2419 1571 2470 Eis
1586 2424 1676 2472 notent
1694 2436 1753 2488 qne

116 2505 252 2559 tneatoria
269 2507 403 2576 quiedam
419 2508 544 2578 Apostoli
557 2509 718 2571 auctoritas,
731 2514 763 2562 ut
778 2509 801 2561 si
818 2527 847 2561 se
858 2525 914 2563 non
957 2512 1047 2575 inepte
1060 2512 1134 2570 stent,
1149 2509 1285 2575 precipio,
1305 2508 1483 2574 transposed
1499 2508 1641 2569 llrntn'nns,
1654 2511 1753 2561 ›iiidie-

116 2595 256 2648 contineut
270 2594 391 2650 nubant.
405 2596 468 2650 Fiat
482 2597 587 2666 aliquid
603 2597 676 2651 unde
693 2597 915 2667 perneniaturad
956 2612 1012 2649 irin
1027 2613 1044 2648 n
1059 2598 1119 2648 ciro
1140 2612 1193 2648 non
1209 2596 1431 2662 discedcr·e,pmnt
1440 2598 1465 2646 si
1478 2597 1627 2648 discesserit
1644 2611 1754 2649 rirenere

116 2682 229 2740 reniam.
239 2684 389 2754 pertineat
398 2686 432 2738 ad
443 2685 552 2739 veniam
563 2703 597 2738 ne
609 2687 734 2740 irruatur
742 2687 771 2740 in
782 2692 914 2738 artemam
956 2688 1171 2752 innumerosam
1184 2687 1243 2736 ciro
1252 2700 1300 2735 siro
1311 2685 1497 2743 reconciliari,
1508 2689 1531 2736 et
1543 2687 1587 2736 cir
1596 2700 1708 2736 irrorent
1721 2702 1753 2737 nc

117 2786 231 2839 penam.
244 2772 312 2827 Fiat
322 2774 397 2843 quod
414 2773 487 2835 licet,
500 2775 573 2828 unde
588 2782 755 2843 agnoscatur
769 2775 842 2845 quod
860 2791 915 2828 non
956 2775 1087 2836 dimittet,
1101 2773 1182 2825 credo
1197 2772 1281 2825 simili
1297 2773 1396 2836 foruna,
1406 2779 1437 2824 nt
1446 2772 1468 2824 si
1480 2772 1628 2836 dimiserit,
1641 2789 1695 2825 non
1706 2773 1754 2825 du-

117 2858 182 2913 licet.
191 2860 244 2914 hec
255 2861 366 2915 indicat
375 2863 449 2932 quod
459 2864 595 2933 sequitur.
607 2883 619 2914 e
629 2865 741 2917 mallem
752 2880 799 2917 eros
810 2863 914 2917 nubere
955 2868 1000 2915 cat
1013 2862 1107 2918 aliam.
1122 2867 1171 2913 aut
1181 2859 1376 2913 reconcilietur
1390 2860 1467 2913 uxori
1478 2878 1484 2924 ς
1497 2860 1557 2913 lieri
1573 2861 1648 2913 enim
1663 2867 1755 2930 potest

117 2964 194 3017 quam
205 2930 261 3003 uri
278 2972 289 2995 e
302 2951 458 3016 concessit,
467 2951 568 3022 inquit,
577 2952 683 3022 aliquid
694 2952 912 3016 incontinentia,
955 2957 988 3004 ut
1001 2950 1126 3003 dimittat
1140 2966 1254 3002 uxorem
1270 2965 1354 3002 causa
1363 2949 1554 3002 fornicationis
1566 2966 1650 3019 quarn
1661 2949 1754 3002 Domi·

117 3037 484 3110 quiamulustimuitpoenas
492 3041 915 3111 aeternastimuitquodexspec·
958 3055 1010 3093 nus
1031 3046 1173 3108 exceptam
1195 3055 1256 3091 esse
1275 3038 1372 3096 voluit,
1387 3038 1445 3106 jam
1466 3054 1531 3091 sero
1545 3038 1569 3089 si
1584 3037 1689 3090 necilli
1704 3054 1754 3090 nu-

116 3131 154 3178 tat
161 3138 190 3179 et
197 3133 297 3180 ritanet
306 3128 461 3186 adulteros.
469 3130 553 3183 etiam
560 3130 613 3183 hoc
620 3130 693 3199 quod
699 3131 842 3200 conjugati
850 3130 914 3183 victi
925 3103 946 3163 C
958 3127 1022 3181 berc
1038 3126 1198 3181 conceditur
1212 3126 1340 3179 viroviro
1355 3144 1372 3179 a
1388 3143 1442 3195 elno
1454 3125 1577 3184 recessit,
1590 3141 1680 3195 neque
1689 3125 1754 3179 huic

116 3216 589 3285 eoncupiscentiautunturinvicem
597 3219 672 3272 ultra
679 3219 874 3273 necessitatem
883 3218 915 3270 li·
955 3217 1073 3270 alteram
1087 3216 1187 3268 ducere
1203 3215 1263 3267 risa
1272 3231 1356 3268 uxore
1372 3231 1455 3284 quirin
1470 3204 1586 3274 clirrrisit,
1600 3215 1688 3268 multo
1703 3215 1754 3267 mi-

117 3301 192 3356 bems
207 3306 377 3375 procreandi
391 3323 503 3377 poenam
515 3308 543 3361 in
554 3307 598 3361 his
613 3325 663 3379 pro
674 3308 775 3379 quibus
790 3306 914 3377 quotidie
956 3322 1008 3358 nus
1021 3305 1062 3357 sas
1076 3310 1119 3357 est
1132 3304 1229 3357 illicita
1242 3320 1305 3357 cum
1321 3302 1445 3372 quolibet
1459 3310 1557 3373 stupra
1566 3303 1751 3356 committere.

117 3391 915 3461 dieitur:itirnittcnobisdcln'tanostra,sicntetnoseiimit-
955 3394 1030 3448 Nam
1056 3395 1158 3446 celcris
1178 3410 1223 3458 epo
1244 3394 1312 3455 dico,
1337 3409 1390 3446 iren
1413 3395 1546 3446 llominus
1571 3392 1676 3461 (Δηώ.)
1696 3392 1754 3444 lloc

118 3482 198 3534 limus
205 3484 378 3535 debitoribus
386 3484 581 3554 nostrisfflrcp.
584 3486 742 3555 lScrrptum
749 3485 912 3555 quippecst:
956 3482 1032 3547 dicit,
1053 3488 1085 3535 ut
1095 3481 1224 3535 ostendat
1240 3481 1307 3550 quid
1322 3481 1434 3551 proprio
1449 3497 1497 3532 ore
1509 3480 1646 3533 Dominus
1657 3481 1752 3551 jussit.

119 3569 211 3622 lelius
225 3577 266 3623 est
285 3573 390 3624 ntrbere
408 3590 492 3640 piram
506 3577 563 3627 ari.
581 3575 647 3627 Sine
661 3575 744 3643 culpa
757 3573 863 3627 scilicet
880 3574 915 3626 ad
957 3577 986 3624 ct
995 3570 1060 3640 quid
1070 3570 1154 3639 hujus
1163 3569 1322 3622 auctoritati
1333 3568 1478 3626 concessit.
1491 3569 1556 3638 quia
1567 3574 1594 3622 et
1606 3586 1656 3639 per
1666 3569 1751 3622 istum

120 3658 278 3728 mujupium
289 3659 417 3721 veniunt,
428 3661 451 3714 si
462 3668 557 3715 tamen
572 3661 691 3716 necdum
706 3662 822 3715 meliora
835 3662 916 3715 dero·
957 3660 1092 3713 Dominus
1103 3659 1236 3728 loquitur,
1246 3658 1286 3710 ait
1298 3658 1389 3710 enini:
1403 3659 1443 3711 ,ln
1456 3661 1671 3724 crpcrirncntnnr
1681 3675 1754 3725 qeins-

122 3756 222 3799 senmt.
236 3747 313 3800 Nam
330 3748 458 3819 quisquis
478 3750 580 3804 bonum
601 3752 693 3821 majus
709 3750 802 3804 subire
818 3767 916 3820 propo-
958 3751 1021 3802 ritis
1036 3751 1103 3815 ipen,
1119 3750 1169 3814 piri
1183 3749 1213 3799 in-
1232 3763 1272 3797 rnc
1288 3748 1413 3813 loqiritar
1433 3747 1577 3797 tle-stas?
1593 3743 1688 3811 (deep.)
1703 3745 1754 3797 llic

121 3833 181 3898 suit,
193 3835 302 3889 bonum
319 3838 414 3890 minus
431 3839 505 3908 quod
520 3839 598 3892 licuit
612 3839 741 3903 illicit-uni
755 3839 828 3892 fecit.
845 3839 917 3892 Scri·
958 3837 1049 3908 primo
1063 3834 1212 3888 ridendum
1233 3841 1285 3897 est,
1301 3831 1402 3901 quibus
1415 3832 1532 3885 certeris.
1549 3831 1659 3884 «licebat
1677 3832 1752 3884 enim

123 3932 194 3990 ptum
210 3924 319 3996 quippe
333 3932 391 3978 cst:
404 3927 608 3981 intromittens
622 3943 917 3995 martinusnamsnper
959 3923 1087 3994 superins
1100 3940 1132 3975 cx
1148 3921 1257 3975 llonnni
1278 3936 1397 3990 persona
1414 3919 1458 3972 nis
1473 3919 1519 3988 qni
1535 3920 1644 3973 suntin
1659 3921 1753 3988 conju-

121 4018 257 4076 eranam,
267 4020 293 4067 ct
304 4018 452 4083 respiciens
464 4022 547 4076 retro,
557 4023 641 4085 aptas
651 4023 688 4069 esi
700 4020 916 4084 rcpnoeoelorrnn
956 4014 1003 4083 gio
1018 4032 1024 4071 ς
1049 4028 1122 4066 nunc
1136 4028 1200 4063 rero
1215 4027 1248 4062 ex
1263 4026 1315 4062 sua
1332 4025 1450 4078 persona
1465 4008 1572 4061 ceteris
1586 4009 1663 4062 dicit.
1681 4009 1753 4075 Ergo

123 4100 189 4163 tire.
202 4106 253 4161 ixl.
267 4103 323 4166 Qui
337 4104 542 4173 igiturfortiori
558 4104 829 4170 studiointcnderat,
842 4109 916 4157 retro
957 4103 1074 4156 fortasse
1089 4100 1142 4162 his,
1160 4098 1208 4169 qui
1223 4115 1278 4152 non
1293 4104 1359 4152 sunt
1378 4097 1407 4151 in
1422 4097 1560 4166 conjugio,
1579 4098 1627 4150 sed
1642 4114 1697 4151 non
1713 4113 1754 4149 so-

121 4190 276 4260 couspiccrc.
294 4193 479 4256 convincitur,
491 4194 515 4247 si
528 4194 667 4248 derelictis
682 4193 761 4247 benis
776 4193 917 4262 atripliori-
958 4192 1062 4262 quitur.
1079 4191 1122 4244 lta
1136 4188 1211 4242 enirn
1232 4187 1390 4257 subjungit:
1412 4186 1528 4254 Siquis,
1546 4190 1657 4251 tratres,
1676 4188 1752 4239 lroliel

120 4274 166 4331 bus
179 4279 214 4333 ud
225 4281 349 4334 minima
364 4287 551 4352 retorquetur.
564 4284 666 4345 (Ami.)
677 4284 740 4336 Non
755 4283 818 4335 idco
828 4281 914 4334 dixit:
958 4296 1070 4333 oaorem.
1085 4280 1222 4344 i'irpeleton
1236 4283 1259 4329 et
1270 4277 1325 4329 lucc
1339 4278 1470 4328 consentit
1486 4276 1611 4328 iraditarc
1620 4292 1682 4328 crrrn
1694 4279 1751 4340 illo,

119 4368 214 4421 Nolim
233 4371 338 4424 nabere
349 4388 433 4439 quern
452 4375 509 4433 ari,
526 4372 605 4442 quasi
621 4372 725 4425 bonum
739 4371 839 4433 sitan,
854 4370 917 4423 ideo
959 4384 1014 4421 non
1027 4369 1151 4420 dinn'ttnt
1166 4369 1255 4419 illota.
1275 4366 1348 4433 Ergo
1363 4364 1448 4417 etiam
1466 4379 1538 4415 rinno
1553 4363 1596 4415 liis
1610 4363 1687 4419 dicit,
1704 4364 1751 4432 qui

119 4456 222 4511 nubere
238 4459 351 4515 melius.
368 4461 416 4513 sed
430 4460 660 4515 consuetudinem
676 4465 787 4513 secutus
807 4465 857 4519 est,
875 4458 948 4517 so·D
959 4461 1026 4510 sunt
1040 4456 1069 4508 in
1084 4453 1223 4524 conjugio.
1240 4454 1312 4517 nutu
1325 4452 1378 4506 sibi
1394 4468 1460 4518 ergo
1475 4450 1534 4503 rult
1547 4451 1621 4519 quod
1635 4451 1754 4503 aitcate-

120 4544 207 4600 lemus
220 4548 299 4601 enim
310 4548 413 4610 dicere,
424 4550 525 4603 melius
541 4555 584 4603 est
597 4551 708 4603 lucrum
720 4549 820 4605 secere,
834 4564 916 4617 rprrrrm
959 4549 1008 4605 ris,
1025 4545 1079 4598 nisi
1094 4542 1302 4613 quiasuperius
1317 4541 1357 4593 eis
1373 4537 1548 4609 loquebatur,
1560 4538 1607 4607 qui
1616 4539 1654 4591 sic
1671 4555 1753 4608 copu-

119 4633 263 4689 dnmnum.
275 4636 327 4690 Uri
342 4654 409 4706 crgo
424 4645 467 4691 est
476 4637 622 4692 desideriis
640 4637 685 4707 agi
699 4638 742 4690 rel
755 4637 837 4695 vinci,
853 4652 917 4690 curn
959 4635 1008 4687 lati
1028 4639 1102 4697 sunl,
1128 4638 1160 4684 ut
1179 4630 1259 4684 andro
1283 4630 1311 4681 in
1333 4627 1387 4681 side
1402 4627 1506 4680 Christi
1528 4632 1631 4690 essent,
1647 4628 1754 4681 ceteris

119 4724 189 4776 enun
214 4724 347 4779 voluntas
365 4727 450 4780 calori
466 4726 558 4780 carnis
574 4727 714 4781 consentit
731 4726 831 4791 uritur,
851 4742 916 4779 nam
958 4740 1023 4776 rero
1037 4738 1111 4774 nunc
1126 4720 1202 4774 elicit.
1220 4718 1245 4769 id
1262 4722 1312 4779 cst,
1330 4715 1432 4785 eisqui
1453 4715 1493 4768 sic
1507 4716 1627 4786 copulati
1644 4721 1708 4769 sunl
1723 4724 1755 4770 ut

119 4810 257 4866 desideria
264 4814 335 4884 pati.
344 4820 372 4868 et
380 4816 702 4880 nonrinci‚illustrisrir·i
709 4821 785 4868 estet
792 4813 914 4885 perfecti.
958 4828 1014 4865 non
1028 4809 1110 4862 crinito
1124 4808 1220 4860 irdeles
1234 4805 1299 4857 sint.
1320 4805 1352 4859 Si
1364 4807 1434 4872 puis,
1452 4806 1562 4871 fratres
1581 4820 1691 4858 risorem
1707 4806 1754 4858 lra-

153 4902 638 4974 tiisautcrnperimetrirnoniojirncii
644 4910 711 4958 sunt
716 4906 852 4972 precipio,
863 4919 917 4956 reon
959 4903 999 4954 oet
1013 4900 1150 4966 infidelem
1164 4901 1186 4948 ct
1198 4896 1252 4947 irae
1268 4895 1399 4946 crorrsentit
1416 4895 1540 4946 linditare
1556 4910 1617 4947 com
1629 4896 1687 4959 illo,
1698 4910 1752 4946 tion

119 4992 224 5055 epo,sed
235 4991 381 5046 Dominus.
398 4994 550 5065 Postquam
564 4994 691 5064 innuptis
703 4998 731 5046 et
740 4992 830 5045 viduis
845 4992 917 5043 locu·
958 4992 1083 5043 dinn'ttet
1095 4990 1183 5040 iliani.
1194 4985 1227 5037 lit
1241 4986 1266 5035 si
1278 4999 1333 5052 piro
1349 4985 1450 5035 inmisi·
1461 4983 1538 5035 tendet
1551 4985 1641 5034 rirmn
1659 4983 1754 5047 irrp'de-

122 5088 165 5131 tus
178 5090 233 5143 est,
252 5080 305 5134 hos
320 5060 474 5153 alloquitur
488 5083 536 5153 qui
552 5081 731 5136 nratrimonio
745 5079 836 5150 juncti
853 5087 919 5132 sunt
960 5080 1020 5137 teni,
1038 5082 1060 5128 et
1077 5076 1122 5127 iric
1142 5074 1274 5126 cecinerit
1289 5072 1413 5124 linbitnre
1434 5087 1496 5123 rnen
1515 5073 1574 5132 illa,
1594 5085 1649 5121 reon
1665 5072 1753 5121 relin-

121 5169 341 5225 ereDominioo.
359 5169 919 5236 lfrorcrneeirenenclisccder·c:qnodsi
959 5171 1025 5233 eperat
1046 5167 1137 5216 rirrnn
1161 5161 1263 5227 lilino.)
1283 5161 1341 5213 lloc
1364 5159 1434 5212 dixit
1455 5159 1522 5228 ‹puia
1549 5158 1622 5209 inter
1637 5155 1685 5209 illa
1699 5157 1754 5227 pri-

120 5257 281 5323 discesserit,
291 5277 403 5314 recurrero
411 5256 918 5330 innuptam.Hocdpostoliconsilium
960 5252 1069 5306 mor-dia
1091 5267 1153 5303 curn
1175 5248 1257 5302 ambo
1278 5249 1375 5318 utiquc
1398 5254 1492 5301 essent
1515 5245 1650 5309 Gentiles
1671 5245 1756 5299 nebat

121 5352 169 5405 est,
181 5355 214 5401 ut
224 5349 247 5402 si
259 5348 422 5404 discesserit
432 5355 545 5420 propter
560 5350 665 5403 malam
680 5346 917 5402 conversationem
960 5348 992 5396 ut
1028 5357 1100 5394 unus
1137 5355 1170 5391 ex
1206 5338 1249 5390 his
1285 5337 1420 5396 crederet,
1454 5343 1482 5388 et
1509 5334 1575 5405 quia
1603 5333 1756 5388 horrebant

122 5434 168 5488 τίτί
175 5437 239 5507 jam
248 5437 370 5509 innupta
380 5440 550 5492 manetdnt
564 5442 623 5492 ciro
637 5437 822 5491 reconciliari.
839 5433 917 5497 Quod
959 5429 1058 5501 persidi
1081 5427 1219 5481 culturam
1242 5426 1302 5489 Dei,
1325 5424 1456 5478 similiter
1478 5430 1506 5477 et
1525 5422 1670 5477 credentes
1692 5438 1756 5475 con·

122 5523 297 5581 sicontinere
306 5544 348 5592 se,
359 5528 464 5599 inqiut,
475 5544 531 5581 non
540 5532 641 5600 potest,
651 5525 719 5597 quia
728 5539 852 5595 pugnare
863 5538 918 5576 non
959 5517 1172 5573 terminationem
1206 5514 1339 5586 preteriti
1375 5513 1492 5574 erroris,
1528 5512 1589 5564 idco
1624 5510 1755 5580 pracepit

124 5613 177 5668 vult
194 5620 296 5671 eontra
311 5632 439 5679 earnem,
458 5616 517 5672 viro
538 5614 743 5672 reconcilietur.
763 5613 826 5667 Non
841 5610 918 5666 enim
960 5614 992 5664 ut
1006 5607 1029 5662 si
1043 5604 1167 5661 contenti
1182 5609 1277 5658 essent
1290 5602 1417 5658 habitare
1430 5618 1494 5657 cum
1509 5598 1675 5663 immutatis,
1691 5614 1754 5652 con-
