3786 6128
167 253 237 308 1059
473 245 501 299 ll.
524 244 657 299 munivi
679 244 793 300 MAURI
813 243 980 299 luuntur.
1002 242 1163 297 MOGUNT.
1184 242 1331 297 uranum
1352 239 1441 295 PARS
1461 239 1510 295 lll.
1747 236 1811 295 10611

166 384 218 445 ast,
227 393 276 450 per
287 371 551 444 contemplationem
563 371 721 442 pertingam
732 388 821 442 usque
837 370 872 425 ad
882 370 998 439 ange-A
1009 389 1018 419 ι
1035 369 1075 423 De
1090 368 1255 438 fragmentis
1265 373 1372 439 septem
1387 372 1496 438 sportas
1508 362 1540 431 ¹⁰,
1552 382 1562 414 s
1577 362 1653 435 quod
1660 362 1812 435 Scriptum

165 468 218 528 los.
237 466 266 520 in
286 462 387 536 quibus
404 461 463 533 ipse
484 466 593 531 regnat.
611 459 730 528 Sollion,
745 460 871 532 angelica
885 458 969 512 simul
1010 475 1096 512 sacrae
1111 458 1218 513 deliciis
1235 458 1431 530 predicatores
1453 453 1610 526 septiformi
1633 451 1744 525 Spiritu
1758 452 1811 509 im-

166 560 195 612 et
207 555 332 610 humana
346 557 457 615 natura,
468 557 499 604 ut
513 550 542 603 in
555 549 643 604 lsaia:
660 572 670 602 i
685 550 748 604 Vidi
765 551 917 605 Dominum
927 565 969 603 se·
1009 548 1132 619 plentur.

166 643 280 699 dentem
304 657 388 713 super
412 639 513 695 solium
536 639 675 693 excelsum
701 645 729 694 et
752 640 891 694 elevatum
908 638 929 702 ¹,
953 656 965 688 »
1051 637 1127 692 Stolo
1142 644 1185 692 est
1201 655 1266 692 caro
1282 637 1394 700 Christi,
1414 635 1483 690 utin
1499 634 1589 690 lsaia:
1604 655 1616 682 «ι
1633 633 1692 688 Iste
1705 632 1810 688 formo·

165 732 241 806 quod
257 731 394 787 Dominus
414 735 443 784 et
456 729 557 800 angelo
568 728 597 783 in
610 729 701 800 prima
715 728 888 783 sublimitate
903 743 967 798 per·
1008 743 1056 781 sus
1072 727 1101 781 in
1117 729 1189 782 stola
1204 744 1254 782 sua
1269 727 1300 793 ¹⁰,
1321 748 1332 779 ι
1347 725 1421 798 quod
1436 725 1542 779 nullam
1557 721 1657 779 habuit
1669 722 1888 788 maculams

166 821 301 887 manenti,
317 827 346 875 et
360 819 467 874 homini
480 818 519 872 ad
533 818 665 872 amissam
679 836 730 891 per
737 817 841 873 Christi
856 817 967 871 redem-
1008 817 1114 887 peccati
1130 817 1158 870 in
1184 817 1359 872 humanitate
1379 832 1439 869 sua.
1455 813 1541 879 Stolo,
1562 818 1661 868 sancta
1677 812 1808 878 Ecclesia,

164 911 291 985 ptionem
307 915 409 973 erecto,
432 925 482 979 per
496 907 668 962 intellectum
688 907 828 978 praesidet.
847 906 966 970 Solium,
1009 910 1042 960 ut
1055 905 1083 960 in
1099 906 1220 960 Genesi:
1240 926 1252 958 a
1269 904 1385 960 Lavabit
1407 905 1435 959 in
1451 903 1514 958 vino
1535 903 1636 957 stolam
1651 918 1734 957 suam
1746 900 1807 968 ¹⁰,r

165 1005 264 1057 sancta
278 998 437 1055 sublimitas
453 997 565 1064 mentis,
582 1003 614 1051 ut
629 997 657 1050 in
670 996 721 1051 Job
738 1017 744 1050 :
765 1018 777 1048 a
798 997 832 1051 Et
848 1012 927 1066 reges
938 995 967 1048 in
1008 995 1104 1062 idest,
1125 995 1262 1067 passionis
1284 1012 1342 1050 sua
1363 999 1538 1048 sacramento
1563 990 1696 1064 purgabit
1719 991 1864 1047 Eucle—

166 1088 236 1144 solio
251 1088 368 1143 collocat
377 1085 397 1153 ¹,
418 1105 429 1137 i
447 1086 521 1156 quod
535 1086 637 1140 electos
648 1102 713 1139 suos
725 1085 829 1140 illicitis
845 1083 967 1138 motibus
1008 1084 1078 1138 siam
1094 1101 1184 1140 suam.
1206 1086 1294 1154 Stolo,
1311 1083 1398 1139 virtus
1421 1081 1596 1148 innocentiae,
1614 1086 1648 1135 ut
1668 1081 1697 1135 iu
1723 1080 1856 1136 Esau—

165 1177 224 1234 suis
236 1182 247 1203 '
259 1177 449 1247 intelligenter
461 1175 632 1241 resistentes,
642 1175 676 1229 ad
686 1192 818 1246 magnam
833 1174 861 1228 in
873 1179 967 1228 mente
1007 1173 1080 1244 gelio
1093 1193 1097 1227 :
1110 1193 1122 1226 u
1139 1174 1201 1229 Cito
1212 1175 1334 1246 proferte
1342 1173 1443 1228 stolam
1454 1172 1518 1244 ipsi,
1528 1168 1783 1236 etinduiteeum¹⁰,
1793 1190 1811 1225 s

166 1265 301 1322 Dominus
316 1265 494 1319 altitudinem
514 1264 671 1319 sanctitatis
695 1264 830 1335 perducit.
847 1264 965 1329 Solinus,
1009 1262 1036 1317 id
1066 1271 1117 1331 cst,
1147 1264 1249 1319 virtute
1281 1263 1457 1330 innocentiae,
1484 1279 1569 1334 quam
1597 1261 1675 1332 prius
1698 1259 1806 1323 habuit,

165 1355 246 1412 sedes
275 1353 392 1419 consilii,
411 1359 441 1408 ut
464 1355 492 1408 in
520 1353 594 1409 lsaia
621 1397 626 1408 .
660 1372 672 1405 <r
700 1353 761 1407 Non
785 1354 888 1407 solium
906 1352 969 1406 silim
1010 1358 1141 1407 coronate
1157 1370 1230 1407 eurri.
1247 1352 1480 1423 Stolcr,gaudiu1n
1496 1366 1609 1414 novum,
1625 1350 1704 1405 utin
1723 1350 1837 1404 Evan-

167 1445 360 1500 Ghaldaeorum
380 1443 431 1509 ³,r
460 1443 532 1514 quod
559 1442 669 1514 reprobi
699 1458 799 1497 sanum
821 1440 969 1496 eonsilium
1009 1442 1083 1512 gelio
1099 1462 1104 1495 2
1123 1465 1133 1490 ιι
1152 1442 1341 1497 Sedentemin
1357 1442 1471 1506 ‹lexa-is,
1486 1439 1839 1510 coopertumstolacau-

165 1550 221 1591 non
234 1532 364 1588 babeant.
378 1531 624 1598 Solium,altituclo
637 1532 788 1594 mundana,
801 1539 832 1587 ut
841 1532 869 1585 in
879 1532 965 1585 tona:
1010 1531 1085 1597 dida,
1102 1537 1131 1585 et
1145 1530 1350 1603 obstupuerunt
1363 1530 1394 1597 ¹¹,
1411 1551 1421 1580 i
1438 1534 1487 1584 'et
1497 1534 1631 1584 aeternam
1646 1528 1738 1584 nostri
1753 1529 1836 1584 Sal—

169 1623 324 1678 «Surrexit
349 1638 398 1674 rex
423 1620 457 1674 de
479 1620 549 1674 solio
574 1622 651 1690 regni
677 1621 719 1675 sui
736 1621 756 1686 ¹,
782 1641 794 1672 a
821 1620 896 1692 quod
916 1619 969 1691 ipsi
1011 1623 1113 1675 vetoris
1127 1620 1269 1690 vitamque
1283 1637 1383 1676 noram
1404 1618 1530 1673 laetitiam
1546 1622 1673 1674 nostram
1698 1618 1829 1673 nuntia-

165 1711 270 1767 summi
292 1710 445 1780 Principes,
462 1708 574 1780 cognita
589 1709 713 1763 veritate.
735 1709 770 1762 ad
797 1705 999 1780 pradicaticss
1011 1709 1057 1763 vit.
1080 1711 1133 1763 Per
1157 1714 1253 1764 stolam
1270 1709 1360 1780 gloria
1374 1709 1503 1775 coelestis,
1521 1715 1553 1762 ut
1567 1708 1596 1762 in
1615 1708 1785 1779 Apocalypsi
1804 1729 1807 1762 ;

168 1816 233 1856 nem
252 1799 358 1854 Christi
382 1815 432 1870 per
451 1798 644 1870 poenitentiam
661 1799 695 1852 ad
712 1798 795 1852 fidem
810 1797 969 1852 seinclina-
1012 1799 1074 1853 «Er
1102 1798 1174 1854 datae
1189 1805 1257 1854 sunt
1275 1799 1329 1853 illis
1345 1799 1462 1869 singula
1481 1798 1558 1853 stolae
1573 1796 1643 1852 albae
1655 1795 1691 1863 ¹¹,
1710 1814 1722 1848 s
1739 1797 1830 1868 quau

170 1895 278 1944 verunt.
1010 1888 1099 1942 sancti
1113 1906 1130 1942 a
1142 1887 1305 1960 corporibus
1320 1888 1396 1942 exuti
1411 1888 1537 1958 singulas
1551 1886 1579 1940 in
1594 1885 1695 1941 laetitia
1708 1886 1858 1941 auima-

204 1976 330 2032 Solitudo
351 1983 394 2031 est
419 1976 572 2048 gentilitas,
588 1982 619 2030 ut
640 1977 668 2031 in
688 1976 761 2029 isaia
782 1993 787 2026 :
813 1994 825 2026 n
848 1974 925 2029 Dabo
940 1973 968 2027 in
1011 1994 1074 2032 rum
1084 1979 1145 2049 jam
1160 1978 1246 2033 stolas
1262 1982 1456 2050 perceperunt.
1471 1978 1616 2031 Perstotcs
1631 1991 1721 2047 opera
1730 1973 1838 2041 bona,

168 2066 320 2122 solitudine
341 2066 455 2120 cedrum
471 2073 499 2120 et
513 2064 623 2137 spinam
639 2064 662 2130 ἣ
678 2084 691 2116 r>
707 2064 734 2118 id
755 2070 807 2131 est,
824 2063 969 2135 ponamin
1011 2073 1043 2121 ut
1053 2067 1082 2121 in
1098 2067 1218 2122 Genesi:
1232 2089 1242 2119 ι
1258 2067 1382 2137 Singulis
1392 2083 1502 2138 quoque
1511 2064 1629 2136 proferri
1637 2064 1727 2136 jussit
1735 2062 1849 2119 binae

167 2156 328 2230 gentilitate
355 2155 584 2226 contemplativos
613 2160 641 2208 et
664 2153 870 2225 praedicatores.
900 2151 970 2207 Soli·
1011 2157 1097 2211 stolas
1106 2155 1139 2223 ¹⁰,
1156 2177 1167 2207 ι
1182 2157 1255 2228 quod
1270 2174 1352 2211 verus
1367 2157 1480 2227 loseph,
1495 2154 1632 2209 Dominus
1645 2155 1739 2222 Jesus,
1758 2154 1849 2209 ele-

170 2247 245 2312 tudo,
262 2244 341 2317 quies
354 2245 466 2310 mentis,
483 2250 516 2298 ut
536 2244 565 2299 in
580 2243 721 2298 Psalmis:
741 2262 754 2296 c
771 2243 806 2297 Et
827 2241 918 2296 mansi
943 2241 971 2295 in
1013 2245 1063 2300 ctis
1080 2247 1138 2300 suis
1152 2246 1292 2318 praecepit,
1302 2251 1334 2301 ut
1343 2245 1433 2300 sancti
1443 2245 1500 2300 sint
1514 2251 1543 2298 et
1552 2260 1671 2315 corpore
1685 2249 1715 2298 et
1730 2243 1844 2314 spiri·

170 2334 374 2402 solitudine¹,»
395 2334 423 2389 id
441 2340 493 2400 est,
511 2333 684 2405 perseveravi
700 2333 728 2387 in
743 2332 854 2387 interna
868 2332 971 2386 mentis
1012 2341 1052 2389 tu.
1065 2335 1119 2390 Per
1130 2339 1213 2390 stolas
1223 2335 1416 2407 cogitationes,
1428 2340 1461 2389 ut
1471 2334 1500 2389 iu
1510 2333 1696 2405 Apocalypsi:
1712 2332 1843 2388 «Beati

170 2424 277 2499 quiete.
1012 2424 1060 2494 qui
1079 2425 1173 2479 lavant
1190 2425 1275 2479 stolas
1295 2424 1402 2490 suas¹¹,
1423 2445 1432 2475 i
1449 2425 1477 2478 id
1491 2428 1542 2490 est,
1559 2421 1761 2494 quimundant
1772 2439 1846 2477 oo—

204 2513 325 2571 Somnus
340 2519 383 2568 est
405 2529 481 2567 mors
504 2512 606 2580 carnis,
623 2519 654 2566 ut
667 2511 695 2565 in
710 2510 849 2565 Psalmis:
868 2531 881 2561 c
900 2511 971 2564 Cum
1011 2513 1161 2585 gitationes
1175 2532 1250 2570 suas.
1267 2515 1320 2569 Per
1334 2518 1417 2569 stolas
1432 2520 1546 2568 ornatus
1565 2512 1740 2567 exteriomm
1754 2528 1840 2568 sen-

167 2602 276 2658 dederit
291 2602 399 2657 dilectis
417 2602 475 2656 suis
502 2618 632 2655 somnum
652 2600 671 2667 ⁰,
692 2623 702 2648 ι
720 2600 748 2655 id
767 2605 819 2667 est,
837 2616 900 2655 curn
918 2599 971 2652 cle·
1012 2620 1104 2670 suurn,
1124 2609 1157 2658 ut
1180 2604 1209 2658 in
1232 2604 1332 2659 Genesi
1352 2623 1389 2657 :a
1413 2604 1562 2658 Trecentos
1584 2606 1737 2673 argenteos
1750 2616 1834 2656 cum

168 2696 227 2746 ctos
249 2707 314 2746 suos
339 2691 502 2762 perduxerit
525 2690 559 2744 ad
584 2696 714 2744 mortem.
739 2689 867 2756 Semitas,
891 2688 970 2760 quies
1012 2693 1092 2750 stolis
1107 2693 1232 2765 quinque
1248 2692 1361 2765 optimis
1383 2692 1446 2758 ¹⁵,a
1470 2691 1543 2764 quod
1563 2691 1701 2746 Dominus
1726 2691 1832 2746 Paulo

64 2796 66 2799 ’
168 2780 281 2848 mentis,
307 2783 339 2834 ut
364 2779 393 2833 in
419 2778 491 2834 Job:
514 2779 579 2833 «Ec
602 2795 700 2833 somno
725 2795 787 2832 meo
811 2777 968 2849 requiesce·
1011 2782 1130 2839 eontulit
1158 2781 1356 2854 perfectionem
1382 2780 1448 2835 fidei
1477 2783 1580 2835 sanctae
1600 2778 1762 2844 Trinitatis,
1786 2785 1834 2834 et

168 2869 259 2936 rem¹,
280 2893 289 2917 ι
307 2868 403 2934 idest,
421 2868 513 2923 cordis
528 2869 582 2923 mei
603 2868 696 2940 quiete
710 2884 869 2939 pausarem.
887 2867 966 2924 Som-
1010 2875 1113 2927 sanctu
1127 2869 1333 2942 predicationis
1343 2885 1407 2924 cum
1417 2867 1556 2924 munditia
1567 2867 1744 2923 exteriorum
1752 2883 1825 2922 sen·

169 2975 231 3024 nus,
248 2962 345 3031 torpor
358 2957 545 3030 negligentiae,
558 2964 590 3012 ut
603 2959 631 3011 in
644 2956 789 3011 Parabolis
802 2976 807 3011 :
824 2957 969 3021 «Quando
1009 2976 1103 3015 suum.

167 3044 203 3101 de
218 3062 316 3100 somno
331 3063 482 3117 consurges
492 3046 520 3099 ⁰?
538 3067 548 3096 ι
566 3046 594 3100 id
608 3053 660 3111 est,
679 3046 790 3118 quando
805 3046 840 3101 de
855 3029 999 3116 torporeG
1046 3047 1157 3119 Scorpio
1172 3053 1215 3103 est
1230 3048 1399 3120 desperatio,
1415 3047 1488 3103 utin
1505 3047 1656 3119 Evangelio
1675 3065 1681 3101 :
1699 3066 1712 3099 a
1731 3048 1812 3102 Nuu-

170 3135 346 3207 negligentiae
355 3141 383 3190 te
391 3135 531 3191 excuties?
543 3138 553 3157 ·
564 3136 693 3201 Somnus,
702 3134 969 3206 quilibethypocrita
1010 3137 1076 3210 quid
1092 3137 1217 3209 pomiget
1232 3138 1272 3193 illi
1288 3138 1463 3210 scorpionem
1477 3136 1519 3189 ¹⁰?
1537 3155 1549 3189 o
1566 3134 1642 3208 quod
1656 3136 1681 3191 si
1693 3137 1704 3159 ⁶
1720 3138 1782 3208 ipse
1795 3152 1824 3190 a

170 3229 203 3280 ut
216 3224 245 3279 iu
259 3223 310 3279 Job
327 3243 332 3278 :
353 3224 463 3278 «Velut
479 3226 489 3247 ¹
503 3241 633 3280 somnum
649 3224 762 3278 avolans
774 3240 830 3278 non
846 3223 969 3277 invenie·
1024 3227 1082 3281 Deo
1095 3227 1227 3301 petimus,
1245 3244 1301 3283 non
1320 3226 1398 3282 dabit
1411 3225 1488 3282 vobis
1502 3225 1741 3298 desperationem.
1759 3224 1823 3280 Per·

169 3319 217 3369 tur
232 3312 263 3381 ¹⁰,
283 3333 293 3364 s
309 3312 383 3386 quod
397 3313 544 3386 hypocrita
565 3313 594 3369 in
608 3313 702 3369 futuro
716 3313 745 3368 in
760 3318 908 3384 conspectu
922 3313 969 3382 ju·
1010 3319 1162 3384 scorpiones
1176 3317 1316 3384 doctores,
1325 3322 1356 3371 ut
1367 3316 1396 3372 in
1411 3315 1554 3372 Ezechiele
1569 3335 1574 3369 :
1591 3315 1652 3369 «Ei
1662 3331 1729 3370 cum
1735 3331 1817 3370 seor-

170 3401 240 3458 dicis
254 3408 409 3458 evanescet.
1009 3403 1140 3477 pionibus
1155 3404 1265 3460 habites
1279 3404 1311 3472 ²⁰,
1330 3426 1343 3455 a
1360 3405 1388 3460 id
1401 3412 1453 3472 est,
1469 3420 1533 3460 cum
1547 3404 1591 3469 iis,
1606 3404 1657 3476 qui
1672 3409 1750 3459 retro
1762 3404 1815 3459 de·

204 3490 295 3548 Sonus
309 3497 353 3547 est
361 3491 482 3562 Spiritus
490 3497 614 3556 sanctus,
627 3496 659 3546 ut
672 3491 702 3546 in
717 3491 768 3547 Job
784 3511 789 3546 :
808 3511 821 3544 a
836 3493 871 3548 Et
884 3509 970 3549 sonus
1009 3498 1122 3565 rogant,
1142 3494 1217 3567 quod
1240 3493 1269 3549 in
1283 3493 1485 3566 posterioribus
1499 3493 1609 3566 scorpio
1618 3493 1749 3549 timetur.
1757 3492 1818 3549 Pei·

170 3579 206 3636 de
221 3597 270 3636 ore
284 3581 360 3635 illius
373 3580 526 3652 procedens
540 3580 572 3647 ¹¹,
586 3600 599 3633 a
619 3581 694 3652 quod
710 3581 744 3635 de
763 3581 847 3637 Patre
862 3587 890 3637 et
899 3581 969 3636 Filio
1010 3586 1163 3652 scorpiones
1174 3583 1324 3647 daemones,
1340 3589 1373 3639 ut
1387 3584 1415 3638 in
1428 3582 1577 3654 Evangelio
1594 3602 1600 3636 :
1616 3602 1631 3634 ι
1646 3583 1739 3654 Super
1752 3599 1812 3638 ser·

169 3668 290 3741 Spiritus
307 3675 420 3725 sanctus
440 3668 575 3741 procedit.
595 3668 695 3734 Sonus,
720 3670 798 3738 fides,
815 3671 891 3726 utin
906 3671 970 3725 Fae-
1011 3677 1109 3744 pentes
1124 3677 1153 3727 et
1176 3671 1336 3744 scorpiones
1355 3670 1391 3743 ¹¹¹,
1416 3693 1429 3725 a
1455 3672 1484 3727 id
1508 3680 1559 3739 est,
1575 3688 1663 3744 super
1684 3671 1813 3727 homines

168 3757 257 3814 chiele
270 3760 301 3812 .··
320 3778 332 3810 c
348 3758 382 3813 Et
405 3757 592 3824 ambularent,
619 3764 652 3812 ut
674 3775 760 3813 sonus
780 3758 970 3814 multitudinis
1011 3776 1110 3833 pravos
1124 3765 1152 3815 et
1170 3760 1285 3832 spiritus
1300 3759 1448 3831 malignos.

168 3850 231 3905 erat
242 3846 277 3916 ¹¹,
293 3866 307 3902 a
326 3847 400 3918 quod
415 3848 547 3902 euntibus
572 3846 600 3901 in
624 3846 821 3919 praedicatione
838 3847 971 3919 apostolis
1048 3847 1133 3904 Soror
1144 3854 1188 3904 est
1199 3849 1321 3904 Ecclesia
1330 3849 1481 3921 primitiva,
1495 3854 1527 3903 ut
1538 3847 1714 3904 inGantico:
1732 3868 1745 3900 ι
1761 3849 1809 3905 Sc·

156 3935 251 4019 'multi
264 3952 360 3990 veram
371 3936 455 3991 tidem
465 3935 684 4007 plenalibertate
695 3937 813 3991 confessi
824 3941 898 3992 sunt.
908 3936 971 3991 'So-
1011 3955 1059 3994 ror
1074 3944 1170 3993 nostra
1183 3955 1269 4010 parva
1284 3945 1336 4004 est,
1354 3945 1382 3992 et
1396 3937 1483 3993 ubera
1495 3954 1552 3992 non
1565 3936 1652 3993 habet
1665 3937 1699 4004 ¹⁰,
1712 3937 1809 4010 »quod

169 4042 232 4092 nus,
241 4025 364 4095 gemitus
378 4022 559 4096 poenitentiae,
569 4025 637 4079 utin
652 4024 703 4079 lob
720 4045 726 4078 :
746 4046 757 4077 ι
774 4027 841 4080 Post
851 4043 915 4081 eum
927 4043 972 4081 ru·
1013 4027 1136 4084 Ecclesia
1149 4027 1291 4099 primitiva
1312 4028 1452 4082 modicam
1467 4028 1496 4083 in
1511 4027 1592 4082 initio
1607 4027 1744 4082 virtutem
1761 4027 1809 4082 lau·

167 4114 227 4185 giet
240 4113 387 4180 sonitus¹⁰,
404 4133 417 4166 a
437 4115 463 4168 id
485 4122 535 4179 est,
548 4113 744 4185 penitentium
761 4115 903 4170 resonabit
919 4133 969 4184 ge·
1011 4116 1081 4183 buit,
1103 4123 1131 4171 ct
1157 4134 1207 4172 nec
1222 4118 1255 4171 de
1279 4117 1415 4172 charitate
1435 4117 1579 4187 geminata
1593 4115 1727 4172 roborata
1750 4115 1809 4171 fuit.

169 4203 264 4259 mitus.
1011 4206 1104 4274 Soror,
1123 4207 1242 4279 putredo
1258 4207 1362 4274 carnis,
1379 4207 1452 4261 utin
1467 4206 1518 4261 lob
1541 4225 1546 4260 :
1566 4207 1685 4261 «Mater
1698 4222 1771 4271 mea,
1784 4212 1810 4260 ct

204 4292 298 4363 Spolia
313 4297 380 4347 sunt
404 4290 515 4362 eloquia
537 4291 640 4356 divina,
658 4300 690 4347 ut
708 4294 736 4346 in
763 4292 864 4348 Genesi
881 4313 886 4347 ε
907 4315 917 4345 c
938 4296 971 4349 Et
1012 4313 1092 4350 soror
1106 4313 1170 4350 mea
1183 4296 1321 4351 vermibus
1333 4295 1366 4361 ⁰⁰,
1384 4314 1396 4349 a
1413 4296 1487 4367 quod
1503 4302 1531 4348 et
1546 4295 1726 4366 aputredine
1740 4295 1811 4350 veui·

153 4399 283 4454 ‚vespere
307 4381 412 4436 dividet
435 4381 525 4452 spolia
546 4381 578 4448 ¹⁴,
602 4381 659 4434 aid
684 4387 735 4441 est,
759 4382 793 4435 ad
813 4389 969 4437 extremum
1010 4402 1082 4451 muS,
1099 4391 1128 4439 et
1140 4402 1202 4439 cum
1217 4386 1366 4457 putredine
1378 4384 1544 4440 incedimus

168 4473 253 4528 verba
271 4470 433 4543 praedicabit
455 4469 558 4523 divina.
576 4471 680 4539 Spolia,
697 4472 749 4525 viri
770 4473 869 4538 sancti,
887 4479 919 4527 ut
940 4473 968 4526 in
1045 4476 1056 4497 ⁴
1071 4475 1178 4531 Subula
1191 4479 1234 4528 est
1247 4475 1387 4529 subtilitas
1400 4473 1487 4539 verbi,
1497 4480 1529 4528 ut
1543 4475 1573 4529 in
1589 4473 1684 4529 Exodo
1698 4493 1704 4526 :
1719 4494 1731 4527 c
1749 4473 1811 4529 Per

168 4560 305 4617 Psalmis:
328 4581 339 4611 ι
359 4561 394 4615 Et
415 4559 516 4630 speciei
540 4560 639 4613 (lomus
661 4560 784 4614 dividere
800 4562 889 4632 spolia
905 4562 965 4625 ¹³¹,i
1010 4563 1295 4635 sorabitautemejus
1320 4564 1419 4619 subula
1441 4563 1473 4630 ³¹,
1503 4583 1516 4616 c
1542 4564 1637 4629 idest,
1665 4564 1811 4635 transfiget

169 4650 243 4721 quod
260 4649 387 4702 Ecclesiae
402 4654 504 4702 sancta
525 4648 574 4703 viri
585 4649 674 4703 sancti
689 4651 782 4720 plures
799 4650 895 4703 modos
907 4668 969 4704 sam·
1010 4660 1134 4708 mentem
1148 4653 1302 4708 subtilitate
1319 4653 1395 4707 verbi
1409 4653 1505 4707 divini.

169 4738 274 4794 utitatis
289 4738 454 4792 sortiuntur.
475 4737 580 4805 Spolia,
600 4745 769 4810 peccatores,
788 4745 819 4793 ut
834 4739 862 4793 in
879 4740 968 4793 Evan-
1045 4741 1160 4796 Septimi
1172 4749 1214 4797 est
1224 4742 1409 4814 protecti0,ut
1418 4743 1446 4795 in
1458 4741 1593 4796 Psalmis:
1607 4763 1618 4794 ι
1637 4742 1723 4798 Scuto
1732 4741 1811 4797 1)οη

166 4827 260 4902 gelio:
280 4847 291 4879 r
307 4827 342 4881 Et
354 4825 443 4897 spolia
463 4828 523 4896 ejus
538 4827 689 4882 distribuet
699 4828 730 4894 ¹¹,
750 4849 761 4880 ι
781 4829 854 4899 quod
872 4829 969 4883 Domi·
1009 4831 1160 4886 voluntatis
1175 4837 1230 4886 tuae
1250 4830 1390 4885 coronasti
1404 4848 1454 4884 nos
1470 4829 1503 4884 ³¹.
1521 4833 1559 4883 ε*
1583 4831 1714 4903 Scotum,
1738 4830 1812 4902 judi-

168 4935 221 4974 uus
244 4917 347 4972 multos
372 4932 423 4986 per
447 4916 604 4986 gratiarum
629 4933 744 4971 suarum
760 4918 834 4971 dona
849 4918 966 4984 dimisit,
1009 4919 1092 4986 cium,
1108 4926 1140 4975 ut
1154 4920 1184 4975 in
1198 4921 1341 4975 Jeremia:
1360 4937 1373 4971 e
1389 4920 1432 4974 Da
1451 4919 1502 4988 eis,
1516 4919 1644 4986 Domine,
1659 4922 1670 4945 ¹
1686 4919 1813 4976 dolorem

168 5024 238 5081 quos
249 5004 376 5062 diabolus
389 5020 439 5075 per
452 5004 557 5074 peccati
572 5004 680 5059 lucrum
696 5005 851 5077 acquisivit.
1009 5009 1111 5075 cordis,
1124 5016 1233 5065 scutum
1246 5016 1327 5064 tuum
1347 5008 1380 5075 ¹³,
1397 5029 1409 5060 s
1425 5009 1453 5062 id
1469 5015 1522 5079 est,
1537 5009 1695 5065 secuudum
1702 5011 1813 5082 justum

204 5098 307 5166 Sparta
321 5099 388 5150 sunt
410 5093 495 5148 corda
517 5094 672 5160 doctomm,
689 5100 721 5149 ut
740 5095 769 5148 in
792 5095 964 5166 Evangelio:
1006 5098 1145 5169 judicium
1156 5104 1237 5155 tuum
1260 5099 1303 5154 fac
1322 5115 1369 5152 eos
1385 5097 1530 5152 tristitiam
1550 5097 1664 5154 habere.
1681 5099 1811 5164 Scutum,

177 5284 180 5292 ·
204 5260 212 5294 ¹
226 5260 280 5315 lse.
297 5275 334 5321 rr,
350 5259 377 5313 l.
398 5256 410 5292 ¹
428 5256 480 5312 Job
494 5271 587 5324 xxxvi,
605 5255 632 5313 7.
656 5257 668 5292 ¹
683 5258 736 5312 Isa.
751 5271 835 5321 xcvii,
850 5259 877 5312 l.
894 5259 905 5291 ¹
919 5259 981 5312 Jon.
999 5271 1040 5324 m,
1057 5255 1083 5313 6.
1103 5257 1113 5291 ⁵
1129 5259 1182 5313 Isa.
1198 5270 1254 5323 rur,
1271 5257 1295 5311 l.
1321 5258 1332 5292 ¹
1351 5257 1425 5312 Psal.
1440 5269 1495 5322 siv,
1513 5254 1540 5314 8.
1555 5255 1565 5292 ¹
1581 5255 1655 5311 Psal.
1674 5269 1770 5325 cxxvn,
1784 5254 1812 5314 i.

168 5329 250 5384 ‘Jon.
263 5333 304 5395 ui,
320 5330 363 5385 13.
377 5329 388 5363 ⁰
405 5330 485 5384 Prov.
507 5344 546 5394 vr,
561 5328 587 5385 9.
605 5328 628 5363 ¹⁰
646 5328 697 5383 tob
712 5344 757 5396 xx,
771 5330 797 5384 8.
814 5329 834 5363 ¹¹
854 5329 905 5383 tob
918 5342 1021 5395 uvxrn,
1039 5328 1065 5382 2.
1090 5328 1113 5362 ¹¹
1128 5330 1224 5384 Erech.
1241 5343 1261 5396 1,
1276 5328 1321 5383 24.
1339 5328 1541 5393 ¹¹Jobxxxr11,
1557 5328 1584 5382 d.
1608 5326 1631 5362 ¹¹
1647 5325 1721 5383 Gen.
1736 5342 1811 5394 ιω,

170 5399 212 5458 17.
227 5399 250 5436 ¹¹
264 5401 340 5454 Psal.
356 5414 440 5466 ixvu,
460 5399 501 5456 13.
528 5400 552 5434 ¹¹
566 5401 632 5455 Luc.
648 5415 686 5466 xi,
700 5399 744 5458 2‘2.
761 5401 783 5434 ¹¹
797 5400 897 5455 Matth.
914 5414 959 5463 xv,
978 5397 1021 5454 37.
1048 5400 1070 5434 ¹¹
1086 5402 1139 5456 lsa.
1163 5415 1240 5465 anui,
1252 5401 1278 5454 t.
1305 5399 1329 5435 ¹⁰
1343 5400 1413 5454 Gen.
1428 5415 1503 5465 xiix,
1516 5400 1560 5454 ll.
1582 5396 1607 5432 ¹⁰
1619 5398 1688 5455 Luc.
1703 5413 1749 5467 xv,
1766 5396 1811 5456 22.

158 5469 190 5547 ,¹¹
206 5471 291 5526 Marc.
304 5485 359 5525 xvi.
375 5469 399 5504 ¹¹
412 5473 497 5542 hpec.
515 5486 552 5537 vr,
566 5472 611 5526 tt.
628 5470 651 5505 ¹³
667 5473 736 5526 Gen.
753 5486 816 5538 xcv,
832 5470 877 5528 22.
891 5471 914 5504 ¹¹
928 5473 1014 5542 Apoe.
1031 5486 1098 5539 xxvi,
1111 5471 1155 5528 tl.
1171 5471 1195 5506 ¹⁵
1212 5472 1281 5526 Gen.
1296 5485 1358 5538 xcvi,
1375 5480 1421 5526 ut.
1433 5470 1457 5507 ¹¹
1469 5471 1535 5526 Luc.
1551 5484 1591 5537 x,
1606 5469 1650 5527 m.
1667 5469 1693 5506 ¹¹
1713 5468 1811 5529 saecu

168 5555 199 5610 11,
216 5542 242 5597 6.
254 5539 353 5597 ”Luc
368 5555 394 5607 r,
406 5540 451 5598 19.
463 5539 486 5577 ¹⁰
501 5544 581 5598 Cant.
598 5557 658 5608 vui,
673 5543 700 5599 8.
715 5542 739 5577 ¹⁰
750 5541 802 5596 lob
815 5556 882 5610 xvn,
904 5541 942 5599 ll.
959 5543 981 5576 ³¹
996 5542 1081 5598 Exod.
1097 5557 1153 5611 xxi,
1170 5539 1196 5600 6.
1211 5542 1234 5577 ⁰¹
1249 5542 1323 5600 Psal.
1342 5557 1368 5610 v,
1387 5542 1429 5601 13.
1445 5540 1581 5600 ”Threu
1596 5555 1640 5598 111.
1656 5540 1703 5599 65.
