3786 6128
120 274 166 332 itt
229 316 232 321 .
313 269 604 328 memnonias
622 270 663 326 IN
680 269 758 325 EPP.
781 268 889 325 enula
907 268 978 333 ΗΒ·
997 271 1072 327 xlx.
1089 301 1122 313 -
1141 273 1181 328 IN
1198 272 1313 330 salsi.
1330 272 1380 329 AD
1398 273 1558 330 PHILIPP.
1704 279 1758 337 482

119 393 188 466 qnod
202 392 266 465 ipse
279 397 428 465 acceperat
441 393 563 465 gratiam
576 392 758 464 apostolatus,
774 396 807 449 ut
819 390 1025 454 crede-Anam
1046 393 1182 450 indicans.
1205 396 1277 450 'lum
1308 397 1421 468 quidem
1441 397 1637 454 existimabant
1657 417 1756 458 omnes

118 486 176 537 nat
188 481 250 545 alii,
260 482 336 537 siant
347 487 378 537 et
387 481 519 537 Romanus
532 481 656 537 scribens
667 482 735 537 dicit
747 501 755 536 :
770 485 822 537 Per
833 499 915 552 quem
955 480 1069 537 beatum
1079 483 1200 538 Paulum
1208 484 1351 540 interficia
1360 486 1482 551 Nerone,
1491 502 1525 540 eo
1536 487 1610 557 quod
1619 489 1756 545 erudelis·

118 573 268 639 capimus
279 575 404 639 qratiam
414 574 668 640 etapostotatnmin
685 573 837 627 obedientia
850 574 916 641 fidei
955 570 1043 626 simus
1053 578 1126 626 erat:
1135 572 1289 628 etmaxime
1300 574 1756 651 quianovaquaedamillistempo·

120 662 146 714 in
156 661 288 714 munitas
301 663 428 729 pentibus
445 662 529 728 (hosii.
545 661 633 729 ι).οιιί
646 660 778 715 credebat
791 677 914 716 commu·
955 660 1033 716 ribus
1039 662 1139 716 docere
1145 661 1301 728 videbatur,
1310 663 1569 718 multumextrenea
1575 664 1687 721 illorum
1693 683 1755 738 quae

120 746 225 803 nabat
238 748 339 820 utique
356 749 465 819 gratian
476 754 506 804 et
519 749 631 820 copiose
638 766 722 805 suum
733 767 801 820 erga
810 767 858 805 eos
873 750 914 805 as·
955 750 1029 821 apud
1040 750 1181 805 Romanos
1188 756 1255 805 tunc
1260 750 1317 806 ritu
1327 751 1444 806 deorum
1458 751 1633 808 colebantur.
1650 756 1756 810 Praeter

119 837 216 892 ιωιιιιιι
231 837 385 893 ostendens
399 838 485 892 dicit:
509 840 591 893 Testis
609 844 685 893 em'm
704 840 775 894 mihi
793 846 830 895 est
845 843 915 895 Item
956 854 1070 893 omnem
1078 855 1142 893 vero
1152 856 1231 910 spem
1239 840 1415 895 introductus
1429 845 1473 894 est
1482 841 1633 896 defendens
1640 859 1756 898 causam

120 928 474 997 quemadmodnmdcsidero
481 943 624 982 omnesoos
635 931 668 983 in
679 931 829 984 uisceribns
838 930 916 984 Chri·
957 944 1047 982 suam.
1060 929 1123 982 Non
1130 928 1222 982 solum
1230 929 1296 999 quia
1306 928 1376 982 nihil
1386 945 1486 1000 passus
1495 934 1547 995 est,
1561 932 1755 987 verumetiam

120 1017 237 1071 stitesn:
249 1016 660 1071 ethaeoroateharitasoestro
673 1021 762 1086 monis
775 1021 916 1086 inanisque
957 1022 986 1071 et
999 1015 1113 1088 plenam
1126 1017 1307 1071 securitatem
1332 1024 1376 1072 est
1396 1024 1551 1083 assecutus,
1575 1019 1616 1074 ita
1637 1025 1669 1075 ut
1686 1026 1716 1075 et
1738 1038 1757 1076 a

122 1104 236 1158 chance
246 1106 280 1158 in
296 1106 450 1173 connitione
466 1109 492 1158 et
501 1108 579 1159 cinni
587 1122 679 1169 sensu,
690 1111 721 1159 nt
728 1108 848 1175 probetis
857 1109 915 1161 ati·
957 1105 1048 1161 Roma
1063 1106 1335 1177 posteadiscederet,
1347 1113 1376 1161 et
1386 1112 1520 1163 consueto
1531 1124 1608 1162 more
1622 1108 1756 1165 doctrina

124 1195 198 1259 liora,
213 1197 248 1246 at
260 1195 323 1247 sitis
331 1195 436 1247 sinceri
445 1199 469 1247 et
477 1197 536 1248 sine
545 1197 692 1261 offensione
701 1198 734 1248 in
747 1197 791 1249 die
802 1195 914 1263 Ohrs'sti,
957 1194 1128 1249 immineret.
1136 1195 1241 1250 Omnes
1251 1211 1316 1249 vero
1326 1195 1362 1249 ad
1372 1195 1588 1250 demirationem
1594 1196 1757 1269 impellebat

125 1284 212 1352 repleti
237 1282 337 1348 [ructa
366 1285 485 1351 justitia
508 1285 676 1351 pertesum
704 1284 854 1348 Christum,
885 1287 917 1339 in
957 1283 1036 1349 illud,
1062 1284 1136 1355 quod
1158 1283 1251 1338 suerat
1270 1283 1386 1351 iactum,
1402 1291 1431 1338 et
1455 1285 1606 1356 plurimam
1623 1287 1756 1342 fiduciam

125 1373 238 1439 aleriam
252 1375 278 1424 et
296 1371 409 1425 tandm
424 1372 482 1425 Dei.
503 1371 576 1425 Nam
590 1372 664 1443 quod
685 1371 764 1439 dixit,
784 1376 816 1428 in
837 1375 918 1428 viscc-
957 1371 1087 1427 ssdelibus
1097 1372 1247 1437 tribuebat,
1265 1373 1306 1427 ita
1319 1378 1352 1427 ut
1364 1380 1477 1444 excepto
1494 1375 1571 1429 omni
1585 1381 1693 1431 terrore
1704 1393 1755 1448 pa·

128 1461 195 1514 ritas
217 1459 332 1523 Christi,
356 1459 449 1513 dicere
463 1459 560 1526 voluit,
581 1459 611 1514 in
634 1460 770 1516 charitate
792 1461 842 1517 illa
855 1479 917 1533 quie
958 1466 1037 1516 catus
1058 1462 1191 1531 dogmata
1208 1462 1330 1516 doceret.
1352 1462 1426 1516 Nam
1445 1463 1519 1534 quod
1542 1463 1621 1531 dixit,
1646 1468 1678 1519 in
1702 1470 1755 1519 toto

127 1547 272 1603 medum
298 1547 442 1602 Christum
470 1553 522 1615 est,
541 1555 570 1602 et
597 1550 672 1620 quod
697 1549 776 1618 dixit,
796 1551 918 1606 charitas
955 1553 1095 1621 pretorio,
1120 1556 1152 1605 ιιι
1166 1550 1242 1604 dicat
1255 1550 1284 1605 in
1300 1550 1394 1620 regiis,
1411 1551 1508 1606 stillis
1521 1567 1583 1622 quae
1598 1552 1673 1607 cirea
1690 1569 1754 1608 eum

129 1642 215 1701 cntra,
231 1637 283 1691 illa
296 1638 394 1708 utique
408 1653 470 1708 qua
484 1643 513 1691 et
527 1654 595 1708 erga
609 1638 699 1693 Deum
714 1644 743 1694 et
756 1656 824 1709 erga
835 1641 919 1694 alter·
957 1646 1033 1694 sunt.
1044 1638 1211 1694 Praetorium
1221 1638 1291 1693 illud
1303 1639 1463 1706 nominans,
1477 1640 1551 1710 quod
1561 1657 1636 1695 nune
1645 1658 1679 1696 ex
1688 1656 1756 1696 con-

131 1729 213 1780 naum
234 1731 288 1781 est.
312 1726 382 1780 Vult
403 1742 470 1797 ergo
485 1727 578 1780 dicere
597 1745 603 1779 :
621 1727 755 1798 quoniam
775 1729 856 1783 testis
875 1708 1106 1783 eseBsuetudinc
1117 1727 1254 1798 palatium
1265 1727 1453 1782 neminemne.
1466 1729 1597 1799 Hocergo
1612 1729 1756 1796 dixit,volo

134 1813 191 1868 nihi
198 1815 285 1881 Deus,
300 1815 424 1886 qualiter
432 1831 501 1885 erga
514 1832 562 1870 vos
573 1816 705 1870 allectum
715 1823 808 1885 teneo,
825 1823 854 1871 et
867 1834 916 1872 oro
957 1834 1015 1883 vos,
1026 1816 1127 1887 inquit,
1143 1816 1224 1879 scire,
1240 1832 1273 1870 eo
1294 1816 1369 1888 quod
1386 1817 1435 1871 illa
1454 1834 1515 1887 quae
1534 1817 1667 1873 doctrinm
1685 1835 1756 1874 mea

137 1918 175 1972 per
185 1902 446 1975 singulamomenta
456 1902 600 1959 abundare
614 1905 704 1976 magis
713 1905 743 1961 in
752 1905 830 1960 vobis
838 1906 917 1960 illam
957 1911 1024 1961 sunt
1033 1906 1063 1959 in
1072 1905 1189 1976 singulis
1203 1903 1301 1958 diebus
1312 1904 1520 1960 incrementum
1530 1906 1755 1977 accipiuntNam

137 1989 297 2057 charitatem,
311 2008 374 2063 qua
388 1998 418 2046 et
439 2009 506 2063 erga
519 1993 610 2048 Deum
624 2000 654 2048 et
666 2010 734 2065 erga
747 1994 916 2050 alterutrum
956 1996 1065 2050 vinctus
1079 1994 1115 2048 ad
1129 1993 1257 2047 omnium
1275 1993 1405 2047 notitiam
1418 1995 1541 2064 perveni,
1557 1995 1689 2051 inductus
1705 1995 1755 2050 de-

138 2084 176 2133 est
195 2079 347 2135 Scientiam
369 2097 435 2136 sero
457 2082 668 2136 convenientem
689 2082 792 2138 habere
805 2100 854 2137 vos
867 2100 916 2138 cu·
957 2083 1082 2139 sannone
1099 2081 1261 2148 meaadiui,
1279 2090 1307 2136 et
1322 2081 1363 2136 sic
1378 2080 1500 2137 abomni
1516 2083 1640 2154 periculo
1655 2084 1756 2139 libera·

139 2167 173 2238 pio
184 2167 214 2223 de
229 2168 286 2224 illis
297 2185 361 2240 quae
383 2169 419 2223 ad
438 2169 571 2224 cuiatem
589 2171 742 2241 pertinent,
766 2172 917 2242 probantes
957 2180 1013 2240 tus,
1029 2178 1062 2227 ut
1076 2172 1158 2226 multi
1171 2172 1268 2226 fideles
1286 2186 1350 2225 cum
1368 2172 1470 2225 fiducia
1483 2172 1617 2227 docerent
1630 2173 1680 2228 illa
1692 2190 1755 2245 qua

141 2272 186 2327 qne
195 2258 252 2312 sirit
263 2258 388 2326 utiliora,
405 2263 434 2312 et
448 2274 517 2329 erga
530 2259 578 2313 illa
591 2259 681 2330 magis
697 2260 914 2316 sollicitudinem
955 2261 1068 2336 pietatis
1082 2267 1158 2327 sunt,
1178 2277 1212 2314 ex
1224 2259 1280 2313 illis
1299 2275 1360 2330 qum
1375 2276 1444 2330 erga
1461 2276 1507 2313 me
1520 2259 1593 2315 faeta
1606 2266 1672 2316 sunt
1686 2260 1756 2316 lidu-

140 2346 274 2418 expendite,
288 2347 330 2401 ita
342 2351 375 2401 ut
388 2347 418 2402 in
436 2346 533 2402 sutura
549 2347 596 2402 die
610 2348 671 2403 sine
685 2349 743 2404 ullo
756 2351 915 2422 appareatis
955 2351 1028 2407 eiam
1042 2349 1219 2421 accipientes.
1243 2350 1362 2416 Quidam
1382 2350 1492 2418 quidem
1507 2354 1531 2403 et
1550 2355 1662 2419 propter
1683 2352 1756 2404 inei·

140 2435 343 2506 reprehensione,
358 2435 508 2507 plurimam
522 2436 708 2492 directionum
722 2439 832 2510 copiam
845 2438 915 2494 obti-
955 2443 1065 2495 etiamst
1074 2440 1275 2493 contentionem
1286 2456 1294 2501 ,·
1304 2438 1420 2505 qnidam
1432 2442 1525 2491 eeroet
1533 2443 1645 2507 propter
1654 2441 1755 2493 bonam

141 2530 226 2589 enta,
240 2540 292 2597 pro
304 2523 407 2596 quihus
419 2525 565 2596 potentat
578 2525 608 2580 in
622 2528 754 2598 praesenti
764 2527 822 2582 vita
830 2528 916 2598 glori-
952 2530 1092 2598 placitum
1101 2528 1244 2582 Christum
1252 2527 1439 2579 evenientium.
1457 2525 1492 2579 Et
1502 2525 1585 2580 latius
1595 2525 1756 2596 significans

141 2611 199 2666 icari
215 2612 245 2667 in
259 2612 337 2668 robis
354 2613 441 2681 Deus,
462 2613 593 2670 omnibus
606 2631 693 2687 supra
706 2621 800 2671 vestra
811 2617 915 2672 virtute
956 2616 1023 2689 quid
1033 2615 1070 2670 sit
1085 2615 1160 2687 quod
1175 2614 1277 2669 dixerit
1287 2619 1403 2685 propter
1415 2612 1548 2668 invidiam
1556 2620 1585 2668 et
1598 2615 1755 2669 contentio-

141 2698 200 2755 mm
212 2701 446 2769 collaudantibus,
468 2702 498 2758 in
512 2704 593 2774 eujus
613 2705 726 2759 nomine
740 2705 800 2761 haec
813 2705 913 2761 facitis.
956 2722 1022 2760 nem
1036 2704 1151 2776 adjicit:
1166 2703 1223 2758 Alii
1239 2702 1353 2774 quidem
1368 2719 1400 2756 ex
1416 2703 1595 2757 contentione
1611 2703 1755 2758 Christum

142 2787 521 2863 lsiaquidemscripsitadeos,
534 2792 665 2848 affectum
675 2794 821 2864 proprium
831 2811 915 2866 quem
956 2793 1137 2860 annuntiant,
1153 2809 1209 2847 non
1224 2791 1332 2847 sincere
1342 2791 1535 2845 existimantes
1544 2791 1755 2846 tribulationem

142 2892 240 2947 argaeos
249 2879 373 2935 habehat
382 2881 548 2936 ostendens:
560 2887 590 2936 et
601 2882 714 2953 quidem
723 2883 753 2937 in
763 2883 915 2939 verissimis
956 2883 1059 2938 inferre
1069 2881 1187 2937 vinculis
1195 2880 1274 2934 meis.
1288 2879 1417 2945 Quidam,
1431 2879 1532 2950 inquit,
1543 2879 1699 2936 invidentes
1713 2896 1756 2935 re·

142 2964 245 3023 hudibus
258 2970 295 3024 ad
309 2986 409 3024 eorum
422 2977 466 3024 est
478 2970 702 3025 exhortationem
714 2970 827 3027 abusus.
845 2972 915 3029 lnci-
955 2971 1008 3026 bus
1027 2971 1098 3026 bene
1122 2986 1190 3040 erga
1208 2985 1254 3024 me
1271 2968 1368 3039 gestis,
1393 2973 1422 3022 et
1443 2968 1577 3038 quoniam
1596 2968 1667 3023 nihil
1688 2968 1755 3024 mali

143 3054 236 3123 pitsero
248 3058 279 3113 in
292 3058 527 3129 subsequentibus
537 3075 571 3114 ea
585 3076 646 3130 quae
660 3060 695 3115 de
709 3077 739 3114 se
753 3066 835 3115 erent
848 3023 946 3116 notaC
957 3076 1057 3133 passus
1071 3074 1135 3113 sum
1149 3058 1281 3113 inductus
1291 3063 1357 3111 ante
1372 3057 1523 3123 Neronem,
1533 3058 1582 3112 sed
1597 3064 1626 3112 et
1639 3057 1754 3129 illaquae

144 3140 211 3200 heere
222 3146 278 3201 illis
296 3147 382 3202 amul
403 3147 517 3218 quidem
539 3148 619 3218 quasi
633 3148 802 3216 affectuosis,
823 3156 851 3205 et
867 3151 914 3222 qui
955 3165 1024 3221 erga
1033 3166 1078 3204 me
1086 3147 1327 3211 sueruntedicens,
1335 3145 1403 3200 solvi
1413 3145 1448 3200 ab
1458 3162 1490 3200 eo
1501 3145 1756 3217 promerui,eontra

144 3231 201 3288 nlde
211 3252 260 3307 pro
282 3236 332 3290 illo
354 3235 476 3302 solliciti,
503 3236 642 3307 siquidem
656 3243 784 3311 sumptus
805 3240 914 3295 misisse
955 3254 1002 3293 me
1019 3253 1099 3292 suam
1114 3235 1323 3291 contentionem
1334 3241 1495 3290 exercentes
1509 3235 1681 3301 discurrunt,
1697 3251 1755 3291 non

145 3318 264 3379 ineatur:
286 3324 471 3380 conveniebat
484 3325 561 3379 enim
573 3325 677 3381 talibus
692 3331 722 3381 et
735 3326 784 3381 illa
797 3345 859 3399 quae
869 3346 915 3384 se·
956 3326 1060 3381 fiducia
1073 3331 1189 3396 agentes
1201 3325 1230 3378 id
1241 3324 1345 3395 aliqua,
1357 3323 1406 3377 sed
1417 3323 1553 3394 nequitia,
1564 3328 1597 3379 ut
1614 3324 1656 3378 ita
1675 3324 1753 3379 dixe-

117 3430 120 3435 ·
145 3410 238 3467 mlum
249 3430 281 3468 se
296 3419 379 3469 erant
388 3421 455 3468 nota
467 3414 567 3479 faeere,
580 3414 721 3487 simulque
731 3417 801 3470 etad
810 3417 915 3472 doctri-
956 3413 1020 3481 rim,
1033 3413 1198 3485 impietatis,
1210 3413 1343 3483 dogmata
1349 3412 1450 3467 docere
1458 3412 1648 3484 deproperant
1658 3431 1664 3467 :
1673 3420 1706 3468 ut
1715 3414 1756 3469 illi

145 3510 190 3554 nn
203 3501 256 3557 illis
278 3504 415 3574 prolicere
436 3508 576 3575 poterant.
592 3504 665 3558 Nam
689 3504 755 3576 quia
771 3504 824 3560 sub
838 3512 916 3561 areta
956 3502 1004 3574 qui
1015 3503 1043 3557 in
1053 3502 1212 3574 principatu
1223 3506 1252 3556 et
1261 3506 1400 3571 potestate
1409 3507 1522 3567 sunt,ex
1531 3501 1644 3556 illorum
1653 3501 1757 3558 fiducia

145 3594 203 3645 eut
212 3592 386 3654 necessitate,
406 3593 559 3664 Apostolus
572 3593 686 3665 pietatis
701 3596 915 3666 contemplatio·
956 3591 1077 3664 permoti
1097 3606 1192 3645 seeum
1210 3594 1352 3660 reputent,
1369 3590 1503 3660 quoniam
1518 3589 1756 3645 horumomnium

145 3688 169 3728 lt
184 3680 315 3735 nrthciem
344 3686 408 3735 erat
428 3681 540 3736 erudire
568 3682 641 3743 illos,
670 3683 733 3752 ejus
757 3684 915 3739 imitatione
956 3696 1041 3735 causa
1051 3680 1101 3735 illa
1114 3678 1216 3745 existit,
1232 3678 1307 3748 quod
1322 3694 1374 3747 ego
1391 3677 1452 3731 sine
1469 3678 1592 3748 periculo
1610 3677 1756 3748 negotium

144 3763 472 3840 diagrammatom
488 3787 538 3842 pro
554 3771 667 3825 virtute.
678 3771 849 3844 lucipitvero
859 3773 914 3828 sic:
958 3769 1133 3825 transierim:
1143 3767 1284 3822 utiterum
1299 3766 1447 3820 adversum
1454 3782 1499 3820 me
1509 3771 1717 3833 convertantur,
1728 3772 1758 3822 et

97 3898 105 3910 .
167 3854 228 3911 Scire
235 3863 330 3913 antem
340 3875 386 3913 oos
395 3863 463 3924 coto,
472 3862 585 3928 fratres,
599 3863 732 3929 quoniam
742 3877 774 3915 eo
784 3878 917 3930 qneerqa
958 3874 1043 3931 poena
1054 3874 1118 3911 mea
1129 3861 1245 3911 ceteros
1259 3854 1758 3926 corrigantur:hocautemquiserga

143 3950 338 4016 martinensi
349 3949 387 4002 ad
396 3950 551 4017 profectam
561 3948 709 4016 lioonqetii
719 3956 914 4018 peruenerant,
958 3945 1198 4003 beatumPaulum
1209 3944 1339 3999 effectum
1354 3942 1697 4016 intelligensnequaquam
1706 3944 1757 3999 de·

142 4030 326 4091 bassiacum
336 4052 398 4090 mea
409 4038 560 4105 inanisesta
576 4038 607 4091 in
624 4037 731 4092 Christo
746 4040 810 4093 lesu
820 4043 917 4107 fierent
958 4031 1758 4107 mirabitur,quasiquiobinvidiamlueritaliquidperpes-

141 4119 380 4193 tsnnpratorioct
389 4126 492 4178 ceteris
501 4126 638 4190 omnibns,
656 4129 681 4179 et
688 4128 784 4195 ptnres
791 4129 917 4193 fratrum
958 4142 1016 4193 sus,
1024 4121 1262 4195 deindequidixit,
1271 4128 1296 4177 et
1303 4137 1353 4191 per
1362 4123 1464 4176 bonnm
1469 4124 1607 4191 placitum
1615 4122 1757 4177 Christum

140 4207 275 4268 hirmino
286 4215 576 4281 contidersteseineali's
587 4217 655 4268 meis
662 4216 855 4271 abundantias
868 4232 919 4271 aa·
956 4216 1119 4286 predicant,
1135 4212 1279 4267 evidenter
1296 4210 1367 4266 illud
1381 4210 1549 4281 significavit
1561 4210 1657 4266 dicens
1672 4228 1679 4264 :
1697 4214 1758 4281 qni·

139 4295 214 4354 enus
225 4304 287 4356 sine
301 4304 400 4356 timore
413 4303 528 4356 verbam
537 4304 622 4371 toqui.
638 4302 742 4358 Beatus
754 4304 857 4359 Paulus
872 4320 950 4400 apD
959 4301 1757 4371 damqaidemeecharitate,scientesqnoniamiridesensio·

140 4386 229 4455 tollens
250 4390 376 4456 Festum,
393 4406 426 4445 eo
448 4390 524 4462 quod
537 4389 648 4445 volebat
661 4407 728 4446 eum
740 4393 846 4448 ludaeis
859 4397 919 4448 tra-
960 4392 1169 4458 ncmlloanqetii
1171 4387 1584 4458 positrnsam,hocest,quidam
1590 4385 1757 4441 charitatem

138 4471 197 4546 itm,
210 4484 240 4534 et
252 4479 401 4551 postulans
414 4495 444 4534 se
459 4479 533 4534 mitti
548 4480 585 4534 ad
600 4481 748 4548 Caesarem,
762 4481 862 4537 ductus
877 4488 920 4538 est
959 4479 1037 4535 illam
1048 4494 1208 4551 quamerga
1220 4477 1364 4533 Christum
1373 4475 1515 4530 habehant
1523 4474 1757 4545 pradicantcon·

137 4560 559 4624 hsnculisltomam.1nducsus
572 4584 638 4624 vero
652 4576 717 4625 ante
733 4570 876 4626 Neronem
890 4576 920 4626 et
960 4569 1079 4625 fidentes
1089 4566 1203 4639 quidem
1217 4581 1312 4620 meum
1326 4581 1387 4619 esse
1396 4580 1467 4635 opus
1478 4569 1510 4617 ut
1519 4563 1686 4634 praedicetur
1695 4565 1756 4634 pie-

136 4650 309 4712 itfensionem
328 4657 373 4711 sui
401 4655 515 4723 faciens,
540 4656 654 4713 biennio
682 4657 730 4713 illo
754 4659 917 4715 demoratus
957 4663 1011 4723 tas,
1022 4656 1179 4712 abutuntur
1190 4671 1255 4708 vero
1274 4652 1376 4708 fiducia
1393 4652 1511 4722 eoquod
1524 4651 1566 4706 ita
1584 4652 1758 4723 ergamedi·

135 4739 272 4809 timinam
292 4745 412 4817 adeptus
431 4752 475 4800 est
495 4747 685 4802 securitatem.
701 4748 767 4802 ldeo
789 4753 818 4802 et
832 4748 862 4803 in
878 4748 917 4803 si·
957 4746 1024 4803 nina
1045 4746 1169 4801 donante
1191 4742 1284 4814 gratia
1305 4741 1344 4796 sit
1361 4741 1564 4811 dispensatum,
1579 4747 1612 4795 ut
1625 4741 1757 4797 fiduciam

135 4832 257 4888 menan
275 4833 457 4889 Timotheum
482 4833 607 4905 Epistola
626 4850 712 4906 quam
732 4853 750 4889 a
775 4836 866 4891 Roma
882 4837 918 4893 ad
959 4835 1051 4891 cuncti
1059 4837 1285 4904 assequerentur,
1301 4831 1396 4885 dicens
1410 4829 1566 4885 evidentius
1581 4830 1757 4903 bonamque·

135 4932 185 4976 σιιιι
208 4922 332 4994 scripsit,
349 4939 406 4978 non
429 4928 498 4977 nnc
515 4923 628 4994 quando
641 4930 671 4979 et
692 4924 918 4996 Philippensibus
959 4940 1013 4996 que
1027 4929 1057 4978 et
1074 4922 1187 4977 illorum
1202 4919 1366 4975 arbitrium:
1385 4920 1456 4987 Quid
1470 4920 1648 4974 enimtdam
1666 4923 1757 4974 omni-

134 5008 257 5066 uibebat
271 5029 278 5066 ι
303 5011 411 5067 etenim
424 5018 493 5066 tunc
513 5028 577 5067 eum
592 5012 654 5084 ipso
667 5012 703 5068 ad
718 5013 781 5068 illos
794 5014 915 5086 scripsit,
958 5013 1248 5076 momstocomosione,
1263 5008 1754 5077 siceoeritoteOhmstnspradieatnr.

134 5098 172 5153 nd
189 5099 313 5156 secunda
338 5100 408 5167 viee,
427 5101 539 5172 quando
563 5101 620 5157 illic
639 5103 731 5173 capite
746 5109 790 5158 est
803 5103 918 5175 punitus
960 5101 1052 5172 (Aug.)
1063 5099 1113 5157 lsti
1128 5097 1293 5154 mercenarii
1303 5102 1393 5164 erant,
1407 5097 1455 5169 qui
1467 5097 1555 5152 Paulo
1568 5097 1695 5169 apostolo
1709 5096 1754 5151 in-

133 5186 243 5246 eritne
254 5188 343 5246 dicit:
354 5192 388 5245 ln
401 5193 498 5259 primo
512 5206 573 5245 mco
587 5192 742 5260 defensione
752 5208 830 5247 nemo
845 5194 919 5248 mihi
957 5189 1105 5246 videbant:
1122 5205 1210 5260 quare
1222 5186 1406 5242 invidebant?
1421 5186 1476 5241 nisi
1498 5186 1565 5258 quia
1588 5184 1757 5256 temporalia

130 5276 220 5345 dtuli,
238 5279 285 5334 sed
297 5294 391 5334 omnes
401 5293 445 5334 me
454 5282 629 5350 reliquerunt
641 5299 649 5336 :
662 5296 719 5336 non
729 5282 788 5335 iltis
802 5284 917 5350 impate—
958 5277 1208 5352 requirebantlsed
1218 5276 1286 5348 quid
1296 5276 1433 5348 adjungat
1439 5273 1757 5341 attendite,0aidenimt

130 5367 177 5420 tar.
187 5368 427 5424 Dominusaatsm
436 5371 526 5424 astitit
534 5369 608 5423 mihi
617 5374 642 5424 et
651 5370 817 5437 confortavit
826 5385 878 5435 me,
886 5375 918 5424 et
958 5370 1027 5423 dam
1041 5368 1201 5423 omnimodo
1215 5369 1271 5421 sice
1284 5368 1432 5429 occasione,
1441 5367 1622 5423 sinceritate
1631 5364 1756 5420 Christus

124 5466 169 5520 μ’
181 5472 225 5511 me
238 5457 400 5527 pradicatio
409 5459 571 5526 impleatur,
582 5460 608 5512 et
618 5458 741 5514 audiant
750 5473 844 5513 omnes
854 5473 918 5527 qen·
957 5459 1148 5513 annuntietur
1156 5474 1166 5522 ,·
1178 5457 1246 5511 etin
1255 5455 1305 5511 hoc
1314 5456 1428 5524 penam,
1437 5455 1484 5507 sed
1494 5458 1519 5507 et
1531 5454 1663 5521 caedeba.
1679 5452 1758 5509 vin-

126 5545 340 5607 munemne
351 5560 416 5601 snm
432 5546 667 5613 camehonistll
682 5546 752 5603 liin
764 5549 814 5617 xv).
826 5547 917 5605 Nero-
958 5543 1318 5613 maestchrietns,veritas
1329 5542 1545 5601 smannens
1557 5542 1756 5601 oeoenonsw
