3772 6120
137 262 212 320 1265
842 285 886 339 llE
907 285 1065 341 VIDENBO
1085 287 1195 342 DEUM.
1714 290 1783 348 liuh

136 388 449 468 stimoniumperbibet,
458 401 687 459 videaturautern
695 413 864 478 quaep1·aesto
871 413 939 464 sunt
949 409 1098 471 Avidendo
1109 412 1241 477 Deesint,
1259 428 1314 466 ιιοιι
1329 413 1363 466 do
1374 414 1440 479 viso,
1451 415 1503 485 ipsi
1517 417 1593 471 enirn
1604 417 1695 472 Deum
1710 417 1784 473 ride·

136 478 253 536 undeet
266 487 758 558 praesentianominantur,relanimi
772 495 944 567 relcorporis
985 497 1180 558 bunt,dictum
1195 506 1329 567 est3non,
1351 501 1504 570 Viderunt3
1520 510 1548 558 et
1562 521 1629 572 non,
1644 505 1783 575 Vidimus,

136 568 279 627 sensibus.
289 574 406 631 Constat
416 579 604 648 igiturnostra
614 582 769 636 scientiaex
782 583 847 639 risis
861 584 943 640 rebus
984 587 1214 653 sedvidebimus
1227 606 1291 643 eum
1299 590 1380 644 sicuti
1386 593 1566 664 est:pr0inde
1578 593 1621 648 his
1635 594 1784 651 sententiis

137 665 169 714 et
182 662 307 729 creditis
316 666 365 719 sed
375 666 404 721 in
416 667 459 721 his
470 686 531 739 quae
539 668 659 724 vidimus
678 671 721 724 vel
739 671 875 741 ridemuS,
892 691 944 730 nos
984 693 1040 731 nou
1054 681 1097 730 est
1118 678 1309 732 contrarium:
1329 697 1342 730 e
1353 679 1443 734 Deum
1454 697 1537 735 nenio
1563 682 1633 737 vidit
1658 699 1783 755 unquam

135 749 192 821 ipsi
200 756 392 810 testessurnus
407 775 413 810 :
431 757 461 812 in
476 758 520 813 his
530 764 624 814 autem
642 776 704 831 quae
717 762 866 828 eredimus,
882 763 944 818 aliis
985 767 1075 832 (loen.
1092 781 1111 830 1,
1131 763 1184 834 18).
1201 785 1215 820 a
1232 766 1374 822 Videbunt
1387 767 1462 823 enim
1478 785 1560 841 quem
1573 786 1628 826 non
1642 771 1782 839 viderunt,

136 838 410 899 testibusrnovemur
427 846 565 914 adlidem,
578 865 642 903 curn
655 866 750 904 carum
763 868 857 905 rerum
873 869 943 923 quas
984 853 1032 923 qui
1046 855 1151 908 mundo
1174 855 1256 909 corde
1276 856 1326 912 filii
1340 856 1391 911 Dei
1406 873 1467 912 esse
1482 859 1639 914 coluerunt.
1652 860 1725 924 Quid
1741 868 1783 916 est

135 944 190 981 nec
210 929 311 985 vidisse
327 949 377 988 nos
392 935 943 1011 recolimusnecridemus‚duntursigna
983 943 1090 1012 igitur:
1110 962 1122 993 ιι
1142 943 1206 997 Vidi
1222 945 1312 998 Deum
1328 945 1398 1000 facie
1407 946 1442 999 ad
1455 946 1564 1012 taciem,
1582 955 1611 1003 et
1623 949 1699 1004 salva
1709 951 1784 1005 laeta

135 1018 179 1071 rel
188 1018 217 1072 in
234 1020 356 1088 vocibus,
369 1025 411 1078 rel
430 1025 457 1080 in
475 1026 585 1092 litteris,
607 1029 648 1082 rel
664 1026 943 1100 inquibusqucdocu·
983 1032 1132 1085 estanima
1146 1049 1210 1087 mea
1221 1034 1296 1093 (Gen.
1311 1049 1398 1100 xxxu,
1413 1033 1457 1103 30)
1475 1035 1506 1088 l»
1521 1038 1564 1090 An
1575 1043 1603 1091 et
1613 1038 1782 1094 haccontra-

135 1107 252 1173 inentis,
259 1109 361 1179 quibus
376 1112 440 1167 risis
458 1131 515 1168 non
530 1115 587 1169 risa
600 1117 760 1170 credantur.
769 1117 831 1171 Non
845 1122 941 1172 autem
983 1120 1056 1174 rium
1068 1120 1107 1174 illi
1123 1122 1196 1191 quod
1212 1122 1316 1176 dictum
1333 1129 1384 1187 est,
1409 1142 1421 1174 c
1438 1123 1528 1178 Deum
1548 1141 1630 1181 nemo
1644 1126 1713 1181 ridit
1728 1144 1782 1183 un·

133 1193 280 1251 immerite
300 1199 435 1255 seirenes
451 1202 570 1259 dicimus
585 1221 641 1259 nen
662 1206 752 1260 solum
767 1222 800 1260 ca
827 1223 888 1277 quae
902 1205 941 1259 ri·
981 1225 1065 1280 quam
1082 1209 1317 1281 lrEtilludquod
1326 1212 1605 1285 delmysescmptum
1619 1221 1671 1282 est,
1690 1217 1783 1288 aquia

132 1281 231 1338 dimus
255 1293 306 1341 aut
330 1287 464 1357 videmus,
490 1307 585 1346 verum
603 1300 632 1346 et
648 1293 697 1347 illa
711 1311 772 1365 qum
786 1293 893 1349 idoneis
903 1294 939 1350 nd
980 1297 1147 1368 loquebatur
1159 1314 1222 1352 cum
1238 1299 1296 1352 Deo
1311 1299 1379 1354 facie
1392 1300 1427 1354 ad
1451 1300 1560 1369 struem,
1576 1303 1648 1358 sicut
1662 1304 1725 1376 quis
1738 1305 1781 1359 lo·

133 1387 278 1445 quamque
293 1392 354 1430 rem
369 1380 501 1434 commoti
515 1381 683 1437 testimoniis
697 1383 740 1436 rel
754 1382 872 1438 testibus
881 1401 939 1439 cre·
980 1386 1076 1456 quitur
1103 1387 1139 1440 ad
1161 1387 1282 1441 amicum
1307 1404 1389 1442 suum
1417 1389 1616 1458 (Baccharum,
1644 1393 1704 1461 ill:
1721 1413 1736 1446 ιι
1752 1399 1781 1448 et

132 1458 255 1516 dimusu
273 1480 357 1535 porro
370 1465 394 1520 si
409 1467 479 1521 scire
506 1485 563 1524 non
587 1470 803 1542 incongruenter
820 1471 938 1528 dicimur
978 1474 1048 1528 illud
1070 1476 1144 1546 quod
1168 1476 1306 1546 propheta
1329 1476 1417 1531 Isaiae
1429 1477 1464 1532 de
1479 1478 1569 1549 seipso
1583 1479 1701 1551 loquens
1716 1481 1778 1535 ait:

132 1547 298 1606 etiamillud
315 1555 389 1625 quod
399 1557 586 1613 certissimum
600 1560 749 1623 credimus,
760 1561 937 1616 hinesactum
980 1582 992 1613 (ι
1009 1563 1230 1618 VidiDominum
1246 1564 1369 1619 Sabaoth
1384 1565 1527 1620 sedentem
1542 1568 1572 1621 in
1586 1568 1688 1623 throno
1704 1570 1780 1637 ilaei.

133 1644 218 1694 estut
230 1641 317 1697 eham
335 1649 420 1713 recte,
430 1652 459 1701 et
472 1647 496 1702 si
507 1649 666 1704 nonadsint
679 1649 807 1704 sensibus
821 1651 934 1716 nostris,
978 1669 1011 1717 rr,
1034 1653 1067 1720 l),
1085 1671 1098 1705 ιι
1115 1660 1143 1707 et
1158 1655 1181 1707 si
1203 1670 1259 1724 qua
1273 1654 1326 1708 alia
1351 1654 1442 1709 solent
1456 1655 1559 1710 similia
1571 1657 1733 1711 testimonia
1747 1675 1780 1713 ex

132 1728 331 1790 videremente
346 1735 483 1791 dicamur.
497 1738 728 1811 Scientiaquippe
742 1728 1075 1796 mentieribui-Beadem
1106 1743 1274 1807 auctoritate
1308 1742 1437 1812 proferri,
1468 1744 1608 1814 quomodo
1636 1762 1692 1800 non
1714 1752 1779 1801 sunt

132 1824 189 1883 tur,
207 1822 267 1876 sire
281 1840 332 1894 per
350 1826 474 1897 corporis
496 1843 603 1893 sensus,
620 1828 679 1882 sire
696 1845 746 1900 per
768 1828 861 1900 ipsum
875 1826 934 1882 ani·
974 1829 1114 1884 coutraria
1131 1831 1278 1884 sententiaa
1294 1846 1350 1901 qua
1363 1831 1467 1885 dietum
1482 1839 1525 1886 est
1542 1851 1547 1885 :
1566 1853 1578 1884 ι
1592 1833 1683 1888 Deum
1696 1851 1778 1889 nemo

130 1926 211 1967 mum
226 1914 332 1986 aliquid
354 1925 515 1989 perceptum
529 1919 727 1991 cognitumque
750 1920 879 1985 retineat,
905 1924 934 1975 et
974 1919 1176 1989 viditunquam
1190 1919 1229 1971 la

130 1999 201 2056 tides
221 2002 282 2074 ipsa
303 2011 396 2060 mente
414 2006 509 2078 itaque
524 2008 642 2071 ridetur,
657 2009 783 2080 quamvis
799 2011 851 2064 hoc
877 2010 932 2065 lide
1009 2008 1104 2079 Ipsum
1113 2023 1223 2079 quoque
1231 2008 1413 2078 Evangelium
1422 2014 1514 2079 potest
1536 2011 1629 2079 putari
1644 2009 1698 2064 sibi
1717 2027 1777 2066 esse

129 2091 265 2146 credatur
278 2095 351 2164 qued
365 2111 421 2150 non
437 2096 554 2152 videtur.
571 2097 652 2152 Unde
666 2098 809 2168 apostolus
832 2098 933 2152 Petrus
973 2096 1145 2152 contrarium
1158 2097 1397 2167 3quomodoenim
1412 2113 1510 2150 rerum
1525 2103 1568 2151 est
1590 2098 1664 2168 quod
1685 2098 1714 2153 in
1743 2116 1776 2154 eo

128 2179 214 2234 dicit:
225 2200 239 2233 a
252 2182 284 2236 ln
297 2185 474 2253 quemmodo
489 2203 544 2240 uon
560 2187 804 2242 videntescreditis
820 2188 846 2251 (l
859 2190 930 2242 l’etr.
974 2186 1077 2240 dicitur
1094 2203 1099 2238 :
1115 2203 1127 2235 ιι
1144 2185 1198 2249 Qui
1217 2202 1262 2239 me
1277 2185 1356 2251 vidit,
1373 2185 1441 2239 cidit
1451 2191 1479 2238 et
1490 2185 1603 2240 Patrem
1617 2186 1709 2256 (lesen.
1719 2205 1773 2253 xm,

128 2284 145 2325 ι.
158 2266 200 2337 8),
214 2276 244 2323 et
258 2270 317 2342 ipse
331 2273 468 2328 Dominus
485 2293 490 2327 :
509 2294 522 2327 ι
539 2274 626 2337 Beati,
647 2276 748 2347 inquit,
762 2276 809 2346 qui
828 2292 884 2330 non
895 2275 933 2330 ri·
974 2271 1040 2343 th,-
1061 2273 1084 2326 si
1100 2272 1251 2328 Dominum
1278 2289 1359 2328 nemo
1384 2272 1453 2328 vidit
1465 2274 1612 2345 uuquam?
1630 2274 1775 2339 Quomodo

127 2356 233 2413 derunt
247 2361 681 2434 etcredidcrunt(ann.xx,29).
700 2364 932 2434 olllaenirnquae
974 2378 1069 2416 rerum
1085 2368 1168 2427 esta
1192 2362 1291 2431 Angeli
1312 2379 1410 2417 eorum
1424 2379 1537 2433 semper
1556 2363 1651 2418 vident
1674 2363 1774 2418 faciem

126 2446 213 2514 ridet,
225 2449 329 2504 adsunt
341 2452 479 2518 sensibus,
491 2454 532 2507 rel
551 2452 639 2506 animi
652 2453 694 2507 vel
709 2452 851 2524 corporis;
868 2469 930 2523 quae
972 2451 1064 2505 Patris
1079 2451 1158 2505 mei?
1184 2472 1196 2503 a
1213 2451 1242 2505 Si
1261 2451 1350 2505 Deum
1366 2467 1449 2505 nemo
1463 2451 1533 2505 vidit
1546 2468 1672 2522 unquam
1687 2452 1698 2506 l
1713 2453 1774 2517 Qua

126 2542 224 2590 autern
237 2539 335 2605 credit,
347 2539 607 2596 absuntasensibus
619 2538 739 2596 etanimi
754 2541 926 2612 etcorporis,
970 2540 1058 2610 igitur
1076 2540 1174 2610 regula
1187 2540 1379 2609 intelligentiae
1393 2540 1449 2594 ista
1471 2541 1556 2595 veluti
1585 2541 1726 2595 contraria
1745 2548 1774 2596 et

125 2625 256 2696 quamvis
263 2632 291 2681 et
300 2630 430 2683 voluntas
449 2631 510 2700 eius
527 2647 609 2702 aquo
621 2631 701 2685 audit
715 2638 746 2684 ut
763 2630 859 2684 eredat
873 2646 928 2684 uon
969 2629 1164 2699 repugnantia,
1182 2644 1238 2682 non
1248 2645 1308 2682 csse
1323 2628 1464 2682 contraria
1478 2645 1529 2681 nec
1539 2645 1697 2699 repugnare
1711 2646 1774 2700 pro-

124 2715 162 2768 sit
172 2717 327 2786 prmterita,
337 2719 384 2772 sed
393 2719 540 2774 maneatln
552 2720 692 2791 loquente,
703 2736 787 2790 quam
798 2718 828 2772 iu
836 2718 928 2788 seipso
969 2717 1117 2771 bebimus?
1131 2719 1229 2788 Neque
1240 2717 1314 2771 enirn
1326 2717 1387 2771 lieri
1399 2717 1548 2771 ullomodo
1563 2723 1655 2788 potest
1669 2723 1702 2771 ut
1714 2717 1773 2773 haec

123 2802 201 2859 idem
220 2805 280 2876 ipse
288 2807 336 2878 qui
351 2808 476 2878 loquitur
493 2809 633 2863 ridetllle
647 2808 765 2880 veroqui
780 2807 859 2861 audit
874 2823 929 2860 uon
971 2807 1339 2877 seripturarumauctoritas
1349 2806 1444 2877 aliqua
1459 2823 1492 2860 ex
1512 2811 1592 2877 parte
1606 2806 1770 2861 mentiatur.

123 2910 188 2948 eam
202 2895 287 2961 videt,
296 2896 448 2952 sedcrcdit.
456 2898 633 2953 Resurrectio
642 2904 737 2952 autem
747 2897 851 2951 Christi
861 2912 930 2967 prae-
971 2895 999 2950 Si
1015 2895 1134 2950 dicimus
1146 2895 1172 2948 in
1187 2911 1219 2949 eo
1235 2896 1309 2966 quod
1325 2895 1514 2966 scriptumest
1529 2912 1535 2947 ε
1555 2914 1567 2943 c
1583 2894 1672 2949 Deum
1687 2911 1771 2949 nemo

123 2983 211 3038 terita
225 2990 374 3057 est,quam
393 2986 497 3041 necilli
516 2986 783 3041 rideruuthomines
798 2984 847 3057 qui
864 2991 929 3038 tunc
970 2985 1038 3039 vidit
1063 3001 1228 3055 unquam»
1260 2984 1597 3039 homiuestautummodo
1611 2982 1771 3054 intelligen-

123 3071 249 3127 t'uerunt.
258 3074 382 3145 Numqui
392 3075 664 3132 videruntrirentem
672 3075 823 3138 Christum,
842 3089 925 3145 quern
936 3044 957 3105 C
968 3073 1027 3135 dos,
1045 3074 1117 3128 sicut
1132 3074 1218 3128 ctiam
1231 3072 1300 3127 illud
1315 3074 1492 3128 dictumest:
1505 3094 1516 3123 ι
1533 3074 1623 3127 Nemo
1638 3071 1691 3126 scit
1702 3072 1771 3143 quid

124 3161 255 3217 videraut
274 3163 451 3231 morientem,
467 3165 555 3236 ipsam
567 3170 662 3219 tamen
681 3164 924 3230 resurrectionem,
967 3167 1069 3232 agatur
1080 3163 1110 3216 in
1125 3163 1248 3227 homine,
1265 3163 1319 3217 nisi
1335 3163 1451 3232 spiritus
1461 3162 1583 3216 hominis
1599 3161 1647 3232 qui
1663 3161 1769 3232 inipso

124 3266 189 3305 cum
199 3253 288 3314 lieret,
298 3269 353 3307 non
363 3253 500 3319 riderunt,
510 3254 558 3308 sed
570 3271 630 3309 eam
640 3254 793 3308 certissime
802 3252 926 3308 credide·
966 3252 1042 3322 esti!
1054 3255 1133 3306 Joarr.
1152 3269 1185 3317 ιιι,
1204 3250 1247 3315 12)
1265 3270 1270 3304 :
1289 3274 1300 3300 ι
1319 3268 1402 3305 nemo
1423 3251 1530 3322 utiquc,
1547 3249 1595 3304 sed
1610 3249 1768 3305 hominum.

123 3340 612 3413 runt,ridendo,ettangendorivum
623 3346 925 3414 quemnorerautmor·
965 3342 1063 3412 Neque
1073 3342 1148 3395 enim
1167 3341 1219 3393 hoc
1230 3339 1263 3393 de
1273 3341 1330 3393 Deo
1346 3339 1433 3410 accipi
1446 3344 1547 3410 potest,
1560 3354 1624 3392 cum
1639 3337 1674 3391 de
1690 3338 1769 3392 Chri·

124 3429 285 3484 tuum.N0s
295 3438 385 3485 totum
395 3432 543 3499 credimus,
557 3438 587 3487 et
598 3431 671 3504 quod
687 3431 880 3496 resurrexerit,
896 3435 925 3484 et
965 3437 1008 3484 sto
1022 3430 1157 3500 scriptum
1173 3428 1211 3482 sit
1223 3445 1278 3481 non
1286 3444 1355 3497 opus
1371 3427 1456 3480 fuisse
1466 3425 1768 3496 utquisquamillites-

124 3519 201 3590 quod
215 3519 251 3573 ab
261 3520 804 3586 hominibustunerisusettractatussit,
817 3521 925 3591 etqued
964 3519 1113 3573 timonium
1124 3516 1281 3587 perhiberet
1295 3516 1329 3568 de
1341 3515 1464 3577 homine,
1480 3514 1613 3585 quoniam
1628 3514 1688 3584 ipse
1700 3512 1767 3567 scie-

124 3624 200 3663 nunc
210 3609 285 3663 rirat
298 3609 327 3663 in
341 3613 428 3677 ecclia,
440 3628 491 3667 nec
511 3614 571 3682 jam
590 3612 727 3667 moriatur
740 3617 769 3664 et
783 3626 860 3664 mors
884 3607 925 3662 illi
966 3607 1014 3661 bat
1029 3606 1095 3677 quid
1106 3610 1181 3659 esset
1194 3605 1229 3658 de
1238 3604 1362 3659 homine.
1376 3603 1448 3657 Nam
1463 3604 1515 3657 hoe
1540 3601 1690 3672 Apostolus
1705 3602 1766 3672 pla·

125 3697 200 3752 ultra
212 3714 268 3753 non
282 3700 452 3756 dominetur.
470 3702 525 3756 Bes
538 3709 633 3757 autem
652 3701 714 3773 ipsa
728 3716 786 3783 neco
801 3695 925 3770 corporis
967 3696 1030 3750 nius
1044 3694 1194 3767 explicans,
1206 3713 1217 3741 ι
1227 3693 1317 3758 Quem
1331 3691 1529 3761 nem0,inquit,
1539 3689 1685 3743 hominum
1697 3689 1767 3744 vidit

125 3788 213 3842 nostri
219 3788 348 3844 sensibus
354 3791 443 3858 adest,
455 3791 527 3846 sicul
539 3791 619 3845 adest
627 3791 679 3845 hoc
685 3789 785 3844 celum
794 3794 822 3842 et
836 3791 921 3850 terre,
966 3800 1016 3839 nec
1031 3784 1124 3838 ridere
1135 3782 1264 3854 potest(l
1278 3782 1348 3834 l'r‘rn.
1366 3778 1480 3846 rulth.»
1494 3778 1524 3833 Si
1532 3793 1598 3847 ergo
1610 3776 1765 3831 itadietum

126 3891 174 3932 nee
190 3883 294 3932 nostrae
305 3880 407 3934 mentis
423 3879 657 3943 obtutibus,sicut
671 3879 751 3933 adest
761 3878 830 3932 lidos
851 3876 921 3946 ipsa,
965 3880 1017 3935 est,
1033 3894 1044 3925 ι
1062 3873 1151 3927 Deum
1162 3887 1245 3924 nemo
1261 3869 1330 3922 vidit
1340 3884 1474 3938 unquam,
1493 3887 1504 3916 ι
1521 3883 1553 3919 ac
1578 3865 1602 3919 si
1625 3865 1765 3919 diceretur

125 3983 178 4039 qua
194 3967 247 4022 hoc
270 3968 419 4023 credimus.
436 3970 588 4025 Veniamus
614 3969 649 4024 ad
676 3982 798 4023 causam.
815 3965 923 4020 Scimus
964 3979 1047 4018 nemo
1060 3961 1222 4026 hominum;
1238 3959 1373 4013 hactenus
1391 3955 1567 4027 illaquaestio
1582 3955 1675 4008 soluta
1686 3953 1763 4006 ride-

124 4075 205 4131 posse
221 4060 310 4115 Deum
327 4060 424 4123 rideri,
439 4059 718 4132 quoniamscriptum
734 4064 777 4110 est
793 4075 798 4109 :
814 4075 825 4105 ι
844 4052 923 4108 Beati
963 4052 1048 4116 bitur,
1068 4058 1097 4104 ut
1112 4066 1168 4103 uon
1185 4049 1220 4103 sit
1235 4047 1300 4102 huie
1327 4045 1473 4099 sententie
1489 4043 1662 4099 eontrarium
1690 4043 1764 4113 quod

124 4149 328 4214 mundoeorde,
350 4149 482 4222 quoniam
497 4149 551 4221 ipsi
566 4150 654 4204 Deum
666 4146 798 4201 videbunt
815 4143 920 4212 (Matre.
964 4141 1100 4195 Dominus
1111 4139 1151 4192 ait
1166 4157 1172 4191 :
1192 4156 1204 4187 c
1217 4136 1316 4208 Angeli
1327 4152 1424 4190 eorum
1440 4133 1653 4205 semperrident
1665 4131 1766 4186 faciem

122 4255 148 4312 r,
163 4238 292 4311 8).»Αιι
306 4239 378 4295 forte
391 4255 447 4296 non
457 4239 540 4293 debui
550 4238 652 4303 dicere,
663 4234 846 4298 Scimussed,
860 4234 925 4287 Cre-
965 4222 1408 4296 Patrismci(lindburch,10),
1436 4230 1496 4277 out
1521 4222 1626 4276 scilicet
1652 4221 1766 4292 angelos

122 4335 218 4391 dimus
236 4352 241 4387 :
258 4331 389 4404 queniam
404 4333 494 4386 Deum
508 4345 558 4385 nec
568 4324 842 4398 corporealiquando
856 4323 924 4376 vidi·
965 4320 1055 4374 Deum
1070 4318 1164 4371 ridere
1177 4317 1333 4379 credamus,
1350 4330 1434 4384 quem
1449 4329 1531 4366 nenio
1546 4311 1615 4363 vidit
1629 4325 1765 4378 unquam,

120 4440 188 4481 tuus
200 4422 352 4478 sicuthunc
366 4422 526 4486 lucem,nec
540 4425 643 4480 mente,
653 4415 725 4472 sicut
736 4414 826 4484 ipsam
837 4413 865 4467 in
878 4427 925 4465 no-
967 4406 1162 4469 subaudiatur,
1179 4404 1332 4458 hominum.
1348 4400 1493 4466 Quomodo
1508 4414 1574 4466 ergo
1592 4398 1682 4450 Deum
1697 4396 1767 4449 vidit

120 4510 176 4579 bis,
196 4512 301 4584 quaid,
318 4510 557 4577 credimus,lldem
571 4508 584 4562 l
598 4507 646 4561 sed
660 4511 771 4560 tantum
784 4502 851 4574 quia
861 4499 928 4553 scri·
967 4495 1120 4558 Abraham,
1144 4494 1230 4556 Isaac,
1255 4498 1284 4544 et
1309 4489 1403 4555 Jacob,
1419 4487 1481 4552 Job,
1497 4487 1616 4556 Moyses,
1633 4484 1764 4582 Micheas,

116 4611 206 4677 ptum
219 4608 261 4657 est
276 4602 305 4656 in
325 4601 506 4672 eascriptura
520 4600 600 4670 cujus
615 4596 710 4652 fideles
734 4609 841 4655 sumus,
854 4588 928 4660 quod
969 4586 1065 4649 lsaias,
1083 4581 1149 4636 etsi
1171 4580 1220 4650 qui
1240 4578 1287 4633 alii
1313 4584 1388 4639 sunt,
1405 4576 1440 4629 dc
1460 4574 1560 4645 quibus
1590 4572 1768 4626 veracissima

116 4711 224 4752 rerum
247 4693 293 4758 sit,
310 4692 425 4746 minime
449 4686 629 4744 dubitamus?
657 4682 807 4756 Apostolus
833 4686 928 4733 temen
970 4674 1114 4744 Scriptura
1144 4673 1264 4723 testatur
1287 4665 1360 4736 quod
1387 4664 1516 4727 riderint,
1534 4663 1557 4716 si
1578 4662 1667 4716 Deum
1685 4678 1788 4715 neruo,

115 4785 321 4842 Joarruescum
336 4783 392 4836 tale
407 4779 511 4850 aliquid
528 4777 671 4831 diceret:c
687 4772 807 4827 Scimus,
823 4766 929 4838 inquit,
970 4777 1096 4832 unquam
1111 4757 1258 4812 hominum
1269 4755 1348 4816 vidit,
1364 4771 1415 4807 nee
1433 4752 1526 4806 ridere
1550 4751 1663 4823 potest?
1677 4750 1769 4814 Quan-

116 4877 192 4950 quia
201 4891 267 4929 cum
281 4870 453 4945 apparuerit,
469 4864 607 4923 similcsei
620 4862 733 4923 crimus
743 4856 875 4930 quoniam
890 4855 928 4908 ri·
969 4867 1053 4922 quarn
1067 4846 1324 4903 nonnullirelentes
1338 4842 1547 4915 probareetiam
1556 4839 1770 4911 impiesvisuros

117 4965 257 5020 debiurus
271 4979 336 5018 eum
349 4960 431 5016 sicuti
450 4965 494 5013 est
509 4958 532 5021 (l
545 4959 625 5010 leun.
640 4969 676 5015 ru,
691 4949 729 5013 i).
744 4967 758 5002 o
775 4948 843 5002 Ecce
858 4944 928 4999 scire
968 4942 1068 5003 Deum,
1085 4935 1223 4991 adiabolo
1238 4950 1348 5006 quoque
1367 4933 1427 5004 ipso
1443 4932 1532 4985 Deum
1546 4928 1635 4982 risum
1659 4931 1769 4999 putant,

119 5072 152 5112 se
163 5054 238 5110 dixit
263 5053 337 5125 quod
356 5050 480 5105 noudum
495 5045 599 5099 lactum
614 5042 713 5101 luerat,
731 5054 782 5092 nee
797 5033 927 5097 ridendo,
970 5029 1010 5084 sic
1024 5025 1192 5098 accipientes
1207 5023 1282 5095 quod
1295 5022 1485 5092 scriptumest
1499 5019 1528 5072 in
1553 5017 1623 5070 libro
1648 5015 1711 5079 Job,
1723 5030 1771 5066 re-

121 5146 175 5203 sed
199 5095 340 5199 crddeudo
359 5142 536 5210 cognoverat.
563 5133 649 5187 Recte
676 5130 772 5199 itaque
797 5125 928 5187 diximus,
971 5118 1046 5172 nisse
1063 5113 1244 5184 curnaugelis
1259 5117 1287 5166 et
1298 5110 1440 5164 diabolum
1456 5108 1484 5161 in
1499 5110 1648 5175 conspectu
1663 5103 1724 5168 Ilei,
1740 5107 1773 5156 ut

123 5238 233 5297 scimus
267 5246 349 5303 pesse
375 5228 465 5283 Deum
493 5221 590 5282 rideri,
620 5216 745 5289 quamvis
787 5229 852 5268 eum
869 5224 931 5265 ‘non
970 5209 1030 5277 jam
1041 5210 1070 5259 et
1084 5203 1154 5257 illud
1165 5201 1257 5255 veniat
1270 5200 1299 5253 in
1314 5192 1656 5271 quaestionem,quomodo
1667 5191 1773 5245 dictum

127 5325 293 5388 viderimus,
305 5318 353 5375 sed
368 5316 467 5371 divinae
478 5307 649 5368 auctoritati,
663 5322 724 5377 quae
738 5303 841 5358 sanctis
854 5298 933 5356 libris
974 5296 1011 5351 sit
1026 5313 1032 5347 ι
1049 5313 1062 5346 c
1080 5292 1159 5346 Beati
1175 5290 1280 5344 mundo
1292 5288 1384 5353 corde,
1402 5285 1467 5358 quia
1478 5283 1530 5355 ipsi
1541 5283 1631 5337 Deum
1641 5279 1776 5335 videbunt

128 5415 314 5475 continetur,
338 5403 538 5463 crediderimus
563 5417 569 5455 ;
591 5395 658 5468 quid
683 5400 727 5448 est
755 5407 822 5461 ergo
861 5389 935 5460 quod
977 5384 1085 5454 (llatth.
1102 5380 1167 5449 etl)
1186 5399 1191 5447 ;
1210 5400 1221 5429 ι
1238 5385 1266 5432 et
1281 5377 1348 5431 illud
1364 5395 1368 5428 :
1385 5394 1397 5425 ιι
1418 5375 1518 5474 Pacem
1544 5369 1690 5426 sectamini
1710 5384 1775 5470 eum

131 5505 233 5563 eadem
247 5499 315 5554 dieis
329 5493 492 5556 auctoritas,
503 5489 594 5544 Deum
608 5500 690 5539 nemo
704 5482 775 5536 vidit
787 5479 935 5550 unquam?
975 5473 1106 5531 omnibus
1121 5476 1149 5524 et
1162 5467 1421 5530 sanctificationem,
1438 5481 1499 5518 sme
1514 5479 1570 5533 (qua
1579 5476 1663 5515 nemo
1673 5463 1777 5533 poterit

133 5593 308 5653 nolanusc
321 5581 515 5656 respondetur,
544 5575 619 5649 quod
645 5573 692 5635 illa
715 5569 878 5626 testimonia
900 5568 934 5623 de
975 5562 1170 5620 videreDeum
1186 5559 1277 5626 (tren.
1292 5553 1402 5624 aral-l).
1421 5574 1434 5605 a
1450 5553 1572 5609 Multum
1586 5551 1662 5605 enim
1676 5549 1773 5613 miror,
