3772 6120
118 331 189 388 tw
515 333 691 390 carme.
709 366 742 377 -
762 337 890 394 SEC'HQ
908 336 1119 395 acosma
1136 335 1185 392 DE
1202 335 1378 393 nlvsnsls.
1692 338 1763 397 ibit}

154 458 194 516 Ex
209 457 311 515 humili
321 459 352 513 in
361 459 467 513 celsum
482 460 583 514 extulit
595 460 656 531 ipse
668 461 770 515 locum.

116 548 150 602 ln
165 563 221 619 quo
236 547 381 618 Evangelii
396 548 538 603 sententia
551 566 616 603 vera
630 549 748 621 probata
763 559 816 616 est,

153 636 221 701 Qure
236 637 389 692 Salvatoris
399 637 476 692 edila
489 654 555 692 voce
569 648 684 693 manet:

116 725 172 791 Qui
184 744 215 781 se
226 726 363 781 humilem
377 726 491 798 prebet,
508 744 621 782 sursum
631 727 801 784 exaltabitur
816 729 872 796 ille,

152 815 264 887 Quique
278 815 401 886 superba
414 816 495 887 petit,
512 833 617 887 pronus
632 817 660 871 in
671 817 729 871 ima
742 818 826 872 eadit.

115 904 165 959 Sic
177 910 216 969 te,
232 905 317 959 chare
328 905 421 971 Pater,
435 905 553 959 antistes
564 912 670 973 sancte,
681 907 821 969 sacerdos,

154 993 250 1048 Erexit
259 994 396 1048 Dominus
407 993 498 1048 millia
514 994 604 1048 multa
613 1011 708 1067 super,

118 1083 156 1139 Ut
169 1082 287 1138 verbum
301 1083 357 1137 fide
369 1084 447 1137 claro
455 1089 487 1138 tu
495 1083 600 1137 famine
611 1100 719 1143 narres.

155 1173 200 1227 Sis
207 1173 262 1238 via,
276 1172 333 1227 dux
345 1171 435 1244 plebis
444 1172 480 1226 ad
493 1189 575 1227 sacra
589 1189 677 1244 regne
687 1173 748 1229 Dei.

116 1261 174 1315 l’os
184 1261 254 1315 dixit
261 1261 390 1316 Christus
399 1260 445 1316 lux
457 1262 567 1329 mundi,
580 1278 685 1334 vosque
700 1263 855 1328 lucernam,

153 1350 210 1404 Vos
224 1367 336 1423 quoqne
350 1352 392 1405 sal
407 1357 500 1417 terrae,
512 1351 566 1406 hoc
576 1368 733 1407 memorare
755 1352 811 1423 pie.

116 1440 223 1495 Luceat
240 1456 276 1494 en
286 1445 380 1496 vestra
394 1440 441 1494 lux
451 1457 503 1495 cen
515 1441 557 1495 sol
568 1441 733 1512 splendidus
745 1440 816 1507 orbi,

153 1529 218 1584 Fiat
233 1547 303 1601 opus
312 1535 437 1584 vestrum
450 1530 541 1601 gloria
555 1547 659 1600 magna
671 1530 740 1585 Deo.

117 1620 230 1674 Condat
238 1620 343 1690 dogma
357 1619 462 1673 bonum
473 1619 615 1674 fluitantia
625 1619 710 1673 corda
723 1635 847 1681 reorum,

154 1709 181 1764 N
182 1726 197 1763 e
210 1709 285 1762 male
297 1714 461 1780 putrescant
471 1726 523 1763 nec
537 1725 572 1763 ea
585 1709 688 1764 vermis
702 1709 779 1764 edat.

930 467 952 523 Α
999 461 1095 516 Dulcis
1107 462 1314 524 amoreunctis,
1326 462 1429 534 dignus
1443 480 1540 518 amem
1554 464 1616 519 hei.

960 549 1057 603 Pande
1070 549 1143 603 viam
1157 549 1266 603 mnctis
1279 566 1330 621 per
1342 550 1475 619 dogmata
1484 567 1566 606 sacre
1578 551 1689 613 alatis,

1000 639 1085 693 b'tsis
1095 646 1238 710 perpetua
1252 639 1323 693 lucis
1341 639 1395 693 iter
1408 639 1522 712 populo.

960 727 1100 800 Tempora
1110 736 1177 783 sunt
1191 729 1276 799 huius
1286 727 1349 783 vitre
1362 744 1437 784 nunc
1446 730 1530 802 plene
1538 729 1652 802 periclis

996 816 1078 872 Nunc
1088 816 1146 871 ruit
1156 815 1232 871 orbis
1244 819 1343 881 bonor,
1354 823 1466 875 corruet
1480 819 1539 891 ipse
1551 820 1617 875 cito.

960 905 1027 970 lium
1039 912 1159 962 rentum
1168 907 1244 963 Deus
1259 907 1388 979 predixit
1399 909 1528 963 Christis
1541 909 1571 965 in
1582 907 1690 967 orbani.

996 995 1103 1066 Saepius
1111 997 1263 1051 adveniunt
1278 997 1360 1068 signa
1370 998 1518 1053 tremenda
1533 998 1627 1053 rumis.

960 1083 1098 1139 Gentibus
1111 1101 1147 1139 eu
1160 1093 1268 1156 gentes,
1281 1104 1369 1159 mgna
1386 1087 1529 1142 conburia
1542 1088 1637 1159 regitis

999 1172 1130 1228 Existunt
1141 1173 1224 1242 bello,
1240 1192 1294 1248 pax
1308 1177 1391 1248 peril,
1405 1177 1494 1231 bostis
1503 1184 1577 1243 orat,

960 1261 1061 1317 Fames
1071 1278 1136 1317 cum
1149 1270 1228 1334 peste
1242 1265 1368 1320 cmciant
1382 1282 1416 1320 ac
1428 1266 1541 1322 sortiter
1552 1272 1657 1339 urgent

997 1351 1029 1405 In
1043 1352 1136 1417 terris,
1154 1353 1271 1424 populos
1285 1370 1361 1408 mors
1370 1361 1400 1409 et
1413 1371 1511 1410 emera
1520 1357 1635 1428 premit.

961 1439 1008 1494 Sic
1018 1441 1076 1495 hec
1090 1441 1171 1511 signa
1183 1440 1259 1496 diem
1270 1442 1382 1497 Domini
1392 1449 1534 1499 testentur
1543 1445 1653 1512 adesse,

997 1529 1060 1593 Qua
1072 1531 1136 1600 pius
1148 1535 1177 1584 at
1183 1529 1279 1601 justris
1294 1531 1352 1585 Rex
1364 1532 1440 1587 Deus
1454 1533 1592 1590 adveniet.

961 1618 1054 1690 Eripe,
1070 1625 1175 1685 sancte,
1191 1620 1246 1692 piis
1256 1620 1372 1675 monitis
1385 1621 1571 1695 precibusque
1582 1625 1700 1681 secretis

997 1708 1185 1762 Commissum
1196 1708 1309 1764 tibimet
1319 1715 1414 1782 pastor
1422 1710 1458 1764 ab
1472 1712 1552 1767 hoste
1565 1729 1691 1784 gregem.

118 1797 229 1852 Nomen
239 1812 323 1868 posco
333 1801 425 1862 mum,
438 1796 534 1851 videas
548 1796 616 1867 quid
627 1797 753 1851 continet
763 1797 866 1868 ipsum,
930 1786 1003 1852 BNe
1018 1814 1106 1851 serus
1122 1797 1222 1868 perdat
1235 1814 1319 1868 quem
1334 1815 1416 1854 verus
1424 1801 1490 1871 jure
1501 1801 1622 1857 redemit

155 1886 191 1941 Et
203 1887 243 1941 sic
258 1886 397 1959 extemplo
410 1886 519 1941 discere
533 1887 609 1941 facta
623 1892 714 1958 potes.

117 1976 165 2031 Sic
183 1983 280 2031 monet
289 1992 357 2047 ergo
367 1975 422 2046 pie,
433 1992 578 2043 resonam,
594 1975 727 2031 ulciscere
742 1980 866 2047 pactum,

154 2065 235 2129 Quod
248 2065 362 2136 gemino
372 2082 457 2119 sensu
469 2072 578 2119 vertere
588 2065 643 2120 rite
657 2065 739 2120 valet.

118 2153 222 2209 Foedus
237 2171 301 2209 cum
316 2155 391 2209 vitiis
404 2154 551 2210 hominum
567 2160 617 2210 tua
631 2161 664 2209 ut
678 2155 748 2211 ultio
766 2153 886 2219 scindat,

157 2244 192 2298 Et
201 2243 307 2299 Christi
326 2250 440 2315 pactum
453 2244 547 2298 firmet
559 2243 662 2316 ubique
677 2245 733 2315 pie.

120 2333 196 2388 Nam
208 2333 286 2388 dedit
296 2333 349 2388 hoc
358 2349 462 2388 nomen
472 2333 577 2388 dudum
585 2332 637 2388 tibi
647 2349 715 2387 cura
726 2336 885 2404 parentum,

158 2421 333 2493 Baptismum
348 2422 460 2493 quando
475 2427 551 2476 sorte
563 2428 614 2476 tua
627 2423 743 2476 tuleras.

122 2511 205 2566 Nunc
215 2527 327 2583 quoque
338 2510 417 2564 valde
427 2510 478 2565 tibi
494 2527 597 2565 nornen
611 2511 657 2564 hic
671 2511 798 2565 conserat
807 2509 885 2575 ordo,

159 2600 339 2673 Perpendens
352 2600 429 2655 disce
440 2600 560 2671 mystica
571 2600 646 2654 dona
655 2600 716 2655 Dei.

123 2690 197 2744 Nam
212 2689 446 2761 superintendens
461 2689 506 2760 pie
519 2689 666 2761 episcopus
676 2690 736 2762 ipse
750 2689 868 2753 vocaris,

160 2777 240 2842 Quod
251 2783 348 2832 monet
366 2783 398 2832 ut
406 2785 488 2832 caute
497 2779 594 2833 omnia
602 2795 714 2850 semper
723 2795 800 2849 agas.

122 2867 178 2933 Sic,
196 2868 281 2921 Pater
290 2868 373 2935 alme,
389 2868 473 2922 inodo
487 2867 573 2923 iacias
591 2874 622 2922 ut
636 2868 737 2923 diceris
751 2867 820 2939 ipse,

156 2957 277 3011 Nomine
288 2963 317 3011 et
333 2962 453 3028 utroque
467 2959 541 3012 actio
555 2958 641 3029 digna
655 2963 704 3013 tua
719 2964 771 3012 est.

121 3046 216 3101 Solers
235 3045 365 3100 intendas
380 3062 465 3117 super
477 3064 574 3101 omnes
589 3052 686 3118 pastor
699 3048 844 3112 honestus,

158 3136 275 3190 Pactum
286 3141 315 3189 et
332 3135 464 3190 defendat
476 3135 545 3190 ultio
559 3136 644 3206 digna
653 3137 714 3202 Dei,

123 3223 223 3295 Sisque
238 3241 347 3279 memor
356 3225 455 3290 nostri,
471 3225 600 3296 precibus
612 3226 710 3280 insiste
722 3225 848 3290 sacratis,

157 3314 212 3369 Pro
223 3313 275 3368 tibi
290 3313 397 3368 devotis
411 3330 524 3385 semper
532 3313 636 3385 ubique
648 3314 703 3385 pie.

122 3403 193 3457 Nam
204 3402 334 3474 precibus
348 3403 491 3457 Christum
504 3404 650 3474 pulsamus
664 3408 778 3475 perpete
793 3407 866 3469 voto,

157 3492 195 3547 Ut
209 3497 259 3546 tua
270 3492 305 3546 de
319 3492 396 3546 coelis
412 3498 541 3564 ternpore
550 3492 603 3546 rite
619 3496 708 3563 regat.

124 3582 183 3637 Hoc
200 3598 312 3653 quoque
326 3598 377 3635 nos
390 3598 487 3636 omnes
498 3581 674 3653 deposcimus
684 3597 732 3636 ore
742 3581 828 3646 fideli,

158 3671 217 3725 Hoc
230 3670 374 3725 Friderich
390 3687 502 3742 semper
513 3670 611 3725 Reban
623 3675 652 3725 et
665 3670 725 3742 ipse
740 3676 814 3740 peto,

124 3760 164 3816 Ut
177 3760 253 3814 vivas
267 3776 363 3831 sospes
373 3760 401 3814 in
411 3760 495 3815 terris
507 3767 633 3832 tempore
645 3760 744 3827 multo,

159 3849 194 3904 Et
202 3853 267 3921 post
278 3850 337 3904 hec
351 3849 469 3905 scandes
484 3864 705 3922 regnasuperna
713 3850 781 3921 poli.

122 3937 203 4002 Quod
217 3943 293 4009 peto,
308 3943 341 3992 tu
353 3937 438 3992 facias
453 3938 540 3993 sacris
553 3937 690 3994 altaribus
704 3945 811 4007 astans,

156 4027 202 4081 hle
216 4031 248 4081 ut
263 4026 375 4081 Christo
387 4027 498 4094 reddas,
514 4033 610 4082 sancte
623 4027 717 4091 Pater,
730 4028 868 4099 precibus,

123 4115 254 4171 Christus
263 4132 312 4170 rex
322 4117 393 4181 coeli,
408 4122 490 4171 terre
499 4117 568 4184 Rex,
584 4117 713 4171 conditor
722 4117 807 4185 orbis,

157 4205 203 4259 hle
217 4209 312 4259 tecum
324 4204 409 4259 saciat
418 4205 488 4259 lucis
501 4204 604 4260 habere
618 4206 721 4261 locum.

183 4340 251 4401 xll.
267 4373 304 4385 -
323 4357 364 4400 sn
381 4355 567 4402 noscimur
589 4355 861 4404 xncmsrrscoruu.

122 4473 261 4546 Spiritum
272 4474 355 4538 alme,
367 4475 440 4541 veni,
456 4491 558 4545 supera
571 4474 694 4529 directus
709 4475 743 4529 ab
755 4492 819 4530 arce

156 4563 196 4618 Ut
209 4569 324 4634 prestes
337 4562 444 4618 famulo
456 4564 532 4619 dono
546 4571 656 4620 sacrata
669 4571 727 4620 tue.

121 4652 247 4708 Pectoris
257 4668 391 4707 arcanum
411 4654 528 4725 comple,
544 4654 581 4708 da
591 4670 709 4709 munera
721 4655 833 4726 lingum,

157 4741 267 4796 Dilecto
281 4746 314 4796 ut
326 4742 404 4796 Patri
414 4743 629 4815 carminagrata
639 4760 749 4798 canam.

120 4831 214 4896 Quem
224 4831 348 4902 primum
363 4832 473 4897 uiridi,
490 4832 574 4886 dilexi
588 4849 708 4906 semper,
725 4835 825 4902 amavi,

158 4919 213 4973 Cui
224 4919 298 4974 bona
312 4919 357 4974 hic
372 4926 438 4992 opto
449 4921 514 4975 heta
523 4926 551 4974 et
564 4921 594 4975 in
604 4938 668 4977 arce
677 4923 744 4994 poli.

120 5008 252 5076 OPater,
268 5025 285 5063 o
298 5016 404 5081 pastor,
417 5010 462 5065 cui
474 5009 602 5066 Christus
615 5012 690 5067 dona
701 5030 824 5085 superna

157 5097 223 5153 Jam
236 5098 313 5153 dedit
327 5106 356 5154 et
369 5099 479 5172 plebem
490 5116 605 5171 pascere
618 5101 678 5156 vice
687 5118 740 5156 sua

119 5186 166 5242 'Cn
179 5193 331 5244 renovator
340 5190 408 5244 ades
422 5184 530 5260 patrlae,
543 5196 616 5262 sp'es,
630 5196 723 5246 rector
732 5193 886 5264 honorque,

998 1886 1086 1940 Filius
1099 1885 1252 1941 Altithmni
1263 1888 1401 1958 sanguine
1413 1904 1516 1961 nempe
1527 1906 1589 1946 suo.

963 1975 1004 2030 En
1019 1991 1130 2030 servare
1142 1976 1224 2047 jubet
1237 1992 1285 2031 rex
1295 1982 1378 2031 terne
1388 1977 1494 2032 fordere
1505 1984 1592 2047 certi,

1000 2065 1160 2136 Legemque
1169 2067 1290 2136 acjussa
1304 2067 1364 2121 rult
1375 2066 1498 2122 retinere
1517 2083 1578 2122 sua.

964 2153 1010 2209 Sic
1020 2154 1078 2208 Rex
1092 2154 1214 2210 coelestis
1229 2155 1346 2211 mandat
1363 2155 1458 2211 divine
1468 2156 1569 2211 docere

999 2243 1151 2316 Praecepta,
1168 2250 1253 2316 atque
1267 2245 1347 2317 sequi
1361 2245 1415 2301 rite
1430 2261 1482 2300 sua
1491 2245 1607 2301 monita.

964 2330 1023 2386 Nec
1035 2332 1104 2388 sinit
1116 2333 1241 2389 humana
1250 2334 1375 2407 praeponi
1390 2333 1470 2389 lance
1484 2334 1604 2391 nefanda

1000 2421 1108 2476 Divinis
1122 2423 1226 2494 potius,
1241 2423 1291 2477 sed
1305 2440 1453 2495 superesse
1466 2423 1544 2496 cupit
1558 2442 1566 2491 3

964 2511 1070 2583 ,iusque
1080 2511 1137 2583 poli
1147 2512 1254 2567 mavult
1263 2513 1382 2584 prarelli
1398 2513 1463 2567 etin
1476 2529 1540 2568 arce
1555 2513 1644 2568 teneri

999 2601 1141 2655 Mundano
1148 2601 1207 2671 juri
1221 2602 1389 2674 negotioque
1403 2602 1497 2656 simul.

963 2689 1019 2743 Lex
1030 2694 1144 2744 terrena
1158 2689 1271 2761 quidem
1285 2691 1330 2745 liic
1345 2691 1374 2746 in
1391 2691 1487 2746 multis
1497 2691 1576 2746 utilis
1584 2696 1683 2756 exstat,

1001 2778 1056 2832 Sed
1065 2778 1109 2833 lex
1123 2779 1244 2834 scelestis
1258 2779 1448 2836 solosalubris
1462 2780 1525 2835 erit.

963 2868 996 2923 In
1012 2867 1064 2922 hac
1075 2884 1141 2922 rere
1155 2868 1268 2940 quidem
1282 2869 1371 2939 fulget
1379 2868 1520 2942 sapientia
1533 2874 1656 2938 tantum,

999 2957 1031 3011 In
1047 2962 1157 3028 quaest
1170 2957 1232 3011 laus
1243 2974 1359 3025 merces,
1378 2959 1443 3026 vita,
1459 2959 1537 3014 selus
1549 2959 1709 3016 hominum.

963 3045 1042 3100 Hanc
1054 3051 1085 3100 tu
1101 3046 1277 3118 praecunctis
1289 3046 1388 3119 opibus
1400 3047 1531 3120 gazisque
1544 3047 1657 3103 caducis

929 3109 951 3169 C
999 3136 1116 3206 Semper
1126 3142 1231 3204 amato,
1246 3137 1339 3202 Peter,
1356 3137 1571 3209 tirmiteratqne
1585 3143 1661 3192 tene.

963 3224 1028 3279 llaec
1042 3230 1070 3280 te
1086 3224 1205 3280 illesum
1214 3226 1328 3293 exaltat,
1348 3232 1450 3291 servat,
1469 3231 1598 3299 proteget
1611 3232 1706 3299 atque,

999 3314 1034 3368 Et
1042 3315 1150 3368 cunctis
1160 3315 1296 3386 placitum
1310 3316 1373 3386 ipso
1386 3316 1548 3371 satisfaciet.

964 3401 1018 3466 Qui
1040 3403 1168 3473 sequitur
1182 3403 1335 3470 Christum,
1349 3403 1484 3474 gaudebit
1499 3405 1528 3458 in
1552 3420 1617 3459 erce
1628 3421 1762 3477 superne,

1001 3491 1073 3544 Cum
1087 3491 1191 3545 sanctis
1206 3491 1313 3562 pariter
1327 3508 1414 3563 regna
1423 3493 1544 3547 tenendo
1560 3493 1629 3565 poli.

967 3580 1056 3644 Quem
1065 3585 1130 3650 peto
1145 3580 1198 3635 rite
1212 3596 1334 3651 sequens
1348 3587 1381 3636 tu
1396 3583 1457 3652 ejus
1467 3581 1585 3652 vestigia
1599 3599 1688 3650 serra,

1000 3669 1118 3740 Semper
1126 3669 1157 3723 in
1172 3669 1224 3723 hae
1234 3668 1300 3734 vita,
1317 3669 1357 3723 sic
1368 3686 1479 3742 quoque
1494 3679 1583 3725 victor
1596 3671 1663 3727 eris.

965 3757 1089 3813 Proteris
1103 3763 1188 3829 atque
1202 3756 1308 3825 hostes,
1320 3758 1423 3812 coelum
1438 3758 1600 3830 penetrabis
1610 3765 1639 3815 et
1654 3760 1725 3833 ipse,

999 3846 1157 3902 Liberoraa
1171 3863 1282 3920 semper
1291 3846 1362 3902 lucis
1377 3846 1406 3903 in
1420 3863 1484 3903 arce
1497 3863 1624 3905 manens.

964 3937 1045 4002 Quod
1059 3936 1135 3992 Deus
1148 3942 1280 4002 aeternus,
1295 3936 1394 3993 mundi
1410 3936 1577 3994 mitissimus
1583 3944 1693 4009 auctor,

1000 4026 1129 4080 Christus
1144 4025 1273 4081 Salvator
1286 4026 1413 4081 conferat
1427 4026 1487 4099 ipse
1501 4025 1562 4082 tibi.

967 4115 1099 4187 Protegat
1109 4121 1195 4187 atque
1204 4120 1285 4187 regat
1294 4115 1418 4187 longaevo
1428 4121 1554 4189 tempore
1570 4133 1681 4180 sanum.

1003 4205 1146 4260 Virtutum
1160 4204 1250 4260 titulis
1261 4213 1366 4277 augent
1379 4214 1407 4261 et
1416 4205 1536 4274 meritis,

965 4297 1003 4352 Ut
1013 4301 1064 4351 tus
1078 4296 1227 4368 multiplici
1242 4301 1403 4351 concrescat
1415 4296 1506 4367 glorie
1519 4296 1602 4351 laude

1002 4386 1073 4441 Cum
1083 4386 1204 4440 Domino
1217 4390 1246 4440 et
1260 4385 1364 4440 sanctis
1374 4400 1486 4455 semper
1495 4385 1525 4439 in
1539 4400 1603 4439 arce
1613 4384 1680 4457 poli.

967 4476 1106 4532 Seriesen
1118 4475 1199 4530 denis
1212 4474 1298 4529 cecini
1313 4475 1364 4528 has
1375 4472 1501 4528 versibus
1515 4473 1593 4541 odes,

1004 4567 1122 4623 Summa
1131 4563 1205 4619 hona
1213 4569 1356 4636 exoptans,
1369 4570 1465 4617 sancte
1480 4562 1572 4628 Pater,
1585 4561 1705 4619 tibimet.

964 4655 1099 4711 Doctrina
1107 4659 1139 4708 ut
1148 4653 1187 4708 sis
1197 4668 1292 4718 sanus,
1305 4652 1445 4724 perlectus
1457 4651 1582 4707 moribus
1598 4659 1693 4725 atque,

1001 4744 1159 4799 Perfectum
1175 4742 1325 4797 Dominum
1338 4741 1392 4796 rite
1406 4758 1526 4813 sequens
1537 4742 1667 4798 lemnius.

964 4833 1032 4889 Vive
1047 4833 1105 4888 Deo
1115 4837 1205 4903 grate,
1221 4830 1287 4886 lelix
1297 4830 1337 4886 sic
1348 4831 1416 4885 viris
1431 4830 1460 4885 in
1470 4847 1570 4898 evum,

1001 4924 1075 4995 Ergo
1086 4922 1170 4976 beata
1183 4920 1256 4976 bona
1268 4926 1312 4975 est
1325 4918 1417 4975 vivere
1431 4919 1489 4975 vita
1501 4920 1569 4976 Deo.

965 5013 1032 5069 Vite
1045 5018 1096 5066 tua
1109 5011 1200 5065 valeat
1209 5026 1314 5081 sospes,
1325 5009 1500 5065 sanctissime
1510 5014 1615 5081 paster,

1001 5103 1119 5173 Semper
1132 5101 1161 5155 in
1171 5105 1308 5156 aeternum
1323 5099 1380 5153 vite
1394 5105 1444 5153 tua
1456 5099 1558 5153 valeat.

965 5192 1065 5264 Meque
1076 5191 1156 5262 J'uvet
1164 5188 1292 5262 precibus
1303 5188 1408 5243 orando
1419 5193 1530 5258 sceptra
1539 5202 1663 5260 superna

614 5411 771 5469 solioum
790 5409 1062 5469 cums'roruolu
1082 5408 1264 5467 Buowsm.

156 5601 171 5631 ¹
185 5590 306 5655 Quintus
321 5591 365 5646 hic
379 5610 396 5645 a
418 5597 515 5646 sancto
532 5590 677 5645 Bonisacio
688 5589 926 5660 Moguntiacensis
967 5607 1018 5663 pro
1036 5589 1162 5645 amicitia
1176 5605 1238 5660 qms
1247 5586 1288 5641 illi
1305 5604 1369 5644 cum
1383 5588 1487 5643 eximio
1499 5590 1617 5661 presule
1628 5588 1691 5656 mir,
1709 5606 1768 5647 non

118 5662 348 5734 archiepiscopus
362 5663 398 5717 de
412 5679 466 5734 qno
480 5663 510 5717 in
531 5663 657 5734 blegent.
673 5663 779 5716 Rerum
801 5661 872 5716 libro
886 5678 924 5729 rr,
966 5679 1063 5717 versus
1081 5663 1133 5716 hos
1154 5660 1237 5714 modo
1261 5664 1290 5713 et
1303 5660 1480 5744 epitaphium
1495 5661 1521 5716 ei
1534 5661 1656 5733 scripsit,
1672 5661 1722 5717 sed
1736 5669 1766 5717 et

117 5733 173 5791 nbi
190 5732 227 5787 eb
241 5750 315 5789 anno
335 5734 447 5790 Domird
456 5732 510 5791 826
526 5749 615 5806 usque
629 5735 665 5789 ad
676 5731 729 5790 8l7
744 5734 849 5789 sedisse
862 5740 924 5788 tra·
966 5731 1207 5789 commentarium
1217 5731 1246 5787 in
1256 5729 1440 5804 Sapientiam,
1452 5737 1548 5805 atque,
1562 5739 1595 5788 ut
1607 5732 1644 5787 ed
1656 5746 1764 5815 mem

101 5805 210 5862 ditur.
227 5805 349 5863 Consule
363 5812 394 5861 et
406 5805 597 5877 antiqnitates
605 5806 767 5862 Fuldenses.
781 5804 923 5873 Rabsnrm,
964 5802 1345 5874 testamentorum
1358 5803 1595 5871 aemesam,
1614 5800 1752 5857 dedicarit
