3772 6120
309 269 357 327 DE
375 271 652 336 Ecctnslnsulcn
671 280 885 338 DISCIPLINA.
908 311 940 322 -
961 279 1029 337 LIB.
1050 280 1072 336 I.

521 510 665 584 LIBER
695 510 880 585 PRIMUS

433 677 489 739 DE
511 676 664 742 SACRIS
685 678 938 743 ORDINIBUS.

99 940 164 992 acris
176 940 321 994 ordinibus
332 942 506 1010 accipiendis.
673 941 754 1002 Ater
765 938 899 993 reddere:
911 937 954 994 vel
963 936 1164 995 nestrievarbie
1175 938 1271 996 omnia
1284 955 1346 1012 quae
1358 939 1403 996 his
1416 941 1508 998 conti-

99 1053 222 1109 oeienflae
234 1055 449 1126 plenitudinem,
470 1061 499 1111 et
512 1056 576 1112 νὴ
590 1058 671 1112 recti,
711 1034 816 1084 nentur
823 1026 1011 1085 voluminibus
1020 1029 1162 1085 narrando
1171 1029 1305 1097 evolvere,
1314 1035 1344 1086 et
1352 1029 1506 1102 explicare:

99 1143 243 1199 reditionis
263 1145 461 1217 perfectionem
477 1148 598 1203 maxime
622 1164 670 1203 eos
711 1117 786 1189 ΨΜ
797 1133 849 1172 ¹¹⁰⁰
861 1122 974 1190 “mim
984 1119 1069 1190 mpii*
1077 1135 1129 1175 ¹¹⁰⁶
1141 1118 1200 1175 una
1212 1119 1363 1175 ”mim
1374 1120 1508 1192 Imm·

99 1232 129 1286 ui
142 1232 171 1288 in
191 1235 314 1306 quodam
328 1236 450 1291 culmine
464 1237 609 1292 constituti
619 1253 670 1308 gu,
711 1204 766 1261 Sed
777 1211 878 1307 cuncta
889 1207 1054 1263 summatim
1066 1208 1280 1309 generatimque
1297 1208 1453 1281 complecti,
1467 1209 1510 1266 ita

99 1320 207 1392 girninis
221 1324 250 1379 in
264 1324 387 1380 Ecclesia
399 1328 505 1391 tenent,
518 1332 582 1392 etc,
591 1333 624 1382 ai
637 1330 668 1381 in
710 1301 743 1395 uf
752 1295 892 1367 ehssantur
901 1296 1031 1369 ‘Imm
1044 1296 1226 1365 ‘summm’
1242 1314 1304 1374 Ψ
1326 1299 1439 1355 “mim
1458 1315 1509 1355 ω’

99 1417 127 1466 η,
145 1412 286 1479 clericam
303 1417 351 1469 Μ).
368 1432 407 1480 ΠΙ,
424 1431 483 1485 cap·
499 1415 524 1482 4,
535 1431 620 1484 mque
632 1418 670 1471 ad
710 1383 1041 1458 diuutur,atqueinipaia
1049 1386 1175 1442 articulis
1185 1387 1339 1443 constituta
1347 1394 1423 1456 sunt,
1434 1395 1464 1445 et
1476 1406 1511 1445 ea

99 1502 167 1556 ‚lime
711 1474 1003 1545 tanquamInvolucris
1013 1476 1171 1531 ostendere:
1181 1477 1510 1551 statimqueaconspectu

711 1561 840 1635 abripere
854 1580 910 1619 non
925 1569 1045 1637 oportet,
1061 1565 1111 1621 sed
1135 1566 1310 1639 aliquantum
1335 1567 1511 1625 Immorando

712 1653 791 1725 quasi
806 1653 944 1709 resolvere
958 1659 1043 1726 atque
1054 1655 1222 1727 expandere,
1236 1660 1266 1711 et
1281 1656 1457 1728 inspicienda
1470 1663 1512 1714 at

100 1747 150 1798 er,
165 1736 213 1787 icb.
228 1751 264 1799 m,
280 1752 302 1789 c.
320 1733 358 1803 i.)
375 1735 602 1791 Fundamentum
618 1753 669 1792 au·
711 1758 765 1814 que
778 1742 908 1797 micanda
927 1743 1027 1799 offerre
1041 1745 1143 1799 annuis
1154 1745 1327 1813 auditorum,
1339 1751 1513 1802 cetaraverc

99 1824 109 1875 t
130 1822 269 1892 praelectio
296 1824 461 1895 prudentiae,
484 1825 601 1881 scientia
627 1832 671 1882 est
711 1831 797 1887 celeri
808 1831 987 1904 percussione
1009 1833 1157 1889 inserendo
1181 1839 1339 1890 contexere.
1355 1837 1399 1891 Ita
1417 1842 1446 1892 et
1464 1836 1514 1892 illa

99 1909 267 1982 Ipturarum,
285 1919 350 1980 etc,
364 1930 449 1982 aeque
464 1916 502 1969 cd
522 1918 605 1983 tinem
624 1932 670 1971 cc·
712 1937 774 1991 quae
783 1920 904 1976 maxime
912 1921 1104 1977 commendari
1117 1922 1247 1980 volumus
1261 1924 1381 1980 aliorum
1394 1924 1514 1981 submis-

494 2076 499 2085 .
711 2009 789 2064 sione
799 2010 890 2082 magis
900 2010 1047 2067 eminent:
1065 2027 1118 2067 nec
1129 2013 1165 2067 ad
1180 2029 1215 2068 ea
1239 2012 1374 2085 fatigatus
1385 2016 1514 2086 pervenit

99 2118 118 2170 it
127 2117 164 2171 cd
174 2121 282 2172 calmen-
297 2122 438 2187 snpientia
451 2125 475 2174 et
489 2121 635 2178 charitatis
712 2114 794 2171 ‘luem
805 2100 946 2156 ”mm
955 2100 1084 2157 V⁰l⁰m¹¹⁸
1094 2101 1284 2170 ‘’mimine“
1293 2103 1515 2160 mmmmm

189 2193 342 2258 pervenire.
711 2187 892 2244 confunditur
919 2204 1003 2262 quem
1020 2190 1145 2247 docendo
1162 2190 1297 2247 debemus
1316 2190 1467 2249 instruere.
1479 2194 1513 2249 In

110 2293 274 2367 Quicunque
293 2296 381 2366 igitur
399 2297 435 2351 ,d
455 2297 599 2369 sapientia,
614 2259 842 2354 ,upliomnibus
856 2294 924 2334 sane
941 2283 1120 2335 nontantum
1137 2295 1189 2336 nos
1202 2284 1315 2352 oportet
1326 2280 1430 2336 intueri
1443 2297 1514 2353 pra-

99 2382 133 2439 Μ
143 2383 287 2454 fastigium
302 2386 528 2454 charitatig'eoeq
542 2390 671 2456 ,³qu
710 2364 784 2437 cepti
794 2366 974 2439 flncm,quod
988 2372 1031 2423 eat
1041 2367 1165 2424 charltaa
1179 2368 1215 2425 de
1227 2369 1312 2425 corde
1322 2385 1394 2441 puro
1411 2374 1513 2427 etton-

710 2454 829 2510 scieutia
837 2454 912 2511 bona
921 2461 950 2512 et
963 2456 1019 2512 tide
1033 2473 1090 2512 non
1104 2457 1179 2525 dcta,
1187 2473 1243 2530 quo
1253 2474 1288 2513 ea
1296 2474 1358 2531 qun
1370 2457 1513 2531 loquimur

710 2548 813 2600 cuncta
826 2544 992 2614 reseramus,
1008 2545 1059 2601 aed
1074 2545 1161 2602 etiam
1180 2545 1257 2602 illins
1271 2563 1356 2620 quem
1369 2548 1510 2620 loquendo

713 2633 920 2690 instniimuaad
930 2634 959 2689 id
968 2634 1121 2692 mouendus
1127 2636 1284 2707 atqueilluc
1296 2636 1460 2709 dirigendus
1468 2653 1512 2693 as·

99 2707 226 2776 ilntelffl
239 2712 336 2778 qnippe
351 2710 418 2763 dum
433 2710 542 2764 inlinit
555 2709 672 2765 mediiss·
713 2727 810 2794 pectns
824 2728 876 2778 est.
885 2724 984 2796 Neque
992 2723 1068 2780 enim
1077 2723 1113 2780 ob
1128 2725 1284 2780 alludente
1298 2726 1450 2783 adventum
1459 2726 1513 2783 Do

99 2797 280 2868 ΗΡῙΓῑῒῑὶῙθῐΠ
302 2802 381 2869 01³tat
403 2799 529 2871 adipisci,
547 2815 668 2867 necesse,
712 2812 782 2867 mini
797 2813 902 2885 scripta
914 2818 982 2869 suut
994 2812 1164 2886 omniaquae
1184 2814 1214 2870 in
1234 2815 1387 2887 Scripturis
1409 2815 1513 2872 sanctis

99 2887 164 2942 aad
177 2889 259 2954 finem
275 2891 372 2956 caprio
391 2890 431 2941 ibi
447 2890 546 2944 aesca
568 2890 669 2944 veria:
711 2901 832 2972 legimus
848 2920 854 2956 :
871 2901 926 2958 nisi
939 2908 974 2958 ut
985 2901 1062 2958 iuius
1071 2903 1317 2960 commendaretur
1331 2904 1477 2973 advenas,
1484 2910 1514 2961 et

99 2971 158 3031 ⁰d0·
710 2991 1032 3064 luturapraeaignaretur
1041 2992 1172 3061 Ecclesia,
1180 2993 1209 3048 id
1218 2994 1454 3067 eetpcpulusDei‚
1461 3011 1513 3068 per

99 3093 176 3146 bctcr
189 3093 281 3146 debeat
295 3095 327 3145 in
338 3093 455 3146 mecam
469 3108 557 3160 apere.
711 3097 809 3137 omnes
821 3086 931 3152 gentes,
947 3081 1022 3153 quod
1036 3087 1080 3137 est
1090 3098 1191 3154 corpus
1203 3083 1264 3154 ejus
1272 3083 1413 3154 wunctis
1425 3090 1512 3158 etque

711 3169 905 3226 annumeratis
914 3169 1045 3226 omnibus
1059 3171 1233 3237 sanctiaQui
1242 3171 1329 3227 etiam
1335 3177 1401 3229 ante
1411 3173 1513 3230 eduen·

712 3264 773 3314 tum
784 3261 845 3331 ejus
855 3259 885 3315 in
898 3259 952 3314 boc
963 3259 1066 3331 seculo
1079 3260 1217 3329 vixerunt,
1233 3260 1349 3317 itaeum
1364 3261 1511 3319 credentes

712 3354 862 3405 venturum
872 3363 943 3416 ease,
951 3349 1025 3405 deut
1038 3365 1090 3405 nos
1096 3349 1214 3405 venisse.
1227 3349 1295 3415 Quae
1308 3354 1405 3407 autom
1418 3352 1512 3424 major

712 3454 796 3494 causa
809 3444 852 3494 est
862 3438 999 3495 adventus
1010 3438 1133 3505 Domiui,
1149 3438 1202 3493 nisi
1216 3444 1249 3493 ut
1261 3439 1423 3496 ostenderet
1435 3441 1512 3497 Deua

713 3527 890 3583 dilectionem
904 3544 986 3583 suam
999 3528 1030 3582 in
1043 3526 1123 3582 nobis
1138 3528 1340 3584 commendans
1352 3544 1416 3585 cam
1429 3530 1511 3586 vehe-

102 3658 107 3668 .
712 3622 831 3681 menter,
844 3617 911 3689 quia
924 3615 1093 3672 cumadhuc
1106 3615 1213 3671 inimici
1232 3633 1366 3684 essemus,
1382 3619 1510 3675 Christus

99 3671 169 3812 nst
181 3750 279 3798 autem
294 3743 416 3814 Optimus
432 3744 532 3798 modus
550 3744 660 3799 dicendi
713 3723 763 3778 pro
777 3705 857 3761 nobis
872 3710 1000 3761 mortuus
1013 3710 1057 3760 est
1073 3705 1143 3760 :hec
1162 3710 1257 3761 autem
1274 3705 1347 3775 ideo,
1363 3707 1431 3778 quie
1445 3708 1510 3763 linis

535 3785 672 3901 Μ

999 3924 1006 3952 t

713 3974 836 4029 animam
850 3990 928 4028 suern
945 3973 1048 4045 poenit,
1057 3973 1098 4029 sic
1111 3979 1141 4029 et
1153 3990 1204 4029 nos
1219 3974 1344 4041 ammam
1357 3975 1509 4047 prolratrr'-

713 4062 765 4117 bus
778 4080 935 4134 ponamus:
951 4068 981 4118 et
998 4063 1091 4135 ipsum
1110 4064 1210 4130 Deum,
1228 4066 1361 4136 queniam
1374 4065 1451 4138 prior
1468 4066 1506 4123 di·

712 4152 849 4220 lenitum,
862 4158 891 4208 et
910 4153 981 4209 Filio
995 4169 1046 4208 suo
1060 4153 1143 4209 unice
1164 4170 1221 4209 uon
1238 4155 1371 4227 pepercit,
1389 4156 1439 4212 sed
1458 4173 1509 4229 pro

712 4242 793 4299 nobis
801 4242 931 4299 omnibus
940 4243 1058 4298 tradidit
1065 4243 1155 4298 illum.
1164 4243 1193 4298 Si
1210 4260 1307 4300 amare
1321 4244 1444 4316 pigebat,
1455 4245 1510 4301 sal·

710 4338 769 4388 tem
785 4333 932 4388 redamare
940 4349 997 4388 nen
1006 4332 1109 4404 pigeat.
1119 4332 1206 4388 Nulla
1219 4336 1262 4388 cat
1276 4334 1351 4388 enim
1365 4336 1457 4406 major
1471 4335 1508 4391 nd

709 4438 835 4477 amorem
846 4422 974 4478 invitatio
985 4439 1070 4493 quam
1082 4421 1374 4494 proevenircamando,
1387 4428 1416 4478 et
1422 4423 1509 4479 nimis

99 4529 109 4567 e
124 4512 283 4567 eruditione
294 4513 427 4568 doctrinae
443 4518 472 4567 et
493 4511 668 4568 institutione
709 4511 850 4567 duruseet
863 4511 983 4579 animus,
992 4511 1040 4583 qui
1051 4510 1270 4578 dilectionem,si
1280 4510 1509 4585 nolebatimpeu·

100 4606 192 4656 atores
216 4601 292 4655 verbi
316 4601 366 4656 Dei
384 4602 465 4671 juxta
488 4600 668 4656 traditionem
709 4601 785 4665 dere,
801 4601 872 4656 nolit
885 4599 1140 4673 etrependere.Src
1154 4600 1509 4674 ergomnxtmepropterea

99 4690 669 4761 nusaliquantuminstituimus,nunccon·
710 4691 838 4747 Christus
846 4689 1193 4760 advenitutccgnosceret
1203 4689 1285 4745 bomo
1295 4696 1433 4762 quantum
1443 4707 1509 4751 eum

99 4779 176 4834 modo
199 4780 283 4834 rudes
305 4780 494 4835 catechizandi
509 4785 575 4835 sunt
597 4780 670 4835 dica·
710 4780 809 4850 diligat
821 4781 907 4847 Deus,
923 4784 952 4834 et
963 4777 1026 4835 ideo
1048 4784 1229 4849 cognosceret
1243 4783 1276 4835 ut
1302 4779 1332 4835 iu
1358 4781 1420 4853 ejus
1438 4781 1508 4837 dile·

99 4885 112 4923 c
130 4868 253 4924 officium
267 4870 425 4926 laciendum
442 4875 486 4925 est
496 4870 701 4960 narratione„
711 4869 832 4925 ctionem
848 4886 904 4942 qua
914 4868 991 4942 prior
1005 4868 1123 4925 dilectus
1146 4874 1189 4923 est
1204 4867 1402 4939 inardesceret,
1418 4870 1509 4943 proxi-

99 4963 171 5030 tque
186 4959 339 5014 hilaritate.
711 4975 846 5031 mumque
860 4959 907 5013 illo
914 4957 1031 5029 jubente
1041 4963 1071 5013 et
1082 4958 1293 5014 demonstrante
1307 4959 1446 5030 diligeret,
1459 4959 1508 5032 qui

99 5054 269 5115 anacteum
284 5050 402 5121 quisquc
414 5050 504 5120 primo
519 5050 671 5105 catechiae-
711 5064 768 5103 non
782 5047 948 5120 proximum,
963 5048 1013 5103 sed
1036 5063 1094 5103 non
1117 5046 1178 5118 Iege
1197 5047 1424 5119 peregrinantem
1444 5048 1509 5104 dili·

99 5137 112 5192 l
137 5138 353 5209 scriptumest:
373 5159 385 5191 ι
403 5139 435 5193 Iu
453 5140 590 5211 priucipIe
605 5139 671 5194 secit
709 5137 801 5210 gendo
811 5137 901 5192 Iactus
911 5141 955 5192 est
963 5136 1117 5209 proximus.
1133 5135 1288 5209 Omniaque
1309 5137 1454 5209 Scriptura
1468 5138 1509 5194 di-

99 5232 219 5282 aterram
237 5229 312 5294 (Gen.
324 5247 342 5294 1,
360 5228 397 5298 l),
414 5245 529 5300 »usque
547 5229 583 5283 ad
598 5245 669 5300 prae·
709 5227 847 5297 vinaque
864 5231 929 5283 ante
938 5225 1043 5297 scripta
1052 5226 1142 5281 estad
1154 5225 1508 5297 praenuntiandumadven·

99 5316 313 5383 ‚Ecclesiaemon
329 5323 424 5372 tamen
436 5316 670 5389 proptereadcbe·
711 5321 772 5372 tum
782 5315 935 5384 Domini,et
942 5314 1078 5388 quidquid
1087 5319 1186 5387 postca
1194 5315 1359 5371 mandatum
1369 5321 1398 5372 et
1408 5316 1509 5374 litteris

99 5407 518 5478 ‚tateucumtotosqueludicum
530 5411 559 5462 et
568 5423 669 5477 regno·
711 5413 740 5462 et
756 5407 851 5463 diuina
863 5404 1030 5460 auctorItate
1042 5406 1185 5460 firmatum
1196 5409 1249 5472 cst,
1260 5404 1405 5461 Christum
1412 5414 1510 5463 narrat

98 5495 172 5563 bros,
186 5500 333 5567 totumque
346 5496 528 5567 Evangelium
543 5503 572 5551 et
581 5497 668 5551 Actus
710 5501 739 5551 et
752 5495 930 5551 dilectionem
944 5499 1046 5549 movet.
1063 5493 1243 5549 Manifestum
1257 5501 1302 5551 eet
1321 5510 1378 5551 non
1398 5500 1510 5552 tantum

99 5584 197 5641 deind
219 5585 335 5642 verbum
358 5585 524 5643 edidicimus
538 5585 669 5642 memori·
709 5591 799 5644 totam
824 5585 915 5658 legem
930 5589 960 5640 et
978 5583 1130 5657 prophetas
1142 5584 1173 5642 in
1187 5583 1245 5643 illia
1258 5584 1369 5644 duobus
1387 5586 1510 5662 pendere

99 5685 302 5751 eracacxtl
1312 5687 1352 5753 ³8

99 1619 175 1671 *tione
189 1620 356 1673 dicia-aram
368 1623 540 1675 litterarum..

99 2601 115 2645 ’e
128 2593 310 2661 acquisitione
324 2595 472 2648 uirtutum.

99 3210 115 3277 .)
131 3206 220 3261 Debet
235 3206 324 3277 igitur
338 3206 496 3263 divinarum
516 3208 672 3281 Scriptura-

99 3301 123 3351 et
137 3295 242 3361 doctor,
259 3295 388 3350 defensor
407 3303 488 3352 recta
513 3297 588 3366 Ildei,
605 3304 669 3366 etc,

99 3428 101 3436 ,
115 3389 222 3455 capitis.

99 3477 113 3544 ,)
130 3475 184 3530 Sed
208 3476 336 3546 quamtis
350 3476 378 3530 in
404 3475 484 3530 bonis
511 3475 672 3531 doctoribus

99 3579 160 3619 :ura
170 3565 207 3618 sit
215 3565 258 3618 vel
267 3581 327 3619 esse
343 3564 452 3632 debent,
465 3572 505 3632 ut,
517 3573 569 3625 etc,
588 3576 704 3638 usqeccc

99 4012 233 4067 ossettcre
243 4020 276 4067 ut
285 4013 385 4067 vincat.
403 4013 468 4067 llaec
480 4029 547 4083 ergo
559 4029 672 4067 servans

99 4101 223 4172 ngelicus
238 4102 267 4155 ln
280 4102 437 4173 prolatione
460 4101 608 4168 sermome,
621 4101 672 4155 ad·

114 4191 216 4261 gratia,
233 4191 338 4262 poterit
359 4190 482 4245 invenire
497 4190 618 4246 fructum
633 4191 672 4246 Ia-

99 4279 188 4334 udem.

103 4397 151 4451 odo
164 4397 245 4451 rades
257 4397 445 4451 catechizandi
458 4399 525 4451 sini.
