3772 6120
58 303 132 365 140¹
578 297 584 303 ’
688 306 947 364 POENITENTIUM
966 309 1082 365 LIBER.
1632 311 1704 367 ttoa

58 447 162 485 norem
175 431 266 500 major
280 432 419 502 praeeedit,
438 432 510 485 sicut
529 432 634 485 honore
649 439 692 485 est
706 434 805 501 major,
823 433 862 486 ita
871 437 894 493 Α
903 438 961 487 tem
976 450 1117 488 reversum
1131 434 1259 505 despicit,
1273 434 1320 505 qui
1335 439 1494 504 peccatores
1504 435 1642 503 stanguine
1651 453 1702 490 suo

58 520 100 574 sit
118 520 149 574 in
162 519 289 573 crimine.
306 520 341 573 Et
355 536 437 590 quem
452 523 542 589 riurjor
557 521 685 591 sequitur
701 520 791 592 eulpa,
808 538 864 576 rua·
907 523 1044 577 redimere
1057 523 1141 577 venit.
1159 523 1358 577 Hineetiamet
1372 523 1470 578 beatus
1482 524 1703 594 Augustinusad
1791 552 1801 571 ο

55 608 148 680 jorei
164 608 313 679 inplicetur
328 608 448 663 vindicta
464 628 469 662 :
488 609 570 662 etsie
585 618 684 680 postea
701 611 865 680 poenitentia
906 612 1021 667 Petrum
1036 612 1183 666 diaconum
1205 612 1240 666 de
1255 613 1309 666 fide
1332 612 1466 677 scribens,
1485 613 1542 666 ait:
1560 612 1644 668 Omni
1657 613 1705 667 ho-

58 697 196 752 eredatur
207 714 268 751 esse
280 697 431 752 fructuosa.
439 697 512 762 Quid
527 697 601 751 enim
616 698 730 769 prodest
741 699 865 756 triticum
906 702 976 756 mini
985 702 1014 756 in
1026 702 1078 756 hac
1093 702 1150 755 vita
1160 718 1220 756 esse
1231 707 1323 773 potest
1333 701 1410 756 utilis
1421 701 1585 773 poenitentia
1597 717 1603 754 :
1620 718 1706 772 quam

58 786 214 854 seminare,
231 792 262 840 et
274 787 396 841 fructum
410 787 486 841 illius
502 804 559 841 non
584 787 737 859 colligere?
752 795 802 843 aut
814 790 865 845 do·
907 807 1072 863 quocunque
1081 793 1297 863 temporehomo
1308 792 1407 862 egerit,
1416 790 1571 862 quamlibet
1580 791 1704 861 iniquus,

59 891 142 929 mum
156 881 328 940 construere,
342 881 371 930 et
383 893 439 930 non
450 876 507 930 illie
517 876 644 932 habitare
650 878 662 930 'l
675 879 743 932 Post
751 879 866 949 dignam
907 879 1060 951 quamlibet
1074 896 1206 947 annosus,
1215 881 1238 934 si
1254 886 1313 935 toto
1330 880 1413 935 eorde
1430 879 1632 934 renuntiaverit
1640 895 1705 950 pec·

59 964 140 1019 enim
156 964 385 1032 satisfactionem,
401 965 542 1021 credimus
554 983 635 1037 possc
651 967 743 1021 redire
763 968 798 1022 ad
814 968 865 1023 ho·
906 970 976 1023 eatis
990 969 1148 1040 preteritis,
1160 975 1189 1023 et
1204 986 1255 1040 pro
1270 970 1310 1023 eis
1323 970 1353 1024 in
1363 974 1513 1041 conspectu
1527 969 1579 1023 Dei
1595 985 1651 1023 non
1663 983 1707 1022 so·

59 1068 172 1120 uorem,
188 1054 463 1125 prophetadicente:
480 1056 638 1127 «Nunquid
648 1057 696 1127 qui
712 1057 796 1123 cadit,
808 1074 864 1111 non
907 1058 965 1112 lum
981 1058 1113 1129 corporis,
1138 1058 1187 1113 sed
1209 1059 1294 1112 etiem
1313 1059 1405 1113 cordis
1428 1060 1567 1131 lacrymas
1591 1057 1705 1125 iuderit,

61 1143 181 1213 adjiciet
195 1147 227 1196 ut
248 1145 398 1213 resurgat?
414 1145 478 1210 (isa.
493 1161 566 1210 xxiv,
582 1143 627 1213 20)
647 1146 736 1216 etqui
752 1162 866 1201 eversus
907 1147 1087 1201 etmalorum
1102 1163 1217 1218 operum
1230 1149 1353 1202 maculas
1365 1147 1445 1202 bonis
1455 1147 1585 1219 operibus
1599 1147 1707 1201 diluere

59 1238 115 1291 est,
131 1248 189 1286 non
204 1232 378 1287 revertetur?
390 1253 400 1283 ι
412 1233 490 1287 ldem
503 1232 641 1304 peccatori
653 1233 710 1287 ait:
724 1251 738 1286 ι
752 1235 785 1288 In
799 1251 866 1305 qua·
907 1235 1055 1300 curaverit,
1080 1234 1205 1289 omnium
1227 1244 1405 1307 peccatorum
1419 1237 1623 1308 indulgentiam
1642 1253 1707 1291 mox

59 1336 175 1392 cunque
195 1320 241 1374 die
259 1337 408 1376 conversus
427 1322 606 1392 ingemueris,
624 1329 690 1377 tunc
704 1323 797 1378 salvus
810 1324 866 1378 eris
907 1323 1029 1378 habebit.
1048 1325 1106 1378 lloc
1120 1325 1196 1379 enim
1211 1325 1291 1379 nobis
1306 1325 1442 1380 Dominus
1456 1326 1619 1398 prophetico
1641 1342 1707 1397 pro-

60 1410 172 1477 (Ezcclr.
190 1412 240 1475 ιιι).
254 1410 356 1464 »Unde
369 1412 557 1465 etPsalmista
564 1411 618 1466 eit:
631 1431 645 1464 c
660 1414 715 1466 Cor
729 1413 866 1468 arandum
907 1412 996 1483 mittit
1020 1413 1140 1483 eloquio,
1162 1412 1258 1467 dicens
1275 1433 1280 1467 :
1299 1414 1327 1467 Si
1354 1430 1503 1468 conversus
1523 1414 1705 1484 ingemueris,

58 1514 128 1552 crea
157 1499 187 1552 in
213 1515 269 1564 me,
285 1500 368 1564 Deus,
395 1507 424 1553 et
445 1501 576 1572 spiritum
591 1508 700 1555 rectum
722 1501 865 1556 innovain
907 1503 1000 1556 salvus
1011 1502 1075 1555 eris.
1088 1502 1123 1557 Et
1136 1502 1191 1556 alio
1206 1503 1266 1557 loco
1282 1502 1403 1557 dieitur:
1420 1528 1428 1550 ι
1445 1504 1508 1570 Fili,
1533 1504 1707 1575 peccasti,ne

59 1586 217 1641 visceribus
244 1588 325 1641 meis.
346 1590 388 1642 Ne
412 1589 544 1659 projicias
563 1606 609 1643 me
637 1590 741 1644 asacic
760 1597 817 1655 tua,
837 1596 866 1644 et
906 1591 1022 1661 adjicias
1036 1591 1139 1645 iterum
1157 1611 1162 1646 :
1180 1592 1229 1645 sed
1244 1592 1320 1646 etde
1334 1592 1483 1663 preteritis
1498 1592 1657 1663 deprecare,
1674 1599 1707 1647 ut

61 1676 203 1748 Spiritum
217 1684 435 1731 sanctumtuum
450 1695 485 1732 ne
496 1680 607 1732 auferas
620 1696 637 1733 a
651 1696 696 1733 mc
706 1682 785 1747 (Ptol.
801 1683 837 1747 ι’).
852 1699 863 1731 ι
907 1679 958 1734 tibi
970 1680 1149 1734 dimittantur
1174 1682 1267 1741 (lli-eli.
1289 1686 1356 1750 xxi).
1384 1705 1391 1727 ·
1407 1682 1559 1752 Nunquam
1582 1681 1708 1752 peccanti

61 1764 139 1819 Dum
152 1766 228 1819 enim
244 1766 325 1836 petiit
340 1783 375 1821 ne
397 1783 415 1820 a
434 1767 492 1822 Deo
514 1769 699 1838 projiceretur
720 1738 897 1840 prolapsusB
908 1775 982 1824 esset
990 1770 1096 1824 indicta
1104 1787 1155 1840 pro
1170 1770 1291 1840 peccatis
1301 1771 1471 1841 deprecatio,
1479 1770 1501 1823 si
1512 1771 1638 1841 peccanti
1652 1786 1708 1824 non

61 1854 157 1924 culpa,
173 1853 295 1907 alienam
319 1855 421 1926 quippe
436 1872 484 1908 res
503 1862 532 1908 et
547 1857 684 1927 propbeta
697 1857 823 1928 rapuisse
837 1875 867 1912 se
908 1864 981 1913 essct
1001 1859 1130 1913 remissio
1147 1859 1333 1913 concedenda.
1351 1859 1406 1915 Sed
1432 1860 1517 1913 etiam
1544 1859 1708 1930 prenitentia

61 1958 182 1997 uxorem
197 1943 377 1998 tremefactus
387 1944 507 2015 expavit,
517 1945 655 2014 propheta
668 1945 808 1999 indicante
819 1948 867 2000 lla-
908 1949 1047 2020 peccatori
1059 1954 1125 2002 tunc
1140 1948 1262 2019 prodest,
1271 1948 1295 2002 si
1309 1965 1373 2001 eam
1386 1949 1415 2002 in
1431 1948 1554 2002 Ecclesia
1573 1948 1708 2002 catholiea

61 2031 167 2103 ςίιίιιιιι
185 2049 278 2097 suum,
294 2033 489 2104 paenitentiam
501 2050 588 2103 agens
597 2034 722 2089 addidit:
743 2056 755 2085 v
772 2035 867 2090 Redde
907 2042 989 2107 gerat
1001 2055 1006 2089 ε
1017 2037 1061 2091 cui
1072 2037 1194 2103 Deus,in
1207 2053 1327 2108 persona
1350 2037 1424 2091 beati
1443 2037 1529 2101 Petri,
1540 2036 1646 2107 ligandi
1655 2037 1709 2091 sol·

62 2120 137 2175 milri
149 2121 417 2176 latitiarnsatutaris
427 2123 479 2186 tui,
491 2128 521 2176 et
534 2123 635 2193 spiritu
647 2123 793 2194 principali
803 2141 869 2178 eon·
908 2126 1045 2197 vendique
1062 2126 1160 2180 tribuit
1174 2132 1351 2196 potestatem,
1372 2125 1482 2180 dicens:
1497 2145 1510 2178 ι
1526 2126 1593 2189 Quae
1607 2126 1707 2195 alliga-

63 2210 150 2264 iirma
164 2227 219 2263 me.
239 2230 249 2260 ι
267 2211 296 2265 Si
312 2211 386 2265 enim
398 2212 456 2282 ipse
472 2211 586 2281 dignam
602 2213 659 2266 Deo
673 2213 867 2282 poenitentiam
909 2216 981 2269 veris
993 2231 1079 2286 super
1090 2220 1207 2279 terram,
1220 2220 1303 2268 erunt
1317 2215 1439 2284 ligataet
1454 2214 1483 2268 in
1493 2214 1589 2279 eoelis,
1603 2221 1631 2268 et
1645 2230 1707 2284 quar

63 2315 122 2353 non
136 2299 436 2371 secissctnequaquam
449 2300 512 2354 aliis
528 2301 760 2372 predicaret.dit
774 2304 865 2357 enim:
908 2304 1023 2358 solveris
1049 2319 1133 2374 super
1162 2309 1277 2363 terram,
1304 2309 1389 2357 erunt
1410 2303 1502 2357 soluta
1523 2309 1552 2357 et
1573 2303 1602 2357 in
1631 2303 1708 2357 coelis

65 2388 206 2442 «Docebo
220 2389 331 2460 iniquos
345 2389 404 2442 vias
419 2395 493 2455 tuas,
509 2396 538 2444 et
551 2390 629 2460 impii
650 2391 685 2444 ad
709 2396 738 2445 te
752 2408 867 2446 conver·
909 2394 1016 2460 (Multa.
1032 2395 1119 2459 xviri).
1139 2411 1150 2442 ι
1168 2393 1201 2446 ln
1219 2408 1385 2463 quacunque
1407 2392 1495 2461 igitur
1519 2392 1602 2446 homo
1624 2396 1707 2446 fetata

62 2483 172 2533 ιιιιιιιι.
184 2499 197 2529 v
206 2479 278 2532 Dum
293 2478 368 2532 enim
383 2484 496 2549 peccata
511 2495 563 2533 sua
577 2480 716 2551 prospexit
731 2481 869 2551 propheta
908 2498 1002 2537 veram
1020 2487 1200 2553 peccatorum
1219 2497 1336 2535 suorurn
1358 2480 1552 2552 paenitentiam
1567 2481 1664 2550 egerit,
1680 2486 1709 2534 et

63 2565 204 2620 mundata
213 2566 535 2637 perpoenitentiam,non
545 2566 682 2621 dubitavit
691 2568 867 2638 predicando
908 2576 994 2623 vitam
1011 2586 1090 2623 suam
1107 2570 1164 2623 Deo
1179 2569 1356 2623 illuminante
1369 2568 1531 2633 eorrexerit,
1544 2584 1601 2622 non
1615 2568 1708 2639 priva·

63 2656 205 2725 castigare
220 2656 331 2717 aliena;
349 2663 377 2710 et
387 2656 427 2709 sic
437 2655 867 2728 sacrificiumdesemetipsoDeo
909 2658 985 2713 bitur
998 2657 1178 2728 indulgentiae
1193 2674 1327 2712 munere:
1345 2658 1412 2728 quia
1432 2658 1507 2711 Deus
1522 2657 1562 2711 sic
1580 2674 1631 2728 per
1643 2673 1709 2728 pro-

64 2745 171 2799 olierre
182 2745 372 2809 studuit,cum
390 2745 516 2799 dicebat:
532 2766 545 2797 a
561 2745 733 2800 Sacriticium
745 2747 803 2801 Deo
813 2748 869 2819 spi·
908 2748 1022 2820 phetam
1036 2748 1121 2801 dicit:
1135 2768 1148 2799 v
1164 2748 1235 2802 Nolo
1250 2752 1369 2801 mortem
1388 2746 1542 2810 morientia,
1552 2751 1663 2800 tanturn
1677 2750 1710 2800 ut

62 2835 140 2890 ritus
155 2834 359 2888 contribulatus
378 2836 481 2903 (ibid).
499 2854 512 2886 ι
537 2835 580 2889 dd
602 2835 660 2889 hec
679 2835 734 2890 ista
756 2837 868 2891 sutiice·
909 2842 1066 2890 revertatur
1088 2853 1105 2890 u
1126 2836 1170 2889 via
1196 2852 1248 2889 sua
1273 2835 1348 2889 male
1370 2840 1399 2888 et
1425 2835 1499 2888 vivat
1527 2834 1622 2888 anima
1648 2834 1710 2903 eJus

62 2930 146 2990 rent;
162 2923 210 2976 sed
229 2923 320 2977 omnis
334 2923 476 2977 sententia
494 2941 548 2994 quo
564 2925 625 2995 plus
639 2941 726 2978 sacra
741 2926 868 2997 Scriptu·
913 2927 1016 2989 tlr'serli.
1034 2932 1122 2993 xviri).
1142 2944 1152 2974 ι
1170 2925 1370 2978 Verumtamen
1387 2924 1483 2977 nullus
1498 2923 1644 2977 hominum
1658 2923 1708 2977 de-

63 3029 103 3067 re
114 3012 288 3067 testimoniis
299 3015 492 3077 confirmatur,
508 3013 616 3067 facilius
627 3014 760 3069 creditur.
770 3016 869 3070 Dehoc
912 3015 958 3068 bet
972 3014 1024 3068 sub
1039 3031 1088 3085 spe
1103 3013 1301 3068 misericordiae
1314 3013 1374 3077 Dei,
1391 3012 1420 3066 in
1432 3013 1492 3066 su'is
1502 3012 1608 3066 diutius
1620 3028 1711 3066 rema·

64 3101 144 3156 enirn
159 3102 296 3172 propheta
305 3103 388 3157 dicit:
401 3120 414 3154 v
426 3103 498 3156 Nolo
513 3108 633 3157 mortem
645 3105 809 3174 peccatoris,
820 3105 870 3159 scd
880 3081 901 3141 G
911 3120 979 3158 nere
992 3103 1112 3173 peccatis
1124 3121 1130 3156 :
1142 3119 1206 3156 eum
1225 3102 1311 3156 etiarn
1321 3101 1351 3155 in
1364 3101 1425 3173 ipso
1440 3117 1556 3173 corpore
1571 3117 1653 3155 ncmo
1668 3117 1712 3155 ve·

65 3196 100 3245 ut
113 3197 296 3245 convertatur
310 3196 338 3245 et
353 3190 426 3245 vivat
441 3193 545 3258 (Escclr.
562 3198 648 3261 xvia).
663 3212 675 3245 ι
692 3193 731 3247 [ιι
743 3194 794 3247 hoc
810 3210 871 3265 pec·
911 3191 945 3245 lit
963 3190 1015 3244 sub
1040 3207 1089 3261 spe
1112 3191 1213 3245 suturae
1228 3190 1326 3244 salutis
1346 3190 1452 3245 diutius
1466 3195 1611 3259 aegrotare.
1630 3190 1712 3244 Tales

66 3279 198 3335 cantibus
213 3280 332 3334 dieitur:
353 3300 364 3331 ι
379 3282 511 3334 Peccator
522 3280 551 3334 in
565 3297 731 3353 quacunque
746 3282 792 3336 die
803 3299 870 3337 con·
912 3280 988 3334 enim
1003 3281 1050 3350 qui
1065 3280 1100 3333 ab
1116 3278 1310 3350 iniquitatibus
1330 3279 1388 3332 suis
1408 3279 1538 3332 recedere
1554 3279 1710 3349 negligunt,

66 3386 167 3423 versus
180 3370 359 3439 ingemuerit,
367 3386 464 3423 omnes
479 3370 643 3440 iniquitates
650 3372 711 3441 eJus
719 3371 749 3425 in
759 3371 872 3425 oblivio·
912 3369 1003 3423 etsibi
1023 3385 1041 3421 a
1058 3370 1117 3423 Deo
1131 3367 1334 3437 indulgentiam
1355 3367 1564 3438 repromittunt,
1585 3384 1714 3423 nonnun-

66 3473 135 3512 nem
150 3458 311 3511 traduntur.
329 3478 341 3509 ι
365 3457 394 3511 Si
414 3458 488 3511 enim
512 3459 684 3529 Redemptor
700 3466 804 3525 noster,
822 3460 870 3531 qui
912 3474 998 3529 quam
1011 3456 1271 3528 itapraeveniuntur
1286 3456 1494 3526 repentinoDei
1508 3456 1713 3521 turore‚utnee

66 3552 231 3617 peccatores
253 3561 308 3599 uon
330 3546 456 3617 perdere,
483 3547 532 3600 scd
553 3548 709 3617 justificare
732 3549 817 3613 venit,
841 3548 870 3602 in
911 3546 1098 3600 conversionis
1112 3551 1233 3615 tempus,
1246 3562 1296 3597 nec
1312 3544 1477 3598 beneficium
1489 3545 1663 3599 remissionis
1671 3545 1713 3598 in·

68 3634 210 3689 oblivione
225 3636 400 3706 peccantium
411 3636 514 3689 delicta
527 3636 686 3707 dereliquit,
701 3637 763 3707 quis
784 3637 872 3691 homi·
912 3636 1034 3690 veniant.
1059 3635 1124 3689 ldeo
1140 3649 1368 3703 unumquemque
1382 3640 1505 3687 vestrum
1526 3640 1623 3688 sancta
1638 3634 1712 3688 Scri-

68 3740 140 3778 num
154 3724 368 3778 condemnanda
385 3732 515 3790 reservet,
533 3742 596 3779 cum
611 3726 754 3796 apostolus
771 3726 847 3780 dicat
863 3745 868 3780 :
912 3732 996 3796 ptura
1009 3723 1129 3793 benigne
1140 3729 1294 3793 praemonet
1304 3720 1399 3775 dicens
1412 3741 1417 3775 :
1432 3723 1473 3776 Ne
1485 3722 1640 3777 tardaveris
1648 3739 1714 3777 eon·

73 3832 85 3865 ι
103 3813 133 3869 Si
144 3813 220 3867 Deus
230 3813 375 3883 justificat,
394 3814 456 3884 quis
475 3820 518 3867 est
537 3815 584 3884 qui
595 3815 784 3869 condemnet?
799 3834 812 3865 v
828 3816 871 3869 nd
912 3814 983 3867 verti
997 3813 1032 3867 ad
1043 3811 1195 3866 Dominum
1211 3829 1216 3863 :
1234 3817 1263 3864 et
1279 3827 1314 3864 ne
1339 3810 1450 3864 differas
1472 3811 1507 3865 de
1522 3811 1568 3865 die
1582 3812 1611 3866 in
1625 3811 1710 3866 diem.

70 3903 180 3958 fontem
189 3902 274 3956 etiam
281 3903 480 3958 misericordia
490 3910 675 3969 recurrentes,
683 3904 871 3974 evangelicam
913 3902 1011 3957 Subito
1025 3901 1101 3955 enim
1115 3900 1209 3954 veniet
1222 3900 1264 3954 ira
1279 3901 1357 3970 cius:
1370 3906 1399 3954 et
1407 3900 1436 3953 in
1448 3906 1575 3973 tempore
1584 3900 1713 3955 vindicte

69 3992 249 4065 proteramus
262 3992 451 4046 sententiam:
472 3992 641 4057 vtlaudebo,
663 3993 763 4063 inquit,
787 4010 872 4065 super
912 3991 1100 4062 disperdette.
1115 3989 1191 4044 Dicit
1202 3989 1286 4043 etiam
1301 3988 1399 4043 beatus
1414 3990 1501 4044 David
1522 4008 1528 4044 :
1548 4009 1561 4042 ι
1582 3989 1671 4043 Hodie
1689 3989 1714 4043 si

69 4098 127 4137 uno
143 4086 288 4153 peccatore
303 4081 684 4152 peanitentiamagente,plus
694 4099 872 4154 quamsuper
913 4096 1006 4134 vocem
1026 4081 1086 4150 cius
1099 4079 1256 4144 audieritis,
1273 4079 1359 4132 nolite
1371 4078 1512 4133 obdurare
1523 4079 1608 4133 eorda
1622 4084 1715 4133 vestra

69 4171 342 4241 nonagintanovem
353 4170 447 4240 justis,
463 4170 581 4240 quinon
597 4171 725 4240 indigent
735 4172 872 4242 preniten-
914 4172 995 4236 tl’sal.
1014 4176 1093 4237 xciv).
1112 4190 1124 4219 ι
1139 4169 1189 4222 Cui
1207 4184 1317 4238 quoque
1333 4167 1431 4221 beatus
1447 4168 1551 4223 Paulus
1564 4168 1715 4222 concordat

70 4260 111 4315 tia
127 4262 202 4327 (Luc.
231 4263 324 4328 ,ιιιςι
349 4266 377 4312 ιι
403 4275 482 4312 οιιιιι
505 4258 643 4329 perditam
659 4260 872 4330 nonagesimam
913 4258 957 4312 his
972 4258 1084 4312 verbis:
1106 4257 1243 4323 «Videte,
1261 4257 1371 4321 fratres,
1388 4273 1423 4310 ne
1438 4258 1509 4310 forte
1520 4257 1557 4311 sit
1572 4257 1601 4310 in
1619 4257 1713 4326 aliquo

71 4365 186 4416 nonam,
198 4365 253 4402 non
269 4347 428 4402 errantibus
442 4348 556 4411 relictis
572 4348 691 4402 humero
702 4348 737 4402 ab
752 4350 1036 4420 erdere-Dvestrum
1047 4365 1095 4402 eor
1109 4347 1216 4401 malurn
1233 4345 1437 4400 incredulitatis
1451 4345 1639 4399 discedendia
1656 4346 1713 4400 Deo

71 4439 204 4511 portavit.
218 4438 247 4492 Si
264 4437 323 4491 ovis
345 4452 443 4490 errans
458 4442 521 4507 post
541 4436 731 4491 inventionem
753 4438 788 4491 ad
804 4439 874 4493 ovile
914 4437 975 4491 vivo
997 4454 1004 4492 ε
1024 4437 1074 4490 sed
1092 4434 1280 4490 adhortamini
1300 4434 1484 4504 vosmetipsos
1511 4449 1562 4503 per
1588 4433 1714 4504 singulos

70 4528 191 4583 humero
202 4531 371 4597 reportatur,
387 4542 436 4579 cur
451 4525 505 4578 ista
518 4531 582 4595 post
597 4541 709 4596 poenam
725 4527 761 4581 ad
780 4526 873 4583 Eccle-
915 4526 983 4592 dies,
996 4526 1085 4579 donec
1100 4524 1183 4578 hodie
1196 4522 1420 4592 cognominatur,
1438 4528 1471 4575 ut
1488 4538 1545 4576 non
1560 4521 1714 4576 obduretur

70 4618 119 4673 sice
135 4616 327 4671 ministerium
338 4631 395 4670 non
411 4614 577 4669 revocetur?
589 4615 662 4678 Quid
673 4621 716 4669 est
728 4633 795 4685 ergo
807 4634 873 4687 gra·
915 4615 978 4685 quis
991 4631 1023 4667 ex
1041 4613 1117 4667 vobis
1132 4612 1242 4667 fallacie
1256 4611 1361 4682 peceati
1377 4612 1452 4680 (llcb.
1471 4614 1518 4679 nr).
1538 4632 1551 4663 »
1569 4611 1714 4666 Obdurato

69 4708 132 4761 vius
145 4705 258 4759 carnale
271 4704 404 4758 delictum
417 4704 577 4770 admittere,
590 4704 650 4758 sinc
666 4721 720 4775 quo
733 4722 788 4759 non
803 4706 874 4760 mul·
915 4704 1002 4773 igitur
1015 4702 1098 4755 corde
1107 4702 1174 4755 vivit
1183 4702 1239 4754 sive
1251 4701 1299 4772 qui
1313 4716 1369 4753 non
1378 4700 1550 4754 convertitur
1562 4700 1715 4771 desperans

70 4797 90 4849 ti
104 4795 158 4851 sed
170 4796 252 4865 pauci
276 4794 467 4859 inveniuntur,
485 4800 534 4846 aut
550 4793 601 4847 Dei
623 4793 725 4848 Filium
747 4794 873 4849 timendo
914 4793 949 4846 de
963 4790 1138 4860 indulgentie
1151 4796 1340 4862 peccatorum,
1356 4789 1413 4843 sive
1433 4789 1480 4860 qui
1502 4790 1542 4843 sic
1556 4789 1713 4844 misericor·

68 4884 195 4956 negare?
212 4884 244 4938 ln
258 4899 313 4953 quo
335 4889 447 4952 peccato
468 4882 561 4952 ipsum
581 4880 695 4936 beatum
717 4883 872 4954 principem
914 4881 991 4935 diam
1004 4880 1056 4950 Dei
1068 4885 1173 4950 sperat,
1188 4886 1220 4932 ut
1233 4894 1322 4948 usque
1337 4878 1365 4930 in
1382 4879 1468 4932 tinem
1487 4879 1550 4932 vitae
1570 4878 1714 4949 presentis

68 4973 262 5048 apostolorum
278 4972 404 5037 Petrum,
416 4971 452 5025 ad
467 4973 547 5041 cujus
562 4988 636 5025 nune
650 4988 750 5042 corpus
765 4972 873 5042 indigni
915 4971 1064 5025 insuorum
1076 4969 1227 5022 criminum
1241 4966 1423 5038 perversitate
1429 4974 1582 5021 remaneat.
1592 4967 1714 5021 Proinde

66 5064 210 5127 sedemus,
227 5063 338 5131 lapsum
352 5078 413 5115 esse
429 5061 639 5130 cognoscimus:
656 5061 705 5115 sed
720 5068 873 5132 postnega·
914 5059 1062 5130 diligentes
1085 5057 1307 5111 miscricordiam
1323 5056 1384 5120 Dei,
1401 5061 1614 5126 metuentesque
1625 5057 1714 5126 justi-

66 5155 177 5209 tioncm
191 5151 358 5222 poenitentia
373 5156 469 5204 secuta
484 5155 536 5215 est,
553 5155 662 5222 etpost
679 5151 872 5221 penitentiam
914 5149 992 5213 tiam,
1008 5164 1059 5201 nec
1081 5147 1115 5201 de
1140 5144 1305 5200 remissione
1330 5150 1508 5214 peccatorum
1533 5145 1715 5216 desperemus

64 5240 263 5298 misericordia
276 5240 440 5310 data:quia
457 5239 534 5293 illum
546 5239 581 5293 ab
589 5241 747 5310 apostolatu
758 5256 814 5293 non
823 5239 872 5293 de·
914 5255 966 5292 nec
993 5252 1190 5290 remaneamus
1211 5234 1379 5305 inpeccatis
1401 5251 1406 5286 :
1428 5233 1546 5289 scientes
1576 5235 1642 5304 quia
1665 5235 1715 5291 illa

62 5332 144 5404 jecit,
153 5330 202 5400 qui
211 5334 276 5383 ante
285 5329 409 5401 seipsum
420 5345 524 5399 negare
535 5329 672 5399 praedixit.
685 5328 747 5382 Tibi
759 5329 826 5393 brec,
835 5328 873 5382 dli
915 5327 1042 5382 omnium
1057 5325 1204 5379 hominum
1223 5322 1319 5377 debita
1332 5323 1369 5376 sit
1383 5328 1515 5377 exactura
1533 5324 1650 5395 aequitas
1666 5326 1714 5395 ju·

64 5419 245 5477 charissime.
257 5418 332 5473 dicta
345 5418 495 5483 sufficiant,
504 5424 538 5472 ut
551 5419 631 5472 illum
643 5433 726 5487 quem
736 5417 873 5487 conspicis
914 5416 1030 5471 stissimi
1052 5414 1165 5485 judicis,
1187 5430 1249 5483 qure
1273 5429 1330 5465 non
1353 5411 1492 5465 dimiserit
1522 5413 1715 5470 misericordia

63 5510 174 5567 delicta
183 5509 250 5562 lletu
260 5508 363 5573 delere,
372 5508 401 5561 in
413 5514 564 5579 conspectu
579 5506 733 5560 divinitatis
747 5523 802 5560 non
817 5506 870 5560 du·
915 5501 1338 5573 clementissimiRedemptoris.
1354 5501 1432 5555 Sicut
1440 5501 1516 5555 enim
1523 5503 1714 5559 misericordia

64 5600 141 5654 bites
149 5596 372 5653 misericordiam
382 5597 513 5668 consequi
526 5615 531 5649 :
545 5596 612 5667 quia
626 5596 734 5650 nullum
751 5612 869 5667 peecan-
911 5594 1028 5665 suscipit
1043 5592 1217 5663 absolvitque
1231 5607 1389 5651 conversos,
1408 5590 1449 5646 ita
1471 5592 1584 5661 justitia
1597 5594 1713 5665 repellet
