3772 6120
102 258 195 347 'iseo
562 294 608 351 nii
629 295 906 356 aceiasissrioi
923 261 1272 357 bisuntini.-u1n.
1294 298 1345 355 iii.
1691 296 1759 357 irae

123 425 344 435 —--—--—-
350 427 694 439 ---.--....—--—.--.

768 554 912 631 LIBER
936 554 1150 637 TERTIUS.

687 705 743 766 iiii
765 703 912 767 iconii
933 704 1212 768 caniseiane.

159 944 314 1018 Descriptis
337 962 403 1017 ergo
424 945 609 1005 sacramentis
631 945 740 1011 divinis,
765 945 793 1001 in
823 944 1069 1017 quibusAliabere
1079 946 1425 1009 mensoremn'oundum
1436 947 1546 1005 interea
1560 949 1765 1025 quodpraesans

122 1034 209 1093 bomo
224 1033 403 1091 Christianus
416 1033 552 1100 efficitur;
582 1038 611 1089 ot
630 1034 755 1089 oratione
777 1034 925 1093 Dominica
964 1033 1068 1105 ubique
1078 1034 1171 1091 diuina
1180 1037 1313 1107 majestas
1324 1035 1406 1093 aliter
1415 1035 1677 1105 electissuis‚aliter
1685 1037 1766 1097 adest

123 1136 183 1194 qua
195 1121 232 1177 ad
247 1121 337 1179 Deum
359 1139 454 1194 preces
473 1123 600 1185 tiindere,
621 1122 747 1195 symbolo
767 1139 877 1195 quoque
897 1128 925 1179 ot
965 1121 1100 1193 reprobis.
1115 1122 1204 1179 Adest
1219 1124 1294 1179 enim
1307 1124 1434 1197 reprobis
1455 1126 1584 1198 potentio
1596 1132 1705 1187 naturae
1720 1127 1765 1186 iu·

122 1209 190 1265 iidei
205 1209 333 1278 sentite,
354 1216 384 1267 ct
401 1228 417 1265 a
436 1210 537 1281 quibus
555 1211 697 1267 erroribus
718 1228 753 1269 ne
775 1212 926 1269 seducatur
965 1210 1235 1283 comprehensibilis,
1258 1229 1314 1285 qua
1336 1213 1432 1269 omnia
1456 1214 1598 1287 cognoscit
1613 1215 1768 1275 nouissima

121 1314 225 1355 carere
239 1298 349 1363 debeat,
365 1299 486 1372 qualiter
501 1299 541 1357 illi
555 1307 654 1373 postea
676 1300 704 1357 iu
729 1316 819 1371 agone
843 1300 924 1358 Chri-
967 1301 1130 1372 etantiqua,
1142 1301 1467 1373 intelligitcogitatioues
1486 1320 1504 1357 a
1522 1302 1615 1375 longe,
1628 1309 1657 1361 et
1669 1321 1767 1363 omnes

121 1387 220 1443 stiano
232 1389 397 1445 certandum
412 1388 450 1445 sit
458 1395 662 1458 consequenter
676 1387 854 1445 sciibendum
865 1405 926 1445 esse
966 1389 1025 1447 vias
1038 1389 1213 1460 singulorum
1231 1389 1373 1463 prandet.
1392 1391 1480 1447 Adest
1493 1392 1589 1448 electis
1601 1393 1695 1465 gratia
1713 1393 1768 1469 pie

122 1475 309 1533 arbitramur.
321 1477 437 1548 Legitur
447 1477 732 1549 eniminuvsngelio,
748 1478 822 1548 quod
834 1479 927 1535 Salva·
967 1477 1157 1548 protectionis,
1191 1494 1248 1550 qua
1272 1478 1336 1535 illos
1360 1479 1524 1553 spiritaliter
1550 1497 1600 1556 per
1619 1480 1771 1553 pressius

123 1571 173 1621 tor
191 1571 288 1623 noster
303 1571 367 1636 post
381 1567 615 1623 resurrectionem
635 1583 715 1623 suam
735 1568 880 1638 discipulis
897 1568 926 1625 iu
967 1567 1051 1633 dona,
1067 1568 1110 1621 rel
1123 1567 1233 1640 llagello
1248 1568 1327 1643 quasi
1343 1569 1416 1625 lilios
1426 1575 1507 1641 pater
1520 1569 1626 1627 erudit:
1636 1570 1768 1643 atquead
1809 1639 1811 1643 ¹

123 1653 925 1727 Galilaaappsrensdixit:tEuntesdoceteomnesgentsa
967 1656 1173 1728 possessionem
1199 1657 1302 1715 iuturae
1323 1657 1505 1715 beadtudinis
1530 1658 1683 1717 erudiendo
1706 1675 1769 1735 pro·

123 1743 301 1814 baptizantes
317 1744 402 1801 eosiu
415 1744 639 1807 nominePatris,
651 1745 760 1812 etFilii,
770 1746 926 1816 etSpiritus
967 1745 1061 1801 rabit:
1077 1744 1158 1801 adest
1172 1745 1268 1802 elecu's
1287 1752 1319 1803 ut
1334 1746 1478 1819 scriptum
1502 1753 1565 1805 est:
1592 1748 1704 1806 «iuxta
1726 1752 1771 1808 est

123 1833 238 1889 sanctii
263 1833 396 1893 docontes
421 1849 469 1889 eos
492 1850 604 1889 serrare
627 1835 721 1891 omnia
744 1851 927 1906 quaecumque
967 1833 1104 1888 Dominus
1117 1833 1160 1887 his
1174 1833 1222 1905 qui
1235 1834 1368 1890 tribulato
1388 1842 1458 1890 sunt
1471 1836 1566 1905 corde,
1592 1843 1622 1895 et
1645 1837 1767 1900 humiles

124 1921 346 1977 mandarirobis
357 1923 463 1989 (Duilli.
482 1927 555 1992 ult).
567 1943 582 1977 i
593 1925 625 1978 ln
639 1924 873 1994 quorsctissimue
885 1929 928 1981 est
967 1921 1069 1992 spiritu
1083 1920 1296 1992 salvabita'scl.
1311 1939 1407 1988 xxxin,
1431 1922 1511 1988 llll.»
1527 1924 1616 1978 Adest
1641 1924 1768 1996 reprobis

123 2010 198 2067 cido
209 2011 390 2083 predicandi,
405 2017 435 2066 et
449 2012 592 2068 modernis
608 2028 720 2083 quoque
739 2013 927 2082 predicatori-
967 2015 999 2064 ut
1010 2010 1186 2081 premissum
1198 2015 1254 2064 est:
1270 2012 1501 2068 «Vultuaautem
1511 2012 1623 2067 Domini
1632 2030 1719 2086 super
1728 2014 1768 2070 ie·

123 2097 181 2155 bus
203 2099 333 2159 Ecclesiae
358 2101 509 2159 sectandus
531 2100 756 2172 diligentissime,
779 2109 812 2157 ut
835 2101 926 2172 primo
967 2099 1072 2155 uentos
1086 2100 1171 2165 mala,
1184 2099 1371 2173 utpeiilatde
1387 2105 1464 2159 terra
1478 2100 1643 2161 memoriam
1668 2118 1766 2162 eorum

122 2186 243 2259 quidem
258 2188 390 2245 doceatur
404 2189 526 2257 auditor,
542 2189 644 2246 deinde
663 2189 728 2245 sidei
743 2190 926 2249 sacramentis
969 2190 1050 2255 libid.
1060 2205 1085 2245 c.
1098 2187 1176 2261 17).»
1189 2190 1262 2263 Ergo
1272 2190 1295 2245 si
1306 2191 1379 2247 oculi
1393 2190 1505 2248 Domini
1520 2190 1701 2267 speculantur
1715 2191 1766 2251 bo·

121 2275 280 2342 imbuetur.
295 2284 359 2348 post
373 2278 431 2334 brec
445 2279 480 2335 ad
501 2280 639 2335 servanda
658 2279 770 2336 Domini
796 2278 1017 2336 mandataBnos
1031 2278 1172 2344 streame,
1193 2284 1222 2334 et
1239 2278 1376 2338 Dominus
1398 2279 1432 2335 de
1452 2279 1522 2337 coelo
1545 2280 1663 2353 respicit
1681 2296 1768 2357 super

123 2381 160 2423 ex
174 2370 302 2437 temporo
323 2365 438 2422 liberius
462 2367 637 2434 instituatur,
664 2368 731 2441 quia
754 2383 812 2425 nori
834 2373 927 2438 potest
967 2365 1040 2423 lilios
1054 2366 1212 2434 bominum,
1227 2374 1260 2423 iit
1271 2368 1366 2423 rideat
1378 2367 1402 2421 si
1417 2373 1461 2425 est
1474 2368 1644 2440 intelligens,
1656 2374 1706 2427 aut
1719 2385 1766 2429 re·

122 2454 192 2511 lieri
206 2459 239 2512 ut
251 2471 351 2527 corpus
364 2454 496 2526 baptismi
512 2457 629 2528 recipiat
643 2462 860 2522 stemmatum,
871 2456 926 2516 nisi
967 2454 1082 2526 quirens
1095 2456 1196 2523 Deum,
1212 2461 1323 2528 oportet
1342 2471 1572 2532 unumquemque
1589 2456 1767 2529 baptismatis
1818 2461 1820 2465 ’

123 2548 194 2599 ante
206 2542 303 2601 anime
317 2542 382 2600 ndei
397 2545 552 2615 susceperit
566 2545 723 2613 veritatem,
747 2562 811 2604 ciiiu
834 2561 927 2616 nequo
966 2543 1044 2600 unda
1059 2545 1249 2616 puriticatum¹
1263 2550 1293 2600 et
1312 2544 1466 2602 Cbnstisni
1488 2545 1609 2603 nominis
1627 2545 1766 2619 dignitato

125 2631 247 2702 quisque
262 2631 391 2689 indoctus
405 2640 434 2689 et
448 2633 563 2703 ignarus
578 2634 744 2691 christinus
754 2635 820 2689 ssdoi
834 2642 927 2704 potest
966 2631 1139 2701 decoratum,
1153 2634 1229 2692 utin
1246 2633 1347 2691 militia
1358 2633 1457 2691 aeterni
1471 2635 1545 2704 regis
1564 2634 1715 2705 diligenter
1735 2651 1767 2693 so

123 2720 255 2791 ejusdem
284 2721 349 2777 lidei
372 2722 555 2779 sacramentis
581 2722 676 2779 ablui:
700 2740 792 2795 neque
815 2724 925 2779 laisum
967 2737 1107 2788 exercens,
1123 2723 1279 2781 nonarmis
1295 2722 1486 2796 corporalibus
1500 2722 1634 2781 advorsus
1648 2739 1763 2783 mem

124 2807 262 2881 baptismi
276 2826 292 2863 a
307 2810 429 2881 peccatis
442 2811 596 2869 emundare
610 2812 722 2880 sufficit,
739 2812 762 2867 si
781 2828 838 2870 non
862 2817 926 2883 post
966 2815 995 2866 et
1013 2811 1180 2882 sanguinem
1202 2812 1325 2872 dimicet.
1347 2813 1397 2868 ssd
1416 2811 1609 2885 principalitar
1631 2812 1766 2871 adueraue

124 2896 269 2969 baptisma
282 2899 394 2957 studeat
406 2899 524 2970 quisque
537 2900 617 2957 bonis
639 2901 771 2971 operibus
784 2900 923 2957 insistere.
966 2898 1140 2969 principatus
1168 2905 1196 2953 et
1223 2904 1376 2973 potestates
1404 2898 1480 2955 aeria
1506 2899 1601 2969 hujus,
1630 2899 1764 2961 adversus

125 2985 211 3045 Prius
224 3003 291 3057 ergo
305 2988 406 3045 docere
419 2995 528 3058 gentes,
541 2989 570 3047 id
590 2994 642 3054 est,
663 2989 781 3046 edentia
798 2989 925 3047 raritatis
965 2985 1063 3045 mundi
1079 2992 1202 3045 rectores
1215 2987 1398 3045 tenebrarum
1410 2987 1524 3056 harum,
1537 2991 1691 3062 contraque
1705 2989 1764 3063 spi·

122 3074 284 3142 instituere,
301 3093 333 3130 ac
346 3077 387 3131 sio
399 3076 541 3149 baptisare
560 3078 695 3149 precipit„
723 3079 789 3148 quia
809 3085 838 3134 et
864 3078 924 3133 sine
965 3075 1062 3131 ritales
1076 3077 1217 3148 nequitias
1230 3076 1260 3131 in
1274 3075 1442 3143 coelestibus,
1457 3076 1487 3134 iu
1506 3075 1636 3133 omnibus
1649 3092 1765 3135 sumens

122 3162 180 3221 fide
194 3164 367 3235 impossibile
377 3171 420 3221 est
431 3166 540 3237 placere
549 3168 618 3231 Deo,
633 3172 661 3223 et
671 3167 726 3223 nisi
735 3167 798 3237 quis
809 3173 925 3224 renatus
965 3170 1074 3221 scutum
1087 3165 1162 3226 fidei.
1174 3165 1283 3238 galeam
1297 3165 1407 3230 salutis,
1423 3171 1453 3223 et
1465 3164 1580 3221 loricam
1593 3164 1721 3239 justitiis,
1735 3171 1765 3223 et

122 3252 331 3325 fuaritexaqua
342 3260 371 3311 et
384 3255 491 3326 Spiritu
508 3262 605 3311 sancto
620 3272 676 3311 non
689 3256 793 3326 poterit
807 3256 925 3311 introire
964 3254 1089 3323 gladium
1104 3254 1228 3326 spiritus,
1241 3255 1314 3327 quod
1327 3260 1371 3311 est
1386 3253 1502 3309 uerbum
1514 3254 1574 3321 Dei,
1597 3255 1764 3313 mortificet·

121 3340 152 3399 in
166 3358 288 3413 ragnum
304 3344 364 3399 Dei.
375 3343 418 3398 lid
433 3349 590 3399 extremum
605 3360 669 3399 iero
686 3344 848 3415 sulijungit:
866 3346 923 3401 Do·
964 3357 1019 3412 quc
1029 3342 1168 3399 desideria
1180 3343 1273 3399 carnis
1286 3359 1343 3398 sure
1360 3342 1494 3414 quotidie,
1502 3343 1584 3415 juxta
1596 3343 1763 3417 Apostolum

121 3437 222 3489 contos
235 3447 284 3487 eos
297 3448 408 3489 seriore
420 3433 516 3487 oiniiia
535 3449 707 3504 quacunque
728 3433 858 3489 inundari
874 3451 923 3489 ro·
963 3430 1103 3487 dicentem
1117 3433 1183 3498 (t'ol.
1198 3449 1237 3497 iii,
1256 3429 1297 3499 il:
1316 3449 1329 3481 a
1349 3431 1516 3487 liloitilicate
1530 3431 1658 3489 membra
1669 3437 1763 3491 reama

120 3519 175 3577 bis.
191 3522 233 3576 Ac
247 3537 284 3577 no
298 3527 428 3592 putemus
444 3521 516 3577 lesia
536 3538 597 3577 esse
620 3538 682 3593 quse
701 3522 782 3592 jussa
803 3528 871 3577 sunt
894 3529 924 3577 ot
963 3533 1025 3586 que
1038 3523 1107 3573 sunt
1119 3534 1204 3589 super
1225 3523 1341 3582 lemme
1360 3517 1582 3586 fornicationem,
1604 3517 1759 3579 immundi·

119 3625 222 3680 pauca,
237 3609 361 3665 addidit:
376 3609 478 3665 Omnia
491 3626 664 3681 quacunque
682 3610 813 3666 mandari
833 3609 918 3675 robis,
931 3595 953 3653 C
964 3605 1043 3672 tiam,
1060 3605 1214 3672 libidisseffii
1225 3605 1480 3676 ΰθΰθῦβὶὃῦθῦῖίὃω
1490 3606 1607 3673 malms
1625 3613 1655 3664 θῑ
1667 3607 1759 3665 atari·

119 3698 327 3769 etquicunque
341 3698 520 3764 crediderint,
542 3699 590 3770 qui
605 3699 634 3753 in
657 3699 795 3754 Triniute
817 3699 922 3755 suerint
962 3692 1042 3759 uam,
1057 3709 1119 3767 qun
1133 3698 1178 3748 est
1188 3692 1405 3749 simulacrorum
1415 3693 1553 3749 servitos:
1567 3699 1683 3768 propter
1695 3711 1761 3771 qus

118 3785 264 3859 baptizati,
282 3787 376 3843 omnia
388 3787 493 3843 faciant
512 3804 574 3859 quio
593 3793 732 3859 praecepta
755 3794 830 3853 sunt,
855 3787 923 3858 quia
961 3781 1037 3837 venit
1050 3782 1094 3838 ira
1107 3782 1157 3837 Dei
1172 3782 1202 3837 in
1216 3780 1287 3839 lilios
1308 3781 1479 3847 diffidentie,
1495 3782 1525 3839 iii
1541 3782 1642 3857 quibus
1660 3789 1691 3843 et
1710 3801 1759 3843 iios

117 3876 194 3932 sicut
206 3892 310 3946 corpus
321 3877 383 3935 ains
396 3877 497 3946 spiritu
513 3882 723 3943 murmuriosi,
742 3876 780 3931 ita
799 3883 828 3932 et
851 3876 920 3931 fides
962 3870 1126 3927 ambulastis
1136 3871 1287 3943 aliquando
1308 3888 1372 3927 cum
1391 3871 1519 3929 viveretis
1539 3872 1568 3927 in
1591 3872 1657 3929 illis.
1676 3874 1759 3931 Nunc

116 3965 180 4023 sino
193 3963 326 4036 operibus
341 3971 515 4021 mortuaest.
531 3967 643 4030 Quanta
653 3967 738 4036 huius
748 3982 855 4021 merces
868 3966 921 4037 pias
962 3964 1056 4015 &utem
1069 3959 1201 4032 depffllioe
1215 3964 1244 4015 θὶ
1253 3976 1300 4015 VOS
1310 3960 1415 4027 Omnia»
1424 3960 1506 4026 uam,
1521 3959 1758 4033 indissntfiffltmi

117 4054 351 4119 conversationis,
386 4054 469 4125 quale
493 4055 596 4125 pignus
616 4055 718 4111 suturis
739 4054 922 4113 beatitudinis
960 4047 1108 4117 malitiam,
1124 4048 1338 4124 hlssphtmiame
1348 4053 1462 4121 turpem
1480 4066 1640 4109 sermonem
1652 4050 1687 4111 de
1708 4067 1758 4111 ure
1867 4078 1871 4083 ·

117 4142 248 4201 etiamin
263 4143 922 4215 praesentilidelesmaneat,subsequentei·insi·
963 4141 1052 4193 vestm
1068 4153 1125 4193 11011
1140 4138 1286 4195 emiitetie·
1306 4138 1401 4196 Nolite
1414 4138 1529 4195 mentiri
1550 4139 1686 4197 inlisstmt
1709 4156 1757 4199 0¹·
1871 4202 1875 4208 .

117 4238 191 4289 nuat
203 4230 300 4287 dicens
311 4248 317 4287 ι
330 4232 399 4287 Ecce
409 4249 460 4301 ego
476 4231 618 4289 vobiscum
630 4250 693 4289 suin
708 4232 837 4289 omnibus
859 4232 920 4289 die
961 4226 1113 4298 spoliantes
1127 4243 1175 4282 ros
1189 4233 1313 4285 veterem
1332 4229 1475 4285 hominem
1487 4244 1553 4284 cum
1565 4227 1674 4286 actibus
1687 4229 1756 4293 suis,

115 4318 180 4386 bus,
193 4336 285 4391 usque
294 4321 329 4377 ad
339 4321 611 4379 consummationem
619 4322 722 4379 saculi.
734 4321 815 4378 Libet
824 4327 919 4379 autom
960 4314 1110 4372 induentes
1125 4332 1238 4385 novum,
1250 4333 1315 4376 eum
1325 4317 1373 4390 qui
1383 4322 1533 4373 renovatur
1545 4315 1576 4373 in
1585 4315 1758 4386 monem

115 4408 326 4467 consensionis
341 4409 512 4475 testimonio,
539 4411 614 4480 quod
638 4412 748 4467 Marcus
770 4411 827 4466 sit:
855 4429 869 4465 a
885 4411 920 4467 m
960 4405 1114 4461 seeundum
1128 4405 1282 4479 imaginem
1296 4406 1358 4475 ejus
1373 4405 1422 4477 qui
1435 4403 1538 4459 crearit
1552 4418 1629 4471 eum,
1642 4402 1691 4461 ubi
1702 4420 1759 4463 Ποῦ

115 4497 257 4555 Dominus
271 4498 384 4571 quidem
399 4500 480 4555 lesus
505 4505 654 4570 postquam
677 4501 787 4556 locutus
811 4506 854 4554 est
877 4500 919 4555 ois
960 4500 1003 4551 est
1015 4494 1130 4567 gentilis
1143 4500 1174 4553 et
1194 4494 1318 4560 ludaris,
1332 4491 1510 4549 circumcisio
1527 4496 1556 4546 ct
1576 4491 1758 4567 praeputIum‚

116 4592 281 4658 assumptus
296 4593 339 4645 est
358 4588 387 4645 in
409 4588 522 4654 culum,
546 4596 574 4644 et
596 4589 677 4645 sedet
699 4607 717 4647 a
740 4589 844 4644 dextris
866 4588 919 4647 Dei
960 4582 1097 4641 barbarus
1109 4591 1139 4640 et
1156 4585 1264 4659 scytha,
1280 4598 1377 4640 serius
1391 4588 1421 4639 et
1434 4580 1522 4637 liber:
1545 4581 1595 4638 ssd
1609 4582 1715 4652 omnia,
1730 4588 1759 4641 et

117 4678 218 4737 (liare.
229 4680 305 4745 ulte.
323 4698 337 4731 i
353 4677 425 4744 Quia
438 4677 514 4735 enirn
525 4677 585 4749 ipse
596 4678 672 4736 Deua
685 4685 715 4735 st
727 4678 812 4735 homo
822 4683 865 4733 est
874 4694 918 4735 as-
958 4673 989 4731 in
1002 4674 1132 4729 omnihus
1146 4673 1284 4731 Christus.
1302 4691 1314 4727 i
1332 4670 1511 4729 Manifestum
1524 4675 1568 4726 est
1582 4671 1670 4740 euim,
1683 4670 1758 4747 quod

116 4771 249 4836 sumptus
264 4766 295 4823 in
308 4766 409 4825 eelim
425 4767 603 4823 humanitate
617 4783 701 4838 quarn
716 4768 752 4822 de
765 4773 842 4825 terra
853 4784 917 4824 sus·
959 4764 1018 4820 bec
1031 4763 1115 4819 rerba
1127 4763 1228 4821 beatus
1239 4762 1391 4837 aposolus
1400 4759 1529 4817 fidelibus
1544 4760 1692 4835 scripserit
1701 4779 1759 4823 nou

116 4860 249 4926 ceperam
266 4860 362 4911 manet
378 4871 442 4912 cum
466 4856 571 4912 sanctis
592 4856 622 4914 in
644 4862 749 4913 aterna
770 4856 918 4914 diuinitate
958 4853 1094 4926 paganis:
1111 4849 1759 4926 sicutmEphesiosinEpistolasuaadmoriuit

117 4959 174 5014 qua
185 4948 294 5003 terram
315 4943 421 5017 pariter
442 4944 542 5015 implet
562 4951 591 5000 et
611 4946 721 5001 colum.
747 4947 843 5001 llanst
866 4942 1054 5009 condicens
1071 4944 1148 5014 (lipli.
1162 4959 1203 5009 ix,
1216 4940 1276 5003 iil:
1295 4939 1508 4998 «muniamini
1529 4938 1633 5013 spiritu
1655 4939 1758 4997 niente

117 5036 174 5089 tom
201 5030 333 5089 omnibus
361 5031 460 5089 diebus
478 5049 567 5103 usque
590 5033 626 5090 ad
647 5034 917 5091 consummationem
958 5038 1067 5099 vestra,
1082 5031 1230 5089 etinduite
1244 5046 1347 5086 norum
1362 5028 1507 5085 bominem
1531 5027 1582 5102 qui
1602 5025 1758 5085 erundum

118 5119 222 5179 iaculi.
239 5119 278 5179 Ex
293 5120 537 5192 subintelligitur,
567 5122 641 5192 quod
660 5140 750 5195 iisque
773 5123 808 5180 ad
831 5126 916 5179 linem
958 5121 1049 5177 Deum
1062 5124 1172 5177 creatus
1185 5119 1265 5175 estin
1274 5113 1756 5189 justitiaatsauctitateraritatis.i

119 5209 212 5267 soeculi
237 5225 294 5266 noa
320 5215 387 5265 sunt
407 5209 530 5266 defuturi
556 5209 586 5267 in
611 5212 726 5276 mundo,
750 5211 797 5282 qui
823 5211 916 5266 diuina
959 5208 1012 5274 Qui
1022 5215 1052 5265 et
1060 5207 1174 5264 alibioit
1182 5208 1253 5277 (lint.
1268 5224 1310 5274 ui,
1330 5207 1390 5275 ili:
1408 5225 1420 5259 r
1437 5204 1610 5277 Cuicumque
1625 5203 1759 5276 baptizati

119 5298 265 5355 mansione
293 5303 323 5355 et
349 5297 554 5359 inhabitatione
580 5299 637 5355 sint
661 5299 747 5370 digni.
778 5301 835 5356 Nec
863 5300 917 5355 du·
959 5296 1037 5364 estis,
1051 5296 1194 5355 chi-istum
1208 5295 1351 5353 induistis.
1372 5292 1661 5352 imutoeuidcrel
1685 5310 1756 5369 quc·

119 5385 266 5445 bitandum
290 5402 338 5446 eos
360 5393 425 5459 post
444 5388 532 5458 hujus
554 5389 647 5444 saeculi
672 5388 827 5444 certamina
854 5405 917 5444 ma·
958 5383 1360 5452 modochrtstusinduidebel,
1369 5380 1605 5452 dilectantur
1618 5403 1631 5437 ι
1644 5382 1759 5441 loduico

119 5492 185 5533 nare
200 5492 265 5535 cum
280 5475 393 5535 Christo
410 5475 442 5533 in
461 5481 578 5548 regno'
603 5477 652 5550 qui
674 5478 705 5537 ia
727 5477 831 5535 seeum
852 5492 918 5533 cei·
959 5472 1341 5548 ergovocueitelecuuei
1354 5472 1445 5532 inice
1466 5476 1498 5529 et
1519 5470 1627 5539 dilecti,
1649 5471 1759 5531 uiscera

119 5569 213 5629 mutes
226 5564 372 5629 Obiistum
386 5565 416 5623 iu
433 5565 478 5627 sui
496 5566 589 5627 coiea
608 5566 731 5638 mesine
750 5570 918 5627 nmium
959 5562 1167 5631 inisericordie,
1194 5561 1409 5639 benignitatem,
1434 5559 1636 5627 bumilitatem.
1661 5562 1757 5622 mode·
