3772 6120
147 295 191 353 itt
392 302 682 371 ENARRATIONUM,
698 306 737 361 IN
756 306 1049 365 spernemus.
1070 304 1129 359 XX.
1149 333 1179 343 -
1197 303 1235 356 ΙΝ
1254 301 1365 356 EPIST.
1387 301 1435 355 nl)
1455 302 1534 356 cut.
1733 303 1784 358 530

143 430 256 477 meante
271 412 431 495 pandamus
447 447 452 480 :
470 427 493 481 si
507 427 639 497 baptizati
654 430 721 483 estis
737 431 764 484 in
781 431 892 485 Christo
913 428 1107 500 etAquidem,
1120 418 1243 496 positum
1253 423 1346 489 suerit,
1359 425 1537 495 respondere.
1551 426 1687 480 Videntur
1697 427 1784 496 igitur

139 526 200 564 cum
215 511 330 566 Clnisto
342 513 372 567 in
380 514 548 585 baptismate
559 518 724 586 consepulti,
737 518 840 572 mortui
849 525 942 572 autem
984 516 1191 572 observationes
1205 512 1327 567 iudaicae
1341 513 1413 584 apud
1430 514 1576 584 imperitos
1589 520 1617 567 et
1631 514 1713 568 vilem
1723 516 1784 586 ple-

136 598 168 653 ab
178 599 332 655 elementis
342 603 449 665 mundi,
463 619 513 674 pro
526 621 559 658 en
573 605 648 675 quod
658 613 701 659 est
710 608 944 674 elementum,cur
984 605 1109 660 becolam
1130 602 1280 672 imaginem
1306 600 1409 656 habere
1431 602 1548 657 rationis
1568 603 1716 670 humanae;
1737 621 1783 659 sa·

129 704 248 743 mecum
265 707 324 746 non
336 692 450 746 dicitis:
467 694 539 746 Mili
553 699 646 747 autem
659 698 731 750 obsit
746 699 944 763 plerissima
984 695 1094 767 pientes
1107 699 1135 747 et
1151 677 1278 747 doctores
1293 706 1389 745 eorum
1401 693 1487 770 eo'pai,
1501 691 1554 746 boc
1572 696 1616 747 est
1630 692 1782 764 sapientes,

127 780 162 833 in
176 794 264 832 cruce
284 781 399 834 Domini
414 784 468 835 mei
485 784 548 835 lesu
571 784 685 848 Christi,
707 800 756 852 per
776 802 856 853 quein
874 786 945 838 initu
985 788 1128 848 vocantur,
1145 786 1174 835 et
1188 781 1212 834 si
1222 779 1334 851 quando
1344 780 1428 833 certis
1437 779 1536 835 diebus
1544 780 1711 836 traditiones
1719 799 1785 837 suas

124 869 262 921 rnurtdus
278 872 430 937 crucifissus
445 874 481 923 cst
497 876 520 924 et
540 887 586 938 epo
600 874 724 926 >sarracini
739 874 809 943 (del.
826 880 871 937 vr.)
887 874 945 928 Nec
985 877 1136 944 exponunt,
1153 869 1297 940 discipulis
1312 869 1404 923 solent
1411 868 1504 923 dicere
1516 887 1521 922 :
1534 869 1674 940 sapientes
1683 870 1784 926 docent

116 955 255 1010 audistis
270 957 425 1012 Dominum
439 959 580 1013 dicentem
598 980 603 1013 :
622 962 659 1014 lic
676 964 779 1016 rictrude
798 978 854 1016 non
867 967 942 1026 οοοιι,
984 960 1160 1015 traditiones.
1180 959 1233 1014 Pro
1254 957 1463 1029 superstitione,
1479 958 1509 1012 in
1533 958 1628 1014 Graeco
1649 962 1784 1038 ἐθελοθρη-

114 1047 201 1101 sr'cul
218 1051 306 1113 cthe
323 1064 379 1101 non
394 1065 456 1101 suin
475 1050 507 1102 dc
522 1050 628 1102 mundo
644 1051 734 1111 (lauri.
759 1053 837 1119 xrrr),
859 1052 943 1105 sede
984 1051 1060 1111 aazia
1083 1049 1173 1121 posita
1197 1053 1248 1114 est,
1273 1047 1344 1101 salsa
1367 1046 1473 1118 religio,
1500 1053 1529 1101 et
1551 1064 1602 1118 pro
1623 1048 1783 1104 humilitate

110 1136 282 1191 contrario
297 1136 377 1206 quasi
393 1137 515 1190 viventes
526 1137 556 1190 in
567 1138 671 1192 mundo
682 1139 840 1205 decernitis,
852 1141 943 1194 Note·
982 1137 1222 1216 ταπεινοφροσύνῃ,
1238 1137 1311 1207 quod
1328 1136 1420 1206 magis
1437 1137 1569 1191 virtutem
1590 1136 1662 1192 solet
1682 1154 1782 1194 sonare

106 1222 258 1291 tigeritis
273 1240 376 1295 corpus
390 1225 511 1279 hominis
527 1226 641 1292 mortui,
658 1244 692 1280 ne
706 1228 904 1282 vestimentum
915 1235 944 1284 et
984 1244 1068 1299 quam
1081 1227 1181 1282 vitium
1198 1244 1203 1278 :
1220 1225 1269 1279 sed
1279 1225 1332 1280 hoc
1345 1225 1385 1279 sic
1400 1225 1624 1296 intelligendum,
1641 1227 1715 1298 quod
1728 1227 1782 1282 bu·

105 1310 292 1369 smbellum
304 1312 335 1366 in
350 1331 405 1384 quo
419 1314 523 1369 sederit
534 1315 942 1389 muliermenstruataznequo
983 1317 1062 1371 milia
1075 1315 1199 1370 sentiant
1217 1319 1300 1384 atque
1320 1320 1441 1368 terrena.
1467 1315 1586 1394 Ἀφειδία
1608 1320 1703 1370 autem
1726 1316 1782 1376 σώ-

101 1401 295 1476 gustaveris
309 1403 421 1456 suillam
436 1419 559 1469 carnem,
576 1404 713 1474 leporum,
725 1410 753 1458 et
763 1406 905 1477 sepiarum
914 1412 943 1461 et
984 1427 1077 1481 ματος,
1089 1405 1170 1474 cujus
1181 1419 1283 1457 nomen
1290 1402 1395 1456 latinus
1404 1419 1497 1458 sermo
1505 1420 1562 1458 non
1570 1405 1699 1477 explicat,
1708 1406 1783 1477 apud

104 1488 294 1558 loliginum,
311 1507 436 1545 murense
451 1498 480 1546 et
498 1493 628 1563 anguilla
644 1500 672 1547 et
687 1495 880 1549 universorum
900 1495 941 1566 pi·
983 1508 1034 1545 nos
1045 1492 1156 1554 dicitur,
1168 1491 1203 1545 nd
1220 1508 1277 1545 non
1295 1491 1466 1563 parcendum
1489 1493 1608 1564 corpori.
1630 1493 1694 1547 Non
1715 1510 1782 1564 par-

105 1577 232 1645 scium,
251 1580 303 1649 qui
324 1597 457 1650 squamas
474 1588 503 1635 et
522 1582 653 1652 pinnulas
672 1600 727 1637 non
748 1583 862 1647 habent,
882 1602 942 1655 quae
982 1585 1049 1634 cant
1062 1580 1151 1634 ludaei
1159 1579 1322 1651 corporibus
1336 1579 1395 1633 suis
1404 1579 1433 1633 in
1443 1581 1635 1652 assumptione
1644 1580 1779 1647 ciborum,

107 1667 228 1727 omnia
244 1668 277 1720 in
290 1669 470 1739 corruptione
489 1675 518 1723 et
536 1671 653 1724 interitu
674 1678 741 1725 sunt
761 1672 822 1742 ipso
842 1690 894 1727 usu
914 1679 943 1727 et
983 1675 1194 1723 contemnentes
1213 1668 1354 1723 interdurn
1370 1685 1431 1739 quae
1447 1668 1560 1735 habent,
1579 1675 1609 1724 et
1627 1676 1783 1741 quaerentes

109 1760 259 1815 stercore
275 1757 461 1827 digeruntur:
474 1759 727 1814 Escucnimccutri
741 1751 1045 1828 etrentcrcsciquuae
1060 1774 1116 1811 non
1129 1757 1243 1823 habent,
1265 1774 1298 1810 ex
1318 1774 1374 1827 qua
1392 1758 1558 1812 necessitate
1578 1764 1607 1813 et
1624 1757 1783 1817 debilitates

114 1844 152 1919 (1
165 1845 233 1899 Gor.
252 1849 280 1911 v)
288 1865 297 1910 ;
313 1850 362 1898 et:
387 1847 472 1902 Ounno
491 1849 563 1916 qarod
582 1852 672 1903 intrat
690 1865 740 1918 prr
760 1866 787 1903 os
802 1866 858 1904 iton
872 1867 942 1904 coiri·
982 1846 1135 1908 interdum,
1151 1852 1179 1900 et
1194 1843 1306 1900 morbos
1319 1847 1498 1912 contrahunt,
1517 1864 1569 1901 nec
1584 1848 1724 1903 honorant
1737 1865 1782 1904 se-

118 1936 263 1993 municut
280 1934 467 2005 [miriquinat]
484 1937 633 2003 bominem,
649 1938 695 1991 sed
710 1941 850 2006 euqrmoc
865 1941 941 1993 iretis
982 1936 1116 2007 metipsos
1131 1952 1195 1989 cum
1210 1934 1305 1988 omnia
1320 1935 1425 1989 munda
1445 1935 1502 1990 sint
1518 1936 1640 2004 mundis,
1656 1938 1781 2009 nihilque

118 2024 351 2083 mantilium.
370 2027 424 2092 vn),
446 2023 599 2078 secundum
620 2033 769 2097 praecepta,
791 2027 892 2098 inquit,
914 2034 942 2081 et
982 2025 1071 2096 possit
1083 2040 1144 2078 esse
1159 2023 1306 2094 pollutum,
1326 2022 1399 2093 quod
1416 2040 1479 2078 cum
1493 2025 1650 2094 gramarum
1672 2027 1781 2082 actione

125 2111 278 2169 doctrinas
290 2112 447 2178 hominum,
459 2113 612 2167 secundum
627 2114 697 2168 illud
711 2116 785 2186 quod
796 2116 883 2169 lsaias
896 2117 938 2170 lo·
980 2113 1134 2184 percipitur
1144 2114 1170 2181 (I
1187 2114 1256 2166 Tim.
1266 2114 1312 2179 ιν),
1326 2112 1466 2166 etidcirco
1481 2129 1500 2166 a
1515 2113 1635 2169 Domino
1650 2114 1689 2169 sit
1703 2131 1780 2170 crea-
1874 2162 1877 2167 .

130 2200 232 2274 quitur
251 2219 257 2252 :
274 2203 395 2270 ruputas
408 2203 453 2255 liic
463 2204 545 2256 lobiis
562 2219 602 2256 ine
616 2204 743 2271 honoret,
755 2208 938 2273 corrueremus
979 2207 1041 2256 tum
1057 2208 1089 2256 ut
1102 2201 1250 2256 saturitate
1269 2206 1298 2254 et
1312 2200 1512 2272 adimpletione
1531 2203 1624 2257 carnis
1642 2202 1782 2259 humanos

138 2295 266 2356 longeest
288 2306 306 2342 a
327 2307 391 2344 ine:
410 2292 520 2358 frustra
539 2294 614 2345 enirn
637 2296 731 2346 colunt
753 2310 795 2346 nic
818 2295 939 2348 docentes
979 2296 1059 2345 artus
1086 2296 1224 2361 vegetent,
1256 2296 1341 2361 atque
1368 2295 1537 2344 sustentent.
1564 2291 1619 2345 Per
1642 2291 1782 2348 elementa

142 2380 278 2434 doctrinas
292 2384 317 2432 et
328 2384 463 2448 precepta
472 2381 619 2434 leomianus
629 2382 694 2452 (Ire.
706 2386 801 2447 xxrnl.
819 2382 898 2437 Unde
911 2388 939 2436 et
979 2387 1075 2434 autern
1098 2378 1206 2445 mundi,
1233 2377 1334 2449 quibus
1357 2377 1484 2444 vivimus,
1507 2379 1565 2433 imo
1585 2378 1688 2451 quibus
1703 2397 1780 2436 mor-

146 2466 273 2523 bominus
300 2467 457 2523 Pharisaeos
484 2468 600 2539 corripit
622 2469 718 2523 dicens
740 2472 843 2538 (elaten.
863 2469 935 2534 xil:
979 2469 1021 2522 tui
1042 2484 1139 2522 sumus
1159 2467 1202 2521 lex
1225 2468 1314 2538 Moysi
1343 2473 1372 2521 et
1398 2483 1481 2521 omne
1507 2474 1588 2523 vetus
1611 2468 1782 2525 instrumen-

152 2555 257 2609 lrrilurn
271 2557 375 2623 [coistis
386 2558 553 2611 serenitatum
567 2559 616 2612 Dei
625 2563 657 2610 ut
667 2560 830 2613 traditiones
836 2565 937 2614 uestras
977 2561 1040 2611 tum
1054 2556 1268 2626 intelligendum
1292 2560 1345 2620 est,
1368 2555 1471 2627 quibus
1488 2555 1568 2627 quasi
1592 2558 1738 2614 elementis
1753 2564 1782 2615 et

155 2648 301 2698 statuentis.
315 2646 386 2698 deus
396 2649 471 2699 enim
484 2648 556 2700 elisit
572 2666 580 2699 .·
596 2649 707 2701 llonora
720 2653 828 2715 putrem
842 2653 866 2702 et
882 2666 939 2702 ma·
979 2645 1123 2716 religionis
1147 2645 1267 2699 exordiis
1286 2644 1438 2700 Dominum
1457 2644 1611 2700 discimus:
1629 2663 1683 2717 quo
1697 2649 1781 2703 mode

159 2736 218 2795 tren,
227 2736 494 2802 etquimalcdircrit
505 2738 590 2788 iiiotri
599 2740 622 2787 et
632 2738 720 2803 putri,
735 2740 821 2789 risorie
837 2741 939 2791 moria·
979 2740 1008 2788 et
1022 2735 1162 2788 elementa
1175 2734 1356 2805 appellantur
1369 2734 1480 2800 litterae,
1496 2751 1547 2805 per
1567 2751 1637 2806 quas
1658 2735 1780 2808 syllabas

164 2825 204 2873 lar.
218 2823 366 2876 l'oscutcm
381 2824 496 2876 dicitis:
517 2825 679 2891 Quicunque
693 2825 796 2878 dicerit
805 2828 884 2893 petri
899 2829 939 2880 uel
980 2839 1012 2876 ac
1035 2822 1119 2877 rerba
1140 2823 1347 2893 conjungimus,
1369 2829 1399 2879 et
1417 2822 1454 2877 ad
1472 2823 1620 2878 texendam
1640 2826 1779 2882 rationem

163 2913 237 2978 miri,
252 2912 358 2964 bernus
372 2912 550 2979 quodcunque
565 2918 602 2966 cst
616 2929 649 2965 cr
668 2929 719 2977 me,
740 2915 790 2966 tibi
802 2916 936 2982 proderit,
978 2911 1063 2981 longa
1079 2911 1261 2966 meditatione
1275 2912 1468 2981 praecedimus.
1484 2913 1538 2967 Ars
1548 2929 1659 2984 quoque
1673 2915 1780 2971 musica

161 3002 178 3049 il
188 3000 434 3067 nonlionorislcerit
443 3006 553 3068 petrem
563 3017 647 3055 suurn
657 3007 707 3055 aid
719 3007 846 3065 snutrein,
858 3008 887 3057 et
897 3019 938 3056 re·
979 2999 1065 3054 habet
1078 3001 1218 3054 elementa
1232 3017 1284 3054 sua
1297 3006 1327 3053 et
1339 3000 1511 3070 geometrica
1524 2999 1560 3054 ab
1575 3002 1722 3058 elementis
1734 3003 1778 3058 in-

162 3084 224 3156 iqua,
243 3087 345 3158 quibus
364 3087 458 3154 infert,
475 3095 500 3143 et
515 3093 633 3143 irritum
653 3092 754 3157 fecistis
771 3093 936 3147 riiandatum
947 3071 968 3130 0
978 3089 1047 3159 cipit
1060 3088 1207 3155 linearum,
1224 3094 1253 3143 et
1265 3088 1411 3143 dialectica
1421 3095 1507 3160 atque
1519 3089 1659 3145 medicina
1674 3089 1780 3148 habent

162 3173 195 3227 liei
199 3181 302 3246 propter
313 3178 494 3231 traditionem
501 3184 629 3231 uestrum.
642 3179 759 3242 Quantae
773 3180 938 3235 traditiones
978 3183 1008 3232 et
1022 3178 1145 3232 rationes
1159 3194 1240 3244 suas;
1263 3177 1303 3231 sie
1318 3177 1464 3231 elementis
1481 3178 1592 3233 Veteris
1604 3180 1778 3237 Testamenti

162 3261 340 3319 Pharisaeorum
354 3266 420 3331 sint,
438 3283 507 3336 quas
524 3267 607 3321 hodie
617 3268 778 3344 δευτεροοεις
789 3275 896 3334 vocant,
910 3276 938 3324 et
977 3271 1011 3322 ut
1022 3268 1058 3321 nd
1072 3267 1265 3337 Evangelicam
1275 3265 1480 3338 plenitudinem
1492 3267 1608 3323 veniant
1622 3269 1711 3325 sancti
1725 3271 1777 3325 riri

162 3365 223 3420 quam
237 3354 324 3407 aniles
339 3353 450 3415 fabulae,
466 3356 607 3409 revolvere
622 3372 739 3426 nequeo,
757 3358 937 3427 nequeenim
979 3355 1107 3410 eruditur
1118 3355 1246 3409 infantia.
1269 3355 1348 3416 Unde
1367 3362 1396 3409 et
1415 3356 1585 3412 centesimus
1599 3363 1712 3414 octavus
1727 3359 1777 3414 de-

162 3437 206 3493 libri
214 3442 498 3513 patiturmagnitudo,
510 3450 538 3497 et
548 3444 682 3516 pleraque
691 3450 748 3498 tam
756 3446 851 3516 turpia
860 3452 935 3512 sunt,
978 3445 1068 3499 cimus
1078 3445 1203 3516 psalmus
1212 3449 1240 3498 et
1249 3461 1347 3498 omnes
1356 3445 1404 3498 alii
1415 3445 1463 3516 qui
1472 3445 1575 3500 litteris
1585 3453 1778 3517 praenounmr

161 3530 334 3586 utembescam
344 3532 446 3597 dicero,
458 3532 550 3586 dicam
561 3539 747 3587 tamenunam
754 3534 938 3604 ignominiam
978 3551 1029 3605 per
1044 3534 1166 3587 ethicam
1176 3550 1228 3587 nos
1243 3533 1350 3588 ducunt
1363 3533 1398 3587 ad
1409 3533 1612 3604 theologicam,
1627 3542 1656 3590 et
1668 3535 1704 3589 ab
1718 3537 1776 3590 ele-

159 3615 235 3675 tutis
247 3621 388 3675 inimica:
408 3622 577 3692 praepositos
599 3622 703 3676 babent
723 3639 872 3694 synagoga
891 3641 937 3678 sa·
978 3623 1080 3677 mentis
1094 3622 1195 3676 litterae
1210 3638 1272 3692 quae
1293 3622 1449 3676 destruitur
1468 3623 1589 3677 transire
1612 3622 1718 3679 iaciunt
1739 3626 1775 3680 ad

159 3705 323 3775 pientissimus
339 3726 464 3781 quosque
479 3710 552 3764 ioedo
568 3711 645 3782 operi
661 3711 813 3782 delegatos,
830 3717 861 3766 ut
875 3730 937 3767 san·
978 3710 1114 3781 Spiritum
1128 3709 1323 3763 vivificantem.
1340 3709 1393 3773 Qui
1409 3726 1476 3780 ergo
1490 3711 1596 3765 mundo
1611 3717 1641 3765 et
1651 3711 1775 3768 elemen-

157 3795 249 3862 guinem
268 3798 385 3869 virginis
401 3799 457 3852 sire
477 3805 657 3854 menstruatae
673 3801 809 3854 mundum
824 3802 866 3855 rel
882 3801 935 3856 im·
975 3798 1013 3853 tis
1028 3799 1089 3868 ejus
1104 3798 1207 3853 mortui
1222 3813 1319 3852 sumus
1341 3814 1397 3852 non
1418 3796 1552 3852 debemus
1573 3815 1607 3853 ea
1627 3799 1775 3857 obseruare

157 3886 280 3949 nundum,
299 3888 323 3941 si
338 3887 425 3942 oculis
442 3888 601 3943 discernere
617 3906 672 3943 non
684 3890 836 3959 potuerint,
849 3897 933 3961 gustu
974 3886 1145 3960 quaemundi
1159 3891 1226 3940 sunt
1238 3885 1303 3957 quia
1323 3886 1354 3940 in
1374 3887 1463 3941 altero
1484 3886 1608 3956 initium,
1633 3888 1664 3943 in
1685 3889 1775 3946 altero

157 3972 261 4041 prebent.
277 3977 475 4048 Praetereaque
487 3979 598 4048 jussum
618 3984 662 4032 est
678 3985 710 4032 ut
729 3979 775 4033 die
797 3978 933 4034 Sabbata·
974 3975 1107 4048 perfectio
1121 3981 1172 4030 est.

157 4075 205 4115 mm
217 4065 310 4119 sedeat
325 4066 518 4136 unusquisque
532 4066 562 4121 in
577 4067 659 4121 domo
673 4084 725 4121 sua
738 4073 767 4121 et
779 4085 837 4122 non
853 4086 932 4139 egre-
1284 4101 1401 4156 CAPUT
1414 4101 1465 4156 HL

156 4146 238 4218 diatur,
262 4171 314 4208 nec
343 4155 468 4209 ambulet
489 4155 523 4209 de
553 4156 612 4210 loco
640 4156 669 4209 in
685 4173 739 4226 quo
761 4156 884 4225 habitat;
909 4159 932 4213 si
1163 4201 1165 4205 ¹

156 4242 247 4307 quando
260 4260 310 4298 ρος
328 4245 410 4313 jum,
433 4243 555 4298 litteram
573 4234 741 4316 coeper'imus
761 4253 879 4311 arctare,
904 4253 935 4300 ut
976 4228 1774 4298 Insorrnatrlpostolusdcrisoribusqeueralitcrdcpornndn

156 4333 321 4400 nommant,
338 4350 394 4386 non
408 4333 561 4399 ambulent,
579 4349 635 4387 non
655 4341 739 4399 stent,
760 4336 808 4389 sed
823 4342 934 4390 tantum
1010 4300 1772 4403 uitio,etacquirendom'rtutes,specialiterudpnrcntes,

156 4417 272 4475 redeam:
293 4422 385 4475 solent
404 4422 572 4492 respondere
591 4429 620 4476 et
638 4423 740 4486 dicere,
765 4404 965 4479 BarachibasD
1011 4373 1091 4436 Μ’
1108 4374 1265 4438 comum
1284 4374 1308 4422 et
1321 4384 1418 4422 mm

157 4507 290 4563 &Simeon
306 4516 336 4563 ct
348 4510 442 4564 Helles
455 4510 582 4580 magistri
597 4512 686 4565 nostri
699 4512 877 4567 tradiderunt
885 4530 934 4567 no-
1010 4513 1102 4579 Igitur
1116 4515 1141 4565 si
1155 4513 1366 4565 cemurrcaistis
1380 4526 1443 4562 cunt
1459 4509 1575 4576 Christo,
1588 4527 1648 4579 qua
1659 4528 1773 4567 sursum

156 4588 194 4659 bis,
207 4598 299 4653 utduo
317 4599 407 4652 millia
423 4599 507 4669 pedes
522 4600 698 4655 ambulemus
717 4601 745 4654 in
761 4601 892 4665 sabbate,
906 4608 933 4657 et
973 4605 1038 4653 sunt
1054 4603 1175 4669 quarite,
1193 4601 1242 4653 ubi
1256 4600 1380 4653 Christus
1395 4602 1433 4650 cst
1447 4600 1479 4651 in
1495 4598 1606 4653 deutera
1618 4601 1667 4654 liei
1680 4603 1773 4657 sedens

155 4688 236 4739 atera
248 4687 416 4752 istiusmodi,
434 4688 576 4743 doctrinas
593 4690 739 4744 hominum
755 4691 932 4761 preferentes
975 4687 1093 4756 (Ambr.)
1110 4689 1169 4741 Ηοο
1188 4694 1239 4754 est,
1264 4684 1430 4740 miserabilis
1449 4692 1493 4739 est
1511 4686 1541 4740 in
1564 4689 1773 4760 comparatione

154 4766 266 4829 diutins
292 4775 354 4841 Dei,
379 4792 435 4829 non
455 4778 529 4847 quod
551 4777 676 4832 dicamus
697 4779 849 4842 sedendum
872 4796 932 4833 esse
973 4782 1063 4830 restra
1079 4776 1127 4829 illa
1142 4792 1202 4847 quae
1223 4791 1290 4845 erga
1306 4774 1375 4828 istos
1400 4778 1443 4827 est
1462 4774 1629 4845 sollicitudo,
1648 4779 1697 4850 qui
1711 4780 1772 4849 jam

153 4872 245 4934 temper
266 4864 297 4918 in
320 4863 452 4932 Sabbato,
473 4874 501 4920 et
521 4867 555 4921 de
574 4866 634 4921 loco
653 4868 683 4921 in
703 4884 758 4938 quo
773 4869 835 4939 quis
849 4868 933 4922 luerit
974 4864 1085 4919 Christo
1118 4864 1272 4919 secundum
1305 4862 1518 4934 premissionem
1549 4867 1771 4935 consurrexistis,

152 4958 284 5023 occupatus
299 4953 411 5024 penitus
425 4971 481 5007 non
502 4956 689 5010 recedendum
706 4975 711 5009 :
730 4957 778 5010 scd
797 4957 932 5028 quidquid
974 4969 1043 5023 quos
1052 4953 1190 5019 convenit,
1202 4952 1317 5024 expletis
1328 4952 1372 5005 his
1381 4952 1512 5008 omnibus
1521 4954 1655 5010 sollicites
1667 4972 1728 5011 esse
1738 4956 1773 5010 de

152 5034 306 5111 impossibile
321 5043 392 5113 legis
407 5050 459 5105 est,
472 5044 501 5098 in
513 5061 567 5115 quo
578 5045 740 5099 infirmatur
749 5063 929 5116 percamem,
973 5040 1141 5108 caelestibus,
1157 5048 1185 5095 et
1199 5041 1276 5095 illam
1287 5057 1348 5112 quae
1363 5041 1392 5094 in
1410 5042 1486 5096 coelis
1507 5048 1550 5097 est
1569 5059 1772 5099 commemora-

151 5128 253 5197 spinuli
272 5131 468 5186 observatione
485 5134 681 5205 complendum
703 5135 748 5188 sit.
775 5136 908 5205 Sequitur
925 5154 930 5187 :
973 5131 1080 5185 tionem
1093 5131 1209 5196 imitari,
1226 5129 1273 5185 ubi
1285 5130 1413 5185 Christus
1427 5131 1580 5186 indextera
1589 5132 1640 5186 Dei
1648 5132 1772 5205 residere

150 5227 272 5285 pssunt
286 5223 425 5274 rationem
439 5224 548 5291 quidem
568 5225 698 5277 interitio
715 5227 864 5293 supientia,
881 5225 933 5277 lroc
974 5220 1107 5291 dignatus
1121 5224 1173 5286 est,
1191 5219 1304 5276 habitus
1318 5225 1351 5276 ut
1365 5220 1456 5275 dicam
1475 5236 1608 5291 magnum
1628 5226 1774 5279 manns

149 5303 207 5371 leco,
222 5309 345 5380 (pridem,
365 5311 525 5381 conjunctio
545 5313 690 5382 superllua
710 5318 760 5377 est,
784 5313 858 5384 quod
873 5314 933 5384 ple·
974 5315 1018 5363 est
1028 5309 1173 5363 honorem.
1195 5312 1286 5381 (lup.)
1303 5309 1435 5365 Nondum
1455 5309 1552 5379 utique
1569 5310 1773 5368 resurreximus

147 5393 230 5467 n'sque
244 5397 273 5451 in
284 5398 353 5451 locis
362 5405 477 5470 propter
487 5400 656 5470 imperitiam
666 5401 933 5470 artisgrammaticae
974 5397 1047 5452 sicut
1074 5397 1211 5464 Christus,
1237 5399 1286 5453 sed
1310 5403 1405 5453 tamen
1426 5397 1580 5453 secundum
1598 5412 1686 5471 spem,
1710 5418 1771 5473 quae

146 5484 301 5556 tumtum
317 5487 413 5541 troisse
429 5489 593 5559 reperimus,
609 5505 700 5560 neque
711 5491 784 5543 enim
795 5490 931 5560 sequitur,
974 5487 1004 5542 in
1016 5484 1097 5540 nobis
1111 5503 1179 5558 erga
1193 5488 1273 5542 illum
1288 5487 1387 5543 sivein
1401 5487 1494 5558 ipsum
1509 5493 1553 5542 est
1564 5489 1624 5558 jam
1641 5506 1692 5543 nos
1707 5505 1770 5544 cum

144 5574 190 5637 nl,
204 5574 261 5630 alia
271 5577 433 5647 conjunctio
454 5595 515 5649 quse
530 5578 601 5632 solet
619 5579 644 5631 ei
660 5579 858 5649 praepositiom,
874 5579 931 5646 ubi,
974 5576 1022 5633 illo
1041 5577 1226 5631 resurrexisse
1248 5583 1368 5633 testatus
1393 5582 1445 5631 est.
1471 5577 1550 5633 Unde
1572 5576 1657 5633 etiarn
1679 5576 1769 5631 dicit:
