3772 6120
129 303 202 361 l585
518 307 691 362 GARMINA.
715 336 748 351 -
768 307 893 362 suerio
913 308 935 363 1.
959 303 1131 361 multata
1149 303 1196 358 DE
1215 302 1390 361 uivsssis.
1700 305 1771 363 lost

273 429 322 491 ΠΙ,
337 447 499 493 ..oiim-10
521 448 617 493 ggqm
641 451 680 493 gp
702 450 799 495 nonu,
940 430 1052 499 Abbius
1067 433 1178 487 natura,
1196 429 1323 498 personis
1336 429 1426 484 trinus
1442 429 1551 500 etipse,

127 521 316 591 Omnipotens
326 521 447 589 genitor,
460 523 507 590 qui
518 538 611 575 rerum
625 540 654 575 es
669 540 807 576 maximus
819 525 926 585 auctor,
1004 518 1152 573 uitiatoris
1167 525 1277 579 cuncta,
1293 517 1350 570 vibi
1364 517 1446 572 beata
1460 519 1544 574 Deus.

164 611 238 666 Nate
253 611 412 684 coequalis,
428 610 548 684 Spiritus
563 619 648 686 atquo
663 613 721 668 liei.
969 609 1087 680 Respice
1102 624 1146 664 uie
1157 607 1303 674 miserum,
1315 606 1393 667 ilenti
1404 612 1433 663 ct
1444 607 1593 665 miseratus
1606 610 1714 677 adesto,

626 740 781 795 SGHOLIA
801 735 1071 794 CHRISTOPHORI
1091 735 1271 791 BROWERI.

1508 802 1513 823 Ι

124 845 205 897 noris
212 842 362 898 Latialium
372 839 469 912 cygnis
485 841 602 895 moleste
617 841 702 895 etiam
713 839 865 911 obstrepat.
876 837 930 892 Sed
972 852 1043 900 rere,
1060 836 1243 905 celeriterque
1265 848 1363 888 sensus
1375 832 1491 889 intimos
1510 837 1666 906 percutere,
1683 838 1711 888 et
1734 833 1770 888 ad

124 917 292 969 memineris
309 913 389 967 velini
405 912 434 965 id
450 910 583 995 temporis
596 910 695 993 uicisse
712 909 860 964 Rabanum
875 926 930 979 quo
972 908 1104 976 pietatem
1116 921 1279 977 permovere
1294 906 1412 977 possint.
1428 906 1522 972 Quare
1536 905 1712 962 deomnibus
1725 910 1770 962 te*

124 1003 192 1040 cnm
211 1003 302 1056 neque
314 988 461 1039 teneretur
472 982 572 1053 quibus
586 980 694 1052 legibus
709 986 774 1051 apto
797 984 931 1034 sonarent
972 994 1049 1032 mere
1063 994 1191 1049 usurpes.

124 1064 229 1139 metra,
246 1073 337 1127 neque
352 1061 499 1110 curaretur
513 1053 613 1135 quibus
628 1053 719 1134 verbis
727 1052 929 1121 sententiisque
1140 1082 1218 1147 Tm„
1230 1088 1266 1132 „t
1280 1083 1394 1133 dimon„
1404 1085 1488 1134 pube„
1499 1097 1575 1147 ¹⁰8⁸ss

124 1136 309 1191 vestirentur,
322 1127 433 1182 abunde
446 1126 585 1179 creditum
595 1131 777 1179 estservitum
787 1129 851 1187 arti,
861 1124 928 1178 dum
1142 1146 1172 1195 gi
1185 1146 1275 1197 ,gurim
1290 1147 1357 1198 pb„
1368 1152 1404 1197 ,η
1417 1148 1571 1212 inoptam·

248 1219 255 1237 ι
489 1214 543 1250 3¹3
593 1216 598 1250 :
671 1215 676 1223 ·
752 1212 864 1247 ineo
1373 1238 1379 1248 .
1497 1239 1502 1249 .
1545 1238 1551 1250 .

122 1197 928 1343 atinias,tituile..liemarum
970 1235 1200 1361 qqqqq
1220 1235 1770 1364 qqus.1n,0,oei0anus.·it-

124 1359 195 1397 caus
210 1343 275 1397 vitae
290 1341 439 1412 integritas
455 1346 483 1394 et
498 1356 608 1393 morum
625 1338 794 1393 innocentia.
889 1369 892 1373 ,
969 1323 992 1387 Β.
1039 1347 1045 1370 ’
1109 1323 1226 1407 Fine
1262 1324 1388 1379 mmm
1416 1327 1520 1413 .⁰¹}g⁰¹¹
1535 1326 1770 1435 ¹9⁰¹⁵⁸¹¹¹³¹¹¹iiub

970 1384 1008 1430 rit
1023 1378 1151 1432 Serenus
1162 1420 1168 1430 .
1181 1395 1277 1432 verum
1288 1378 1424 1450 explorati
1443 1397 1487 1434 iix
1502 1381 1655 1457 quidquam
1670 1380 1705 1435 ab
1731 1376 1769 1436 llo

302 1446 494 1492 SCHOUORUM
517 1446 621 1489 noachi
644 1444 744 1489 uario.
970 1448 1101 1503 constitui
1112 1449 1212 1520 potuit.
1222 1447 1264 1502 Ad
1275 1449 1441 1519 Gregorium
1447 1451 1579 1514 scribens,
1593 1452 1685 1523 prisco
1697 1457 1769 1508 tem-

161 1520 249 1574 Aucta
258 1521 323 1573 hinc
333 1518 413 1573 nobis
431 1518 475 1570 uia
489 1516 591 1588 saepius
615 1517 811 1579 incedendum,
820 1518 929 1589 quodin
971 1536 1037 1590 pore
1047 1521 1106 1573 haec
1117 1521 1152 1573 ab
1164 1536 1195 1574 se
1206 1521 1322 1574 lusitata
1332 1527 1463 1576 testatur.
1478 1523 1557 1577 Sedit
1565 1523 1717 1594 Gregorius
1727 1536 1769 1579 se·

122 1591 253 1645 tenebris
268 1591 343 1644 illius
358 1589 537 1644 aetatisfacile
552 1597 715 1659 prospectus
735 1591 885 1654 adimatur,
901 1595 930 1643 et
970 1591 1060 1647 decim
1084 1591 1174 1654 annis,
1205 1597 1234 1646 et
1260 1594 1438 1663 pervenitad
1463 1594 1568 1650 Christi
1583 1593 1767 1653 insumatis.

121 1661 275 1716 hominum
289 1679 442 1731 rerumque
456 1662 601 1726 inemoria,
619 1661 720 1731 quibus
729 1662 804 1715 tituli
818 1678 929 1733 poema·
969 1663 1152 1717 'l'iitthcmius
1162 1663 1190 1718 iu
1201 1663 1394 1734 Hirsaugiensi
1406 1665 1536 1719 chronico
1547 1671 1576 1719 et
1590 1663 1637 1719 olii
1648 1682 1713 1719 eum
1723 1683 1768 1721 se·

122 1738 188 1787 tum
200 1735 336 1795 serviunt,
354 1739 404 1788 aut
415 1732 563 1787 obscurata
574 1732 611 1786 sit
626 1738 675 1786 aut
690 1738 764 1788 certe
776 1733 927 1787 veliemen-
968 1735 1036 1795 cuti,
1048 1733 1195 1787 Rabanum
1211 1734 1327 1787 cessisse
1335 1733 1482 1791 Fuldensis
1495 1734 1769 1806 monasteriiguber-

121 1805 328 1876 teriinplicata.
339 1806 478 1858 Ceterum
488 1803 632 1857 recondita
642 1819 697 1857 non
708 1804 746 1858 ita
763 1810 829 1858 sunt
839 1809 926 1874 poeta
968 1805 1080 1858 natione
1093 1806 1210 1859 tradunt
1224 1822 1298 1859 anno
1313 1804 1374 1861 sia.
1389 1805 1444 1860 Alii
1466 1822 1576 1878 quoque
1590 1807 1766 1874 vetustiores,

121 1878 216 1930 nostri
236 1893 330 1937 sensu,
344 1877 410 1946 quin
427 1875 487 1928 sine
501 1875 581 1928 nobis
595 1875 714 1945 perspici
730 1881 758 1929 et
772 1893 788 1929 a
804 1875 927 1946 quolibet
967 1876 995 1929 in
1012 1876 1112 1946 quibus
1128 1876 1303 1942 lambertus,
1323 1877 1462 1931 immitius
1484 1884 1578 1933 actum
1593 1895 1657 1933 cum
1676 1878 1725 1935 ilio
1741 1890 1770 1933 et

122 1947 245 2018 intelligi
261 1955 375 2018 queant.
396 1948 494 2016 ltaque
505 1946 628 2016 pressius
642 1951 671 2000 et
685 1947 797 2016 parcius
810 1947 924 2008 scholia,
968 1948 1115 2018 expulsum
1130 1948 1330 2010 meminerunt,
1342 1948 1440 2002 eodem
1455 1964 1538 2003 anno.
1552 1949 1622 2007 Inde
1634 1949 1665 2009 iu
1679 1950 1771 2007 Ludo-

122 2035 205 2072 more
214 2027 341 2077 veterum
351 2018 491 2084 dabimus,
505 2035 569 2072 cuin
580 2019 641 2086 jam
655 2017 735 2073 nobis
755 2019 830 2073 haud
845 2018 1019 2099 liceatssvici
1035 2019 1193 2075 Gernianiae
1211 2019 1293 2100 regis,
1310 2025 1360 2075 aut
1383 2019 1515 2074 Ludovici
1531 2020 1575 2074 Pii
1589 2010 1775 2092 imperatoris

122 2106 187 2143 esse
206 2098 264 2144 tam
279 2092 401 2155 disertis,
420 2090 467 2161 qui
481 2107 576 2143 inrisas
591 2089 709 2143 colimus
726 2090 889 2144 severiores.
967 2091 1089 2159 gratiam
1105 2096 1133 2144 et
1145 2089 1333 2161 patrocinium
1349 2089 1516 2160 confugisse,
1534 2088 1561 2144 id
1586 2091 1660 2162 quod
1680 2088 1710 2144 ln
1725 2105 1768 2145 ec·

160 2163 204 2215 Ad
218 2164 373 2216 Poscholcni
392 2178 503 2230 papam..
514 2160 666 2226 Paschalis,
678 2159 746 2213 clari
761 2159 883 2214 nominis
899 2167 927 2214 et
968 2160 1186 2215 clesiasticorum
1198 2159 1580 2231 Scriptorumindiceclarins
1590 2161 1768 2232 exprimitur.

122 2248 139 2287 e
178 2234 256 2301 egius
269 2232 462 2287 munificentia
471 2231 603 2302 pontifex,
617 2248 646 2285 se
667 2231 795 2285 tenuium
807 2231 841 2284 ab
852 2247 926 2284 anno
967 2233 1002 2286 At
1018 2232 1172 2286 Ludovicus
1188 2233 1342 2303 imperator
1352 2233 1410 2287 vita
1424 2233 1542 2287 excessit
1565 2248 1640 2287 anno
1653 2231 1707 2289 840
1719 2247 1726 2298 ς
1740 2239 1769 2288 et

120 2302 141 2358 8
163 2310 178 2358 7
195 2304 277 2368 sedit,
287 2311 315 2359 et
323 2303 637 2365 LothariumLudorici
679 2303 697 2356 ii
715 2303 814 2365 silium,
832 2303 925 2356 diade·
968 2320 1000 2356 ex
1022 2304 1093 2374 Lupi
1114 2303 1300 2360 Fenaneiisis
1319 2304 1444 2374 epistolis
1460 2304 1556 2359 docuit
1576 2304 1669 2359 Cacsar
1684 2303 1769 2365 Baro·

122 2380 201 2428 mate
216 2376 335 2431 ornant.
352 2377 461 2431 Mature
482 2375 568 2444 igitur
586 2374 718 2429 Rabauus
737 2375 862 2431 carmina
878 2375 925 2429 lu·
966 2375 1030 2427 nius
1045 2374 1192 2429 ltabauum
1206 2372 1348 2433 ultro,otii
1362 2381 1390 2431 et
1403 2375 1505 2447 quietis
1520 2374 1623 2440 studio,
1629 2373 1767 2446 guberna·

123 2447 195 2499 dere
209 2464 333 2511 exorsus,
346 2448 443 2518 primae
458 2463 515 2503 suae
529 2446 638 2517 pagiua
653 2445 790 2501 vindicem
806 2444 925 2500 Pascha·
966 2446 1035 2498 culis
1048 2443 1209 2508 excessisse,
1223 2463 1297 2499 anno
1312 2442 1367 2500 838
1380 2465 1385 2511 ς
1400 2446 1447 2517 qui
1469 2463 1504 2517 pe
1524 2444 1633 2519 Lupum
1648 2443 1768 2516 epistola

122 2517 181 2570 lem
192 2518 353 2591 assumpsit.
966 2514 1134 2571 suscribere
1162 2514 1300 2570 sarcinam
1328 2463 1579 2571 adminisrrationis
1593 2516 1765 2587 deposuisse,

160 2590 202 2642 io
218 2591 390 2653 drogonum,
407 2595 458 2642 etc.
475 2588 526 2642 Hic
546 2589 698 2656 Gregorius
721 2589 760 2642 lV
774 2592 825 2651 est,
842 2592 923 2658 cujus
965 2604 1020 2656 quo
1034 2587 1117 2640 rebus
1130 2588 1232 2641 divinis
1245 2588 1401 2658 impensius
1414 2593 1533 2642 uacaret.
1550 2587 1766 2644 Obserravimus

119 2661 298 2730 pontificatui
312 2660 501 2714 initiumdant
514 2661 548 2713 ad
559 2676 665 2713 annum
681 2657 857 2715 Christii'l'ti.
871 2662 923 2716 Ba·
964 2660 1033 2712 alias
1047 2659 1194 2714 Rabauum
1205 2660 1386 2716 LudoviciPii
1394 2660 1503 2715 arcanis
1517 2676 1633 2729 operam
1640 2658 1761 2725 dedisse,

120 2733 235 2785 ronium
251 2733 325 2787 haud
341 2732 432 2802 piguit
445 2732 580 2801 Gregorio
605 2732 719 2787 laudem
741 2738 868 2787 astruere
890 2750 921 2788 er
963 2730 1019 2783 sive
1035 2731 1062 2784 id
1075 2730 1179 2787 factum
1192 2731 1322 2791 consiliis,
1340 2731 1396 2785 sive
1422 2728 1597 2785 conscientie
1610 2724 1765 2784 tractandis

120 2803 176 2855 lior
192 2810 329 2872 poemate,
362 2803 415 2856 nod
432 2803 614 2857 acrostichide
630 2802 664 2857 dc
680 2803 707 2857 S.
725 2803 814 2855 crucis
828 2804 920 2859 laudi·
963 2801 1071 2855 (illiciis.
1085 2803 1183 2856 Annus
1199 2819 1253 2874 quo
1271 2800 1418 2868 abdicauit,
1433 2800 1611 2872 pontificatus
1635 2800 1765 2870 Gregorii

121 2822 502 2939 buslhibammtichonium
519 2873 789 2943 cumquepraeconio
805 2892 855 2929 suo
870 2892 920 2929 ceu
962 2871 1015 2926 fuit
1046 2871 1221 2939 undecimus,
1254 2872 1385 2927 Ludovici
1414 2873 1593 2943 imperatoris
1615 2868 1767 2927 vicesimus

119 2944 235 3013 fulgens
246 2952 373 3000 exortum
384 2944 541 2999 Germania
552 2945 628 2998 sidus
643 2945 779 2998 attollere.
797 2944 872 2999 Libri
886 2947 921 2999 il·
963 2943 1529 3067 guintusguocircitertemporeopushoc
1537 2943 1762 3009 acrosticlucuui,

120 3015 179 3070 lius
195 3018 329 3085 Gregorio
363 3024 473 3071 aratum
484 3016 597 3087 quidem
615 3033 726 3079 munus,
738 3022 767 3070 at
781 3033 837 3071 non
848 3016 921 3072 obla·
983 3032 1030 3067 uni
1045 3015 1074 3069 in
1087 3015 1191 3071 Urbem
1200 3016 1458 3086 uenisseputamus.
1471 3015 1526 3070 Sed
1537 3014 1764 3085 quodiamretro

122 3093 186 3141 tum
202 3105 252 3168 per
262 3035 504 3159 impedimentum,
514 3088 707 3157 pronuntiant.
728 3089 795 3157 Ego,
805 3095 838 3144 ut
852 3089 922 3146 titu·
963 3087 1075 3141 anniso
1097 3105 1129 3140 us
1141 3088 1175 3140 de
1191 3088 1219 3145 S.
1235 3104 1316 3142 cruce
1336 3085 1485 3151 inchoarit,
1502 3085 1577 3142 haud
1602 3101 1680 3157 aeque
1696 3080 1765 3141 faci-

122 3158 170 3212 lus
180 3159 226 3240 '¹¹9
233 3161 321 3240 praeit,
335 3167 362 3216 et
373 3160 491 3215 missum
506 3166 534 3214 et
549 3159 578 3214 in
590 3160 723 3230 Gregorio
731 3161 922 3231 apostolorum
963 3159 1019 3210 leni
1038 3105 1122 3213 haiti
1142 3157 1382 3227 dijudicationem.
1399 3156 1541 3212 Ponamus
1562 3154 1670 3228 viginti,
1683 3160 1717 3211 ut
1730 3157 1767 3211 ad

121 3230 243 3300 principi
267 3231 401 3296 oblatum,
415 3229 494 3284 facile
521 3231 626 3284 credo:
648 3231 714 3302 quid
740 3231 813 3285 enim
831 3231 923 3286 obstet
963 3230 1014 3282 Sli
1029 3230 1185 3293 veniamus,
1203 3246 1257 3300 quo
1270 3231 1330 3300 jain
1356 3229 1530 3284 tricesimum
1554 3228 1765 3284 eminandum
1867 3260 1873 3277 .

122 3302 257 3354 eumdem
268 3302 379 3367 librum,
388 3302 515 3373 pluribus
525 3302 696 3372 descriptum
705 3303 919 3373 exemplaribus,
962 3300 1063 3369 agebat
1077 3317 1135 3371 ipse
1151 3321 1156 3353 :
1174 3317 1240 3354 nam
1261 3318 1308 3355 sex
1323 3301 1489 3371 impleverat
1502 3301 1601 3363 lustra,
1614 3315 1678 3355 cum
1692 3299 1766 3355 litte

122 3378 155 3425 et
179 3373 258 3426 aride
287 3380 354 3427 tunc
373 3374 535 3443 expetitum,
552 3373 687 3441 Gregorio
709 3390 741 3426 ac
768 3358 1034 3428 successorissralcs
1050 3372 1155 3439 liguros
1168 3388 1216 3426 aas
1230 3372 1382 3427 contexuit.
1406 3373 1523 3427 Summa
1547 3372 1552 3382 '
1576 3371 1634 3426 'tur
1652 3369 1705 3425 reli
1725 3386 1765 3425 ua

123 3443 222 3511 Sergio
233 3445 357 3513 pontifici
375 3446 479 3515 pariter
490 3446 604 3498 missum
621 3445 851 3514 inscriptumque.
869 3445 921 3498 Rc·
961 3441 1019 3495 hac
1030 3448 1099 3494 csto.
1112 3442 1229 3497 Crestus
1239 3441 1325 3497 abbas
1339 3440 1480 3506 Rabanus,
1501 3441 1530 3495 in
1584 3388 1761 3523 ‘istulphi‘io-

119 3513 233 3568 fineant
242 3516 336 3585 itaque
352 3517 435 3570 lldem
451 3532 530 3570 suam
547 3516 682 3570 Pithmani
698 3531 748 3568 sen
768 3516 920 3570 Fuldenses
962 3529 1036 3576 cum,
1049 3529 1122 3567 anno
1131 3512 1242 3566 Domini
1253 3510 1314 3577 8‘2‘2,
1327 3511 1417 3565 aetatis
1428 3526 1485 3566 suae
1495 3512 1640 3581 trigesimo
1653 3509 1762 3580 quinto,

119 3586 255 3643 Annales,
273 3604 392 3656 quorum
408 3587 538 3642 Strabuiu
569 3586 696 3641 nonnulli
709 3592 851 3639 auctorem
878 3587 919 3640 fa·
963 3583 1075 3654 praefuit
1090 3581 1186 3652 viginti
1203 3587 1333 3653 quatuor,
1346 3586 1405 3647 aut,
1416 3587 1448 3636 ut
1462 3583 1630 3653 Rudulphus
1644 3581 1674 3634 ln
1687 3576 1766 3634 Actis

120 3656 248 3715 ciuntad
259 3658 421 3714 annumiidi
434 3678 439 3711 :
453 3678 464 3705 c
475 3657 747 3728 lhabanussopbista,
757 3664 785 3710 et
794 3658 837 3710 sui
847 3663 921 3710 tem·
963 3657 1023 3724 eJ'us
1036 3655 1173 3719 meminit,
1181 3654 1279 3723 viginti
1299 3654 1390 3718 annis,
1406 3654 1447 3707 its
1460 3659 1493 3707 ut
1504 3659 1568 3724 post
1581 3664 1722 3708 messum
1736 3651 1765 3705 in

119 3728 198 3798 poi-is
208 3734 291 3797 poeta
305 3731 374 3784 nulli
396 3731 545 3791 secundus,
561 3729 665 3782 librum
688 3745 771 3799 quem
790 3729 825 3782 de
839 3729 921 3784 laude
963 3730 1058 3779 monte
1074 3725 1188 3780 spart
1206 3742 1239 3779 ex
1259 3726 1358 3790 letum,
1373 3724 1537 3779 cathedram
1550 3723 1766 3795 uogundaoea·

120 3806 226 3853 sanctie
248 3801 337 3854 crucis
359 3801 471 3866 Christi,
500 3802 654 3868 tigurarum
669 3800 804 3855 varietate
820 3801 921 3855 distin·
963 3814 1022 3850 sem
1039 3797 1140 3851 adierit
1154 3812 1227 3851 anno
1241 3742 1303 3861 fidi,
1319 3796 1347 3850 iri
1376 3812 1433 3867 qua
1456 3794 1529 3849 sedit
1552 3792 1632 3848 annis
1654 3807 1764 3848 novem.

120 3876 209 3928 ctum,
227 3869 331 3924 difficili
356 3879 384 3925 et
398 3872 526 3924 mirando
540 3876 670 3941 poemate
689 3871 854 3941 composuit,
872 3888 922 3941 per
964 3868 1039 3921 Vixit
1053 3868 1140 3937 igitur
1155 3882 1243 3920 annos
1259 3866 1371 3921 circiter
1385 3865 1531 3936 sexaginta
1544 3872 1612 3919 tres.

118 3942 287 3995 Aserichum
301 3950 329 3997 et
341 3943 560 4005 Theodbcrtum,
584 3943 736 3997 monachos
757 3943 922 3999 inonasterii
1006 3941 1099 3994 Versus
1115 3941 1218 4004 Mauri,
1232 3943 1284 3993 etc.
1300 3939 1429 3992 Errorem
1446 3938 1502 3991 late
1517 3937 1704 4007 pertinentem
1719 3935 1766 3989 ab·

120 4012 281 4075 Fuldensis,
308 4015 405 4084 Sergio
430 4031 508 4095 grapa
533 4019 629 4067 sancto
648 4013 731 4067 Petro
748 4012 921 4067 odorandum
963 4011 1064 4079 stergit
1093 4011 1193 4063 horum
1221 4026 1352 4063 versuum
1381 4010 1490 4063 titulus.
1505 4008 1643 4079 Imposuit
1667 4008 1765 4062 lectori

118 4084 452 4138 transmisit.iPoematis
464 4085 548 4153 hujus
561 4086 660 4138 titulus
668 4085 923 4154 ll'imphclingiano
963 4082 1076 4151 vulgata
1100 4081 1268 4151 inscriptio:
1288 4082 1445 4137 intercessio
1461 4081 1559 4135 Albini
1579 4096 1631 4150 pro
1655 4080 1764 4135 Mauro.

120 4157 285 4225 exemplari,
302 4161 368 4210 unte
381 4173 469 4210 annos
482 4161 595 4209 centum
610 4156 696 4219 edito,
711 4156 920 4226 praescribitur:
965 4154 1035 4207 llinc
1059 4153 1160 4233 duplex
1189 4155 1343 4222 peccatum,
1360 4157 1390 4207 et
1412 4168 1511 4206 eorum
1527 4151 1575 4223 qui
1614 4167 1696 4207 oema
1712 4142 1766 4207 hoc

121 4226 328 4280 t'ornnrendoti'o
342 4245 425 4295 poor.
443 4229 541 4297 Neque
556 4227 685 4297 agnoscit
699 4245 751 4281 ms.
768 4228 813 4282 bic
829 4233 925 4282 noster
964 4223 1208 4285 Albinotribuunt,
1218 4240 1289 4295 quos
1303 4222 1333 4280 in
1346 4223 1572 4294 Antiquitatibus
1601 4217 1765 4279 uidensibus

120 4297 304 4367 epigraphem
321 4299 443 4353 mediam
468 4306 533 4352 ante
560 4315 671 4352 versum
688 4315 694 4352 ε
710 4302 813 4353 Placuit
833 4305 923 4353 uitiato
964 4295 1035 4349 libro
1048 4295 1137 4365 primo
1153 4296 1242 4349 secuti
1259 4312 1375 4360 sumum
1391 4300 1421 4349 et
1434 4295 1553 4349 aliorum
1576 4295 1624 4363 qui
1639 4288 1764 4373 pontifici

122 4369 183 4432 Dio,
199 4386 211 4420 c
229 4368 319 4423 Gllert
332 4387 435 4424 munus
450 4370 584 4440 pontifici.
603 4391 614 4420 i
965 4366 1104 4435 Gregorio
1120 4366 1204 4422 inscii
1225 4371 1284 4421 tum
1312 4366 1428 4420 volunt:
1446 4383 1511 4420 nain
1532 4366 1611 4434 pater
1631 4380 1766 4419 carminis

158 4441 233 4494 setta
248 4448 355 4493 intricat
370 4448 469 4505 priuos,
484 4449 536 4495 etc.
555 4441 720 4495 Anastasius
735 4440 923 4497 Bibliotheca·
964 4438 1023 4508 ipse
1037 4437 1153 4492 Maurus
1167 4384 1308 4498 asianus,
1319 4436 1366 4490 sed
1377 4441 1520 4507 assumpta
1530 4450 1650 4506 persona
1658 4430 1763 4515 Albini,

121 4510 180 4563 rius
192 4528 213 4562 :i
223 4512 315 4580 Hujus
324 4513 470 4581 iGregoriii
478 4512 645 4566 sanctissimi
653 4513 743 4567 Patris
749 4512 923 4582 temporibus
964 4514 993 4563 et
1007 4514 1142 4579 patronus
1154 4525 1237 4578 quein
1248 4509 1358 4562 inuocat
1368 4512 1482 4563 sanctus
1495 4506 1641 4560 Martinus.
1649 4504 1764 4572 Civitas

122 4582 211 4651 impia
226 4588 310 4652 atquc
332 4585 449 4646 natiuis,
466 4589 494 4637 et
514 4586 570 4638 lieo
596 4584 708 4638 odibilis
728 4585 922 4651 Agerenorum
965 4582 1095 4650 adquam
1110 4579 1174 4633 libri
1186 4579 1328 4649 esempisr
1342 4580 1415 4632 dono
1430 4578 1609 4658 transmittit,
1619 4575 1765 4657 Turonum

120 4653 191 4718 imre
206 4654 421 4722 Saracenorum}
432 4672 537 4724 genna
550 4655 652 4708 sinibus
667 4655 726 4709 suis
740 4671 922 4723 consurgens,
965 4658 1017 4715 est,
1039 4651 1113 4720 apud
1134 4667 1204 4720 quos
1226 4651 1428 4707 monasterium
1444 4661 1472 4703 et
1520 4666 1662 4704 innasiuui
1672 4653 1766 4703 extitit

120 4740 193 4793 pene
208 4724 236 4778 in
251 4742 348 4780 ornnes
366 4726 472 4780 insulas
493 4733 521 4780 ct
543 4727 669 4780 omnium
689 4726 817 4792 regiones
831 4733 923 4782 terra·
963 4722 1089 4780 celebre:
1104 4720 1133 4774 in
1148 4738 1203 4791 quo
1213 4720 1331 4777 Albinus
1342 4722 1439 4776 doctor
1455 4727 1484 4776 et
1541 4719 1631 4776 banus
1644 4718 1763 4790 discipu·

120 4811 184 4848 rum
200 4794 377 4852 circumiens.
405 4798 626 4867 depraedationes
643 4799 789 4852 hominum
805 4802 834 4852 et
847 4795 1007 4892 loco-Dius
1023 4794 1084 4862 ejus
1098 4791 1200 4848 uixere.
1531 4861 1537 4872 ·
1659 4862 1665 4873 ·
1742 4858 1749 4871 ¹

118 4882 182 4919 rum
199 4867 387 4920 desolationes
400 4870 533 4922 ati-ticina
544 4869 672 4922 hicicbat.
687 4888 698 4917 i
711 4869 761 4922 llis
776 4869 856 4922 malis
876 4885 921 4922 as·
998 4867 1085 4920 Abbas
1111 4880 1230 4933 nutuque
1251 4881 1329 4929 snus,
1350 4871 1404 4919 etc.
1420 4862 1603 4919 Pianssimus
1617 4862 1702 4931 huius
1721 4858 1762 4914 di·

119 4937 227 4990 sociata
241 4955 291 5008 per
305 4939 410 4992 Gallias
433 4941 533 5001 cirilla,
557 4957 593 4994 nc
618 4940 709 4995 dicam
734 4940 919 5010 parricidalia,
963 4935 1164 5001 stichisensus,
1187 4936 1216 4991 iu
1232 4952 1286 5011 quo
1301 4932 1406 4988 frustra
1426 4932 1588 5016 explicando
1606 4932 1693 4997 suere,
1712 4929 1762 5003 qui

119 5007 275 5062 liberorum
291 5026 390 5080 regum
407 5011 434 5065 in
448 5011 617 5064 Ludovicum
632 5018 777 5083 parentem
789 5011 853 5065 odia
863 5011 922 5064 bel·
963 5006 999 5061 ad
1015 5006 1182 5077 Gregorium
1197 5005 1361 5060 Pontificem
1372 5001 1762 5060 subtilitertranstulcresen·

120 5079 214 5150 laqus·
963 5079 1091 5133 tentiam.
1108 5077 1200 5133 Abbas
1215 5077 1291 5132 enim
1316 5076 1363 5149 qni
1392 5093 1457 5134 eum
1484 5072 1593 5133 direxit.
1609 5072 1761 5145 Ratgsrim

157 5150 221 5215 Ona
232 5151 337 5204 Christi
347 5153 384 5205 od
392 5155 512 5217 totidem,
524 5157 575 5206 etc.
594 5152 693 5223 Operis
704 5158 919 5222 argumentum:
964 5149 1032 5211 fuit3
1050 5148 1135 5202 Pater
1149 5150 1229 5219 cujus
1241 5149 1276 5202 ad
1289 5154 1363 5202 tecta
1378 5148 1489 5214 missus,
1507 5144 1535 5201 S.
1552 5134 1701 5212 Martinus,
1716 5135 1764 5199 eui

119 5220 284 5275 vindicatio
302 5224 433 5276 humanae
459 5225 574 5289 salutis;
599 5224 663 5277 sinis
679 5242 685 5276 τ
703 5225 806 5278 Christi
821 5224 919 5294 gloria,
963 5222 1089 5275 ‘lhirones
1101 5221 1195 5273 omnia
1210 5220 1321 5275 debent.

118 5308 181 5362 quo
195 5293 357 5347 referuntur
371 5295 476 5348 omnia.
497 5295 662 5365 scriptionis
674 5311 764 5361 genus
778 5296 923 5348 recondita
1001 5295 1057 5360 Quo
1074 5306 1177 5344 macrini
1200 5296 1305 5356 legeret,
1319 5296 1374 5345 etc.
1387 5292 1458 5346 Cum
1477 5288 1574 5359 aliquo
1584 5287 1689 5359 legata
1706 5300 1765 5342 ser·

118 5363 149 5417 in
163 5373 233 5425 arte,
251 5373 280 5417 et
297 5366 445 5436 multiplici
460 5366 610 5435 subtilique
626 5367 783 5419 litterarum
802 5383 850 5419 ceu
869 5382 922 5419 nn-
964 5362 1055 5416 monis
1070 5378 1160 5425 genus
1172 5379 1204 5414 ex
1218 5378 1270 5416 usu
1286 5363 1434 5416 vernaculo
1448 5367 1581 5415 tractum.
1600 5359 1668 5413 scite
1684 5365 1763 5413 nota·

117 5450 265 5505 merorum
289 5437 442 5506 sparsione.
458 5440 524 5490 olim
543 5453 560 5489 a
585 5436 707 5507 sibyllis.
733 5438 827 5490 Psalle
845 5439 922 5503 regio
964 5443 1004 5488 rit
1019 5435 1048 5486 in
1059 5427 1243 5501 liogiintiacis
1257 5435 1395 5487 Soranus
1412 5433 1563 5502 Usurparit
1586 5429 1654 5487 alibi
1671 5430 1764 5486 liat·-

116 5506 241 5575 aliisque
256 5510 400 5576 prophetis
414 5515 590 5577 sicininum.
605 5511 666 5560 iani
678 5509 763 5560 ctiam
780 5503 923 5578 religionis
964 5504 1062 5559 nusde
1073 5504 1217 5574 discipulis
1233 5504 1298 5558 suis.
1317 5505 1451 5558 Alcninus
1463 5504 1497 5557 dc
1509 5504 1648 5573 Ludgero.
1666 5504 1701 5557 Bt
1715 5517 1765 5559 no·

117 5588 338 5631 uosumarrana
353 5581 500 5633 sicaniinis
515 5580 755 5649 optiiiicsidcmus
771 5581 874 5648 adtingi.
893 5589 924 5633 ut
964 5578 1049 5630 tanda
1066 5581 1144 5627 vetus
1169 5576 1327 5629 scholarum
1341 5577 1523 5639 consuetude,
1542 5591 1606 5629 cum
1624 5588 1764 5645 gramm·

119 5662 189 5704 cum
204 5648 239 5701 ab
248 5659 378 5720 aspectus
389 5652 496 5719 judicio
511 5651 699 5705 remotissima
714 5656 779 5711 sint,
793 5651 922 5721 imagini·
963 5648 1013 5702 tici
1021 5648 1103 5719 junx
1119 5662 1152 5701 ac
1166 5648 1304 5714 rhetores,
1319 5650 1391 5703 teste
1410 5646 1506 5714 aaa,
1523 5647 1702 5719 prelatione
1714 5646 1765 5699 do·

119 5718 177 5773 bus
190 5725 296 5786 tamem
309 5722 408 5791 liguris
423 5728 451 5775 et
465 5722 687 5777 conformatione
708 5722 831 5794 quadem
844 5722 925 5776 rudi-
965 5719 1075 5774 cebant.
1620 5785 1626 5797 .
1670 5784 1672 5789 Ι

122 5791 804 5860 memnoni,naoliimnocontoi,aam
825 5806 923 5849 scom-
1002 5791 1330 5863 (tin'typtoumoe,
1347 5797 1400 5848 etc.
1418 5784 1767 5862 Ιωβοσῦκίιῦ·
