3772 6120
59 267 131 324 1⁴77
574 269 621 326 DE
640 258 724 325 ilia
743 270 774 328 B.
795 265 921 326 MADIAE
938 262 1181 325 MADDALENAE.
1637 274 1705 335 lits

58 393 203 450 lumenim
213 392 291 456 vitis,
304 394 353 446 sed
366 393 452 448 etiam
469 392 573 448 sanctis
586 393 760 457 mulieribus,
770 410 863 447 resure
870 392 979 455 Aenim
994 393 1119 447 omnium
1130 394 1254 449 uirorum
1269 399 1403 473 apparuit
1415 398 1497 452 Petro
1511 412 1532 450 e.
1558 402 1630 453 litim
1653 402 1707 457 inec

58 494 205 537 recturum
221 499 282 535 esse
298 482 463 552 predixerat
481 493 503 547 ¹¹,
518 500 579 536 crire
597 485 687 536 editur
704 487 734 535 in
750 484 862 537 Guiilee
905 488 996 534 aalma
1012 486 1175 550 loquuntur,
1188 488 1259 537 sicli!
1273 488 1350 539 leus
1362 490 1393 540 in
1406 490 1492 540 illudio
1503 504 1608 549 carrea,
1625 494 1648 541 el
1663 491 1705 543 cli·

57 579 133 635 essct,
147 574 258 625 diceus:
276 573 347 637 Ouio
362 576 466 639 liperici
490 573 588 624 i‘fitam
604 574 725 624 lreiuinir
741 574 817 623 trudi
831 574 862 624 in
904 574 944 622 ait
962 573 1041 624 :Pau
1056 573 1138 623 euobis.
1164 572 1198 625 Et
1215 572 1272 625 lime
1287 580 1352 627 sunt
1377 576 1499 645 quinque
1517 576 1706 647 apparitiones

57 678 161 715 eiectus
171 665 344 728 preconiorum.
353 663 520 727 eteruriiipr,
531 665 553 713 el
565 662 608 714 ilie
620 663 860 728 lertiercrerperc.
904 657 1014 713 Domini
1026 660 1187 727 Salinatoris,
1197 661 1307 732 quibus,
1316 663 1343 716 in
1355 663 1399 717 die
1407 665 1619 719 resurrectionis
1634 683 1702 731 suae,

57 751 91 807 in
108 751 332 803 recordetusunt
347 752 478 804 iiiulieres
492 751 637 803 uerborum
658 748 770 803 Domini
784 749 860 804 lesu.
903 749 1040 801 consolari
1056 750 1140 802 voluit
1162 767 1231 819 quos
1246 751 1387 821 diligebat,
1405 760 1433 806 et
1447 754 1533 807 rideri
1546 753 1632 808 voluit
1646 754 1704 809 suis

58 838 198 893 datheus
224 835 501 906 illitteraturam:
528 839 560 891 El
575 841 702 892 erieruel
718 841 749 892 de
766 855 863 892 monu-
903 835 1082 891 dilectoribus
1099 839 1192 892 alaris.
1214 841 1243 894 El
1272 847 1329 908 peri
1354 843 1410 893 ilius
1433 848 1497 909 cicli),
1514 843 1645 913 apparuit
1664 842 1704 898 eis

60 933 153 981 meiito
163 927 252 981 Maria
263 927 438 997 llagdaleua,
452 928 574 980 etaltera
585 928 682 991 illaria,
695 944 757 981 cera
765 930 862 982 timore
903 932 980 979 sexto
992 944 998 992 3
1009 926 1179 997 Thonraeque
1188 930 1315 998 apostolo
1325 930 1398 984 latus
1407 930 1576 1001 palpandum
1585 932 1704 1002 praebuit

60 1021 85 1070 cl
100 1018 204 1085 poedio
220 1032 329 1084 rimatio,
347 1022 487 1070 currente·
503 1020 636 1070 neitliere
651 1018 862 1084 discipulisque
905 1016 1048 1080 (innitar,
1061 1015 1116 1080 ue).
1126 1017 1250 1087 Septimo
1263 1019 1616 1089 apparuitpiscautibusod
1627 1038 1703 1075 triete

59 1106 94 1161 le
110 1122 176 1169 eece,
188 1121 334 1160 occurrens
344 1107 402 1158 iili-s
413 1106 505 1158 dieii:
521 1106 619 1159 lecte:
636 1110 668 1158 ut
682 1104 861 1159 maledictum
903 1101 1059 1157 Tiberiadis
1076 1108 1177 1169 (loeti.
1192 1120 1244 1171 xri,
1266 1104 1300 1174 ll.
1322 1108 1424 1162 Octauo
1440 1110 1571 1179 apparuit
1596 1109 1645 1174 eis,
1671 1117 1703 1165 ut

61 1194 135 1259 Evae,
149 1195 223 1248 sicut
236 1194 313 1265 prius
325 1193 355 1247 in
364 1193 498 1263 singulari
508 1194 631 1264 Virgine,
643 1211 694 1265 per
704 1211 734 1249 os
744 1194 861 1248 Gabrie-
904 1192 1086 1247 mandaverat
1100 1195 1485 1266 perllariamlllagdalenam,
1495 1197 1522 1251 in
1534 1204 1628 1253 monte
1645 1200 1701 1255 Ga-

58 1283 108 1347 tis,
119 1283 159 1339 sic
169 1301 243 1338 nuuc
254 1284 408 1337 solveretur
417 1284 446 1337 in
457 1284 562 1350 Mariis,
576 1300 663 1354 peros
673 1284 760 1354 ipsius
770 1283 862 1338 Salva-
903 1279 982 1335 111aeae
991 1279 1010 1334 t,

60 1372 225 1441 “llis-lp&
244 1379 335 1426 ΜΝ
359 1380 538 1437 accesserunt,
566 1379 590 1427 fl
615 1378 762 1427 tenuerent
785 1375 862 1441 Didii
905 1386 1086 1444 CARXXIX.
1104 1421 1136 1431 -
1153 1393 1471 1462 liucapilelelio:qmim
1499 1397 1701 1461 protoseminl

59 1466 130 1530 earn,
147 1478 217 1532 quos
231 1462 308 1532 prius
323 1462 371 1515 uni
386 1479 492 1528 earum,
505 1462 706 1532 quianondum
720 1461 860 1529 credebat,
941 1460 1048 1515 eureio
1067 1465 1192 1531 obsequie
1213 1464 1316 1526 ilorie,
1334 1470 1356 1516 et
1380 1468 1551 1532 repraeter?
1573 1482 1701 1520 reinone·

56 1556 145 1620 tange
171 1556 299 1606 vetuerat
322 1550 352 1617 1⁹3
374 1557 396 1604 el
417 1553 604 1605 odoraverunt
631 1568 703 1617 eum,
730 1557 767 1616 et,
790 1550 864 1605 sicut
943 1538 1017 1588 ''alsl-

55 1639 227 1694 universalis
239 1639 370 1700 Ecclesia,
389 1641 519 1695 osculatae
531 1645 598 1693 sunt
610 1639 722 1694 Domini
733 1639 859 1710 vestigia.
939 1645 995 1698 Nec
1014 1640 1295 1714 praetermittendum,
1313 1641 1386 1711 quod
1397 1657 1453 1695 non
1469 1641 1609 1696 immerito
1621 1645 1703 1698 multi

59 1729 139 1783 Tunc
153 1731 229 1783 Jeses
245 1732 352 1782 lucinus
376 1735 412 1782 esi
432 1733 469 1783 eis
494 1729 605 1783 dicens:
630 1730 718 1784 il'olilc
744 1732 840 1782 timere·
850 1712 1049 1793 ;Bmirantur,
1068 1729 1134 1801 quin
1149 1730 1242 1801 potius
1261 1730 1443 1800 repetendum
1471 1730 1564 1791 altius,
1589 1737 1617 1784 et
1639 1748 1703 1786 cum

56 1819 107 1882 ite,
119 1819 249 1871 nutiliete
259 1818 398 1885 frutribus
411 1819 486 1883 iaicis,
501 1822 530 1869 ui
545 1822 609 1871 eniti
617 1820 647 1870 in
658 1818 811 1882 Goliieem,
822 1818 861 1871 ibi
902 1818 1145 1873 multadulcedine
1155 1817 1270 1887 spiritus
1278 1817 1456 1871 recolendum
1466 1817 1638 1887 diligentius,
1649 1819 1704 1874 sin·

56 1923 101 1960 nie
115 1907 260 1960 videbunt.
279 1907 368 1960 Lucas
385 1907 541 1974 (Leonam,
555 1906 602 1975 9):
620 1907 797 1973 Elepresseo
807 1923 861 1959 mo-
901 1910 967 1979 gula
982 1905 1186 1977 obsequiaque
1201 1904 1327 1958 dilectori
1344 1921 1404 1967 suo,
1423 1905 1542 1960 Domino
1554 1908 1702 1973 salvatori,

56 2001 204 2058 enitente,
219 1998 422 2049 nmilioueeel
438 1995 492 2048 liae
506 1996 602 2048 ornatio
619 1996 860 2060 linteamine
902 1996 1027 2052 exhibuit
1038 1995 1127 2050 llaria
1141 1994 1316 2064 lllagdalona,
1335 2010 1389 2047 non
1406 2000 1438 2047 ut
1450 1995 1571 2049 aliorum
1590 2002 1702 2051 sancto·

56 2087 163 2139 esteris
177 2086 316 2137 omuibus.
332 2085 424 2137 Erunt
438 2089 530 2137 etitem
540 2085 633 2138 illaria
647 2085 821 2150 iliepdelene,
837 2089 860 2137 cl
901 2103 964 2140 rum
980 2086 1079 2145 solent,
1098 2084 1180 2138 tacite
1199 2088 1321 2154 accepta,
1337 2088 1366 2136 et
1384 2088 1495 2138 eternae
1512 2085 1633 2138 mercedi
1657 2102 1702 2139 se·

55 2173 179 2236 Ioanne,
197 2174 323 2227 clitorio
338 2176 441 2236 incoli,
459 2179 482 2226 ct
503 2178 613 2230 cetere.
636 2189 694 2241 que
718 2190 782 2226 cern
803 2175 860 2227 illis
900 2172 1286 2243 cretisreserrataesseapud
1299 2174 1702 2240 Pelrcmieminum,qeieidct

56 2266 143 2315 morit
157 2271 179 2322 θ,
195 2278 254 2330 que
269 2263 393 2316 dicebant
409 2263 446 2315 ed
461 2265 592 2329 apostolos
606 2262 669 2315 bec.
686 2262 783 2315 diuise
794 2267 860 2315 siunt
901 2267 931 2317 in
941 2265 1097 2318 abscondito
1113 2263 1212 2327 (iacob.
1229 2275 1248 2325 1,
1266 2261 1294 2314 li
1306 2279 1311 2323 ;
1325 2262 1424 2315 italie.
1437 2275 1473 2325 rr,
1491 2258 1530 2326 ll,
1547 2261 1702 2316 retribuen-

56 2354 124 2404 ente
135 2352 205 2416 illos,
219 2353 289 2404 simil
299 2353 524 2414 deliramentum,
535 2352 616 2403 uerbo
627 2353 679 2404 isle
691 2370 699 2415 ;
711 2355 735 2404 et
745 2367 861 2404 auertere·
902 2352 948 2416 da,
960 2369 1057 2405 verum
1068 2350 1261 2411 incontinenti,
1278 2349 1369 2420 ipsius
1383 2349 1439 2402 oris
1464 2350 1614 2404 Salvatoris
1637 2368 1700 2421 pro-

56 2439 160 2493 debant
174 2442 241 2492 illis.
255 2441 351 2493 Petrus
364 2445 456 2493 ouem
471 2456 595 2507 serpens.
611 2442 738 2493 mercurii
755 2441 791 2493 eil
806 2455 861 2493 itio-
902 2442 1006 2512 palata,
1019 2440 1133 2495 larudata
1142 2445 1171 2493 et
1185 2438 1379 2507 magnificata3
1391 2444 1419 2492 et
1433 2438 1456 2491 si
1466 2438 1537 2493 forte
1553 2439 1702 2510 quisquam

57 2533 238 2593 nutrientem,
255 2533 278 2580 el
292 2530 472 2595 procumbens
487 2530 556 2581 uidit
571 2531 739 2582 linteamine
751 2532 808 2581 sole
815 2545 861 2596 po-
903 2547 937 2584 ea
951 2530 1113 2600 depravare,
1129 2529 1170 2581 rel
1185 2544 1315 2582 accusare
1330 2528 1549 2598 praesumpserit,
1567 2528 1638 2582 illico
1654 2547 1701 2583 ex-

56 2618 114 2669 sito
121 2634 130 2679 ,·
142 2620 167 2668 el
175 2616 247 2669 obiit
255 2632 345 2670 secem
356 2618 467 2670 mirans
477 2618 549 2684 qeod
559 2616 665 2682 fecitne
673 2617 775 2682 suerat.
783 2617 860 2671 Tunc
902 2624 999 2674 eusatu
1015 2617 1178 2689 [recensete]
1187 2630 1211 2681 s,
1228 2623 1257 2670 et
1270 2615 1438 2687 approbata;
1450 2615 1489 2669 ita
1501 2617 1700 2685 ut‚jurtaillud

56 2704 193 2776 apparuit
207 2705 335 2758 Salvator
353 2705 397 2758 ei:
415 2704 500 2760 tertio
514 2704 589 2758 enim
603 2708 735 2774 apperuit
749 2706 860 2760 Simoni
900 2707 986 2762 Marci
1001 2705 1177 2777 evangeliste
1191 2707 1290 2775 ellare.
1303 2720 1329 2770 x,
1353 2703 1396 2771 30)
1424 2723 1429 2757 :
1456 2706 1587 2775 centuplo
1600 2705 1646 2760 hic
1672 2706 1701 2760 in

56 2793 154 2848 Petro.
174 2794 286 2847 Marcus
309 2795 407 2861 (litere.
428 2810 481 2859 xvi,
507 2792 568 2863 ii):
596 2796 656 2848 Posi
679 2794 732 2847 laec
754 2799 855 2859 eutem,
900 2796 1030 2866 presenti
1043 2794 1179 2865 receperit
1189 2794 1311 2864 gratiam
1327 2811 1377 2864 pro
1392 2793 1488 2863 gratia
1502 2797 1591 2862 (ionii.
1608 2809 1627 2860 1,
1643 2794 1700 2865 16),

56 2883 164 2936 duobus
173 2885 383 2936 aiiibeientiees
394 2887 514 2935 ostensus
524 2888 561 2935 est
573 2885 605 2936 in
612 2886 672 2936 elie
679 2884 777 2950 effipia,
789 2899 858 2936 eeti—
900 2885 990 2938 donee
1004 2885 1033 2938 in
1043 2881 1202 2937 celestibus
1210 2883 1532 2952 lineretursempiterna
1543 2882 1701 2952 glorialm·

57 2973 170 3025 tibenin
185 2974 283 3025 uillam
293 2987 437 3042 quaenuno
448 2978 491 3025 est
502 2971 653 3042 Nicopolis,
665 2971 812 3027 Palestinae
822 2972 859 3025 ci·
869 3014 890 3072 c
900 2973 1056 3045 meritoque
1066 2972 1244 3026 sanctissima
1260 2989 1354 3025 sorore
1381 2973 1442 3042 ejus
1459 2972 1493 3025 de
1521 2989 1555 3026 ea
1578 2988 1702 3043 conque·

55 3057 132 3112 vitus
145 3058 263 3129 insignis
278 3057 302 3125 d,
328 3059 474 3129 sexaginta
492 3059 591 3113 stadiis
613 3058 648 3113 ab
666 3059 857 3130 ierosolymis
900 3068 990 3127 rente,
1007 3064 1057 3116 seb
1072 3063 1353 3128 iiiiibt·uillies,qecm
1363 3059 1506 3129 diligebat,
1523 3062 1601 3123 sedit,
1610 3063 1704 3128 eifre-

55 3147 135 3218 quod
149 3153 193 3202 est
206 3152 314 3219 septem
330 3148 478 3208 milliariis,
493 3154 522 3202 et
535 3148 630 3202 semis.
646 3148 679 3201 El
701 3150 856 3215 illicenter,
900 3158 959 3206 etin
974 3154 1098 3218 oriscjes
1119 3151 1208 3202 dirius
1222 3152 1333 3217 petituri
1352 3150 1498 3215 suotllnut.
1511 3167 1537 3211 n,
1556 3148 1592 3218 3),
1622 3150 1701 3204 colli-

58 3239 387 3301 nunlieeerenlcetcris,
410 3254 457 3291 nce
472 3240 529 3290 illis
553 3237 741 3291 crediderent.
770 3238 859 3292 Lucas
899 3256 980 3311 gens,
996 3239 1128 3301 Gestavit,
1160 3243 1184 3291 et
1203 3239 1272 3290 ridil
1300 3241 1490 3304 quaerimonia
1515 3243 1552 3291 esi
1567 3240 1703 3292 Dominus

58 3326 134 3391 (nac.
151 3341 223 3390 un,
248 3323 311 3392 iit:
336 3327 370 3380 El
393 3329 558 3380 interierunt
581 3332 755 3393 conprepetos
772 3328 859 3380 ende-
902 3329 981 3394 (Psel.
1015 3326 1120 3396 assur).
1151 3325 1289 3380 llaurions
1316 3326 1450 3394 praeolara
1465 3325 1597 3379 ariditate
1620 3343 1702 3382 venes

57 3414 124 3479 eim,
141 3418 165 3466 et
179 3431 221 3468 eos
236 3417 286 3483 qui
300 3431 363 3468 cuin
377 3417 414 3468 eis
425 3419 515 3478 moiri,
530 3416 648 3468 dicentes
658 3417 729 3483 quod
740 3434 748 3467 :
760 3415 860 3470 Serre·
900 3419 961 3469 uite
977 3417 1065 3486 (Pron.
1083 3432 1111 3480 x,
1132 3417 1184 3481 ti),
1200 3429 1233 3466 ex
1248 3414 1324 3466 sonte
1340 3414 1460 3484 pectoris
1479 3415 1549 3483 ejus,
1567 3415 1615 3483 qui
1630 3417 1702 3469 mel·

58 3504 102 3555 se
116 3504 251 3556 Dominus
265 3519 335 3567 itere,
351 3508 374 3556 el
388 3506 520 3572 eppereil
530 3502 639 3557 Simoni
655 3504 747 3557 Petro.
765 3503 859 3558 Primo
901 3506 1039 3571 lipliceoii
1055 3505 1220 3570 locupletare
1233 3518 1291 3554 eain
1304 3501 1408 3554 divitiis
1417 3501 1620 3571 spiritualibus,
1629 3506 1700 3556 riuos

534 3615 621 3660 NO'DE
645 3616 826 3661 rurissutuu
849 3618 889 3668 ux
909 3615 1031 3661 DADADD
1053 3613 1232 3659 ausuum.

60 3721 110 3759 cus
125 3711 168 3759 est
181 3707 293 3776 proprie
312 3712 497 3773 mortuorum,
524 3723 649 3776 quaerore
671 3723 735 3760 eum
754 3707 803 3776 qui
826 3707 861 3761 ad
902 3704 1347 3775 Magdalenaadmonumentum,
1364 3703 1474 3772 quando
1488 3703 1513 3755 oi
1529 3703 1701 3757 desideranti

59 3776 146 3829 vitam
158 3778 220 3846 jam
239 3778 360 3831 surrexit
374 3794 391 3829 a
407 3777 534 3831 mortuis,
552 3780 667 3841 liuban,
684 3778 752 3831 ieie.
902 3777 987 3847 pedes
1007 3777 1067 3845 ejus
1080 3774 1210 3845 amplecti
1236 3773 1340 3827 dictum
1359 3780 1421 3827 est:
1437 3775 1556 3828 Notitae
1578 3780 1697 3841 tenpore.

96 3849 309 3902 altecordemini
318 3852 439 3918 qualite·
449 3853 556 3901 lectites
562 3854 599 3901 esi
610 3851 692 3912 ouili,
702 3864 765 3901 cirin
771 3848 861 3902 adbuc
902 3846 1011 3902 Deinde
1020 3845 1110 3899 eidem
1133 3850 1161 3898 et
1180 3844 1227 3897 alii
1241 3844 1336 3897 Mariae
1350 3860 1368 3897 a
1381 3851 1564 3898 monumento
1583 3860 1700 3899 curren-

60 3921 93 3972 in
103 3919 217 3974 dalilae
227 3923 301 3972 esset.
312 3919 448 3973 Dominus
456 3918 685 3989 interdiseipulos
691 3919 764 3971 viros
775 3918 860 3973 etiam
901 3918 1028 3972 rentibus
1037 3915 1348 3986 nuntiatnmdiscipulis
1359 3932 1420 3984 quin
1435 3915 1469 3968 ab
1484 3915 1631 3985 angeliede
1639 3932 1701 3986 per·

58 3988 173 4043 leminis
189 4006 329 4060 quaeum
345 3989 529 4061 sequebantur
550 3988 686 4060 predixit.
700 3991 769 4043 leid.
902 3994 965 4043 acta
980 3990 1040 4059 ejus
1051 3987 1256 4042 resurrectione
1275 3987 1449 4050 didicerant;
1465 3987 1500 4041 de
1516 3985 1617 4058 quibus
1631 3987 1700 4042 sori·

96 4060 192 4113 bucce
204 4062 285 4115 lesus
300 4061 423 4115 occurrit
437 4060 490 4115 illis
505 4061 617 4114 dicens:
644 4060 731 4122 lietu,
753 4064 785 4114 ut
799 4075 861 4113 ma·
902 4066 1031 4131 ptumest
1046 4060 1134 4126 :Oete
1148 4064 1328 4123 accesserunt,
1338 4065 1367 4111 et
1378 4062 1526 4112 leireureul
1539 4058 1616 4127 pedes
1631 4061 1699 4127 aiei,

59 4130 194 4186 ledictum
211 4132 273 4186 uva
283 4132 407 4186 mulieris
421 4133 449 4185 in
464 4131 861 4186 mulieribussolveretur.Illae
903 4133 1206 4185 etodoreiureutrnm.
1219 4128 1358 4200 Apparuit
1369 4135 1463 4182 autem
1481 4137 1509 4184 et
1524 4129 1584 4200 ipso
1598 4129 1642 4183 die
1655 4129 1702 4184 ud-

59 4208 158 4257 autem
172 4210 352 4269 accesserant,
364 4209 388 4256 el
404 4208 553 4256 timuerunt
562 4205 639 4271 prodes
649 4207 715 4269 ejici,
728 4208 752 4256 ct
763 4205 862 4256 odore·
901 4200 1699 4273 respemscentoduobuseuntibusincastellumEmmaus.

60 4280 162 4327 matini
170 4291 243 4326 etita.
255 4275 318 4329 lstae
332 4275 469 4328 accedunt
478 4279 506 4327 et
515 4279 613 4328 tenent
624 4272 708 4344 pedes
716 4274 787 4342 ejus,
796 4273 863 4344 quia
902 4273 1041 4344 Apparuit
1064 4279 1092 4326 et
1102 4271 1206 4326 Petro..
1225 4272 1376 4343 statimque
1391 4273 1515 4325 annectit
1529 4271 1702 4341 erarrgelista

60 4344 251 4398 adoraverunt
260 4362 333 4400 cum.
347 4347 485 4399 Ceterum
496 4344 544 4397 illa
555 4361 615 4415 quae
626 4344 863 4414 querebatviven-
904 4344 1031 4415 quintam
1046 4344 1107 4414 ejus
1117 4342 1320 4414 apparitionem
1335 4361 1340 4394 ε
1358 4345 1427 4396 litera
1443 4346 1497 4396 liae
1506 4347 1597 4395 otiloni
1609 4347 1700 4410 luque-

60 4420 119 4470 tem
135 4432 198 4469 eum
214 4417 340 4480 mortuis,
354 4423 382 4470 et
395 4416 536 4470 nesciebat
545 4416 636 4469 adhue
647 4414 746 4469 Filium
758 4416 807 4469 Dei
818 4431 862 4467 re·
905 4420 1076 4482 reniumque
1085 4418 1161 4468 ,lestis
1173 4417 1245 4466 stetit
1255 4418 1285 4466 in
1307 4416 1393 4467 iircilic
1414 4430 1519 4478 corruet,
1531 4417 1556 4465 ct
1569 4415 1680 4466 (licitas
1692 4432 1699 4466 :
1712 4423 1722 4432 ·

59 4487 226 4545 surrexisse,
243 4488 343 4542 merito
358 4488 483 4542 audivit:
501 4488 542 4540 Ne
558 4504 601 4540 me
611 4491 720 4556 tangas,
738 4460 1053 4540 nondumnl’eauollis.
1065 4487 1173 4540 Rebnni
1188 4487 1217 4535 in
1239 4485 1347 4548 linitis,
1361 4485 1408 4539 lib.
1430 4498 1488 4548 vni,
1514 4500 1574 4554 cap.
1591 4483 1635 4538 28.
1661 4482 1700 4537 Ex

60 4557 139 4611 enim
147 4558 299 4612 aseendiad
309 4559 422 4613 Patrem
430 4558 794 4612 menanllobeniielleitli.
805 4559 861 4612 cod.
903 4559 973 4610 Beda
991 4558 1091 4610 llornil.
1104 4557 1181 4622 serie
1192 4571 1219 4609 rn
1234 4555 1346 4608 Pascha.

62 4628 133 4682 Diei.
147 4631 208 4693 lira.
225 4632 326 4685 llomil.
340 4631 384 4699 (cr
398 4656 400 4660 ·
414 4646 440 4683 rr
456 4632 545 4684 Ociee.
559 4629 673 4683 Pescla.
940 4629 1002 4709 lpso
1013 4625 1226 4680 resurrectionis
1237 4643 1293 4680 sure
1315 4626 1360 4679 dic
1375 4626 1523 4697 quinquies
1538 4625 1700 4697 apparuisse

96 4713 110 4742 θ
127 4700 192 4754 llaec
207 4701 295 4754 llario
309 4701 545 4771 llagdalenaipsa
552 4705 596 4753 est
604 4716 684 4753 soror
693 4697 790 4751 Lazari
802 4714 862 4768 qnae
904 4698 1016 4768 legitur.
1031 4697 1169 4768 Apparuit
1183 4704 1269 4751 sexto.
1285 4703 1348 4768 post
1356 4698 1416 4751 dies
1431 4708 1502 4758 octo,
1515 4697 1627 4768 qnando
1639 4701 1701 4750 erat
1785 4711 1787 4714 ·

60 4769 299 4825 unxitDominum
313 4778 456 4897 unquento
470 4791 475 4827 :
488 4773 674 4825 ioanneuxor
685 4770 787 4833 Chusa,
799 4784 862 4851 pro·
904 4774 932 4822 et
946 4785 1009 4821 eum
1023 4769 1063 4822 eis
1073 4768 1203 4823 Thomas.
1234 4768 1359 4839 Septimo
1382 4768 1553 4894 piscantibus
1572 4769 1605 4821 ad
1623 4782 1699 4820 mare

59 4842 201 4896 curatoris
213 4843 344 4909 lleroclis3
370 4842 444 4898 laria
455 4832 550 4896 iacobi
564 4847 654 4896 mater
669 4847 698 4894 ct
711 4839 804 4895 iacobi
813 4857 860 4909 Ju·
901 4838 1066 4904 Tiberiadis,
1075 4837 1206 4893 octaroin
1218 4839 1380 4894 monteGali

59 4913 151 4966 nioris
161 4919 190 4967 et
202 4914 316 4985 loseph,
328 4931 408 4968 soror
421 4914 520 4968 matris
535 4912 656 4967 Domini.
676 4913 784 4968 liuberti
806 4912 860 4965 llo·
901 4914 932 4964 in
946 4914 1026 4965 loon.

61 4987 124 5039 inii.
140 4986 218 5039 Dum.
237 4986 247 5037 l
264 4992 321 5054 posi
338 4988 427 5040 Ouiae.
443 4987 562 5040 Pascite.
937 4982 1017 5036 Nono
1030 4979 1256 5036 recumbentibus
1266 4981 1322 5035 illis
1335 4982 1465 5036 undecim
1486 4979 1625 5052 apparuit,
1654 4978 1700 5033 die

98 5053 291 5110 summane„
309 5057 366 5111 haec
385 5064 429 5110 est
441 5072 515 5110 nunc
525 5054 674 5127 Nicopolis,
688 5054 806 5124 insignis
820 5054 860 5106 ci·
902 5053 1093 5122 quoascendit
1105 5052 1252 5106 incolum.
1268 5053 1381 5107 Decimo
1405 5054 1535 5107 viderunt
1556 5067 1619 5105 eum
1640 5050 1702 5121 ipsa

59 5123 136 5179 sitas
149 5126 305 5182 Palestinae.
323 5131 431 5183 liobam
444 5129 475 5182 dc
492 5129 631 5191 (inlaeso,
652 5127 699 5179 lib.
716 5141 774 5190 xri,
799 5140 859 5195 cap.
903 5124 1012 5177 dienon
1025 5127 1084 5194 jam
1099 5125 1128 5176 iu
1143 5132 1218 5177 terra
1245 5125 1416 5188 ositum,sed
1432 5126 1569 5178 elevatum
1585 5122 1698 5187 inaera,

60 5196 89 5249 l.
107 5197 145 5250 Ex
160 5199 229 5251 liede
240 5200 271 5251 in
285 5201 396 5263 liceum,
415 5199 462 5252 lib.
477 5217 511 5260 vt,
530 5215 590 5269 cap.
608 5199 651 5252 ill.
663 5197 729 5260 Quae
745 5194 860 5263 (civitas)
903 5196 1042 5266 coelosque
1053 5201 1204 5266 petentem.
1217 5142 1373 5250 <liuentibus
1386 5195 1437 5250 sibi
1461 5194 1582 5267 angelis:
1598 5193 1643 5248 Sic
1657 5210 1702 5247 re·

58 5273 128 5339 post
139 5270 373 5351 expugnationem
388 5271 499 5330 iudaeae,
515 5269 567 5321 sub
577 5270 669 5322 Marco
684 5267 797 5321 llurelio
807 5267 862 5319 An·
906 5267 1203 5337 nietquemadmodum
1219 5267 1327 5321 vidistis
1342 5284 1406 5322 eum
1421 5273 1534 5321 euntem
1544 5267 1573 5320 in
1588 5264 1698 5318 colum.

59 5339 163 5393 tonino
180 5341 305 5412 principe
315 5346 481 5408 restaurata,
493 5347 640 5395 cumstatu
650 5338 769 5392 mutavit
779 5343 808 5390 et
816 5353 865 5391 no·
906 5339 1021 5401 Reium,
1039 5339 1104 5391 ibid.
1114 5339 1259 5391 Deductus
1265 5343 1409 5406 postremis
1417 5339 1640 5408 apparitionibus
1648 5337 1701 5390 lte-

59 5426 139 5464 nem.
157 5413 230 5465 Beda
246 5414 346 5467 llomil.
363 5416 405 5479 scr
434 5430 451 5467 u
466 5413 578 5466 Pascite.
907 5412 995 5463 henin
1010 5411 1134 5477 loquilm·
1150 5410 1238 5474 infre,
1254 5424 1314 5479 cap.
1332 5424 1407 5462 xxxi.

98 5495 112 5524 θ
129 5481 262 5536 Omnium
279 5501 345 5553 ergo
361 5484 481 5538 virorum
502 5483 593 5553 primo
618 5480 755 5533 Dominus
778 5495 865 5550 appa·
941 5482 1057 5534 edoctae
1070 5480 1156 5544 lebet,
1174 5479 1322 5545 euceriuta,
1341 5497 1372 5533 er
1389 5482 1606 5533 uirienucnsium
1621 5480 1703 5531 incae-

59 5552 154 5608 misse
176 5553 341 5625 intelligitur
352 5556 523 5609 Petroliecla
535 5552 683 5618 iuliieem,
700 5550 720 5603 l.
734 5567 769 5617 rr,
781 5567 804 5604 c.
819 5551 863 5607 ui.
908 5555 962 5604 ria.
984 5551 1060 5604 Forte
1071 5551 1214 5617 lipianum
1236 5556 1389 5617 recensata,
1406 5570 1419 5605 r
1443 5552 1520 5605 uerbo
1545 5563 1702 5615 recensere,

98 5624 113 5667 ¹
124 5624 190 5696 (Illo
204 5626 259 5696 die)
276 5625 352 5681 risus
366 5632 410 5682 est
422 5625 576 5683 Dominus:
598 5623 722 5696 primum
737 5636 754 5676 a
776 5621 866 5680 llario
906 5623 937 5678 id
950 5627 988 5677 cst
997 5636 1173 5677 enumerare.

1393 4840 1699 4911 temllpudrllruinein
