<?xml version="1.0" encoding="UTF-8"?>
<!DOCTYPE html PUBLIC "-//W3C//DTD XHTML 1.0 Transitional//EN"
    "http://www.w3.org/TR/xhtml1/DTD/xhtml1-transitional.dtd">
<html xmlns="http://www.w3.org/1999/xhtml" xml:lang="en" lang="en">
 <head>
  <title>
</title>
<meta http-equiv="Content-Type" content="text/html;charset=utf-8" />
  <meta name='ocr-system' content='tesseract 3.04.00' />
  <meta name='ocr-capabilities' content='ocr_page ocr_carea ocr_par ocr_line ocrx_word'/>
</head>
<body>
  <div class='ocr_page' id='page_1' title='image "./patrologiaecurs22goog/patrologiaecurs22goog_0289.png"; bbox 0 0 3772 6120; ppageno 0'>
   <div class='ocr_carea' id='block_1_1' title="bbox 47 287 1716 357">
    <p class='ocr_par' dir='ltr' id='par_1_1' title="bbox 47 287 1716 357">
     <span class='ocr_line' id='line_1_1' title="bbox 47 287 1716 357; baseline -0.003 0"><span class='ocrx_word' id='word_1_1' title='bbox 47 291 116 357; x_wconf 61' lang='lat' dir='ltr'><strong><em>w</em></strong></span> <span class='ocrx_word' id='word_1_2' title='bbox 251 289 542 350; x_wconf 62' lang='lat' dir='ltr'>menusanum!</span> <span class='ocrx_word' id='word_1_3' title='bbox 560 289 600 348; x_wconf 84' lang='lat' dir='ltr'>IN</span> <span class='ocrx_word' id='word_1_4' title='bbox 617 290 697 348; x_wconf 75' lang='lat' dir='ltr'><strong>EPP.</strong></span> <span class='ocrx_word' id='word_1_5' title='bbox 717 290 825 348; x_wconf 72' lang='lat' dir='ltr'>Pauli</span> <span class='ocrx_word' id='word_1_6' title='bbox 843 289 913 348; x_wconf 77' lang='lat' dir='ltr'>Lm.</span> <span class='ocrx_word' id='word_1_7' title='bbox 933 289 1020 349; x_wconf 83' lang='lat' dir='ltr'>XXII.</span> <span class='ocrx_word' id='word_1_8' title='bbox 1046 318 1078 334; x_wconf 88' lang='lat'>-</span> <span class='ocrx_word' id='word_1_9' title='bbox 1098 287 1138 348; x_wconf 82' lang='lat' dir='ltr'>IN</span> <span class='ocrx_word' id='word_1_10' title='bbox 1156 288 1269 347; x_wconf 72' lang='lat' dir='ltr'>misr.</span> <span class='ocrx_word' id='word_1_11' title='bbox 1285 289 1326 348; x_wconf 90' lang='lat'>11.</span> <span class='ocrx_word' id='word_1_12' title='bbox 1344 290 1395 348; x_wconf 80' lang='grc' dir='ltr'>ΑΙ)</span> <span class='ocrx_word' id='word_1_13' title='bbox 1411 290 1537 351; x_wconf 73' lang='lat' dir='ltr'><strong>THESS.</strong></span> <span class='ocrx_word' id='word_1_14' title='bbox 1664 295 1716 352; x_wconf 73' lang='lat' dir='ltr'>bib</span> 
     </span>
    </p>
   </div>
   <div class='ocr_carea' id='block_1_2' title="bbox 10 413 1824 4400">
    <p class='ocr_par' dir='ltr' id='par_1_2' title="bbox 10 413 1824 4400">
     <span class='ocr_line' id='line_1_2' title="bbox 42 413 1719 493; baseline 0.005 -23"><span class='ocrx_word' id='word_1_15' title='bbox 42 420 160 492; x_wconf 69' lang='lat' dir='ltr'>potat</span> <span class='ocrx_word' id='word_1_16' title='bbox 171 415 293 471; x_wconf 67' lang='lat' dir='ltr'>medere</span> <span class='ocrx_word' id='word_1_17' title='bbox 298 415 464 487; x_wconf 76' lang='lat' dir='ltr'>Apostolum</span> <span class='ocrx_word' id='word_1_18' title='bbox 470 430 521 486; x_wconf 92' lang='lat' dir='ltr'>pro</span> <span class='ocrx_word' id='word_1_19' title='bbox 528 413 707 469; x_wconf 79' lang='lat' dir='ltr'>credentibus</span> <span class='ocrx_word' id='word_1_20' title='bbox 717 414 871 486; x_wconf 89' lang='lat' dir='ltr'>deprecari,</span> <span class='ocrx_word' id='word_1_21' title='bbox 880 419 907 476; x_wconf 82' lang='grc' dir='ltr'>Α</span> <span class='ocrx_word' id='word_1_22' title='bbox 915 416 1032 486; x_wconf 89' lang='lat' dir='ltr'>spiritus</span> <span class='ocrx_word' id='word_1_23' title='bbox 1040 431 1096 487; x_wconf 90' lang='lat' dir='ltr'>quo</span> <span class='ocrx_word' id='word_1_24' title='bbox 1107 416 1256 483; x_wconf 87' lang='lat' dir='ltr'>sentimus,</span> <span class='ocrx_word' id='word_1_25' title='bbox 1270 417 1370 471; x_wconf 78' lang='lat' dir='ltr'>animae</span> <span class='ocrx_word' id='word_1_26' title='bbox 1385 416 1581 489; x_wconf 71' lang='lat' dir='ltr'>quesivimus,</span> <span class='ocrx_word' id='word_1_27' title='bbox 1592 420 1719 493; x_wconf 77' lang='lat' dir='ltr'>emporis</span> 
     </span>
     <span class='ocr_line' id='line_1_3' title="bbox 43 503 1721 582; baseline 0.005 -25"><span class='ocrx_word' id='word_1_28' title='bbox 43 506 89 565; x_wconf 73' lang='lat' dir='ltr'>ut</span> <span class='ocrx_word' id='word_1_29' title='bbox 101 503 139 559; x_wconf 86' lang='lat' dir='ltr'>in</span> <span class='ocrx_word' id='word_1_30' title='bbox 156 504 207 558; x_wconf 89' lang='lat' dir='ltr'>die</span> <span class='ocrx_word' id='word_1_31' title='bbox 220 504 321 575; x_wconf 83' lang='lat' dir='ltr'>judicii</span> <span class='ocrx_word' id='word_1_32' title='bbox 335 505 477 574; x_wconf 79' lang='lat' dir='ltr'>integrum</span> <span class='ocrx_word' id='word_1_33' title='bbox 494 504 620 558; x_wconf 91' lang='lat' dir='ltr'>omnium</span> <span class='ocrx_word' id='word_1_34' title='bbox 631 504 759 559; x_wconf 84' lang='lat' dir='ltr'>Christus</span> <span class='ocrx_word' id='word_1_35' title='bbox 776 520 877 575; x_wconf 89' lang='lat' dir='ltr'>corpus</span> <span class='ocrx_word' id='word_1_36' title='bbox 918 522 973 576; x_wconf 91' lang='lat' dir='ltr'>quo</span> <span class='ocrx_word' id='word_1_37' title='bbox 983 505 1226 561; x_wconf 84' lang='lat' dir='ltr'>incedimus.Sunt</span> <span class='ocrx_word' id='word_1_38' title='bbox 1236 507 1283 577; x_wconf 94' lang='lat' dir='ltr'>qui</span> <span class='ocrx_word' id='word_1_39' title='bbox 1293 523 1326 561; x_wconf 83' lang='lat' dir='ltr'>ex</span> <span class='ocrx_word' id='word_1_40' title='bbox 1337 507 1433 561; x_wconf 86' lang='lat' dir='ltr'>anima</span> <span class='ocrx_word' id='word_1_41' title='bbox 1443 512 1554 562; x_wconf 86' lang='lat' dir='ltr'>tantum</span> <span class='ocrx_word' id='word_1_42' title='bbox 1569 514 1721 582; x_wconf 86' lang='lat' dir='ltr'>etcorpore</span> 
     </span>
     <span class='ocr_line' id='line_1_4' title="bbox 42 593 1720 668; baseline 0.007 -26"><span class='ocrx_word' id='word_1_43' title='bbox 42 593 204 657; x_wconf 70' lang='lat' dir='ltr'>inveniat,</span> <span class='ocrx_word' id='word_1_44' title='bbox 220 610 285 648; x_wconf 87' lang='lat' dir='ltr'>cum</span> <span class='ocrx_word' id='word_1_45' title='bbox 301 593 427 648; x_wconf 90' lang='lat' dir='ltr'>omnium</span> <span class='ocrx_word' id='word_1_46' title='bbox 442 609 560 663; x_wconf 87' lang='lat' dir='ltr'>corpora</span> <span class='ocrx_word' id='word_1_47' title='bbox 574 597 624 646; x_wconf 86' lang='lat' dir='ltr'>aut</span> <span class='ocrx_word' id='word_1_48' title='bbox 638 598 728 647; x_wconf 87' lang='lat' dir='ltr'>morte</span> <span class='ocrx_word' id='word_1_49' title='bbox 741 594 877 647; x_wconf 86' lang='lat' dir='ltr'>dissoluta</span> <span class='ocrx_word' id='word_1_50' title='bbox 917 595 1070 650; x_wconf 76' lang='lat' dir='ltr'>subsistere</span> <span class='ocrx_word' id='word_1_51' title='bbox 1084 594 1226 650; x_wconf 88' lang='lat' dir='ltr'>hominem</span> <span class='ocrx_word' id='word_1_52' title='bbox 1242 596 1558 668; x_wconf 86' lang='lat' dir='ltr'>disserentes,spiritum</span> <span class='ocrx_word' id='word_1_53' title='bbox 1572 598 1603 653; x_wconf 91' lang='lat' dir='ltr'>in</span> <span class='ocrx_word' id='word_1_54' title='bbox 1617 614 1651 653; x_wconf 91' lang='lat' dir='ltr'>eo</span> <span class='ocrx_word' id='word_1_55' title='bbox 1664 602 1720 661; x_wconf 86' lang='lat' dir='ltr'>ter·</span> 
     </span>
     <span class='ocr_line' id='line_1_5' title="bbox 41 680 1719 756; baseline 0.004 -20"><span class='ocrx_word' id='word_1_56' title='bbox 41 680 126 743; x_wconf 68' lang='lat' dir='ltr'>nint,</span> <span class='ocrx_word' id='word_1_57' title='bbox 134 688 205 743; x_wconf 83' lang='lat' dir='ltr'>aut,</span> <span class='ocrx_word' id='word_1_58' title='bbox 219 683 295 737; x_wconf 87' lang='lat' dir='ltr'>sicut</span> <span class='ocrx_word' id='word_1_59' title='bbox 308 683 423 753; x_wconf 81' lang='lat' dir='ltr'>quidum</span> <span class='ocrx_word' id='word_1_60' title='bbox 434 682 541 744; x_wconf 80' lang='lat' dir='ltr'>uolunt,</span> <span class='ocrx_word' id='word_1_61' title='bbox 549 682 774 753; x_wconf 76' lang='lat' dir='ltr'>reportatuerint</span> <span class='ocrx_word' id='word_1_62' title='bbox 784 683 876 737; x_wconf 88' lang='lat' dir='ltr'>adhuc</span> <span class='ocrx_word' id='word_1_63' title='bbox 916 684 989 738; x_wconf 88' lang='lat' dir='ltr'>tium</span> <span class='ocrx_word' id='word_1_64' title='bbox 999 701 1056 739; x_wconf 89' lang='lat' dir='ltr'>noa</span> <span class='ocrx_word' id='word_1_65' title='bbox 1064 683 1250 739; x_wconf 79' lang='lat' dir='ltr'>substantiam</span> <span class='ocrx_word' id='word_1_66' title='bbox 1263 685 1351 739; x_wconf 84' lang='lat' dir='ltr'>velint</span> <span class='ocrx_word' id='word_1_67' title='bbox 1360 685 1583 756; x_wconf 80' lang='lat' dir='ltr'>intelligere,sed</span> <span class='ocrx_word' id='word_1_68' title='bbox 1594 686 1719 742; x_wconf 80' lang='lat' dir='ltr'>efficien-</span> 
     </span>
     <span class='ocr_line' id='line_1_6' title="bbox 43 769 1720 846; baseline 0.005 -24"><span class='ocrx_word' id='word_1_69' title='bbox 43 769 222 843; x_wconf 55' lang='lat' dir='ltr'>spirantia,</span> <span class='ocrx_word' id='word_1_70' title='bbox 234 770 358 826; x_wconf 85' lang='lat' dir='ltr'>babeant</span> <span class='ocrx_word' id='word_1_71' title='bbox 367 770 527 826; x_wconf 88' lang='lat' dir='ltr'>debilitates</span> <span class='ocrx_word' id='word_1_72' title='bbox 537 786 614 831; x_wconf 84' lang='lat' dir='ltr'>suas,</span> <span class='ocrx_word' id='word_1_73' title='bbox 626 775 656 826; x_wconf 87' lang='lat' dir='ltr'>et</span> <span class='ocrx_word' id='word_1_74' title='bbox 664 771 786 825; x_wconf 83' lang='lat' dir='ltr'><strong>maxime</strong></span> <span class='ocrx_word' id='word_1_75' title='bbox 800 787 876 825; x_wconf 92' lang='lat' dir='ltr'>mar·</span> <span class='ocrx_word' id='word_1_76' title='bbox 915 773 997 840; x_wconf 85' lang='lat' dir='ltr'>tiam,</span> <span class='ocrx_word' id='word_1_77' title='bbox 1006 789 1057 844; x_wconf 94' lang='lat' dir='ltr'>per</span> <span class='ocrx_word' id='word_1_78' title='bbox 1069 788 1153 843; x_wconf 86' lang='lat' dir='ltr'>quam</span> <span class='ocrx_word' id='word_1_79' title='bbox 1164 778 1193 827; x_wconf 92' lang='lat' dir='ltr'>et</span> <span class='ocrx_word' id='word_1_80' title='bbox 1203 788 1283 828; x_wconf 87' lang='lat' dir='ltr'>mens</span> <span class='ocrx_word' id='word_1_81' title='bbox 1291 774 1321 827; x_wconf 90' lang='lat' dir='ltr'>in</span> <span class='ocrx_word' id='word_1_82' title='bbox 1331 773 1412 828; x_wconf 91' lang='lat' dir='ltr'>nobis</span> <span class='ocrx_word' id='word_1_83' title='bbox 1426 780 1456 828; x_wconf 87' lang='lat' dir='ltr'>et</span> <span class='ocrx_word' id='word_1_84' title='bbox 1469 790 1567 829; x_wconf 88' lang='lat' dir='ltr'>sensus</span> <span class='ocrx_word' id='word_1_85' title='bbox 1579 774 1720 846; x_wconf 78' lang='lat' dir='ltr'>etcogita·</span> 
     </span>
     <span class='ocr_line' id='line_1_7' title="bbox 43 860 1718 934; baseline 0.004 -21"><span class='ocrx_word' id='word_1_86' title='bbox 43 872 174 932; x_wconf 77' lang='lat' dir='ltr'>tyrum,</span> <span class='ocrx_word' id='word_1_87' title='bbox 191 866 226 915; x_wconf 84' lang='lat' dir='ltr'>et</span> <span class='ocrx_word' id='word_1_88' title='bbox 240 877 339 916; x_wconf 87' lang='lat' dir='ltr'>eorum</span> <span class='ocrx_word' id='word_1_89' title='bbox 354 860 402 931; x_wconf 91' lang='lat' dir='ltr'>qui</span> <span class='ocrx_word' id='word_1_90' title='bbox 418 876 470 932; x_wconf 91' lang='lat' dir='ltr'>pro</span> <span class='ocrx_word' id='word_1_91' title='bbox 484 860 588 914; x_wconf 79' lang='lat' dir='ltr'>Christi</span> <span class='ocrx_word' id='word_1_92' title='bbox 604 860 717 915; x_wconf 88' lang='lat' dir='ltr'>nomine</span> <span class='ocrx_word' id='word_1_93' title='bbox 728 860 771 914; x_wconf 80' lang='lat' dir='ltr'>sci</span> <span class='ocrx_word' id='word_1_94' title='bbox 782 861 877 915; x_wconf 88' lang='lat' dir='ltr'>oculos</span> <span class='ocrx_word' id='word_1_95' title='bbox 917 863 956 916; x_wconf 90' lang='lat' dir='ltr'>tio</span> <span class='ocrx_word' id='word_1_96' title='bbox 967 867 997 916; x_wconf 89' lang='lat' dir='ltr'>et</span> <span class='ocrx_word' id='word_1_97' title='bbox 1007 863 1119 916; x_wconf 88' lang='lat' dir='ltr'>animus</span> <span class='ocrx_word' id='word_1_98' title='bbox 1126 863 1293 933; x_wconf 85' lang='lat' dir='ltr'>appellatur,</span> <span class='ocrx_word' id='word_1_99' title='bbox 1305 869 1335 917; x_wconf 87' lang='lat' dir='ltr'>et</span> <span class='ocrx_word' id='word_1_100' title='bbox 1343 863 1442 934; x_wconf 85' lang='lat' dir='ltr'>utique</span> <span class='ocrx_word' id='word_1_101' title='bbox 1451 880 1508 918; x_wconf 92' lang='lat' dir='ltr'>non</span> <span class='ocrx_word' id='word_1_102' title='bbox 1519 868 1586 919; x_wconf 90' lang='lat' dir='ltr'>sunt</span> <span class='ocrx_word' id='word_1_103' title='bbox 1598 869 1642 919; x_wconf 89' lang='lat' dir='ltr'>tot</span> <span class='ocrx_word' id='word_1_104' title='bbox 1651 864 1718 919; x_wconf 89' lang='lat' dir='ltr'>sub·</span> 
     </span>
     <span class='ocr_line' id='line_1_8' title="bbox 45 946 1714 1024; baseline 0.003 -21"><span class='ocrx_word' id='word_1_105' title='bbox 45 946 196 1015; x_wconf 72' lang='lat' dir='ltr'>effossos,</span> <span class='ocrx_word' id='word_1_106' title='bbox 215 950 260 1003; x_wconf 84' lang='lat' dir='ltr'>vei</span> <span class='ocrx_word' id='word_1_107' title='bbox 274 955 437 1020; x_wconf 81' lang='lat' dir='ltr'>amputatas</span> <span class='ocrx_word' id='word_1_108' title='bbox 449 965 533 1003; x_wconf 86' lang='lat' dir='ltr'>nares</span> <span class='ocrx_word' id='word_1_109' title='bbox 558 950 601 1003; x_wconf 88' lang='lat' dir='ltr'>vel</span> <span class='ocrx_word' id='word_1_110' title='bbox 621 949 756 1004; x_wconf 86' lang='lat' dir='ltr'>abscissas</span> <span class='ocrx_word' id='word_1_111' title='bbox 776 965 877 1004; x_wconf 88' lang='lat' dir='ltr'>manus</span> <span class='ocrx_word' id='word_1_112' title='bbox 917 951 1028 1005; x_wconf 72' lang='lat' dir='ltr'>stantiae</span> <span class='ocrx_word' id='word_1_113' title='bbox 1037 955 1107 1022; x_wconf 93' lang='lat' dir='ltr'>quot</span> <span class='ocrx_word' id='word_1_114' title='bbox 1115 951 1447 1022; x_wconf 79' lang='lat' dir='ltr'>nominacumqueillud</span> <span class='ocrx_word' id='word_1_115' title='bbox 1455 952 1714 1024; x_wconf 82' lang='lat' dir='ltr'>oppositumfuerit:</span> 
     </span>
     <span class='ocr_line' id='line_1_9' title="bbox 47 1035 1717 1110; baseline 0.004 -19"><span class='ocrx_word' id='word_1_116' title='bbox 47 1035 285 1109; x_wconf 65' lang='lat' dir='ltr'>hebeantAErgo</span> <span class='ocrx_word' id='word_1_117' title='bbox 299 1038 443 1108; x_wconf 78' lang='lat' dir='ltr'>integrum</span> <span class='ocrx_word' id='word_1_118' title='bbox 457 1053 559 1109; x_wconf 91' lang='lat' dir='ltr'>corpus</span> <span class='ocrx_word' id='word_1_119' title='bbox 573 1044 625 1099; x_wconf 82' lang='lat' dir='ltr'>est,</span> <span class='ocrx_word' id='word_1_120' title='bbox 639 1039 674 1092; x_wconf 90' lang='lat' dir='ltr'>de</span> <span class='ocrx_word' id='word_1_121' title='bbox 689 1054 745 1109; x_wconf 91' lang='lat' dir='ltr'>quo</span> <span class='ocrx_word' id='word_1_122' title='bbox 755 1038 878 1093; x_wconf 81' lang='lat' dir='ltr'>diximus</span> <span class='ocrx_word' id='word_1_123' title='bbox 919 1041 1078 1105; x_wconf 76' lang='lat' dir='ltr'>Benedicite,</span> <span class='ocrx_word' id='word_1_124' title='bbox 1093 1044 1210 1109; x_wconf 81' lang='lat' dir='ltr'>spiritus</span> <span class='ocrx_word' id='word_1_125' title='bbox 1230 1045 1254 1094; x_wconf 78' lang='lat' dir='ltr'>st</span> <span class='ocrx_word' id='word_1_126' title='bbox 1276 1044 1379 1095; x_wconf 70' lang='lat' dir='ltr'>aniana</span> <span class='ocrx_word' id='word_1_127' title='bbox 1392 1044 1547 1110; x_wconf 78' lang='lat' dir='ltr'>justorum,</span> <span class='ocrx_word' id='word_1_128' title='bbox 1564 1042 1717 1098; x_wconf 75' lang='lat' dir='ltr'>bominum</span> 
     </span>
     <span class='ocr_line' id='line_1_10' title="bbox 50 1125 1717 1201; baseline 0.004 -21"><span class='ocrx_word' id='word_1_129' title='bbox 50 1134 87 1190; x_wconf 73' lang='lat' dir='ltr'>in</span> <span class='ocrx_word' id='word_1_130' title='bbox 103 1125 171 1180; x_wconf 78' lang='lat' dir='ltr'>alis</span> <span class='ocrx_word' id='word_1_131' title='bbox 185 1127 354 1198; x_wconf 75' lang='lat' dir='ltr'>quaestione,</span> <span class='ocrx_word' id='word_1_132' title='bbox 370 1132 400 1181; x_wconf 89' lang='lat' dir='ltr'>et</span> <span class='ocrx_word' id='word_1_133' title='bbox 414 1142 470 1181; x_wconf 88' lang='lat' dir='ltr'>non</span> <span class='ocrx_word' id='word_1_134' title='bbox 484 1132 677 1198; x_wconf 88' lang='lat' dir='ltr'>tenenscaput</span> <span class='ocrx_word' id='word_1_135' title='bbox 686 1143 719 1187; x_wconf 87' lang='lat' dir='ltr'>er</span> <span class='ocrx_word' id='word_1_136' title='bbox 730 1143 785 1198; x_wconf 91' lang='lat' dir='ltr'>quo</span> <span class='ocrx_word' id='word_1_137' title='bbox 795 1143 878 1182; x_wconf 89' lang='lat' dir='ltr'>omne</span> <span class='ocrx_word' id='word_1_138' title='bbox 918 1127 1000 1200; x_wconf 77' lang='lat' dir='ltr'>(Dan.</span> <span class='ocrx_word' id='word_1_139' title='bbox 1017 1129 1243 1200; x_wconf 81' lang='lat' dir='ltr'>ar),scripturam</span> <span class='ocrx_word' id='word_1_140' title='bbox 1254 1145 1312 1183; x_wconf 93' lang='lat' dir='ltr'>non</span> <span class='ocrx_word' id='word_1_141' title='bbox 1325 1129 1474 1201; x_wconf 83' lang='lat' dir='ltr'>recipiunt,</span> <span class='ocrx_word' id='word_1_142' title='bbox 1483 1130 1608 1186; x_wconf 88' lang='lat' dir='ltr'>dicentes</span> <span class='ocrx_word' id='word_1_143' title='bbox 1617 1131 1717 1186; x_wconf 84' lang='lat' dir='ltr'>samin</span> 
     </span>
     <span class='ocr_line' id='line_1_11' title="bbox 57 1214 1737 1290; baseline 0.003 -20"><span class='ocrx_word' id='word_1_144' title='bbox 57 1230 174 1286; x_wconf 76' lang='lat' dir='ltr'>corpus</span> <span class='ocrx_word' id='word_1_145' title='bbox 194 1232 354 1271; x_wconf 82' lang='lat' dir='ltr'>connexum</span> <span class='ocrx_word' id='word_1_146' title='bbox 376 1222 461 1286; x_wconf 84' lang='lat' dir='ltr'>atque</span> <span class='ocrx_word' id='word_1_147' title='bbox 485 1223 661 1287; x_wconf 86' lang='lat' dir='ltr'>compactum</span> <span class='ocrx_word' id='word_1_148' title='bbox 684 1214 803 1287; x_wconf 82' lang='lat' dir='ltr'>accipiat</span> <span class='ocrx_word' id='word_1_149' title='bbox 826 1233 878 1271; x_wconf 88' lang='lat' dir='ltr'>au·</span> <span class='ocrx_word' id='word_1_150' title='bbox 919 1216 1120 1272; x_wconf 85' lang='lat' dir='ltr'>Hebraiconon</span> <span class='ocrx_word' id='word_1_151' title='bbox 1130 1218 1309 1273; x_wconf 80' lang='lat' dir='ltr'>habereNos</span> <span class='ocrx_word' id='word_1_152' title='bbox 1319 1223 1414 1273; x_wconf 83' lang='lat' dir='ltr'>autem</span> <span class='ocrx_word' id='word_1_153' title='bbox 1424 1217 1454 1272; x_wconf 90' lang='lat' dir='ltr'>in</span> <span class='ocrx_word' id='word_1_154' title='bbox 1464 1220 1595 1290; x_wconf 71' lang='lat' dir='ltr'>prasenti</span> <span class='ocrx_word' id='word_1_155' title='bbox 1604 1220 1675 1287; x_wconf 87' lang='lat' dir='ltr'>loco,</span> <span class='ocrx_word' id='word_1_156' title='bbox 1685 1225 1737 1290; x_wconf 70' lang='lat' dir='ltr'>ut⁸</span> 
     </span>
     <span class='ocr_line' id='line_1_12' title="bbox 60 1305 1718 1381; baseline 0.003 -22"><span class='ocrx_word' id='word_1_157' title='bbox 60 1312 223 1381; x_wconf 73' lang='lat' dir='ltr'>gmentum</span> <span class='ocrx_word' id='word_1_158' title='bbox 235 1306 265 1359; x_wconf 95' lang='lat' dir='ltr'>in</span> <span class='ocrx_word' id='word_1_159' title='bbox 280 1305 553 1358; x_wconf 77' lang='lat' dir='ltr'>administrationem</span> <span class='ocrx_word' id='word_1_160' title='bbox 568 1305 683 1359; x_wconf 83' lang='lat' dir='ltr'>Christi.</span> <span class='ocrx_word' id='word_1_161' title='bbox 700 1306 758 1358; x_wconf 84' lang='lat' dir='ltr'>Hoc</span> <span class='ocrx_word' id='word_1_162' title='bbox 776 1320 877 1376; x_wconf 87' lang='lat' dir='ltr'>corpus</span> <span class='ocrx_word' id='word_1_163' title='bbox 917 1321 1004 1377; x_wconf 85' lang='lat' dir='ltr'>supra</span> <span class='ocrx_word' id='word_1_164' title='bbox 1016 1306 1261 1377; x_wconf 70' lang='lat' dir='ltr'>diximusspiritu,</span> <span class='ocrx_word' id='word_1_165' title='bbox 1275 1307 1323 1378; x_wconf 91' lang='lat' dir='ltr'>qui</span> <span class='ocrx_word' id='word_1_166' title='bbox 1333 1323 1398 1362; x_wconf 89' lang='lat' dir='ltr'>cum</span> <span class='ocrx_word' id='word_1_167' title='bbox 1407 1308 1503 1361; x_wconf 86' lang='lat' dir='ltr'>anima</span> <span class='ocrx_word' id='word_1_168' title='bbox 1512 1313 1541 1363; x_wconf 87' lang='lat' dir='ltr'>et</span> <span class='ocrx_word' id='word_1_169' title='bbox 1550 1323 1666 1380; x_wconf 89' lang='lat' dir='ltr'>corpore</span> <span class='ocrx_word' id='word_1_170' title='bbox 1675 1308 1718 1364; x_wconf 90' lang='lat' dir='ltr'>in·</span> 
     </span>
     <span class='ocr_line' id='line_1_13' title="bbox 65 1393 1714 1467; baseline 0.002 -18"><span class='ocrx_word' id='word_1_171' title='bbox 65 1393 204 1456; x_wconf 68' lang='lat' dir='ltr'>maleae</span> <span class='ocrx_word' id='word_1_172' title='bbox 216 1401 246 1449; x_wconf 89' lang='lat' dir='ltr'>ct</span> <span class='ocrx_word' id='word_1_173' title='bbox 254 1393 506 1466; x_wconf 88' lang='lat' dir='ltr'>quicunquehujus</span> <span class='ocrx_word' id='word_1_174' title='bbox 517 1395 642 1464; x_wconf 86' lang='lat' dir='ltr'>corporis</span> <span class='ocrx_word' id='word_1_175' title='bbox 648 1394 773 1449; x_wconf 87' lang='lat' dir='ltr'>tenuerit</span> <span class='ocrx_word' id='word_1_176' title='bbox 780 1400 874 1466; x_wconf 85' lang='lat' dir='ltr'>caput,</span> <span class='ocrx_word' id='word_1_177' title='bbox 917 1400 996 1465; x_wconf 73' lang='lat' dir='ltr'>teger</span> <span class='ocrx_word' id='word_1_178' title='bbox 1009 1401 1199 1461; x_wconf 84' lang='lat' dir='ltr'>conservatur,</span> <span class='ocrx_word' id='word_1_179' title='bbox 1209 1411 1265 1450; x_wconf 91' lang='lat' dir='ltr'>non</span> <span class='ocrx_word' id='word_1_180' title='bbox 1280 1395 1468 1451; x_wconf 74' lang='lat' dir='ltr'>substantiam</span> <span class='ocrx_word' id='word_1_181' title='bbox 1479 1397 1600 1467; x_wconf 82' lang='lat' dir='ltr'>Spiritus</span> <span class='ocrx_word' id='word_1_182' title='bbox 1615 1398 1714 1465; x_wconf 67' lang='lat' dir='ltr'>senon,</span> 
     </span>
     <span class='ocr_line' id='line_1_14' title="bbox 71 1482 1715 1556; baseline 0.002 -19"><span class='ocrx_word' id='word_1_183' title='bbox 71 1492 101 1543; x_wconf 72' lang='lat' dir='ltr'>et</span> <span class='ocrx_word' id='word_1_184' title='bbox 111 1490 221 1538; x_wconf 67' lang='lat' dir='ltr'>cetera</span> <span class='ocrx_word' id='word_1_185' title='bbox 234 1482 362 1537; x_wconf 85' lang='lat' dir='ltr'>membra</span> <span class='ocrx_word' id='word_1_186' title='bbox 376 1483 505 1547; x_wconf 85' lang='lat' dir='ltr'>servarit,</span> <span class='ocrx_word' id='word_1_187' title='bbox 521 1482 637 1538; x_wconf 85' lang='lat' dir='ltr'>babebit</span> <span class='ocrx_word' id='word_1_188' title='bbox 657 1483 800 1554; x_wconf 78' lang='lat' dir='ltr'>integrum</span> <span class='ocrx_word' id='word_1_189' title='bbox 814 1498 876 1538; x_wconf 92' lang='lat' dir='ltr'>cor·</span> <span class='ocrx_word' id='word_1_190' title='bbox 918 1500 979 1553; x_wconf 82' lang='lat' dir='ltr'>quae</span> <span class='ocrx_word' id='word_1_191' title='bbox 993 1499 1049 1538; x_wconf 90' lang='lat' dir='ltr'>non</span> <span class='ocrx_word' id='word_1_192' title='bbox 1064 1490 1156 1555; x_wconf 88' lang='lat' dir='ltr'>potest</span> <span class='ocrx_word' id='word_1_193' title='bbox 1166 1485 1292 1549; x_wconf 84' lang='lat' dir='ltr'>interire,</span> <span class='ocrx_word' id='word_1_194' title='bbox 1308 1485 1357 1540; x_wconf 91' lang='lat' dir='ltr'>sed</span> <span class='ocrx_word' id='word_1_195' title='bbox 1376 1485 1483 1555; x_wconf 77' lang='lat' dir='ltr'>gratias</span> <span class='ocrx_word' id='word_1_196' title='bbox 1501 1487 1562 1556; x_wconf 84' lang='lat' dir='ltr'>ejus</span> <span class='ocrx_word' id='word_1_197' title='bbox 1585 1482 1715 1541; x_wconf 88' lang='lat' dir='ltr'>donatio-</span> 
     </span>
     <span class='ocr_line' id='line_1_15' title="bbox 78 1572 1718 1650; baseline 0.002 -24"><span class='ocrx_word' id='word_1_198' title='bbox 78 1587 138 1650; x_wconf 80' lang='lat' dir='ltr'>pus,</span> <span class='ocrx_word' id='word_1_199' title='bbox 152 1579 294 1644; x_wconf 82' lang='lat' dir='ltr'>quantum</span> <span class='ocrx_word' id='word_1_200' title='bbox 309 1577 402 1643; x_wconf 87' lang='lat' dir='ltr'>potest</span> <span class='ocrx_word' id='word_1_201' title='bbox 416 1572 878 1643; x_wconf 77' lang='lat' dir='ltr'>reciperehumananatura,1‘uxta</span> <span class='ocrx_word' id='word_1_202' title='bbox 918 1588 1024 1643; x_wconf 83' lang='lat' dir='ltr'>nesque</span> <span class='ocrx_word' id='word_1_203' title='bbox 1037 1573 1199 1644; x_wconf 81' lang='lat' dir='ltr'>accipimus,</span> <span class='ocrx_word' id='word_1_204' title='bbox 1209 1590 1271 1645; x_wconf 80' lang='lat' dir='ltr'>quae</span> <span class='ocrx_word' id='word_1_205' title='bbox 1286 1579 1383 1628; x_wconf 81' lang='lat' dir='ltr'>nostra</span> <span class='ocrx_word' id='word_1_206' title='bbox 1396 1575 1439 1627; x_wconf 83' lang='lat' dir='ltr'>vel</span> <span class='ocrx_word' id='word_1_207' title='bbox 1448 1574 1679 1629; x_wconf 79' lang='lat' dir='ltr'>virtutevelritio</span> <span class='ocrx_word' id='word_1_208' title='bbox 1688 1579 1718 1630; x_wconf 90' lang='lat' dir='ltr'>et</span> 
     </span>
     <span class='ocr_line' id='line_1_16' title="bbox 82 1659 1717 1733; baseline 0.002 -19"><span class='ocrx_word' id='word_1_209' title='bbox 82 1660 278 1720; x_wconf 69' lang='lat' dir='ltr'>huncmodum</span> <span class='ocrx_word' id='word_1_210' title='bbox 292 1667 321 1715; x_wconf 94' lang='lat' dir='ltr'>et</span> <span class='ocrx_word' id='word_1_211' title='bbox 335 1662 436 1715; x_wconf 79' lang='lat' dir='ltr'>animm</span> <span class='ocrx_word' id='word_1_212' title='bbox 450 1659 599 1730; x_wconf 80' lang='lat' dir='ltr'>integritas</span> <span class='ocrx_word' id='word_1_213' title='bbox 617 1662 809 1716; x_wconf 84' lang='lat' dir='ltr'>conservanda</span> <span class='ocrx_word' id='word_1_214' title='bbox 822 1666 874 1727; x_wconf 86' lang='lat' dir='ltr'>est,</span> <span class='ocrx_word' id='word_1_215' title='bbox 918 1662 1108 1716; x_wconf 84' lang='lat' dir='ltr'>accenduntur</span> <span class='ocrx_word' id='word_1_216' title='bbox 1118 1668 1147 1716; x_wconf 90' lang='lat' dir='ltr'>et</span> <span class='ocrx_word' id='word_1_217' title='bbox 1156 1663 1374 1733; x_wconf 82' lang='lat' dir='ltr'>exstinguuntur</span> <span class='ocrx_word' id='word_1_218' title='bbox 1384 1663 1413 1717; x_wconf 89' lang='lat' dir='ltr'>in</span> <span class='ocrx_word' id='word_1_219' title='bbox 1423 1662 1513 1718; x_wconf 88' lang='lat' dir='ltr'>nobis.</span> <span class='ocrx_word' id='word_1_220' title='bbox 1528 1664 1621 1732; x_wconf 63' lang='lat' dir='ltr'>(Asty.)</span> <span class='ocrx_word' id='word_1_221' title='bbox 1632 1663 1717 1718; x_wconf 82' lang='lat' dir='ltr'>Aliud</span> 
     </span>
     <span class='ocr_line' id='line_1_17' title="bbox 90 1741 1719 1824; baseline 0.001 -19"><span class='ocrx_word' id='word_1_222' title='bbox 90 1766 142 1824; x_wconf 76' lang='lat' dir='ltr'>que</span> <span class='ocrx_word' id='word_1_223' title='bbox 152 1750 244 1805; x_wconf 88' lang='lat' dir='ltr'>dicere</span> <span class='ocrx_word' id='word_1_224' title='bbox 258 1756 353 1821; x_wconf 88' lang='lat' dir='ltr'>potest</span> <span class='ocrx_word' id='word_1_225' title='bbox 367 1769 373 1804; x_wconf 92' lang='lat'>:</span> <span class='ocrx_word' id='word_1_226' title='bbox 391 1752 513 1813; x_wconf 74' lang='lat' dir='ltr'>benedic,</span> <span class='ocrx_word' id='word_1_227' title='bbox 523 1753 622 1804; x_wconf 80' lang='lat' dir='ltr'>anima</span> <span class='ocrx_word' id='word_1_228' title='bbox 633 1766 703 1817; x_wconf 77' lang='lat' dir='ltr'>inec,</span> <span class='ocrx_word' id='word_1_229' title='bbox 712 1750 872 1816; x_wconf 79' lang='lat' dir='ltr'>domiuum,</span> <span class='ocrx_word' id='word_1_230' title='bbox 883 1741 907 1801; x_wconf 93' lang='lat' dir='ltr'>B</span> <span class='ocrx_word' id='word_1_231' title='bbox 918 1757 962 1805; x_wconf 90' lang='lat' dir='ltr'>est</span> <span class='ocrx_word' id='word_1_232' title='bbox 975 1766 1036 1805; x_wconf 82' lang='lat' dir='ltr'>esse</span> <span class='ocrx_word' id='word_1_233' title='bbox 1050 1752 1111 1805; x_wconf 88' lang='lat' dir='ltr'>sine</span> <span class='ocrx_word' id='word_1_234' title='bbox 1124 1757 1248 1822; x_wconf 86' lang='lat' dir='ltr'>peccato,</span> <span class='ocrx_word' id='word_1_235' title='bbox 1265 1752 1339 1822; x_wconf 90' lang='lat' dir='ltr'>quod</span> <span class='ocrx_word' id='word_1_236' title='bbox 1353 1752 1389 1805; x_wconf 88' lang='lat' dir='ltr'>de</span> <span class='ocrx_word' id='word_1_237' title='bbox 1401 1753 1461 1807; x_wconf 92' lang='lat' dir='ltr'>solo</span> <span class='ocrx_word' id='word_1_238' title='bbox 1475 1752 1504 1806; x_wconf 90' lang='lat' dir='ltr'>in</span> <span class='ocrx_word' id='word_1_239' title='bbox 1519 1752 1571 1806; x_wconf 88' lang='lat' dir='ltr'>bac</span> <span class='ocrx_word' id='word_1_240' title='bbox 1585 1751 1643 1806; x_wconf 85' lang='lat' dir='ltr'>rita</span> <span class='ocrx_word' id='word_1_241' title='bbox 1657 1750 1719 1807; x_wconf 89' lang='lat' dir='ltr'>uni·</span> 
     </span>
     <span class='ocr_line' id='line_1_18' title="bbox 10 1839 1718 1913; baseline 0.002 -20"><span class='ocrx_word' id='word_1_242' title='bbox 10 1888 12 1893; x_wconf 92' lang='lat'><em>.</em></span> <span class='ocrx_word' id='word_1_243' title='bbox 95 1842 133 1911; x_wconf 69' lang='lat' dir='ltr'>pt</span> <span class='ocrx_word' id='word_1_244' title='bbox 143 1846 223 1894; x_wconf 80' lang='lat' dir='ltr'>ronst</span> <span class='ocrx_word' id='word_1_245' title='bbox 236 1855 330 1893; x_wconf 76' lang='lat' dir='ltr'>orienes</span> <span class='ocrx_word' id='word_1_246' title='bbox 343 1843 522 1908; x_wconf 68' lang='lat' dir='ltr'>infirmitates</span> <span class='ocrx_word' id='word_1_247' title='bbox 537 1844 599 1892; x_wconf 84' lang='lat' dir='ltr'>tuas</span> <span class='ocrx_word' id='word_1_248' title='bbox 611 1841 697 1905; x_wconf 86' lang='lat' dir='ltr'>(Prot.</span> <span class='ocrx_word' id='word_1_249' title='bbox 713 1842 777 1907; x_wconf 74' lang='lat' dir='ltr'>ci1);</span> <span class='ocrx_word' id='word_1_250' title='bbox 794 1845 823 1893; x_wconf 89' lang='lat' dir='ltr'>et</span> <span class='ocrx_word' id='word_1_251' title='bbox 842 1841 877 1894; x_wconf 93' lang='lat' dir='ltr'>de</span> <span class='ocrx_word' id='word_1_252' title='bbox 916 1840 1012 1911; x_wconf 81' lang='lat' dir='ltr'>genito</span> <span class='ocrx_word' id='word_1_253' title='bbox 1026 1839 1132 1893; x_wconf 88' lang='lat' dir='ltr'>dictum</span> <span class='ocrx_word' id='word_1_254' title='bbox 1148 1846 1201 1903; x_wconf 85' lang='lat' dir='ltr'>est,</span> <span class='ocrx_word' id='word_1_255' title='bbox 1214 1841 1291 1894; x_wconf 86' lang='lat' dir='ltr'>aliud</span> <span class='ocrx_word' id='word_1_256' title='bbox 1307 1846 1420 1894; x_wconf 87' lang='lat' dir='ltr'>estesse</span> <span class='ocrx_word' id='word_1_257' title='bbox 1430 1841 1492 1894; x_wconf 90' lang='lat' dir='ltr'>sine</span> <span class='ocrx_word' id='word_1_258' title='bbox 1506 1841 1630 1912; x_wconf 85' lang='lat' dir='ltr'>querela,</span> <span class='ocrx_word' id='word_1_259' title='bbox 1642 1840 1718 1913; x_wconf 90' lang='lat' dir='ltr'>quod</span> 
     </span>
     <span class='ocr_line' id='line_1_19' title="bbox 98 1928 1716 2002; baseline 0.001 -19"><span class='ocrx_word' id='word_1_260' title='bbox 98 1943 140 2000; x_wconf 83' lang='lat' dir='ltr'>qm</span> <span class='ocrx_word' id='word_1_261' title='bbox 152 1929 285 2000; x_wconf 82' lang='lat' dir='ltr'>scriptum</span> <span class='ocrx_word' id='word_1_262' title='bbox 301 1933 360 1982; x_wconf 87' lang='lat' dir='ltr'>cst:</span> <span class='ocrx_word' id='word_1_263' title='bbox 370 1929 445 1982; x_wconf 74' lang='lat' dir='ltr'>,llicit</span> <span class='ocrx_word' id='word_1_264' title='bbox 459 1930 572 1981; x_wconf 65' lang='lat' dir='ltr'>arebam</span> <span class='ocrx_word' id='word_1_265' title='bbox 588 1943 672 1982; x_wconf 81' lang='lat' dir='ltr'>ruam</span> <span class='ocrx_word' id='word_1_266' title='bbox 682 1934 707 1983; x_wconf 81' lang='lat' dir='ltr'>et</span> <span class='ocrx_word' id='word_1_267' title='bbox 717 1932 826 1983; x_wconf 76' lang='lat' dir='ltr'>sonarit</span> <span class='ocrx_word' id='word_1_268' title='bbox 835 1944 876 1982; x_wconf 85' lang='lat' dir='ltr'>eos</span> <span class='ocrx_word' id='word_1_269' title='bbox 917 1929 952 1982; x_wconf 90' lang='lat' dir='ltr'>de</span> <span class='ocrx_word' id='word_1_270' title='bbox 967 1928 1063 1982; x_wconf 88' lang='lat' dir='ltr'>multis</span> <span class='ocrx_word' id='word_1_271' title='bbox 1075 1928 1160 1999; x_wconf 88' lang='lat' dir='ltr'>justis</span> <span class='ocrx_word' id='word_1_272' title='bbox 1175 1929 1261 1984; x_wconf 88' lang='lat' dir='ltr'>etiam</span> <span class='ocrx_word' id='word_1_273' title='bbox 1275 1929 1306 1983; x_wconf 90' lang='lat' dir='ltr'>in</span> <span class='ocrx_word' id='word_1_274' title='bbox 1319 1929 1372 1983; x_wconf 87' lang='lat' dir='ltr'>bac</span> <span class='ocrx_word' id='word_1_275' title='bbox 1385 1929 1443 1983; x_wconf 87' lang='lat' dir='ltr'>vita</span> <span class='ocrx_word' id='word_1_276' title='bbox 1456 1928 1511 1983; x_wconf 91' lang='lat' dir='ltr'>dici</span> <span class='ocrx_word' id='word_1_277' title='bbox 1526 1930 1627 2001; x_wconf 91' lang='lat' dir='ltr'>potuit,</span> <span class='ocrx_word' id='word_1_278' title='bbox 1645 1947 1716 2002; x_wconf 85' lang='lat' dir='ltr'>quo·</span> 
     </span>
     <span class='ocr_line' id='line_1_20' title="bbox 102 2015 1717 2088; baseline 0.001 -16"><span class='ocrx_word' id='word_1_279' title='bbox 102 2021 161 2085; x_wconf 67' lang='lat' dir='ltr'>(isal.</span> <span class='ocrx_word' id='word_1_280' title='bbox 182 2024 246 2086; x_wconf 79' lang='lat' dir='ltr'>arr).</span> <span class='ocrx_word' id='word_1_281' title='bbox 271 2017 388 2088; x_wconf 87' lang='lat' dir='ltr'>spiritus</span> <span class='ocrx_word' id='word_1_282' title='bbox 412 2032 523 2087; x_wconf 88' lang='lat' dir='ltr'>quoque</span> <span class='ocrx_word' id='word_1_283' title='bbox 550 2016 661 2087; x_wconf 78' lang='lat' dir='ltr'>integer</span> <span class='ocrx_word' id='word_1_284' title='bbox 685 2026 875 2085; x_wconf 86' lang='lat' dir='ltr'>conservatur,</span> <span class='ocrx_word' id='word_1_285' title='bbox 918 2018 994 2070; x_wconf 87' lang='lat' dir='ltr'>niam</span> <span class='ocrx_word' id='word_1_286' title='bbox 1004 2024 1047 2071; x_wconf 88' lang='lat' dir='ltr'>est</span> <span class='ocrx_word' id='word_1_287' title='bbox 1057 2018 1172 2088; x_wconf 86' lang='lat' dir='ltr'>quidam</span> <span class='ocrx_word' id='word_1_288' title='bbox 1182 2017 1281 2071; x_wconf 90' lang='lat' dir='ltr'>modus</span> <span class='ocrx_word' id='word_1_289' title='bbox 1291 2016 1370 2071; x_wconf 81' lang='lat' dir='ltr'>bonae</span> <span class='ocrx_word' id='word_1_290' title='bbox 1380 2015 1453 2082; x_wconf 81' lang='lat' dir='ltr'>vitae,</span> <span class='ocrx_word' id='word_1_291' title='bbox 1462 2017 1497 2071; x_wconf 91' lang='lat' dir='ltr'>de</span> <span class='ocrx_word' id='word_1_292' title='bbox 1509 2034 1564 2088; x_wconf 90' lang='lat' dir='ltr'>quo</span> <span class='ocrx_word' id='word_1_293' title='bbox 1583 2019 1669 2073; x_wconf 88' lang='lat' dir='ltr'>etiam</span> <span class='ocrx_word' id='word_1_294' title='bbox 1687 2019 1717 2073; x_wconf 91' lang='lat' dir='ltr'>in</span> 
     </span>
     <span class='ocr_line' id='line_1_21' title="bbox 105 2104 1718 2178; baseline 0.001 -17"><span class='ocrx_word' id='word_1_295' title='bbox 105 2106 188 2177; x_wconf 75' lang='lat' dir='ltr'>pendo</span> <span class='ocrx_word' id='word_1_296' title='bbox 207 2121 263 2160; x_wconf 92' lang='lat' dir='ltr'>non</span> <span class='ocrx_word' id='word_1_297' title='bbox 285 2120 413 2160; x_wconf 75' lang='lat' dir='ltr'>emamus</span> <span class='ocrx_word' id='word_1_298' title='bbox 432 2106 462 2159; x_wconf 90' lang='lat' dir='ltr'>in</span> <span class='ocrx_word' id='word_1_299' title='bbox 485 2105 669 2176; x_wconf 88' lang='lat' dir='ltr'>spiritalibus,</span> <span class='ocrx_word' id='word_1_300' title='bbox 686 2107 735 2160; x_wconf 85' lang='lat' dir='ltr'>sed</span> <span class='ocrx_word' id='word_1_301' title='bbox 758 2107 877 2163; x_wconf 84' lang='lat' dir='ltr'>vivimus</span> <span class='ocrx_word' id='word_1_302' title='bbox 918 2105 972 2160; x_wconf 85' lang='lat' dir='ltr'>ista</span> <span class='ocrx_word' id='word_1_303' title='bbox 985 2106 1108 2161; x_wconf 83' lang='lat' dir='ltr'>humana</span> <span class='ocrx_word' id='word_1_304' title='bbox 1129 2106 1339 2160; x_wconf 81' lang='lat' dir='ltr'>conversatione</span> <span class='ocrx_word' id='word_1_305' title='bbox 1360 2107 1439 2176; x_wconf 83' lang='lat' dir='ltr'>justa</span> <span class='ocrx_word' id='word_1_306' title='bbox 1456 2104 1571 2178; x_wconf 90' lang='lat' dir='ltr'>querela</span> <span class='ocrx_word' id='word_1_307' title='bbox 1586 2122 1718 2162; x_wconf 89' lang='lat' dir='ltr'>essenon</span> 
     </span>
     <span class='ocr_line' id='line_1_22' title="bbox 106 2192 1824 2269; baseline 0.001 -20"><span class='ocrx_word' id='word_1_308' title='bbox 106 2194 401 2267; x_wconf 66' lang='lat' dir='ltr'>spinmscquiescimus</span> <span class='ocrx_word' id='word_1_309' title='bbox 414 2192 526 2265; x_wconf 88' lang='lat' dir='ltr'>spiritu,</span> <span class='ocrx_word' id='word_1_310' title='bbox 543 2200 573 2248; x_wconf 87' lang='lat' dir='ltr'>et</span> <span class='ocrx_word' id='word_1_311' title='bbox 585 2209 672 2266; x_wconf 83' lang='lat' dir='ltr'>opera</span> <span class='ocrx_word' id='word_1_312' title='bbox 693 2196 786 2250; x_wconf 86' lang='lat' dir='ltr'>camis</span> <span class='ocrx_word' id='word_1_313' title='bbox 800 2210 876 2249; x_wconf 89' lang='lat' dir='ltr'>mor-</span> <span class='ocrx_word' id='word_1_314' title='bbox 918 2195 1015 2266; x_wconf 90' lang='lat' dir='ltr'>possit.</span> <span class='ocrx_word' id='word_1_315' title='bbox 1029 2195 1098 2259; x_wconf 88' lang='lat' dir='ltr'>Quis</span> <span class='ocrx_word' id='word_1_316' title='bbox 1113 2194 1188 2249; x_wconf 87' lang='lat' dir='ltr'>enim</span> <span class='ocrx_word' id='word_1_317' title='bbox 1200 2195 1277 2266; x_wconf 87' lang='lat' dir='ltr'>juste</span> <span class='ocrx_word' id='word_1_318' title='bbox 1292 2193 1593 2265; x_wconf 88' lang='lat' dir='ltr'>quereturdehomiue</span> <span class='ocrx_word' id='word_1_319' title='bbox 1607 2196 1655 2266; x_wconf 91' lang='lat' dir='ltr'>qui</span> <span class='ocrx_word' id='word_1_320' title='bbox 1671 2212 1719 2250; x_wconf 89' lang='lat' dir='ltr'>ne·</span> <span class='ocrx_word' id='word_1_321' title='bbox 1817 2254 1824 2269; x_wconf 57' lang='grc'><strong><em>,</em></strong></span> 
     </span>
     <span class='ocr_line' id='line_1_23' title="bbox 107 2283 1715 2355; baseline -0.001 -17"><span class='ocrx_word' id='word_1_322' title='bbox 107 2283 336 2355; x_wconf 78' lang='lat' dir='ltr'>manmspiritu,</span> <span class='ocrx_word' id='word_1_323' title='bbox 348 2283 548 2354; x_wconf 78' lang='lat' dir='ltr'>afferimusque</span> <span class='ocrx_word' id='word_1_324' title='bbox 559 2299 656 2337; x_wconf 82' lang='lat' dir='ltr'>omnes</span> <span class='ocrx_word' id='word_1_325' title='bbox 675 2284 783 2338; x_wconf 78' lang='lat' dir='ltr'>tructus</span> <span class='ocrx_word' id='word_1_326' title='bbox 804 2286 876 2354; x_wconf 75' lang='lat' dir='ltr'>eius,</span> <span class='ocrx_word' id='word_1_327' title='bbox 918 2284 987 2337; x_wconf 83' lang='lat' dir='ltr'>inini</span> <span class='ocrx_word' id='word_1_328' title='bbox 1002 2284 1076 2338; x_wconf 79' lang='lat' dir='ltr'>niele</span> <span class='ocrx_word' id='word_1_329' title='bbox 1092 2285 1159 2350; x_wconf 88' lang='lat' dir='ltr'>vult,</span> <span class='ocrx_word' id='word_1_330' title='bbox 1176 2289 1205 2338; x_wconf 90' lang='lat' dir='ltr'>et</span> <span class='ocrx_word' id='word_1_331' title='bbox 1219 2283 1320 2354; x_wconf 89' lang='lat' dir='ltr'>quibus</span> <span class='ocrx_word' id='word_1_332' title='bbox 1333 2287 1426 2354; x_wconf 85' lang='lat' dir='ltr'>potest</span> <span class='ocrx_word' id='word_1_333' title='bbox 1446 2283 1569 2338; x_wconf 89' lang='lat' dir='ltr'>tideliter</span> <span class='ocrx_word' id='word_1_334' title='bbox 1585 2283 1715 2350; x_wconf 87' lang='lat' dir='ltr'>consulit,</span> 
     </span>
     <span class='ocr_line' id='line_1_24' title="bbox 108 2370 1718 2444; baseline -0.001 -17"><span class='ocrx_word' id='word_1_335' title='bbox 108 2373 253 2438; x_wconf 69' lang='lat' dir='ltr'>moutam,</span> <span class='ocrx_word' id='word_1_336' title='bbox 264 2372 510 2444; x_wconf 79' lang='lat' dir='ltr'>gaudiumpscem</span> <span class='ocrx_word' id='word_1_337' title='bbox 530 2379 560 2426; x_wconf 87' lang='lat' dir='ltr'>et</span> <span class='ocrx_word' id='word_1_338' title='bbox 574 2378 684 2427; x_wconf 77' lang='lat' dir='ltr'>cetera.</span> <span class='ocrx_word' id='word_1_339' title='bbox 700 2374 791 2427; x_wconf 84' lang='lat' dir='ltr'>Aliter</span> <span class='ocrx_word' id='word_1_340' title='bbox 805 2389 878 2444; x_wconf 77' lang='lat' dir='ltr'>prae-</span> <span class='ocrx_word' id='word_1_341' title='bbox 917 2387 970 2427; x_wconf 91' lang='lat' dir='ltr'>nec</span> <span class='ocrx_word' id='word_1_342' title='bbox 988 2378 1086 2427; x_wconf 81' lang='lat' dir='ltr'>corba</span> <span class='ocrx_word' id='word_1_343' title='bbox 1101 2374 1268 2443; x_wconf 87' lang='lat' dir='ltr'>cujusquam</span> <span class='ocrx_word' id='word_1_344' title='bbox 1280 2372 1400 2442; x_wconf 83' lang='lat' dir='ltr'>injurias</span> <span class='ocrx_word' id='word_1_345' title='bbox 1408 2376 1487 2426; x_wconf 88' lang='lat' dir='ltr'>tenet</span> <span class='ocrx_word' id='word_1_346' title='bbox 1501 2370 1645 2426; x_wconf 80' lang='lat' dir='ltr'>libidinem</span> <span class='ocrx_word' id='word_1_347' title='bbox 1659 2372 1718 2427; x_wconf 86' lang='lat' dir='ltr'>vin·</span> 
     </span>
     <span class='ocr_line' id='line_1_25' title="bbox 109 2459 1717 2531; baseline 0.001 -17"><span class='ocrx_word' id='word_1_348' title='bbox 109 2461 183 2531; x_wconf 83' lang='lat' dir='ltr'>c&#39;pitrr</span> <span class='ocrx_word' id='word_1_349' title='bbox 194 2461 274 2516; x_wconf 85' lang='lat' dir='ltr'>nobis</span> <span class='ocrx_word' id='word_1_350' title='bbox 289 2462 439 2516; x_wconf 56' lang='lat' dir='ltr'>mamone</span> <span class='ocrx_word' id='word_1_351' title='bbox 453 2460 564 2515; x_wconf 85' lang='lat' dir='ltr'>dicente</span> <span class='ocrx_word' id='word_1_352' title='bbox 580 2480 585 2516; x_wconf 96' lang='lat'>:</span> <span class='ocrx_word' id='word_1_353' title='bbox 606 2464 645 2516; x_wconf 81' lang='lat' dir='ltr'>l&#39;u</span> <span class='ocrx_word' id='word_1_354' title='bbox 658 2468 750 2516; x_wconf 75' lang='lat' dir='ltr'>utitem</span> <span class='ocrx_word' id='word_1_355' title='bbox 759 2464 878 2517; x_wconf 77' lang='lat' dir='ltr'>describe</span> <span class='ocrx_word' id='word_1_356' title='bbox 918 2461 1040 2527; x_wconf 88' lang='lat' dir='ltr'>dicandi,</span> <span class='ocrx_word' id='word_1_357' title='bbox 1051 2466 1083 2516; x_wconf 91' lang='lat' dir='ltr'>ut</span> <span class='ocrx_word' id='word_1_358' title='bbox 1095 2461 1233 2516; x_wconf 86' lang='lat' dir='ltr'>veraciter</span> <span class='ocrx_word' id='word_1_359' title='bbox 1246 2461 1330 2525; x_wconf 85' lang='lat' dir='ltr'>dicat,</span> <span class='ocrx_word' id='word_1_360' title='bbox 1341 2479 1353 2511; x_wconf 74' lang='lat' dir='ltr'>a</span> <span class='ocrx_word' id='word_1_361' title='bbox 1369 2459 1538 2516; x_wconf 89' lang='lat' dir='ltr'>sicutctnos</span> <span class='ocrx_word' id='word_1_362' title='bbox 1548 2460 1717 2516; x_wconf 83' lang='lat' dir='ltr'>dimittimus</span> 
     </span>
     <span class='ocr_line' id='line_1_26' title="bbox 10 2548 1716 2620; baseline -0.002 -13"><span class='ocrx_word' id='word_1_363' title='bbox 10 2582 12 2607; x_wconf 64' lang='lat' dir='ltr'>r</span> <span class='ocrx_word' id='word_1_364' title='bbox 107 2553 306 2620; x_wconf 72' lang='lat' dir='ltr'>atriplicitcrin</span> <span class='ocrx_word' id='word_1_365' title='bbox 314 2553 875 2619; x_wconf 76' lang='lat' dir='ltr'>consilio,incoarcientic,etrespondeos</span> <span class='ocrx_word' id='word_1_366' title='bbox 916 2549 1276 2605; x_wconf 77' lang='lat' dir='ltr'>debitoribusnostris.aEt</span> <span class='ocrx_word' id='word_1_367' title='bbox 1284 2554 1317 2603; x_wconf 91' lang='lat' dir='ltr'>ut</span> <span class='ocrx_word' id='word_1_368' title='bbox 1326 2564 1383 2604; x_wconf 89' lang='lat' dir='ltr'>non</span> <span class='ocrx_word' id='word_1_369' title='bbox 1395 2549 1431 2603; x_wconf 91' lang='lat' dir='ltr'>dc</span> <span class='ocrx_word' id='word_1_370' title='bbox 1441 2549 1568 2603; x_wconf 86' lang='lat' dir='ltr'>oratione</span> <span class='ocrx_word' id='word_1_371' title='bbox 1577 2548 1655 2604; x_wconf 87' lang='lat' dir='ltr'>dubii</span> <span class='ocrx_word' id='word_1_372' title='bbox 1664 2549 1716 2604; x_wconf 83' lang='lat' dir='ltr'>ba-</span> 
     </span>
     <span class='ocr_line' id='line_1_27' title="bbox 108 2637 1715 2709; baseline 0.001 -19"><span class='ocrx_word' id='word_1_373' title='bbox 108 2641 296 2695; x_wconf 68' lang='lat' dir='ltr'>urbanitatis</span> <span class='ocrx_word' id='word_1_374' title='bbox 317 2640 360 2692; x_wconf 83' lang='lat' dir='ltr'>bis</span> <span class='ocrx_word' id='word_1_375' title='bbox 377 2641 428 2707; x_wconf 82' lang='lat' dir='ltr'>qui</span> <span class='ocrx_word' id='word_1_376' title='bbox 439 2644 599 2707; x_wconf 60' lang='lat' dir='ltr'>propanam</span> <span class='ocrx_word' id='word_1_377' title='bbox 617 2641 668 2693; x_wconf 82' lang='lat' dir='ltr'>tibi</span> <span class='ocrx_word' id='word_1_378' title='bbox 690 2642 780 2699; x_wconf 65' lang='lat' dir='ltr'>«Prov.</span> <span class='ocrx_word' id='word_1_379' title='bbox 796 2642 873 2697; x_wconf 82' lang='lat' dir='ltr'>xnrrl.</span> <span class='ocrx_word' id='word_1_380' title='bbox 916 2638 1262 2709; x_wconf 82' lang='lat' dir='ltr'>beanturadjicit:Fidctis</span> <span class='ocrx_word' id='word_1_381' title='bbox 1272 2641 1322 2706; x_wconf 80' lang='lat' dir='ltr'>qui</span> <span class='ocrx_word' id='word_1_382' title='bbox 1331 2640 1439 2691; x_wconf 78' lang='lat' dir='ltr'>occavit</span> <span class='ocrx_word' id='word_1_383' title='bbox 1450 2652 1505 2704; x_wconf 82' lang='lat' dir='ltr'>cos,</span> <span class='ocrx_word' id='word_1_384' title='bbox 1517 2640 1567 2706; x_wconf 81' lang='lat' dir='ltr'>qai</span> <span class='ocrx_word' id='word_1_385' title='bbox 1576 2638 1661 2691; x_wconf 82' lang='lat' dir='ltr'>ettam</span> <span class='ocrx_word' id='word_1_386' title='bbox 1670 2637 1715 2706; x_wconf 76' lang='lat' dir='ltr'>sc-</span> 
     </span>
     <span class='ocr_line' id='line_1_28' title="bbox 107 2723 1717 2799; baseline 0 -19"><span class='ocrx_word' id='word_1_387' title='bbox 107 2723 186 2798; x_wconf 79' lang='lat' dir='ltr'>iripler</span> <span class='ocrx_word' id='word_1_388' title='bbox 195 2729 223 2783; x_wconf 88' lang='lat' dir='ltr'>in</span> <span class='ocrx_word' id='word_1_389' title='bbox 234 2728 319 2782; x_wconf 89' lang='lat' dir='ltr'>corde</span> <span class='ocrx_word' id='word_1_390' title='bbox 330 2732 427 2781; x_wconf 89' lang='lat' dir='ltr'>nostro</span> <span class='ocrx_word' id='word_1_391' title='bbox 437 2727 588 2799; x_wconf 90' lang='lat' dir='ltr'>descriptio</span> <span class='ocrx_word' id='word_1_392' title='bbox 601 2734 631 2782; x_wconf 89' lang='lat' dir='ltr'>et</span> <span class='ocrx_word' id='word_1_393' title='bbox 640 2729 739 2799; x_wconf 82' lang='lat' dir='ltr'>regula</span> <span class='ocrx_word' id='word_1_394' title='bbox 748 2729 875 2799; x_wconf 85' lang='lat' dir='ltr'>Scriptu-</span> <span class='ocrx_word' id='word_1_395' title='bbox 916 2731 976 2781; x_wconf 83' lang='lat' dir='ltr'>ciet.</span> <span class='ocrx_word' id='word_1_396' title='bbox 986 2726 1107 2791; x_wconf 55' lang='lat' dir='ltr'>(Ambra</span> <span class='ocrx_word' id='word_1_397' title='bbox 1117 2728 1224 2781; x_wconf 88' lang='lat' dir='ltr'>Hocest</span> <span class='ocrx_word' id='word_1_398' title='bbox 1241 2744 1247 2779; x_wconf 92' lang='lat'><strong>:</strong></span> <span class='ocrx_word' id='word_1_399' title='bbox 1264 2740 1347 2780; x_wconf 84' lang='lat' dir='ltr'>verus</span> <span class='ocrx_word' id='word_1_400' title='bbox 1356 2732 1399 2780; x_wconf 89' lang='lat' dir='ltr'>est</span> <span class='ocrx_word' id='word_1_401' title='bbox 1411 2725 1460 2796; x_wconf 87' lang='lat' dir='ltr'>qui</span> <span class='ocrx_word' id='word_1_402' title='bbox 1470 2726 1571 2780; x_wconf 86' lang='lat' dir='ltr'>vocans</span> <span class='ocrx_word' id='word_1_403' title='bbox 1580 2738 1628 2780; x_wconf 87' lang='lat' dir='ltr'>vos</span> <span class='ocrx_word' id='word_1_404' title='bbox 1642 2725 1717 2781; x_wconf 87' lang='lat' dir='ltr'>bona</span> 
     </span>
     <span class='ocr_line' id='line_1_29' title="bbox 106 2814 1714 2889; baseline -0.002 -18"><span class='ocrx_word' id='word_1_405' title='bbox 106 2828 173 2870; x_wconf 75' lang='lat' dir='ltr'>tuum</span> <span class='ocrx_word' id='word_1_406' title='bbox 183 2817 562 2889; x_wconf 76' lang='lat' dir='ltr'>estprimautintelligamus</span> <span class='ocrx_word' id='word_1_407' title='bbox 568 2832 616 2870; x_wconf 90' lang='lat' dir='ltr'>eas</span> <span class='ocrx_word' id='word_1_408' title='bbox 619 2819 700 2887; x_wconf 83' lang='lat' dir='ltr'>juxta</span> <span class='ocrx_word' id='word_1_409' title='bbox 706 2816 854 2872; x_wconf 87' lang='lat' dir='ltr'>historiam</span> <span class='ocrx_word' id='word_1_410' title='bbox 866 2836 872 2871; x_wconf 76' lang='grc' dir='ltr'><strong><em>ε</em></strong></span> <span class='ocrx_word' id='word_1_411' title='bbox 916 2815 1046 2887; x_wconf 87' lang='lat' dir='ltr'>promisit</span> <span class='ocrx_word' id='word_1_412' title='bbox 1058 2814 1145 2879; x_wconf 82' lang='lat' dir='ltr'>robis,</span> <span class='ocrx_word' id='word_1_413' title='bbox 1162 2816 1210 2887; x_wconf 89' lang='lat' dir='ltr'>qui</span> <span class='ocrx_word' id='word_1_414' title='bbox 1221 2822 1249 2869; x_wconf 83' lang='lat' dir='ltr'>ct</span> <span class='ocrx_word' id='word_1_415' title='bbox 1257 2815 1375 2886; x_wconf 85' lang='lat' dir='ltr'>replevit</span> <span class='ocrx_word' id='word_1_416' title='bbox 1383 2830 1431 2869; x_wconf 91' lang='lat' dir='ltr'>vos</span> <span class='ocrx_word' id='word_1_417' title='bbox 1445 2830 1496 2868; x_wconf 87' lang='lat' dir='ltr'>sua</span> <span class='ocrx_word' id='word_1_418' title='bbox 1510 2814 1714 2870; x_wconf 89' lang='lat' dir='ltr'>benedictione.</span> 
     </span>
     <span class='ocr_line' id='line_1_30' title="bbox 105 2902 1715 2978; baseline 0.001 -21"><span class='ocrx_word' id='word_1_419' title='bbox 105 2906 197 2960; x_wconf 67' lang='lat' dir='ltr'>ends</span> <span class='ocrx_word' id='word_1_420' title='bbox 208 2907 288 2978; x_wconf 76' lang='lat' dir='ltr'>Juxta</span> <span class='ocrx_word' id='word_1_421' title='bbox 300 2905 499 2977; x_wconf 82' lang='lat' dir='ltr'>tropologiam,</span> <span class='ocrx_word' id='word_1_422' title='bbox 515 2906 601 2960; x_wconf 85' lang='lat' dir='ltr'>tertia</span> <span class='ocrx_word' id='word_1_423' title='bbox 619 2908 701 2976; x_wconf 82' lang='lat' dir='ltr'>juxta</span> <span class='ocrx_word' id='word_1_424' title='bbox 717 2907 876 2977; x_wconf 80' lang='lat' dir='ltr'>intelligen·</span> <span class='ocrx_word' id='word_1_425' title='bbox 916 2906 1034 2968; x_wconf 73' lang='lat' dir='ltr'>Fratre,</span> <span class='ocrx_word' id='word_1_426' title='bbox 1051 2909 1137 2969; x_wconf 85' lang='lat' dir='ltr'>orote,</span> <span class='ocrx_word' id='word_1_427' title='bbox 1153 2911 1178 2958; x_wconf 85' lang='lat' dir='ltr'>et</span> <span class='ocrx_word' id='word_1_428' title='bbox 1190 2920 1240 2973; x_wconf 88' lang='lat' dir='ltr'>pro</span> <span class='ocrx_word' id='word_1_429' title='bbox 1255 2906 1340 2958; x_wconf 83' lang='lat' dir='ltr'>nobis.</span> <span class='ocrx_word' id='word_1_430' title='bbox 1359 2902 1461 2958; x_wconf 87' lang='lat' dir='ltr'>Scribit</span> <span class='ocrx_word' id='word_1_431' title='bbox 1475 2907 1504 2959; x_wconf 89' lang='lat' dir='ltr'>et</span> <span class='ocrx_word' id='word_1_432' title='bbox 1521 2908 1585 2975; x_wconf 88' lang='lat' dir='ltr'>post</span> <span class='ocrx_word' id='word_1_433' title='bbox 1603 2903 1657 2959; x_wconf 89' lang='lat' dir='ltr'>hoc</span> <span class='ocrx_word' id='word_1_434' title='bbox 1675 2903 1715 2959; x_wconf 83' lang='lat' dir='ltr'>ita</span> 
     </span>
     <span class='ocr_line' id='line_1_31' title="bbox 104 2992 1715 3067; baseline 0.001 -20"><span class='ocrx_word' id='word_1_435' title='bbox 104 2992 313 3067; x_wconf 81' lang='lat' dir='ltr'>tisuspiritalem</span> <span class='ocrx_word' id='word_1_436' title='bbox 327 2995 376 3048; x_wconf 90' lang='lat' dir='ltr'>:in</span> <span class='ocrx_word' id='word_1_437' title='bbox 386 2994 504 3048; x_wconf 86' lang='lat' dir='ltr'>historia</span> <span class='ocrx_word' id='word_1_438' title='bbox 513 3011 679 3065; x_wconf 75' lang='lat' dir='ltr'>eorumquae</span> <span class='ocrx_word' id='word_1_439' title='bbox 694 2996 798 3066; x_wconf 88' lang='lat' dir='ltr'>scripta</span> <span class='ocrx_word' id='word_1_440' title='bbox 808 3001 875 3050; x_wconf 88' lang='lat' dir='ltr'>sunt</span> <span class='ocrx_word' id='word_1_441' title='bbox 916 2998 986 3048; x_wconf 90' lang='lat' dir='ltr'>utet</span> <span class='ocrx_word' id='word_1_442' title='bbox 996 2993 1451 3064; x_wconf 82' lang='lat' dir='ltr'>proseorent,simulincharitate</span> <span class='ocrx_word' id='word_1_443' title='bbox 1460 3008 1565 3048; x_wconf 84' lang='lat' dir='ltr'>suasos</span> <span class='ocrx_word' id='word_1_444' title='bbox 1574 2993 1715 3048; x_wconf 86' lang='lat' dir='ltr'>constrin-</span> 
     </span>
     <span class='ocr_line' id='line_1_32' title="bbox 105 3061 1713 3155; baseline 0.002 -21"><span class='ocrx_word' id='word_1_445' title='bbox 105 3082 293 3143; x_wconf 84' lang='lat' dir='ltr'>ordorersatur,</span> <span class='ocrx_word' id='word_1_446' title='bbox 310 3084 339 3137; x_wconf 90' lang='lat' dir='ltr'>in</span> <span class='ocrx_word' id='word_1_447' title='bbox 353 3081 512 3154; x_wconf 84' lang='lat' dir='ltr'>tropologia</span> <span class='ocrx_word' id='word_1_448' title='bbox 534 3084 569 3136; x_wconf 88' lang='lat' dir='ltr'>de</span> <span class='ocrx_word' id='word_1_449' title='bbox 592 3084 686 3138; x_wconf 87' lang='lat' dir='ltr'>littera</span> <span class='ocrx_word' id='word_1_450' title='bbox 709 3085 745 3138; x_wconf 86' lang='lat' dir='ltr'>ad</span> <span class='ocrx_word' id='word_1_451' title='bbox 765 3061 997 3155; x_wconf 73' lang='lat' dir='ltr'>maj0raflgens3</span> <span class='ocrx_word' id='word_1_452' title='bbox 1009 3098 1076 3136; x_wconf 87' lang='lat' dir='ltr'>nam</span> <span class='ocrx_word' id='word_1_453' title='bbox 1086 3088 1115 3137; x_wconf 87' lang='lat' dir='ltr'>et</span> <span class='ocrx_word' id='word_1_454' title='bbox 1127 3089 1160 3137; x_wconf 88' lang='lat' dir='ltr'>ut</span> <span class='ocrx_word' id='word_1_455' title='bbox 1169 3100 1219 3154; x_wconf 90' lang='lat' dir='ltr'>pro</span> <span class='ocrx_word' id='word_1_456' title='bbox 1227 3084 1364 3138; x_wconf 85' lang='lat' dir='ltr'>alterutro</span> <span class='ocrx_word' id='word_1_457' title='bbox 1372 3087 1454 3137; x_wconf 86' lang='lat' dir='ltr'>orent</span> <span class='ocrx_word' id='word_1_458' title='bbox 1461 3083 1504 3137; x_wconf 83' lang='lat' dir='ltr'>lex</span> <span class='ocrx_word' id='word_1_459' title='bbox 1514 3082 1613 3153; x_wconf 82' lang='lat' dir='ltr'>defigit</span> <span class='ocrx_word' id='word_1_460' title='bbox 1620 3081 1713 3138; x_wconf 89' lang='lat' dir='ltr'>chari·</span> 
     </span>
     <span class='ocr_line' id='line_1_33' title="bbox 103 3170 1713 3250; baseline 0.001 -26"><span class='ocrx_word' id='word_1_461' title='bbox 103 3173 278 3244; x_wconf 78' lang='lat' dir='ltr'>mumrgirnus,</span> <span class='ocrx_word' id='word_1_462' title='bbox 288 3178 318 3227; x_wconf 88' lang='lat' dir='ltr'>et</span> <span class='ocrx_word' id='word_1_463' title='bbox 326 3172 462 3250; x_wconf 76' lang='lat' dir='ltr'>quidquid</span> <span class='ocrx_word' id='word_1_464' title='bbox 474 3172 503 3225; x_wconf 92' lang='lat' dir='ltr'>in</span> <span class='ocrx_word' id='word_1_465' title='bbox 512 3172 600 3243; x_wconf 85' lang='lat' dir='ltr'>priori</span> <span class='ocrx_word' id='word_1_466' title='bbox 610 3174 713 3244; x_wconf 91' lang='lat' dir='ltr'>populo</span> <span class='ocrx_word' id='word_1_467' title='bbox 723 3173 875 3229; x_wconf 87' lang='lat' dir='ltr'>carnaliter</span> <span class='ocrx_word' id='word_1_468' title='bbox 914 3177 1020 3227; x_wconf 85' lang='lat' dir='ltr'>tatem:</span> <span class='ocrx_word' id='word_1_469' title='bbox 1034 3188 1085 3227; x_wconf 86' lang='lat' dir='ltr'>nec</span> <span class='ocrx_word' id='word_1_470' title='bbox 1099 3173 1175 3227; x_wconf 85' lang='lat' dir='ltr'>enim</span> <span class='ocrx_word' id='word_1_471' title='bbox 1188 3188 1313 3244; x_wconf 87' lang='lat' dir='ltr'>unquam</span> <span class='ocrx_word' id='word_1_472' title='bbox 1332 3188 1413 3226; x_wconf 89' lang='lat' dir='ltr'>orare</span> <span class='ocrx_word' id='word_1_473' title='bbox 1437 3171 1580 3244; x_wconf 89' lang='lat' dir='ltr'>patiemur</span> <span class='ocrx_word' id='word_1_474' title='bbox 1592 3188 1643 3244; x_wconf 90' lang='lat' dir='ltr'>pro</span> <span class='ocrx_word' id='word_1_475' title='bbox 1656 3170 1713 3227; x_wconf 90' lang='lat' dir='ltr'>illis</span> 
     </span>
     <span class='ocr_line' id='line_1_34' title="bbox 102 3258 1714 3333; baseline 0 -17"><span class='ocrx_word' id='word_1_476' title='bbox 102 3258 326 3333; x_wconf 69' lang='lat' dir='ltr'>tannemjnxm</span> <span class='ocrx_word' id='word_1_477' title='bbox 337 3262 473 3316; x_wconf 81' lang='lat' dir='ltr'>moralem</span> <span class='ocrx_word' id='word_1_478' title='bbox 487 3260 709 3332; x_wconf 85' lang='lat' dir='ltr'>interpretamur</span> <span class='ocrx_word' id='word_1_479' title='bbox 726 3262 829 3331; x_wconf 86' lang='lat' dir='ltr'>locum,</span> <span class='ocrx_word' id='word_1_480' title='bbox 846 3269 874 3318; x_wconf 88' lang='lat' dir='ltr'>et</span> <span class='ocrx_word' id='word_1_481' title='bbox 915 3277 985 3333; x_wconf 89' lang='lat' dir='ltr'>quos</span> <span class='ocrx_word' id='word_1_482' title='bbox 999 3278 1056 3316; x_wconf 91' lang='lat' dir='ltr'>non</span> <span class='ocrx_word' id='word_1_483' title='bbox 1071 3261 1227 3332; x_wconf 78' lang='lat' dir='ltr'>diligimus3</span> <span class='ocrx_word' id='word_1_484' title='bbox 1239 3261 1324 3315; x_wconf 87' lang='lat' dir='ltr'>simul</span> <span class='ocrx_word' id='word_1_485' title='bbox 1339 3266 1368 3316; x_wconf 89' lang='lat' dir='ltr'>et</span> <span class='ocrx_word' id='word_1_486' title='bbox 1383 3260 1499 3315; x_wconf 88' lang='lat' dir='ltr'>instruit</span> <span class='ocrx_word' id='word_1_487' title='bbox 1521 3276 1573 3316; x_wconf 88' lang='lat' dir='ltr'>nos</span> <span class='ocrx_word' id='word_1_488' title='bbox 1590 3261 1714 3333; x_wconf 85' lang='lat' dir='ltr'>idipsum</span> 
     </span>
     <span class='ocr_line' id='line_1_35' title="bbox 102 3348 1714 3424; baseline 0.002 -22"><span class='ocrx_word' id='word_1_489' title='bbox 102 3348 227 3407; x_wconf 75' lang='lat' dir='ltr'>sdmimm</span> <span class='ocrx_word' id='word_1_490' title='bbox 236 3357 340 3406; x_wconf 76' lang='lat' dir='ltr'>nostre</span> <span class='ocrx_word' id='word_1_491' title='bbox 349 3350 572 3404; x_wconf 87' lang='lat' dir='ltr'>emolumentum</span> <span class='ocrx_word' id='word_1_492' title='bbox 583 3351 771 3406; x_wconf 85' lang='lat' dir='ltr'>convertimus</span> <span class='ocrx_word' id='word_1_493' title='bbox 780 3352 809 3405; x_wconf 90' lang='lat' dir='ltr'>in</span> <span class='ocrx_word' id='word_1_494' title='bbox 819 3353 875 3424; x_wconf 89' lang='lat' dir='ltr'>spi·</span> <span class='ocrx_word' id='word_1_495' title='bbox 915 3352 1002 3404; x_wconf 88' lang='lat' dir='ltr'>etiam</span> <span class='ocrx_word' id='word_1_496' title='bbox 1017 3351 1052 3404; x_wconf 86' lang='lat' dir='ltr'>ab</span> <span class='ocrx_word' id='word_1_497' title='bbox 1066 3349 1183 3404; x_wconf 72' lang='lat' dir='ltr'>inuicem</span> <span class='ocrx_word' id='word_1_498' title='bbox 1197 3350 1299 3405; x_wconf 84' lang='lat' dir='ltr'>debere</span> <span class='ocrx_word' id='word_1_499' title='bbox 1312 3349 1491 3421; x_wconf 87' lang='lat' dir='ltr'>depostulare</span> <span class='ocrx_word' id='word_1_500' title='bbox 1512 3355 1542 3404; x_wconf 86' lang='lat' dir='ltr'>et</span> <span class='ocrx_word' id='word_1_501' title='bbox 1557 3348 1650 3405; x_wconf 82' lang='lat' dir='ltr'>iacere</span> <span class='ocrx_word' id='word_1_502' title='bbox 1663 3366 1714 3423; x_wconf 89' lang='lat' dir='ltr'>pro</span> 
     </span>
     <span class='ocr_line' id='line_1_36' title="bbox 101 3436 1715 3518; baseline 0.001 -24"><span class='ocrx_word' id='word_1_503' title='bbox 101 3436 181 3503; x_wconf 67' lang='lat' dir='ltr'>dulim</span> <span class='ocrx_word' id='word_1_504' title='bbox 192 3441 300 3518; x_wconf 70' lang='lat' dir='ltr'>tuapte,</span> <span class='ocrx_word' id='word_1_505' title='bbox 312 3440 346 3494; x_wconf 88' lang='lat' dir='ltr'>ad</span> <span class='ocrx_word' id='word_1_506' title='bbox 356 3439 522 3493; x_wconf 85' lang='lat' dir='ltr'>sublimiora</span> <span class='ocrx_word' id='word_1_507' title='bbox 530 3441 694 3507; x_wconf 84' lang='lat' dir='ltr'>transimus,</span> <span class='ocrx_word' id='word_1_508' title='bbox 707 3445 820 3495; x_wconf 81' lang='lat' dir='ltr'>terrena</span> <span class='ocrx_word' id='word_1_509' title='bbox 834 3441 875 3495; x_wconf 89' lang='lat' dir='ltr'>di·</span> <span class='ocrx_word' id='word_1_510' title='bbox 915 3436 1715 3506; x_wconf 72' lang='lat' dir='ltr'>alterutroSulutate(ratresomnsslnosculosuncto.1)c·</span> 
     </span>
     <span class='ocr_line' id='line_1_37' title="bbox 99 3524 1715 3599; baseline -0.001 -15"><span class='ocrx_word' id='word_1_511' title='bbox 99 3526 221 3594; x_wconf 79' lang='lat' dir='ltr'>mittimus,</span> <span class='ocrx_word' id='word_1_512' title='bbox 237 3526 274 3583; x_wconf 90' lang='lat' dir='ltr'>de</span> <span class='ocrx_word' id='word_1_513' title='bbox 296 3529 456 3583; x_wconf 83' lang='lat' dir='ltr'>futurorum</span> <span class='ocrx_word' id='word_1_514' title='bbox 480 3528 655 3584; x_wconf 85' lang='lat' dir='ltr'>beatitudine</span> <span class='ocrx_word' id='word_1_515' title='bbox 669 3535 698 3584; x_wconf 91' lang='lat' dir='ltr'>et</span> <span class='ocrx_word' id='word_1_516' title='bbox 715 3529 875 3585; x_wconf 71' lang='lat' dir='ltr'>caelestibus</span> <span class='ocrx_word' id='word_1_517' title='bbox 915 3529 981 3583; x_wconf 89' lang='lat' dir='ltr'>inde</span> <span class='ocrx_word' id='word_1_518' title='bbox 992 3534 1021 3583; x_wconf 90' lang='lat' dir='ltr'>et</span> <span class='ocrx_word' id='word_1_519' title='bbox 1030 3528 1162 3599; x_wconf 80' lang='lat' dir='ltr'>pracepit</span> <span class='ocrx_word' id='word_1_520' title='bbox 1177 3527 1217 3582; x_wconf 89' lang='lat' dir='ltr'>eis</span> <span class='ocrx_word' id='word_1_521' title='bbox 1228 3542 1325 3581; x_wconf 88' lang='lat' dir='ltr'>omnes</span> <span class='ocrx_word' id='word_1_522' title='bbox 1335 3527 1436 3582; x_wconf 89' lang='lat' dir='ltr'>fratres</span> <span class='ocrx_word' id='word_1_523' title='bbox 1447 3527 1570 3582; x_wconf 86' lang='lat' dir='ltr'>salutare</span> <span class='ocrx_word' id='word_1_524' title='bbox 1579 3527 1609 3582; x_wconf 91' lang='lat' dir='ltr'>in</span> <span class='ocrx_word' id='word_1_525' title='bbox 1620 3524 1715 3583; x_wconf 87' lang='lat' dir='ltr'>osculo</span> 
     </span>
     <span class='ocr_line' id='line_1_38' title="bbox 98 3614 1716 3689; baseline -0.002 -15"><span class='ocrx_word' id='word_1_526' title='bbox 98 3615 259 3688; x_wconf 50' lang='lat' dir='ltr'>mammas,</span> <span class='ocrx_word' id='word_1_527' title='bbox 277 3623 311 3672; x_wconf 87' lang='lat' dir='ltr'>ut</span> <span class='ocrx_word' id='word_1_528' title='bbox 323 3617 470 3689; x_wconf 77' lang='lat' dir='ltr'>presentis</span> <span class='ocrx_word' id='word_1_529' title='bbox 484 3617 548 3672; x_wconf 77' lang='lat' dir='ltr'>vite</span> <span class='ocrx_word' id='word_1_530' title='bbox 562 3618 708 3673; x_wconf 86' lang='lat' dir='ltr'>meditatio</span> <span class='ocrx_word' id='word_1_531' title='bbox 723 3618 824 3674; x_wconf 87' lang='lat' dir='ltr'>umbra</span> <span class='ocrx_word' id='word_1_532' title='bbox 837 3619 875 3674; x_wconf 90' lang='lat' dir='ltr'>sit</span> <span class='ocrx_word' id='word_1_533' title='bbox 915 3623 1021 3681; x_wconf 85' lang='lat' dir='ltr'>sancto,</span> <span class='ocrx_word' id='word_1_534' title='bbox 1033 3623 1162 3671; x_wconf 88' lang='lat' dir='ltr'>sanctum</span> <span class='ocrx_word' id='word_1_535' title='bbox 1172 3616 1299 3671; x_wconf 89' lang='lat' dir='ltr'>osculum</span> <span class='ocrx_word' id='word_1_536' title='bbox 1310 3615 1416 3677; x_wconf 87' lang='lat' dir='ltr'>dicens,</span> <span class='ocrx_word' id='word_1_537' title='bbox 1431 3616 1506 3686; x_wconf 90' lang='lat' dir='ltr'>quod</span> <span class='ocrx_word' id='word_1_538' title='bbox 1520 3630 1584 3670; x_wconf 89' lang='lat' dir='ltr'>cum</span> <span class='ocrx_word' id='word_1_539' title='bbox 1593 3614 1716 3688; x_wconf 70' lang='lat' dir='ltr'>perfecta</span> 
     </span>
     <span class='ocr_line' id='line_1_39' title="bbox 97 3703 1716 3777; baseline -0.003 -14"><span class='ocrx_word' id='word_1_540' title='bbox 97 3703 176 3763; x_wconf 75' lang='lat' dir='ltr'>iulum</span> <span class='ocrx_word' id='word_1_541' title='bbox 188 3706 379 3767; x_wconf 76' lang='lat' dir='ltr'>beanmdinis,</span> <span class='ocrx_word' id='word_1_542' title='bbox 388 3723 457 3777; x_wconf 90' lang='lat' dir='ltr'>quos</span> <span class='ocrx_word' id='word_1_543' title='bbox 471 3708 542 3762; x_wconf 84' lang='lat' dir='ltr'>tales</span> <span class='ocrx_word' id='word_1_544' title='bbox 556 3708 686 3762; x_wconf 79' lang='lat' dir='ltr'>Christus</span> <span class='ocrx_word' id='word_1_545' title='bbox 696 3707 835 3762; x_wconf 81' lang='lat' dir='ltr'>inuenerit</span> <span class='ocrx_word' id='word_1_546' title='bbox 843 3714 875 3762; x_wconf 91' lang='lat' dir='ltr'>ut</span> <span class='ocrx_word' id='word_1_547' title='bbox 915 3705 1560 3773; x_wconf 73' lang='lat' dir='ltr'>efficiturcharitatezddjurouesperilominum</span> <span class='ocrx_word' id='word_1_548' title='bbox 1570 3706 1716 3773; x_wconf 80' lang='lat' dir='ltr'>utleputur</span> 
     </span>
     <span class='ocr_line' id='line_1_40' title="bbox 96 3790 1716 3867; baseline -0.002 -16"><span class='ocrx_word' id='word_1_549' title='bbox 96 3808 190 3867; x_wconf 75' lang='lat' dir='ltr'>uapore</span> <span class='ocrx_word' id='word_1_550' title='bbox 203 3803 233 3851; x_wconf 84' lang='lat' dir='ltr'>et</span> <span class='ocrx_word' id='word_1_551' title='bbox 245 3797 344 3853; x_wconf 85' lang='lat' dir='ltr'>anima</span> <span class='ocrx_word' id='word_1_552' title='bbox 357 3803 387 3850; x_wconf 88' lang='lat' dir='ltr'>et</span> <span class='ocrx_word' id='word_1_553' title='bbox 400 3796 501 3867; x_wconf 90' lang='lat' dir='ltr'>spiritu</span> <span class='ocrx_word' id='word_1_554' title='bbox 517 3797 620 3867; x_wconf 82' lang='lat' dir='ltr'>integri</span> <span class='ocrx_word' id='word_1_555' title='bbox 630 3802 875 3855; x_wconf 84' lang='lat' dir='ltr'>conserventur,et</span> <span class='ocrx_word' id='word_1_556' title='bbox 914 3796 1036 3864; x_wconf 78' lang='lat' dir='ltr'>Epistola</span> <span class='ocrx_word' id='word_1_557' title='bbox 1049 3796 1176 3848; x_wconf 78' lang='lat' dir='ltr'>olnltilmt</span> <span class='ocrx_word' id='word_1_558' title='bbox 1190 3795 1293 3847; x_wconf 69' lang='lat' dir='ltr'>suadis</span> <span class='ocrx_word' id='word_1_559' title='bbox 1309 3793 1457 3860; x_wconf 77' lang='lat' dir='ltr'>fratribus.</span> <span class='ocrx_word' id='word_1_560' title='bbox 1473 3792 1594 3864; x_wconf 81' lang='lat' dir='ltr'>Adjurat</span> <span class='ocrx_word' id='word_1_561' title='bbox 1607 3795 1641 3847; x_wconf 88' lang='lat' dir='ltr'>ut</span> <span class='ocrx_word' id='word_1_562' title='bbox 1653 3790 1716 3865; x_wconf 78' lang='lat' dir='ltr'>spr-</span> 
     </span>
     <span class='ocr_line' id='line_1_41' title="bbox 96 3880 1715 3955; baseline -0.002 -15"><span class='ocrx_word' id='word_1_563' title='bbox 96 3884 224 3952; x_wconf 64' lang='lat' dir='ltr'>adeum</span> <span class='ocrx_word' id='word_1_564' title='bbox 233 3886 264 3939; x_wconf 88' lang='lat' dir='ltr'>in</span> <span class='ocrx_word' id='word_1_565' title='bbox 273 3900 305 3938; x_wconf 87' lang='lat' dir='ltr'>ee</span> <span class='ocrx_word' id='word_1_566' title='bbox 316 3883 439 3939; x_wconf 85' lang='lat' dir='ltr'>babeant</span> <span class='ocrx_word' id='word_1_567' title='bbox 452 3885 572 3955; x_wconf 90' lang='lat' dir='ltr'>triplicis</span> <span class='ocrx_word' id='word_1_568' title='bbox 582 3885 611 3938; x_wconf 91' lang='lat' dir='ltr'>in</span> <span class='ocrx_word' id='word_1_569' title='bbox 621 3900 651 3939; x_wconf 90' lang='lat' dir='ltr'>se</span> <span class='ocrx_word' id='word_1_570' title='bbox 664 3886 790 3940; x_wconf 76' lang='lat' dir='ltr'>scientie</span> <span class='ocrx_word' id='word_1_571' title='bbox 803 3885 874 3940; x_wconf 85' lang='lat' dir='ltr'>veri·</span> <span class='ocrx_word' id='word_1_572' title='bbox 915 3884 988 3938; x_wconf 87' lang='lat' dir='ltr'>stola</span> <span class='ocrx_word' id='word_1_573' title='bbox 1002 3882 1131 3938; x_wconf 89' lang='lat' dir='ltr'>omnibus</span> <span class='ocrx_word' id='word_1_574' title='bbox 1151 3883 1263 3954; x_wconf 81' lang='lat' dir='ltr'>legatur</span> <span class='ocrx_word' id='word_1_575' title='bbox 1282 3881 1387 3936; x_wconf 86' lang='lat' dir='ltr'>sanctis</span> <span class='ocrx_word' id='word_1_576' title='bbox 1407 3880 1551 3947; x_wconf 84' lang='lat' dir='ltr'>fratribus,</span> <span class='ocrx_word' id='word_1_577' title='bbox 1569 3881 1715 3953; x_wconf 85' lang='lat' dir='ltr'>suspicans</span> 
     </span>
     <span class='ocr_line' id='line_1_42' title="bbox 96 3970 1715 4045; baseline -0.001 -19"><span class='ocrx_word' id='word_1_578' title='bbox 96 3974 173 4036; x_wconf 74' lang='lat' dir='ltr'>tatem</span> <span class='ocrx_word' id='word_1_579' title='bbox 189 3975 240 4028; x_wconf 87' lang='lat' dir='ltr'>bos</span> <span class='ocrx_word' id='word_1_580' title='bbox 254 3988 307 4028; x_wconf 85' lang='lat' dir='ltr'>sua</span> <span class='ocrx_word' id='word_1_581' title='bbox 322 3988 391 4044; x_wconf 86' lang='lat' dir='ltr'>pace</span> <span class='ocrx_word' id='word_1_582' title='bbox 405 3973 591 4029; x_wconf 84' lang='lat' dir='ltr'>sanctificabit</span> <span class='ocrx_word' id='word_1_583' title='bbox 605 3978 635 4028; x_wconf 88' lang='lat' dir='ltr'>et</span> <span class='ocrx_word' id='word_1_584' title='bbox 645 3974 727 4029; x_wconf 81' lang='lat' dir='ltr'>saciet</span> <span class='ocrx_word' id='word_1_585' title='bbox 740 3990 801 4028; x_wconf 89' lang='lat' dir='ltr'>esse</span> <span class='ocrx_word' id='word_1_586' title='bbox 813 3988 875 4045; x_wconf 90' lang='lat' dir='ltr'>per-</span> <span class='ocrx_word' id='word_1_587' title='bbox 915 3988 949 4026; x_wconf 83' lang='lat' dir='ltr'>ex</span> <span class='ocrx_word' id='word_1_588' title='bbox 962 3972 1102 4043; x_wconf 86' lang='lat' dir='ltr'>aliquibus</span> <span class='ocrx_word' id='word_1_589' title='bbox 1116 3988 1177 4043; x_wconf 87' lang='lat' dir='ltr'>qure</span> <span class='ocrx_word' id='word_1_590' title='bbox 1191 3970 1245 4026; x_wconf 89' lang='lat' dir='ltr'>sibi</span> <span class='ocrx_word' id='word_1_591' title='bbox 1259 3971 1372 4027; x_wconf 84' lang='lat' dir='ltr'>tuerent</span> <span class='ocrx_word' id='word_1_592' title='bbox 1386 3970 1495 4037; x_wconf 81' lang='lat' dir='ltr'>delatae,</span> <span class='ocrx_word' id='word_1_593' title='bbox 1511 3970 1644 4042; x_wconf 89' lang='lat' dir='ltr'>quoniam</span> <span class='ocrx_word' id='word_1_594' title='bbox 1658 3983 1715 4026; x_wconf 86' lang='lat' dir='ltr'>son</span> 
     </span>
     <span class='ocr_line' id='line_1_43' title="bbox 97 4057 1716 4134; baseline -0.001 -18"><span class='ocrx_word' id='word_1_595' title='bbox 97 4057 512 4134; x_wconf 76' lang='lat' dir='ltr'>bsus.tlulcisimpliciterhunc</span> <span class='ocrx_word' id='word_1_596' title='bbox 522 4062 613 4117; x_wconf 87' lang='lat' dir='ltr'>iocum</span> <span class='ocrx_word' id='word_1_597' title='bbox 625 4064 660 4117; x_wconf 86' lang='lat' dir='ltr'>ds</span> <span class='ocrx_word' id='word_1_598' title='bbox 670 4064 875 4118; x_wconf 88' lang='lat' dir='ltr'>resurrectione</span> <span class='ocrx_word' id='word_1_599' title='bbox 916 4062 951 4116; x_wconf 89' lang='lat' dir='ltr'>ad</span> <span class='ocrx_word' id='word_1_600' title='bbox 965 4062 1091 4116; x_wconf 88' lang='lat' dir='ltr'>omnium</span> <span class='ocrx_word' id='word_1_601' title='bbox 1106 4061 1350 4132; x_wconf 85' lang='lat' dir='ltr'>notitiamscripta</span> <span class='ocrx_word' id='word_1_602' title='bbox 1360 4061 1422 4132; x_wconf 77' lang='lat' dir='ltr'>ejus</span> <span class='ocrx_word' id='word_1_603' title='bbox 1432 4060 1604 4128; x_wconf 87' lang='lat' dir='ltr'>deferentur,</span> <span class='ocrx_word' id='word_1_604' title='bbox 1615 4062 1716 4132; x_wconf 86' lang='lat' dir='ltr'>etpost</span> 
     </span>
     <span class='ocr_line' id='line_1_44' title="bbox 98 4142 1719 4223; baseline 0 -21"><span class='ocrx_word' id='word_1_605' title='bbox 98 4147 246 4222; x_wconf 72' lang='lat' dir='ltr'>subigunt.</span> <span class='ocrx_word' id='word_1_606' title='bbox 258 4158 291 4206; x_wconf 86' lang='lat' dir='ltr'>ut</span> <span class='ocrx_word' id='word_1_607' title='bbox 299 4157 330 4205; x_wconf 87' lang='lat' dir='ltr'>et</span> <span class='ocrx_word' id='word_1_608' title='bbox 339 4151 455 4222; x_wconf 82' lang='lat' dir='ltr'>spirims</span> <span class='ocrx_word' id='word_1_609' title='bbox 469 4156 499 4205; x_wconf 89' lang='lat' dir='ltr'>et</span> <span class='ocrx_word' id='word_1_610' title='bbox 512 4151 609 4205; x_wconf 88' lang='lat' dir='ltr'>anime</span> <span class='ocrx_word' id='word_1_611' title='bbox 621 4157 651 4207; x_wconf 92' lang='lat' dir='ltr'>et</span> <span class='ocrx_word' id='word_1_612' title='bbox 664 4168 766 4223; x_wconf 88' lang='lat' dir='ltr'>corpus</span> <span class='ocrx_word' id='word_1_613' title='bbox 780 4151 810 4206; x_wconf 91' lang='lat' dir='ltr'>in</span> <span class='ocrx_word' id='word_1_614' title='bbox 823 4152 874 4207; x_wconf 86' lang='lat' dir='ltr'>ad·</span> <span class='ocrx_word' id='word_1_615' title='bbox 915 4150 968 4206; x_wconf 92' lang='lat' dir='ltr'>boc</span> <span class='ocrx_word' id='word_1_616' title='bbox 986 4150 1122 4221; x_wconf 85' lang='lat' dir='ltr'>adjiciens</span> <span class='ocrx_word' id='word_1_617' title='bbox 1139 4166 1144 4203; x_wconf 93' lang='lat'><strong>:</strong></span> <span class='ocrx_word' id='word_1_618' title='bbox 1163 4151 1261 4207; x_wconf 77' lang='lat' dir='ltr'>(iratis</span> <span class='ocrx_word' id='word_1_619' title='bbox 1280 4142 1395 4205; x_wconf 70' lang='lat' dir='ltr'>bomani</span> <span class='ocrx_word' id='word_1_620' title='bbox 1418 4152 1509 4204; x_wconf 80' lang='lat' dir='ltr'>nostri</span> <span class='ocrx_word' id='word_1_621' title='bbox 1525 4150 1589 4205; x_wconf 75' lang='lat' dir='ltr'>lesu</span> <span class='ocrx_word' id='word_1_622' title='bbox 1614 4149 1719 4204; x_wconf 70' lang='lat' dir='ltr'>Christi</span> 
     </span>
     <span class='ocr_line' id='line_1_45' title="bbox 99 4237 1718 4310; baseline 0 -18"><span class='ocrx_word' id='word_1_623' title='bbox 99 4244 164 4294; x_wconf 79' lang='lat' dir='ltr'>mm</span> <span class='ocrx_word' id='word_1_624' title='bbox 173 4240 281 4295; x_wconf 82' lang='lat' dir='ltr'>Domini</span> <span class='ocrx_word' id='word_1_625' title='bbox 291 4240 394 4310; x_wconf 81' lang='lat' dir='ltr'>integri</span> <span class='ocrx_word' id='word_1_626' title='bbox 403 4245 622 4308; x_wconf 87' lang='lat' dir='ltr'>conserventur;</span> <span class='ocrx_word' id='word_1_627' title='bbox 639 4241 687 4294; x_wconf 86' lang='lat' dir='ltr'>elii</span> <span class='ocrx_word' id='word_1_628' title='bbox 702 4241 730 4295; x_wconf 89' lang='lat' dir='ltr'>in</span> <span class='ocrx_word' id='word_1_629' title='bbox 748 4242 802 4295; x_wconf 92' lang='lat' dir='ltr'>hoc</span> <span class='ocrx_word' id='word_1_630' title='bbox 815 4242 875 4296; x_wconf 92' lang='lat' dir='ltr'>loco</span> <span class='ocrx_word' id='word_1_631' title='bbox 915 4243 1062 4306; x_wconf 82' lang='lat' dir='ltr'>vobiscum,</span> <span class='ocrx_word' id='word_1_632' title='bbox 1072 4240 1237 4295; x_wconf 71' lang='lat' dir='ltr'>ArneaHoc</span> <span class='ocrx_word' id='word_1_633' title='bbox 1246 4237 1416 4295; x_wconf 81' lang='lat' dir='ltr'>enimverbo</span> <span class='ocrx_word' id='word_1_634' title='bbox 1425 4252 1636 4294; x_wconf 84' lang='lat' dir='ltr'>consummasse</span> <span class='ocrx_word' id='word_1_635' title='bbox 1644 4238 1718 4310; x_wconf 83' lang='lat' dir='ltr'>Apo-</span> 
     </span>
     <span class='ocr_line' id='line_1_46' title="bbox 99 4326 1404 4400; baseline 0.002 -19"><span class='ocrx_word' id='word_1_636' title='bbox 99 4326 215 4398; x_wconf 84' lang='lat' dir='ltr'>triplicem</span> <span class='ocrx_word' id='word_1_637' title='bbox 228 4331 260 4384; x_wconf 91' lang='lat' dir='ltr'>in</span> <span class='ocrx_word' id='word_1_638' title='bbox 273 4330 387 4384; x_wconf 90' lang='lat' dir='ltr'>homine</span> <span class='ocrx_word' id='word_1_639' title='bbox 406 4329 504 4384; x_wconf 82' lang='lat' dir='ltr'>volunt</span> <span class='ocrx_word' id='word_1_640' title='bbox 518 4329 661 4384; x_wconf 86' lang='lat' dir='ltr'>sttlrmare</span> <span class='ocrx_word' id='word_1_641' title='bbox 675 4329 874 4396; x_wconf 85' lang='lat' dir='ltr'>substantiam,</span> <span class='ocrx_word' id='word_1_642' title='bbox 916 4329 1006 4384; x_wconf 86' lang='lat' dir='ltr'>stolus</span> <span class='ocrx_word' id='word_1_643' title='bbox 1022 4329 1133 4384; x_wconf 84' lang='lat' dir='ltr'>ridetur</span> <span class='ocrx_word' id='word_1_644' title='bbox 1146 4344 1227 4384; x_wconf 86' lang='lat' dir='ltr'>suam</span> <span class='ocrx_word' id='word_1_645' title='bbox 1240 4329 1404 4400; x_wconf 82' lang='lat' dir='ltr'>Epistulam,</span> 
     </span>
    </p>
   </div>
   <div class='ocr_carea' id='block_1_3' title="bbox 213 4598 1575 4773">
    <p class='ocr_par' dir='ltr' id='par_1_3' title="bbox 213 4598 1575 4773">
     <span class='ocr_line' id='line_1_47' title="bbox 213 4598 1575 4773; baseline 0.001 -42"><span class='ocrx_word' id='word_1_646' title='bbox 213 4600 480 4731; x_wconf 80' lang='lat' dir='ltr'>Lissa</span> <span class='ocrx_word' id='word_1_647' title='bbox 535 4601 1027 4773; x_wconf 77' lang='lat' dir='ltr'>vicssluus</span> <span class='ocrx_word' id='word_1_648' title='bbox 1073 4598 1575 4733; x_wconf 77' lang='lat' dir='ltr'>suesanus,</span> 
     </span>
    </p>
   </div>
   <div class='ocr_carea' id='block_1_4' title="bbox 131 4888 1667 4977">
    <p class='ocr_par' dir='ltr' id='par_1_4' title="bbox 131 4888 1667 4977">
     <span class='ocr_line' id='line_1_48' title="bbox 131 4888 1667 4977; baseline 0.001 -8"><span class='ocrx_word' id='word_1_649' title='bbox 131 4890 401 4977; x_wconf 80' lang='lat' dir='ltr'><strong>EXPOSITIO</strong></span> <span class='ocrx_word' id='word_1_650' title='bbox 447 4892 508 4972; x_wconf 85' lang='lat' dir='ltr'>IN</span> <span class='ocrx_word' id='word_1_651' title='bbox 554 4890 860 4972; x_wconf 80' lang='lat' dir='ltr'>EPISTOLAM</span> <span class='ocrx_word' id='word_1_652' title='bbox 904 4894 946 4971; x_wconf 90' lang='lat'>11</span> <span class='ocrx_word' id='word_1_653' title='bbox 989 4892 1066 4971; x_wconf 85' lang='lat' dir='ltr'>AD</span> <span class='ocrx_word' id='word_1_654' title='bbox 1117 4888 1667 4974; x_wconf 80' lang='lat' dir='ltr'><strong>THESSALONICENSES·</strong></span> 
     </span>
    </p>
   </div>
   <div class='ocr_carea' id='block_1_5' title="bbox 760 5034 985 5053">
    <p class='ocr_par' dir='ltr' id='par_1_5' title="bbox 760 5034 985 5053">
     <span class='ocr_line' id='line_1_49' title="bbox 760 5034 985 5053; baseline -0.009 -2"><span class='ocrx_word' id='word_1_655' title='bbox 760 5034 985 5053; x_wconf 66' lang='grc' dir='ltr'>...ιι-ι-</span> 
     </span>
    </p>
   </div>
   <div class='ocr_carea' id='block_1_6' title="bbox 81 5132 1809 5663">
    <p class='ocr_par' dir='ltr' id='par_1_6' title="bbox 81 5132 1809 5663">
     <span class='ocr_line' id='line_1_50' title="bbox 341 5132 1716 5210; baseline -0.004 -13"><span class='ocrx_word' id='word_1_656' title='bbox 341 5138 606 5197; x_wconf 75' lang='lat' dir='ltr'><strong>ARGUMENTUM.</strong></span> <span class='ocrx_word' id='word_1_657' title='bbox 884 5142 979 5210; x_wconf 82' lang='lat' dir='ltr'>anae</span> <span class='ocrx_word' id='word_1_658' title='bbox 988 5136 1089 5192; x_wconf 88' lang='lat' dir='ltr'>iisdem</span> <span class='ocrx_word' id='word_1_659' title='bbox 1103 5134 1216 5190; x_wconf 81' lang='lat' dir='ltr'>fuerant</span> <span class='ocrx_word' id='word_1_660' title='bbox 1232 5135 1261 5189; x_wconf 90' lang='lat' dir='ltr'>in</span> <span class='ocrx_word' id='word_1_661' title='bbox 1280 5134 1344 5190; x_wconf 84' lang='lat' dir='ltr'>tide·</span> <span class='ocrx_word' id='word_1_662' title='bbox 1354 5134 1536 5208; x_wconf 82' lang='lat' dir='ltr'>persistentes</span> <span class='ocrx_word' id='word_1_663' title='bbox 1556 5132 1716 5208; x_wconf 84' lang='lat' dir='ltr'>superiores</span> 
     </span>
     <span class='ocr_line' id='line_1_51' title="bbox 119 5224 1715 5304; baseline -0.003 -19"><span class='ocrx_word' id='word_1_664' title='bbox 119 5228 214 5287; x_wconf 80' lang='lat' dir='ltr'>Beams</span> <span class='ocrx_word' id='word_1_665' title='bbox 233 5230 378 5304; x_wconf 86' lang='lat' dir='ltr'>apostolus</span> <span class='ocrx_word' id='word_1_666' title='bbox 394 5230 498 5286; x_wconf 86' lang='lat' dir='ltr'>Paulus</span> <span class='ocrx_word' id='word_1_667' title='bbox 521 5236 670 5303; x_wconf 86' lang='lat' dir='ltr'>postquam</span> <span class='ocrx_word' id='word_1_668' title='bbox 695 5229 814 5301; x_wconf 87' lang='lat' dir='ltr'>primam</span> <span class='ocrx_word' id='word_1_669' title='bbox 840 5229 874 5282; x_wconf 84' lang='lat' dir='ltr'>ed</span> <span class='ocrx_word' id='word_1_670' title='bbox 917 5226 993 5281; x_wconf 90' lang='lat' dir='ltr'>omni</span> <span class='ocrx_word' id='word_1_671' title='bbox 1008 5225 1164 5281; x_wconf 86' lang='lat' dir='ltr'>tentatione</span> <span class='ocrx_word' id='word_1_672' title='bbox 1177 5224 1284 5279; x_wconf 75' lang='lat' dir='ltr'>iruerint</span> <span class='ocrx_word' id='word_1_673' title='bbox 1296 5224 1488 5279; x_wconf 88' lang='lat' dir='ltr'>demonstrati.</span> <span class='ocrx_word' id='word_1_674' title='bbox 1498 5224 1633 5295; x_wconf 79' lang='lat' dir='ltr'>Cognovit</span> <span class='ocrx_word' id='word_1_675' title='bbox 1648 5240 1715 5282; x_wconf 83' lang='lat' dir='ltr'>vero</span> 
     </span>
     <span class='ocr_line' id='line_1_52' title="bbox 89 5313 1809 5393; baseline -0.003 -16"><span class='ocrx_word' id='word_1_676' title='bbox 89 5316 339 5377; x_wconf 65' lang='lat' dir='ltr'>hessalonicenses</span> <span class='ocrx_word' id='word_1_677' title='bbox 371 5321 523 5393; x_wconf 88' lang='lat' dir='ltr'>scripserat</span> <span class='ocrx_word' id='word_1_678' title='bbox 552 5318 716 5391; x_wconf 86' lang='lat' dir='ltr'>Epistolam,</span> <span class='ocrx_word' id='word_1_679' title='bbox 747 5317 878 5389; x_wconf 75' lang='lat' dir='ltr'>cognomt</span> <span class='ocrx_word' id='word_1_680' title='bbox 918 5315 1194 5389; x_wconf 86' lang='lat' dir='ltr'>quodaqnibusdam</span> <span class='ocrx_word' id='word_1_681' title='bbox 1202 5314 1277 5369; x_wconf 87' lang='lat' dir='ltr'>suasi</span> <span class='ocrx_word' id='word_1_682' title='bbox 1287 5313 1426 5370; x_wconf 75' lang='lat' dir='ltr'>estiment</span> <span class='ocrx_word' id='word_1_683' title='bbox 1435 5314 1659 5386; x_wconf 84' lang='lat' dir='ltr'>tinempraesentl</span> <span class='ocrx_word' id='word_1_684' title='bbox 1669 5315 1714 5372; x_wconf 92' lang='lat' dir='ltr'>in·</span> <span class='ocrx_word' id='word_1_685' title='bbox 1806 5316 1809 5321; x_wconf 84' lang='grc'><strong>’</strong></span> 
     </span>
     <span class='ocr_line' id='line_1_53' title="bbox 87 5400 1714 5484; baseline -0.003 -18"><span class='ocrx_word' id='word_1_686' title='bbox 87 5410 161 5482; x_wconf 74' lang='lat' dir='ltr'>quod,</span> <span class='ocrx_word' id='word_1_687' title='bbox 176 5424 350 5484; x_wconf 84' lang='lat' dir='ltr'>quamquam</span> <span class='ocrx_word' id='word_1_688' title='bbox 373 5408 597 5464; x_wconf 81' lang='lat' dir='ltr'>adversariorum</span> <span class='ocrx_word' id='word_1_689' title='bbox 610 5408 765 5481; x_wconf 86' lang='lat' dir='ltr'>pertinacis</span> <span class='ocrx_word' id='word_1_690' title='bbox 783 5408 813 5462; x_wconf 91' lang='lat' dir='ltr'>ln</span> <span class='ocrx_word' id='word_1_691' title='bbox 832 5422 877 5462; x_wconf 87' lang='lat' dir='ltr'>ca-</span> <span class='ocrx_word' id='word_1_692' title='bbox 917 5400 1714 5479; x_wconf 83' lang='lat' dir='ltr'>cumberesaeculo,hocquealiquiquaslabipsoApostolo</span> 
     </span>
     <span class='ocr_line' id='line_1_54' title="bbox 84 5492 1712 5572; baseline -0.002 -17"><span class='ocrx_word' id='word_1_693' title='bbox 84 5496 306 5572; x_wconf 72' lang='lat' dir='ltr'>‹impertiiterit</span> <span class='ocrx_word' id='word_1_694' title='bbox 314 5498 428 5564; x_wconf 74' lang='lat' dir='ltr'>serius,</span> <span class='ocrx_word' id='word_1_695' title='bbox 440 5498 525 5553; x_wconf 83' lang='lat' dir='ltr'>variis</span> <span class='ocrx_word' id='word_1_696' title='bbox 533 5496 737 5553; x_wconf 86' lang='lat' dir='ltr'>tentationibus</span> <span class='ocrx_word' id='word_1_697' title='bbox 745 5512 877 5569; x_wconf 81' lang='lat' dir='ltr'>aggressa</span> <span class='ocrx_word' id='word_1_698' title='bbox 918 5495 1009 5552; x_wconf 91' lang='lat' dir='ltr'>edocti</span> <span class='ocrx_word' id='word_1_699' title='bbox 1033 5495 1141 5550; x_wconf 87' lang='lat' dir='ltr'>caeteris</span> <span class='ocrx_word' id='word_1_700' title='bbox 1160 5492 1349 5550; x_wconf 88' lang='lat' dir='ltr'>nuntiabant:</span> <span class='ocrx_word' id='word_1_701' title='bbox 1367 5494 1477 5565; x_wconf 83' lang='lat' dir='ltr'>adjecto</span> <span class='ocrx_word' id='word_1_702' title='bbox 1497 5493 1557 5564; x_wconf 90' lang='lat' dir='ltr'>illo,</span> <span class='ocrx_word' id='word_1_703' title='bbox 1573 5494 1648 5568; x_wconf 86' lang='lat' dir='ltr'>quod</span> <span class='ocrx_word' id='word_1_704' title='bbox 1664 5493 1712 5569; x_wconf 88' lang='lat' dir='ltr'>qui</span> 
     </span>
     <span class='ocr_line' id='line_1_55' title="bbox 81 5577 1761 5663; baseline -0.004 -17"><span class='ocrx_word' id='word_1_705' title='bbox 81 5602 125 5646; x_wconf 74' lang='lat' dir='ltr'>em</span> <span class='ocrx_word' id='word_1_706' title='bbox 140 5588 393 5663; x_wconf 79' lang='lat' dir='ltr'>quimediderant,</span> <span class='ocrx_word' id='word_1_707' title='bbox 408 5594 506 5644; x_wconf 82' lang='lat' dir='ltr'>tamen</span> <span class='ocrx_word' id='word_1_708' title='bbox 528 5586 564 5643; x_wconf 89' lang='lat' dir='ltr'>ad</span> <span class='ocrx_word' id='word_1_709' title='bbox 588 5586 683 5643; x_wconf 87' lang='lat' dir='ltr'>omnia</span> <span class='ocrx_word' id='word_1_710' title='bbox 705 5584 754 5642; x_wconf 87' lang='lat' dir='ltr'>illa</span> <span class='ocrx_word' id='word_1_711' title='bbox 777 5600 878 5659; x_wconf 84' lang='lat' dir='ltr'>aspera</span> <span class='ocrx_word' id='word_1_712' title='bbox 917 5577 1123 5657; x_wconf 81' lang='lat' dir='ltr'>indisciplinate</span> <span class='ocrx_word' id='word_1_713' title='bbox 1138 5580 1413 5640; x_wconf 72' lang='lat' dir='ltr'>venabanturaulia</span> <span class='ocrx_word' id='word_1_714' title='bbox 1427 5581 1714 5658; x_wconf 77' lang='lat' dir='ltr'>exparteexlitterls</span> <span class='ocrx_word' id='word_1_715' title='bbox 1756 5624 1761 5629; x_wconf 85' lang='lat'>-</span> 
     </span>
    </p>
   </div>
   <div class='ocr_carea' id='block_1_7' title="bbox 0 0 1890 6119">
    <p class='ocr_par' dir='ltr' id='par_1_7' title="bbox 0 0 1890 6119">
     <span class='ocr_line' id='line_1_56' title="bbox 0 0 1890 6119; baseline 0 0"><span class='ocrx_word' id='word_1_716' title='bbox 0 0 1890 6119; x_wconf 95' lang='lat' dir='ltr'> </span> 
     </span>
    </p>
   </div>
  </div>
 </body>
</html>
