3772 6120
139 275 207 334 tttt

245 402 406 460 LXXXVII.
425 433 455 443 ·-
473 413 484 443 ¹
504 405 538 458 In
552 407 661 460 ecclesio
680 404 829 461 Vodillrolu'.

137 512 264 585 Scriptor
277 510 421 582 Evangelii
435 510 554 566 dilectus
568 512 621 568 rite
634 514 766 582 Ioannes,
801 518 807 530 '

172 603 244 658 cum
257 601 333 658 Luca
346 601 419 657 hanc
433 601 527 656 aulam
541 608 685 659 consecrat
697 621 732 659 en
746 605 830 661 socio.

135 690 243 749 imbuit
250 692 324 747 hanc
335 707 415 745 aram
429 690 575 747 Cornelius
587 710 619 747 ac
633 694 799 765 Cyprianus,

171 782 234 855 lpse
248 780 408 837 BonitacIus
423 785 507 854 atque
518 781 678 855 Dionysius.

135 870 188 929 llic
198 871 337 945 praecibus
350 875 425 927 astat
436 871 601 927 Vincentius
615 876 644 927 et
654 873 798 944 Oyriacus,

172 962 300 1034 Cumque
311 961 462 1016 Valentino
476 961 608 1017 Rusticus
622 966 696 1018 astat
709 979 806 1018 ovans.

134 1052 294 1124 Gorgonius
308 1056 426 1124 martyr,
443 1052 608 1109 Pancratius
623 1052 693 1125 ipse,
710 1052 872 1127 Naborque,

164 1140 315 1199 assistunt
329 1140 458 1215 precibus
472 1141 573 1214 hicque
588 1141 779 1198 Sebastianus.

134 1232 196 1290 lloc
208 1231 298 1288 altare
309 1232 420 1299 Petrus,
437 1232 573 1299 Andreas,
591 1231 695 1287 Paulus
709 1236 739 1287 et
752 1232 821 1305 ipse,

170 1322 314 1378 Exornant
327 1320 435 1376 meritis
449 1328 534 1392 atque
547 1321 634 1376 sacris
646 1321 785 1394 precibus.

135 1411 208 1468 cum
222 1411 326 1485 quibus
339 1411 385 1466 hic
396 1410 523 1483 gaudens
541 1411 679 1467 Martinus
693 1411 795 1484 praesul
815 1411 933 1478 orando,

169 1501 286 1557 Assistit
297 1501 368 1556 votis
386 1505 499 1556 sanctus
515 1504 544 1556 et
559 1500 694 1559 Hilarius.

134 1589 219 1663 Virgo
233 1590 325 1647 Maria
338 1590 391 1646 Ilei
404 1590 525 1662 genitrix
539 1590 645 1646 intacta
658 1590 803 1658 Tonantis,

169 1679 222 1735 llic
231 1697 354 1754 presens
368 1680 443 1736 adsis
458 1681 520 1754 ipsa
533 1681 591 1737 tuis
602 1680 723 1736 famulis.

132 1768 229 1839 Lucia,
246 1770 359 1840 Oocilia,
372 1775 458 1843 atque
472 1771 566 1842 Agnes
581 1776 609 1826 et
619 1775 727 1845 martyr
740 1770 861 1844 Agatha,

167 1858 269 1916 adsint
282 1860 328 1917 hic
341 1865 436 1916 tecum
451 1875 558 1932 nosque
574 1861 673 1932 iurent
686 1860 825 1933 precibus.

273 1986 448 2042 LXXXVIII.
465 2016 498 2028 -
515 1988 549 2042 In
564 1989 670 2056 capella
683 1987 788 2042 Μαανί.

131 2092 268 2151 Omnibus
275 2098 319 2150 est
325 2094 457 2166 locuples,
470 2094 519 2167 qui
533 2093 617 2151 rebus
627 2093 752 2151 abundat
761 2094 895 2164 honestis,

154 2176 219 2239 ⁴Oui
228 2199 346 2256 superas
360 2183 490 2239 Christus
503 2183 614 2239 dividas
626 2183 735 2240 tribuit.

128 2271 312 2345 Flectsgenu,
326 2273 373 2346 qui
382 2272 480 2341 intras,
491 2272 635 2345 Christum
644 2278 677 2328 tu
687 2279 824 2346 etpronus
833 2274 929 2340 adora,

165 2362 253 2434 Oujus
266 2363 360 2434 imago
375 2379 459 2436 snper
473 2363 547 2435 picta
560 2363 654 2418 colore
668 2363 763 2419 micat.

128 2450 198 2520 tux,
212 2453 268 2519 ria,
285 2452 351 2518 vita,
368 2451 453 2520 salus,
470 2451 507 2508 sit
521 2468 628 2508 merces
643 2452 773 2510 omnibus
783 2454 874 2512 isthic.

163 2541 218 2608 Qui
232 2542 344 2598 Christo
354 2542 477 2597 reddunt
489 2542 583 2598 debita
593 2548 659 2598 vota
673 2543 727 2616 pie.

127 2630 170 2691 En
183 2648 241 2689 naa
254 2633 392 2705 templum
404 2632 524 2688 Domino
537 2632 583 2687 hic
596 2637 677 2704 parte
690 2632 830 2701 ministro,

162 2718 276 2776 Derotis
290 2720 375 2776 aliam
395 2720 481 2775 reddo
496 2720 612 2776 domum
627 2720 749 2777 tamuhs.

125 2807 219 2874 Quam
229 2809 309 2866 dulce
323 2815 352 2866 at
359 2815 473 2882 gratum
480 2815 532 2878 est,
543 2810 645 2866 tratres
653 2811 926 2883 perpenditecuncti,

163 2898 245 2956 Stare
259 2900 354 2967 choro,
371 2904 400 2955 et
411 2899 529 2973 placidis
544 2900 669 2955 caelestia
683 2901 803 2974 psallere
815 2900 907 2957 verbis
919 2902 926 2956 I

168 3026 316 3085 uxum.
329 3027 437 3082 -Itcm
456 3028 489 3082 in
503 3026 596 3082 eodem
611 3030 716 3096 capella
728 3029 761 3083 dc
774 3029 883 3097 liguria

122 3133 227 3192 Gratia
239 3133 316 3190 clave
334 3133 426 3206 aperit
439 3149 501 3206 quae
515 3133 611 3190 clausa
624 3133 773 3207 prophetia
787 3133 890 3204 condit,

160 3224 228 3290 Quae
243 3224 288 3279 lex
302 3223 452 3295 significat,
469 3230 499 3278 et
512 3241 573 3295 quae
588 3224 781 3296 hagiographa
795 3225 907 3296 Ilgurat,

120 3309 241 3369 Psallite
253 3328 312 3380 ros,
326 3312 407 3384 pueri
419 3311 486 3378 Iaeti,
503 3316 532 3366 et
546 3310 702 3368 benedicite
714 3312 836 3378 Ohristo,

159 3402 224 3476 Ipse
238 3400 317 3458 dabit
329 3400 406 3457 vobis
421 3402 536 3474 praemia
552 3402 615 3457 Iaeta
630 3402 704 3473 polo.

392 3509 450 3566 XO.
465 3539 497 3552 -
512 3510 550 3566 De
563 3525 652 3565 cruca

119 3613 265 3675 Ventum
279 3615 391 3673 Domini
405 3616 454 3690 qui
467 3616 536 3672 ricit
548 3621 656 3672 tartara
669 3614 784 3686 Ohristi,

103 3702 108 3709 '
159 3704 204 3765 ln
216 3706 300 3764 rubet
313 3706 359 3763 hic
372 3705 481 3779 pictum
494 3707 556 3763 luce
567 3705 698 3763 micando
710 3721 792 3762 nora.

118 3794 260 3870 Quisqms
273 3796 347 3852 banc
360 3795 461 3865 cernis,
475 3795 558 3853 laetus
568 3801 601 3853 tu
616 3794 701 3853 dicito
714 3794 826 3855 Christo
845 3811 852 3853 :

161 3885 280 3962 temper
291 3886 322 3944 iu
335 3890 472 3944 aternum
486 3886 578 3957 gloria
589 3902 694 3959 magna
707 3887 775 3942 Deo.

420 3993 492 4050 XCI.
507 4025 539 4038 -
554 3995 633 4050 Item.

120 4101 201 4160 arur
212 4100 373 4158 veneranda
387 4099 439 4157 Dei
454 4101 520 4157 solis
533 4102 592 4157 hac
604 4101 693 4173 fulget
705 4101 741 4157 ab
756 4104 830 4171 ortu,

99 4202 103 4207 '
118 4189 236 4265 ffltigat
245 4191 304 4247 haec
319 4191 415 4247 Austri
430 4191 591 4246 minitantia
604 4191 694 4247 llabra
705 4192 852 4265 procellas.

119 4278 192 4339 flac
203 4278 323 4354 Zephyri
336 4280 447 4337 nimbos
461 4286 490 4336 ct
502 4281 621 4337 flumina
634 4281 715 4354 pellit
728 4281 764 4337 ab
777 4283 846 4351 aede,

119 4368 191 4429 uec
204 4370 301 4428 Boreae
314 4371 421 4443 gelidos
435 4372 587 4445 compescit
600 4371 707 4443 frigora
719 4371 815 4429 flatus.

119 4457 237 4517 Ohrtste
248 4461 312 4535 pius
326 4461 462 4518 Dominus
476 4463 567 4518 usum
581 4479 629 4517 oor
641 4461 732 4533 dirige
746 4462 854 4531 dextra,
928 4496 956 4560 D

157 4547 252 4607 Verba
265 4549 341 4607 Deus
356 4550 461 4608 famulo
475 4551 561 4608 redde
576 4551 695 4624 probata
708 4556 768 4608 tuo.

241 4693 328 4752 xcn.
340 4722 373 4739 -·
387 4696 422 4752 In
433 4712 486 4751 ara
500 4697 597 4752 Mauri
606 4697 647 4752 oet
662 4697 693 4752 ia
707 4711 798 4768 capro.

101 4815 188 4875 ctae
201 4818 287 4893 plaga
297 4820 470 4896 martyribus
484 4820 634 4878 decoratur
647 4837 770 4894 namquo
781 4820 881 4890 beatis,

118 4905 189 4966 nec
202 4909 394 4968 comessorum
407 4910 503 4985 spoliis
515 4928 581 4985 pars
600 4911 654 4969 rite
668 4912 798 4986 retirlget.

103 4994 188 5064 ‚nec
202 5016 293 5074 preco
308 5007 337 5058 ct
349 5001 439 5059 sancti
461 5009 650 5062 numerantur
670 5008 751 5078 parta
769 5001 923 5080 propheta,

116 5085 284 5160 Virginibus
296 5092 384 5150 sacrIs
398 5092 443 5151 hic
452 5098 569 5166 prestat
582 5094 661 5167 virgo
675 5094 774 5151 Maria.

520 279 694 336 canutus.
712 309 742 320 -
764 276 889 335 sacrm
910 275 931 332 l.
950 275 1120 335 honusta
1141 278 1188 335 DE
1208 278 1384 338 DWEBSIS.

951 403 971 460 t
984 400 1121 459 Omnibus
1135 404 1181 459 hic
1194 405 1299 461 sanetis
1312 405 1391 478 digni
1404 406 1584 468 celebrantur
1596 412 1717 472 hanuet

1018 491 1154 550 Omnibus
1168 493 1242 550 hanc
1251 511 1330 551 aram
1345 496 1443 554 Raban
1457 503 1487 555 et
1500 499 1561 573 ipss
1570 501 1657 562 dedit

1224 602 1323 659 XOIII.
1339 634 1371 645 -
1390 608 1424 661 Oe
1446 623 1534 664 cruce.

980 704 1054 760 Crux
1067 707 1154 763 mIcat
1166 708 1242 764 alma
1255 709 1316 778 Dei,
1332 708 1426 769 divino
1440 730 1557 771 munere
1571 714 1664 795 plena,

1013 794 1155 868 Sanguine
1171 813 1255 870 quam
1271 798 1401 856 Christus
1414 808 1559 861 consecrat
1572 796 1632 881 ipsa
1646 806 1707 862 tuo.

977 881 1066 946 Quam
1082 900 1181 957 precor
1194 891 1319 942 astantes
1332 889 1426 945 cuncti
1441 891 1589 965 cunctique
1603 882 1743 962 sedentes,

1014 971 1160 1046 Condigna
1172 976 1256 1033 laude
1268 984 1380 1051 semper
1394 982 1487 1035 amate
1502 972 1588 1054 piam.

1107 1163 1109 1166 Ι
1257 1082 1353 1140 XCIV.
1372 1116 1404 1127 -
1422 1087 1500 1144 Item.

977 1182 1032 1250 Qui
1045 1200 1127 1241 cruce
1140 1188 1264 1247 coaluus
1277 1192 1508 1265 praestaritdona
1518 1193 1628 1263 salutis,
1688 1268 1692 1273 Ι
1748 1225 1760 1274 ¹.

1012 1272 1068 1330 Vos
1078 1274 1161 1331 corde
1176 1284 1206 1333 et
1218 1295 1302 1335 came
1316 1287 1447 1354 protegat
1458 1287 1544 1357 atqua
1556 1290 1648 1358 regat
1714 1357 1718 1364 ,

977 1363 1131 1420 Consilium
1146 1367 1269 1438 prudens
1288 1368 1395 1427 tribuat
1409 1376 1494 1445 atque
1508 1373 1578 1430 utile
1592 1373 1717 1446 verbum,

1011 1454 1112 1510 lictum
1128 1456 1285 1529 pacificum,
1299 1452 1412 1534 tempus
1425 1466 1455 1516 et
1468 1478 1551 1520 omne
1565 1463 1680 1523 bonum.

1266 1564 1348 1620 XCV.
1365 1596 1396 1608 -
1413 1568 1490 1625 Item.

976 1667 1030 1734 Qui
1043 1685 1125 1725 cruce
1140 1672 1264 1727 confixus
1279 1674 1424 1729 renovavit
1437 1676 1575 1748 sanguine
1590 1677 1736 1751 mundum,

1011 1758 1065 1814 Par
1077 1759 1167 1816 crucis
1182 1761 1234 1817 hoc
1249 1762 1362 1834 signum
1373 1763 1447 1822 banc
1457 1764 1531 1824 dicet
1542 1767 1603 1842 ipse
1617 1768 1743 1835 domum.
1795 1797 1797 1801 ⁴

1247 1868 1343 1926 XCVI.
1361 1901 1393 1914 -
1415 1874 1496 1930 Item.

974 1972 1049 2030 Orux
1062 1973 1121 2031 bac
1135 1978 1233 2032 sancta
1247 1974 1299 2032 Dei
1314 1977 1460 2050 consignet
1473 1995 1592 2038 munera
1604 1998 1719 2056 mensa,

1009 2060 1108 2119 Divino
1123 2063 1197 2120 dono
1219 2064 1319 2136 pocula
1331 2082 1395 2122 cum
1410 2065 1538 2139 dapibus.

973 2149 1009 2207 Ilt
1022 2151 1106 2208 Pater
1119 2152 1179 2227 ipse
1192 2153 1292 2209 sedens
1306 2171 1428 2227 expenso
1447 2172 1573 2228 munere,
1588 2158 1685 2235 largus

1008 2239 1053 2297 Sis
1064 2240 1149 2316 inopi,
1165 2258 1278 2316 semper
1293 2242 1411 2318 hospitis
1424 2249 1484 2302 esto
1498 2262 1616 2307 memor.
1689 2244 1691 2249 ’

1244 2350 1317 2407 XCV
1318 2352 1355 2410 11.
1372 2381 1405 2393 -
1420 2356 1499 2410 Item.

971 2450 1013 2508 En
1026 2467 1093 2508 cmx
1107 2451 1184 2508 alma
1196 2451 1248 2508 Ilei
1263 2454 1422 2510 venerando
1435 2454 1525 2527 fulget
1538 2456 1653 2529 amicta
1688 2500 1691 2505 .

1007 2541 1074 2606 Qua
1090 2541 1244 2598 salvatoris
1259 2542 1348 2600 unda
1363 2559 1463 2601 cruore
1474 2545 1539 2603 tuit.

970 2629 1059 2698 Hanc,
1072 2647 1188 2703 praecor,
1203 2637 1283 2689 orate
1297 2631 1429 2689 submissi
1441 2633 1526 2691 dicite
1539 2634 1649 2703 undu.
1666 2658 1669 2663 ·
1695 2674 1698 2679 -

1004 2721 1029 2775 Α
1043 2720 1154 2776 Christo
1166 2721 1285 2778 Domino
1300 2723 1405 2805 poscite
1419 2723 1488 2779 lucis
1498 2740 1589 2798 opem.
1684 2782 1689 2790 ,

1045 2827 1171 2884 xcvm.
1187 2856 1219 2870 -
1234 2829 1269 2884 In
1282 2845 1362 2885 cruce
1376 2831 1557 2888 (landramni
1569 2835 1686 2889 comitis.

968 2933 1241 3009 Oruxquoquecerta
1254 2937 1330 2993 salus
1341 2938 1765 3017 munustconcasstoregntat,
1794 2946 1797 2951 '

936 3047 960 3113 α
1003 3024 1175 3098 Perpetuam
1186 3025 1274 3082 vitam
1287 3025 1414 3083 conterat
1425 3026 1488 3101 ipsa
1500 3029 1565 3101 piis.
1648 3068 1653 3077 ·

968 3113 1041 3170 Nam
1051 3115 1141 3172 crucis
1150 3116 1204 3171 boc
1212 3114 1325 3188 signum
1340 3116 1541 3174 (landramnus
1553 3119 1680 3192 lunarat
1693 3134 1767 3207 ψ.

1003 3202 1056 3260 Oui
1068 3204 1144 3261 Deus
1158 3205 1337 3279 omnipotens
1346 3207 1465 3280 premia
1477 3207 1544 3265 lata
1556 3215 1646 3282 paret
1678 3220 1689 3241 ⁴
1738 3282 1743 3297 ὓ

1014 3311 1197 3369 rictu-110
1210 3316 1340 3383 reliquiis
1355 3315 1388 3370 in
1402 3317 1523 3387 parom
1537 3333 1606 3375 oreo
1614 3321 1723 3390 positia

965 3418 1106 3490 Angelicis
1120 3419 1173 3475 alis
1186 3419 1244 3476 haec
1258 3432 1323 3474 arca
1337 3424 1450 3491 tegatur
1463 3419 1578 3495 uqune,
1709 3394 1711 3401 .

964 3505 1036 3568 noce
1046 3506 1131 3566 beata
1142 3509 1243 3566 cohors
1255 3510 1368 3582 Agnum
1382 3508 1537 3567 wcumdat
1549 3511 1681 3575 honesta.

1002 3599 1039 3656 Et
1051 3614 1152 3673 praeco,
1163 3604 1193 3655 ct
1204 3604 1305 3666 mater,
1321 3603 1421 3656 sorsat
1431 3600 1595 3673 apostolica.

966 3806 1043 3874 Quos
1055 3809 1136 3865 retus
1150 3809 1235 3879 atque
1247 3817 1320 3861 nova
1333 3803 1435 3862 babuit
1446 3804 1491 3862 lex
1500 3821 1564 3862 scca
1575 3805 1699 3881 piorum,

965 3896 1018 3954 llic
1026 3902 1140 3972 patrum
1153 3894 1243 3970 spolia
1256 3899 1354 3953 nostra
1367 3895 1413 3969 pie
1426 3894 1532 3954 usam
1546 3896 1683 3962 tondum.

965 4101 1098 4176 Martyris
1111 4101 1157 4158 hic
1169 4101 1236 4159 almi
1251 4101 1297 4175 pie
1310 4101 1423 4160 condita
1437 4102 1565 4160 mambra
1575 4103 1733 4180 quassant,

1001 4191 1069 4258 Qua
1082 4192 1211 4249 christus
1225 4192 1313 4266 signis
1326 4192 1484 4266 glorificare
1498 4194 1585 4269 cupit,
1825 4190 1829 4197 ’

966 4281 1018 4338 Ilio
1031 4281 1139 4339 claudis
1151 4298 1276 4354 gressus,
1288 4283 1384 4340 lumen
1393 4283 1439 4340 hic
1452 4283 1583 4341 redditur
1592 4282 1685 4343 orbos

999 4371 1132 4429 Infirmus
1144 4388 1253 4442 curam,
1268 4389 1334 4430 sons
1344 4374 1458 4450 ospitat
1471 4373 1591 4435 veniam·
1678 4448 1682 4455 Α
1698 4448 1702 4455 Ι

1124 4479 1183 4536 011.
1199 4509 1232 4522 -
1245 4477 1291 4537 Aa
1305 4482 1396 4536 altars
1413 4483 1504 4536 sancti
1517 4482 1604 4538 Patri.
1646 4567 1651 4575 Ι

962 4586 1058 4646 catus
1067 4587 1235 4660 apostolicus
1248 4587 1356 4662 pariter
1369 4602 1434 4644 cum
1447 4586 1574 4662 principe
1584 4586 1681 4671 Patro.

997 4677 1056 4735 lloc
1070 4677 1268 4733 altarctcnens
1282 4676 1428 4733 ecclesiam
1445 4676 1566 4737 dedicat.

963 4767 1027 4841 Ipse
1041 4766 1095 4825 sibi
1109 4766 1290 4823 commissum
1308 4772 1405 4841 pastor
1418 4773 1512 4827 serrat
1525 4768 1607 4837 orile,

999 4858 1134 4931 Protegat
1145 4862 1231 4930 amna
1248 4862 1338 4930 regat,
1354 4857 1472 4916 collocet
1483 4864 1570 4932 atquc
1583 4857 1661 4932 polos

964 4982 1037 5043 our.
1054 5012 1086 5027 -—
1104 4985 1295 5054 Vmarjrrctc
1308 4997 1406 5056 corpas
1419 4983 1434 5026 t
1452 4982 1594 5041 remeate·
1612 4978 1765 5047 ocrim

964 5091 1131 5152 Parmenios
1140 5091 1244 5166 praesul
1258 5090 1373 5162 Christi,
1388 5090 1531 5151 mnbssor
1541 5094 1572 5151 al
1583 5087 1654 5165 ipa,

616 5300 772 5359 schotto
791 5292 1262 5360 ormtsropflom'auowaar.

157 5474 316 5547 ⁸Atquod,
332 5476 366 5530 In
380 5478 490 5533 ccclesia
510 5475 659 5544 I’odilbobr',
676 5480 824 5552 scriptum,
842 5480 922 5538 Inre-

119 5545 273 5633 stigatione
285 5547 340 5631 loci
351 5564 408 5604 non
423 5548 506 5617 obvii,
521 5549 620 5618 fateor,
637 5551 751 5608 aliunde
765 5552 867 5609 merito
877 5570 922 5610 ex·

118 5619 536 5774 Ἥξιῗέᾞνωᾳηὶυε,
556 5693 726 5765 PyrminIus,
745 5695 858 5769 alitque
871 5713 920 5754 ra·

120 5765 225 5819 rratats
246 5762 332 5835 hayna
345 5779 469 5837 episcopt
484 5780 588 5826 nomen
602 5768 700 5842 legunt
718 5772 836 5828 veteres.
850 5768 921 5830 llcl·

963 5481 1058 5539 dsnsis
1071 5497 1108 5537 an
1129 5479 1272 5547 Metensis,
1284 5478 1320 5535 de
1333 5492 1389 5551 quo
1403 5479 1547 5535 certamen
1559 5478 1613 5544 est,
1628 5472 1761 5537 inm

962 5553 1113 5610 matricum
1137 5552 1259 5608 acclesiae
1286 5550 1408 5617 tabulis,
1436 5548 1585 5621 rnetmpoli
1608 5546 1764 5606 lhaverln

962 5624 1089 5694 annexis,
1102 5623 1281 5697 inquirimus.
1293 5622 1465 5678 hIeldensam
1482 5618 1541 5676 sire
1555 5617 1761 5685 distensam}

961 5702 1032 5765 tear,
1039 5695 1098 5753 anti
1119 5711 1221 5755 uorum
1229 5694 1355 5751 indicum
1367 5688 1763 5750 coenonobcinebtrurtfle·

961 5767 1089 5831 minslta
1118 5782 1216 5827 cnseo
1224 5758 1760 5842 mandueatamandum
