3772 6120
156 249 207 305 ‘zoi
449 249 480 302 ll.
501 247 636 302 uesani
655 247 770 302 MAURI
793 248 960 303 nucinas.
982 250 1144 304 MOGUN'I'.
1166 249 1314 304 OPERUM
1334 250 1426 303 PARS
1446 251 1495 306 Ill.
1739 250 1792 307 '208

154 377 292 444 capititis
313 380 336 427 ct
347 376 472 442 perficiat
484 375 514 425 in
528 373 600 424 uobis
615 374 699 424 etiem
718 374 842 437 pretium
855 373 948 424 istam.
960 379 1023 438 Aut
1038 376 1103 427 aliis
1112 375 1147 425 sit
1157 375 1290 437 remissio,
1301 373 1378 425 ciebis
1384 374 1539 426 tribulatio.
1550 373 1655 426 Verum
1663 380 1715 438 est,
1726 375 1794 445 quia

154 462 295 529 Quoniam
308 462 363 515 Titi
375 462 505 515 allectum
515 459 656 513 sincerum
667 458 773 512 sciebat
784 459 858 512 circa
871 459 949 519 istos,
993 461 1032 513 sir.
1047 462 1170 514 dandum
1186 467 1236 526 est,
1250 467 1348 515 utnon
1361 466 1515 529 egestatem
1527 468 1640 532 prestet
1649 462 1793 516 dantibus.

153 570 205 609 nec
218 568 275 607 non
289 553 341 605 hos
351 550 513 604 obedientes
526 548 562 612 ei,
580 547 681 601 idcirco
692 565 743 618 per
757 548 849 618 ipsum
864 548 951 602 etiam
992 549 1045 604 Sed
1058 567 1090 604 ca
1099 553 1255 618 :equalitate
1271 552 1303 602 in
1314 550 1362 602 hoc
1378 555 1496 618 ternpore
1507 554 1645 618 prasenti.
1654 551 1713 604 Hoc
1728 551 1797 605 dicit

152 642 189 697 ad
204 643 257 696 hoc
270 656 340 711 opus
350 637 492 693 exhortari
508 637 570 691 illos
583 636 692 690 facilius
707 653 789 707 posse
799 637 948 707 significat,
993 643 1024 692 ut
1040 645 1176 708 quantum
1193 637 1277 691 habet
1291 638 1326 691 ad
1344 642 1455 708 tempus
1475 637 1582 692 dividat
1604 639 1717 703 sanctis,
1735 656 1791 692 non

153 737 185 785 ut
198 728 337 802 quomodo
352 728 380 781 in
394 725 502 780 carens
513 724 596 778 rebus
613 725 815 779 exhortationis
830 742 887 779 sua)
904 725 951 778 ba·
993 726 1068 781 enim
1079 727 1142 797 plus
1154 727 1283 795 exigitur,
1295 743 1380 796 quam
1389 726 1442 780 sibi
1454 726 1539 780 debet
1548 716 1794 796 retinerefldrcp.)

153 818 215 875 buit
225 818 345 872 fructum
360 816 390 869 in
404 815 455 880 cis,
473 814 589 868 haberet
604 815 689 867 etiam
706 813 734 868 in
749 814 801 868 hac
818 814 953 885 gratiani
994 814 1068 878 Quia
1082 817 1188 882 elilipcs,
1205 815 1306 886 inquit,
1318 819 1481 884 proriinum
1497 821 1577 869 tuum
1591 818 1662 869 sicat
1676 820 1795 884 teipsum

152 905 388 962 administerium
400 908 562 958 sanctorum
577 908 722 973 promptos
732 920 780 956 eos
795 902 908 967 faceret,
921 910 953 956 ut
993 902 1100 972 (illatth.
1122 905 1192 975 mx).
1209 904 1287 958 Unde
1308 904 1438 958 Zachaeus
1458 924 1463 956 :
1491 905 1555 958 licre
1569 906 1732 966 dimidiam,
1750 905 1795 959 in-

153 996 220 1068 qnia
228 996 288 1066 jam
296 993 365 1048 vitia
373 992 569 1057 emendabant,
577 992 661 1062 hujus
677 991 816 1062 largitatis
830 991 951 1045 fructum
993 992 1064 1063 quit,
1081 994 1216 1047 horrorum
1227 1009 1351 1046 cneorum
1360 995 1394 1046 elo
1405 993 1576 1061 paieperibus
1587 992 1662 1064 (Luc.
1675 996 1733 1061 xix)
1745 1013 1751 1049 :
1763 1002 1796 1047 ut

153 1084 299 1141 haberent.
308 1083 362 1148 Qui
378 1082 453 1136 enim
464 1081 499 1136 ad
514 1082 567 1135 hoc
581 1080 659 1145 dant,
668 1096 703 1135 ne
713 1086 878 1149 arguantur,
891 1081 952 1133 nul·
991 1080 1121 1135 videlicet
1140 1081 1256 1135 sollicite
1280 1080 1495 1152 perpendamus,
1513 1081 1580 1152 quia
1599 1088 1628 1134 et
1648 1098 1705 1147 eos,
1724 1098 1795 1153 quos

152 1177 211 1231 lum
225 1175 348 1228 fructum
365 1172 451 1242 hujus
464 1169 504 1223 rei
520 1168 672 1224 habebunt.
696 1169 748 1224 Sed
761 1171 832 1223 sicut
847 1171 878 1223 in
892 1185 951 1222 otii·
992 1185 1067 1223 nunc
1082 1169 1178 1240 inopes
1194 1169 1343 1234 cernimus
1355 1169 1529 1223 abundantes
1539 1170 1707 1241 quandoque
1716 1170 1794 1224 ride-

152 1266 235 1320 aibas
248 1262 398 1317 abundatis
412 1261 463 1327 lide
473 1264 497 1313 et
510 1275 643 1324 sermone,
660 1263 685 1312 et
698 1260 823 1323 scientio,
838 1260 952 1311 etormet
992 1256 1093 1322 bimus,
1101 1265 1131 1312 et
1146 1258 1193 1328 qui
1208 1258 1382 1312 abundantes
1393 1258 1554 1329 aspicimur,
1563 1257 1587 1311 si
1598 1258 1694 1327 largiri
1703 1260 1795 1330 negli-

152 1352 381 1416 sollicitudinem
391 1349 622 1404 cliaritatceestro
632 1349 664 1401 in
675 1362 736 1400 nos:
747 1346 950 1413 utinhacpra-
991 1346 1092 1416 gimus,
1106 1347 1274 1417 quandoque
1289 1348 1386 1418 inopes
1400 1346 1515 1401 erbeus.
1533 1346 1586 1411 Qui
1602 1346 1698 1418 itaque
1717 1365 1793 1402 riune

153 1446 194 1497 tia
206 1442 361 1496 abecridetis.
378 1437 548 1491 Exhortatur
566 1436 637 1500 illos,
662 1441 695 1489 ut
707 1434 844 1504 glorietur
858 1435 892 1488 dc
906 1434 950 1487 his
992 1436 1145 1506 temporale
1155 1435 1309 1490 subsidium
1320 1435 1437 1506 pauperi
1453 1435 1560 1501 tribuit,
1574 1434 1608 1489 ab
1619 1453 1652 1489 eo
1667 1444 1793 1506 postmo-

151 1530 227 1603 apud
250 1533 365 1583 ceteras
392 1524 532 1593 ecelesias.
563 1523 628 1578 llaec
655 1528 698 1577 est
724 1522 799 1577 enim
822 1521 950 1593 probatio
991 1523 1209 1596 damperpetua
1227 1530 1401 1596 recepturus,
1422 1524 1509 1578 atita
1525 1524 1626 1589 dicam,
1652 1525 1732 1595 quasi
1757 1527 1793 1579 ad

152 1615 356 1674 emendationis
366 1630 472 1680 eoruni,
481 1613 505 1667 si
515 1611 637 1684 prompti
648 1611 706 1666 sint
716 1612 752 1665 ad
761 1611 950 1665 ministerium
991 1613 1100 1682 frugem
1114 1618 1219 1668 terram
1230 1614 1340 1677 excolit,
1354 1614 1501 1684 quaequod
1514 1613 1663 1683 acceperit,
1677 1613 1792 1668 uberius

151 1712 323 1763 sanctorum.
335 1704 397 1759 Non
404 1704 485 1772 quasi
492 1705 632 1771 imperans
639 1702 709 1766 dico,
719 1702 765 1755 sed
771 1717 821 1770 por
827 1703 951 1754 aliorum
960 1695 1092 1756 Breddit.
1100 1703 1198 1757 Restat
1207 1719 1283 1772 crgo,
1292 1708 1324 1755 ut
1334 1719 1478 1772 nunquam
1486 1702 1570 1755 elatio
1579 1707 1677 1772 surgat
1684 1719 1718 1755 ex
1728 1719 1792 1756 ruu-

151 1796 377 1857 sollicitudines,
394 1794 477 1846 ctiam
486 1795 579 1844 restra
588 1791 732 1844 alteritatis
750 1792 894 1857 inqeniain
904 1789 951 1841 bo·
991 1806 1067 1856 nere,
1085 1791 1197 1862 quando
1213 1790 1341 1844 videlicet
1363 1790 1439 1844 dives
1461 1808 1494 1844 ex
1518 1807 1550 1843 eo
1576 1791 1650 1861 quod
1675 1791 1792 1862 pauperi

60 1899 67 1918 ¹
152 1902 222 1941 nuni
236 1883 423 1952 coriiprobans.
432 1878 611 1935 Manifestum
622 1884 673 1943 est,
687 1878 819 1950 quianon
829 1877 951 1947 imperat
990 1879 1098 1945 tribuit,
1109 1880 1177 1950 agit,
1195 1880 1267 1933 utin
1281 1886 1449 1950 perpetuum
1459 1896 1566 1950 pauper
1577 1880 1686 1934 nonsit.
1701 1882 1790 1934 Vestra

152 1973 201 2029 sed
214 1974 420 2028 exhortaturut
430 1968 554 2040 penuria
568 1967 741 2039 patientibus
751 1967 866 2021 mittant
875 1982 950 2019 sum·
990 1969 1166 2023 aburidontia
1176 1971 1292 2023 iliorum
1305 1971 1427 2038 inopiam
1444 1972 1577 2037 suppleat,
1594 1974 1625 2022 ut
1636 1974 1659 2022 rt
1674 1972 1792 2023 illorum

151 2067 262 2135 ptus,et
276 2060 400 2114 relevent
407 2057 623 2112 sollicitudinem
631 2057 754 2111 illorum.
769 2057 877 2110 Βοηιιιη
891 2054 950 2108 ani·
990 2058 1166 2112 aburidentia
1176 2063 1269 2111 restra
1279 2060 1377 2127 inopia
1386 2061 1421 2110 sit
1432 2061 1662 2126 supplementum.
1671 2057 1791 2127 (Ambr.)

152 2168 230 2207 mom
239 2166 322 2205 suum
332 2149 390 2202 Deo
398 2153 427 2201 et
440 2146 599 2201 hominibus
609 2146 789 2200 ostendentes
798 2161 848 2215 pro
857 2159 912 2215 qua
921 2159 950 2197 re
991 2145 1051 2200 Hoc
1078 2151 1129 2212 cst,
1148 2146 1222 2216 quod
1242 2145 1319 2210 dicit,
1337 2151 1369 2198 ut
1392 2145 1459 2216 quia
1474 2147 1555 2215 juxta
1573 2150 1685 2216 tempus
1699 2147 1788 2200 sancti

151 2241 212 2297 sine
222 2238 307 2295 dubio
315 2236 474 2291 mercedem
486 2235 631 2306 accipient.
644 2233 726 2288 Scitis
739 2237 814 2288 enirn
827 2235 950 2301 qratiam
992 2234 1115 2305 inopiam
1131 2235 1286 2305 patiuntur,
1297 2235 1457 2288 deserentes
1464 2234 1560 2288 omma
1566 2235 1673 2300 mundi,
1686 2240 1715 2289 et
1724 2252 1754 2289 se
1762 2236 1790 2289 in

151 2330 265 2385 Domini
271 2328 360 2382 nostri
363 2327 426 2379 Jcsu
434 2325 538 2379 Christi
542 2327 791 2393 qrioniamprepter
799 2338 847 2375 nos
853 2337 951 2389 apenos
992 2322 1091 2377 divinis
1106 2323 1172 2377 solis
1183 2323 1313 2394 operibus
1328 2322 1539 2379 constituentes.
1553 2330 1585 2376 ut
1599 2323 1734 2378 doctrina
1747 2331 1791 2377 at-

151 2421 240 2488 tactus
253 2421 300 2482 est,
312 2431 376 2470 mern
388 2418 453 2468 esset
462 2415 545 2479 diues,
557 2415 679 2466 utililas
690 2414 784 2480 inopia
794 2426 840 2468 eos
855 2411 950 2463 divites
992 2428 1046 2483 que
1057 2412 1178 2467 orationi
1192 2412 1363 2479 insisterent,
1380 2412 1413 2465 ad
1425 2411 1581 2483 profectum
1595 2412 1750 2466 multorum
1762 2413 1789 2465 hi

149 2510 248 2562 essetis.
260 2507 415 2574 Pauperem
432 2501 575 2556 Christum
589 2500 657 2555 dicit
666 2500 781 2563 factum,
792 2497 860 2570 quia
874 2498 950 2552 Deus
992 2500 1040 2571 qui
1054 2501 1181 2563 credunt,
1203 2501 1306 2572 quique
1317 2500 1424 2556 artibus
1438 2507 1488 2554 aut
1508 2500 1626 2570 nogotiis
1646 2501 1789 2564 insistunt,

151 2595 226 2650 nasci
245 2593 376 2663 diguatus
395 2596 438 2644 est
456 2591 550 2655 home,
568 2589 700 2642 uirtutem
722 2586 870 2659 potestatis
893 2603 950 2639 suae
991 2596 1041 2644 aut
1048 2598 1124 2643 certe
1132 2590 1280 2644 facultates
1290 2596 1422 2661 patemus
1430 2589 1544 2655 habent,
1556 2590 1717 2644 ministrent
1726 2608 1790 2644 sun·

150 2683 311 2747 humilians,
326 2684 359 2733 ut
372 2677 531 2732 hominibus
545 2677 698 2732 divinitatis
717 2676 829 2730 divitias
852 2674 948 2746 acqui·
990 2684 1099 2733 ciorum
1110 2679 1223 2749 inopiis:
1236 2685 1268 2732 ut
1278 2678 1380 2732 iteruin
1390 2679 1478 2732 sancti
1488 2679 1543 2732 illis
1552 2678 1790 2741 ubidivitessunt,

151 2776 235 2838 reret,
251 2775 283 2824 ut
291 2768 364 2824 sicut
372 2768 440 2821 dicit
456 2768 558 2820 Petrus
575 2766 718 2836 apostolus
735 2764 833 2817 divina
857 2768 950 2817 essent
991 2767 1173 2839 etistiinopes
1180 2768 1386 2822 communicent
1393 2769 1442 2830 eis,
1451 2767 1529 2839 quasi
1537 2767 1595 2821 vice
1606 2769 1792 2839 rependentes

150 2864 293 2917 consortes
303 2862 419 2912 naturae.
427 2856 518 2909 Homo
527 2855 692 2923 ergofactus
702 2860 753 2919 est,
765 2860 797 2907 ut
808 2851 949 2906 hominem
991 2857 1146 2910 ministerio
1158 2857 1280 2923 illorum,
1290 2857 1363 2911 sicut
1374 2856 1442 2910 dicit
1451 2857 1588 2912 Dominus
1600 2876 1605 2910 ε
1615 2859 1790 2926 Ounridiasr-

150 2950 285 3013 inlisum
300 2949 464 3006 assumeret,
482 2943 554 2997 sicut
572 2944 708 3014 scriptum
723 2948 784 2997 est:
801 2942 855 3010 Epo
864 2943 925 2995 diri
940 2958 948 2993 .·
990 2948 1065 3001 cistis
1078 2949 1132 3000 uni
1142 2948 1308 2999 eairrinimis
1319 2949 1386 3009 istr's,
1398 2946 1470 2999 arilei
1482 2947 1698 3013 fecistislllatth.
1709 2951 1788 3016 xxv).

149 3041 199 3095 Μ
221 3039 283 3092 ⁰³¹ss
299 3038 379 3105 (ΡΜ
400 3033 504 3103 exirm).
515 3032 575 3086 H⁰⁰
587 3032 669 3087 ¹1¹⁰d0
679 3032 842 3086 emittitur
854 3035 887 3084 ut
896 3012 979 3082 labe
1026 3034 1058 3089 [lt
1071 3037 1120 3102 flat
1129 3037 1272 3104 aquatiles
1281 3037 1352 3088 sicut
1365 3037 1554 3104 scriptumest.
1568 3035 1633 3088 Haec
1642 3040 1684 3089 est
1698 3052 1790 3106 arqua-

148 3127 251 3199 giendo
266 3124 347 3196 quasi
357 3138 494 3194 pauperes
510 3122 587 3187 tiant,
604 3127 637 3175 ut
647 3121 736 3192 prosit
743 3124 893 3191 paupertas
901 3134 946 3171 oo·
987 3122 1100 3186 litas‚ut
1110 3123 1177 3193 quia
1190 3123 1236 3176 isti
1251 3123 1280 3176 in
1295 3124 1347 3177 hoc
1357 3128 1483 3194 tempere
1499 3123 1661 3177 ministrant
1672 3125 1786 3187 sanctis,

96 3210 104 3226 ’
149 3234 223 3281 rum,
238 3215 311 3269 sicut
324 3212 427 3267 Christi
441 3215 592 3282 paupertas
606 3209 711 3280 proluit
725 3208 814 3273 nobis,
827 3213 855 3262 et
865 3206 946 3262 Chri·
988 3212 1142 3266 reddantur
1152 3212 1206 3265 illis
1217 3211 1289 3266 sices
1304 3213 1332 3265 in
1342 3212 1437 3266 futuro
1454 3230 1459 3264 :
1483 3212 1623 3267 debitores
1642 3213 1718 3267 enim
1735 3213 1787 3267 sibi

149 3311 209 3361 stus
225 3303 337 3375 quidem
347 3300 437 3355 nostri
451 3316 508 3354 non
523 3299 566 3353 sui
578 3314 663 3353 causa
672 3315 780 3369 pauper
788 3296 878 3350 factus
893 3301 944 3361 est,
988 3299 1094 3354 faciunt
1108 3307 1227 3362 sanctos,
1246 3301 1298 3367 Oui
1312 3305 1434 3356 cicuitum
1441 3302 1529 3366 trehet,
1542 3318 1597 3356 riou
1611 3304 1767 3357 ahirnrlabit
1780 3322 1788 3356 :

149 3410 200 3450 nos
215 3397 309 3447 autem
324 3394 356 3445 ut
370 3387 595 3460 nobisprossciat.
987 3393 1074 3459 etqui
1089 3392 1236 3453 modicum,
1255 3406 1312 3443 non
1328 3391 1480 3444 minorabit
1492 3391 1587 3457 (daed.
1605 3398 1671 3449 xvii.
1684 3392 1744 3445 Hoc
1759 3391 1788 3444 in

184 3483 219 3538 llt
232 3482 379 3536 consiliam
395 3481 427 3532 in
440 3478 490 3533 hoc
501 3479 544 3543 do,
564 3479 613 3531 hoc
630 3477 703 3530 vobis
724 3478 800 3530 enirri
816 3477 883 3529 utile
897 3479 944 3540 est,
988 3478 1081 3532 Exodo
1092 3478 1275 3549 legitur,plns
1291 3478 1366 3532 enim
1381 3478 1486 3533 habent
1499 3478 1587 3533 sancti
1595 3480 1626 3533 in
1633 3496 1683 3550 spe
1698 3479 1786 3534 futuri

149 3573 199 3642 qui
212 3585 269 3625 non
281 3571 371 3623 solum
386 3568 475 3635 facere
493 3567 538 3620 scd
554 3571 578 3619 et
599 3568 666 3619 uelle
686 3566 801 3633 cepistis
821 3564 856 3617 ab
870 3579 945 3617 arene
987 3567 1126 3631 saeculari
1135 3567 1225 3637 magis
1233 3583 1317 3638 quam
1326 3567 1355 3620 hi
1363 3567 1447 3638 quiin
1457 3568 1509 3622 hoc
1520 3573 1646 3639 tempore
1657 3568 1789 3622 videntur

146 3662 250 3732 priore.
266 3658 347 3712 lluric
362 3670 424 3710 uero
438 3661 463 3709 et
476 3658 548 3723 sacto
560 3657 692 3724 perficite.
716 3654 748 3708 lli
768 3653 944 3722 qucumdmo·
985 3655 1094 3721 divites,
1106 3661 1135 3709 et
1149 3662 1243 3710 tamen
1255 3655 1442 3726 aquabantur
1456 3656 1511 3711 illic
1526 3656 1649 3727 utrique,
1663 3663 1697 3711 ut
1711 3657 1788 3711 sicut

148 3750 217 3805 dum
226 3750 370 3818 promptus
384 3746 549 3798 astruimus
565 3745 725 3801 voluntatis.
743 3745 783 3796 lta
793 3745 829 3795 sit
843 3747 867 3794 et
879 3756 943 3809 pcr-
985 3743 1696 3816 beneticiohorumsanctoruminopiasustontatur,
1708 3746 1790 3800 itaet

148 3837 260 3906 fidendi
278 3851 310 3889 ea
327 3849 355 3887 eo
373 3833 445 3903 quod
463 3833 576 3887 habetis.
598 3832 656 3885 Hoc
671 3831 746 3896 dicit,
766 3835 796 3884 ut
817 3830 945 3884 voluntas
986 3831 1119 3887 henelicio
1133 3840 1294 3888 astrictorum
1318 3834 1421 3888 divites
1444 3835 1515 3888 siant
1528 3834 1558 3887 hi
1578 3834 1607 3888 in
1626 3835 1721 3888 futuro
1735 3853 1787 3888 sm-

147 3925 260 3981 illorum
266 3923 386 3994 inopere
392 3921 562 3992 appareat,si
568 3925 690 3987 veraest,
697 3919 851 3974 secondum
861 3918 942 3983 vires,
986 3922 1048 3976 calo
1056 3922 1085 3975 in
1095 3939 1150 3992 quo
1159 3922 1289 3977 sidentur
1299 3939 1450 3993 pauperes:
1462 3922 1603 3976 nonenim
1611 3927 1685 3977 totos
1696 3940 1725 3977 se
1735 3924 1786 3977 dc·

148 4020 181 4069 ut
193 4018 305 4067 tantum
320 4011 377 4074 det,
395 4015 532 4079 quantum
545 4015 638 4080 potest
656 4015 685 4062 et
698 4010 758 4062 ruit
777 4007 896 4066 animus,
913 4013 945 4060 ut
985 4011 1088 4065 derunt
1103 4012 1170 4070 Deo,
1182 4017 1214 4064 ut
1228 4011 1273 4065 hic
1288 4028 1435 4082 pauperes,
1447 4011 1504 4064 illic
1519 4019 1614 4066 essent
1620 4012 1787 4073 ‹linteased

148 4101 255 4156 munda
269 4100 319 4152 siat
331 4097 576 4161 conscientia,non
588 4096 804 4151 insimulatione
815 4094 944 4149 athomi·
985 4116 1018 4153 ex
1034 4100 1090 4154 hac
1110 4106 1189 4172 parte
1216 4101 1282 4170 quia
1297 4100 1342 4154 hic
1358 4101 1458 4154 divites
1471 4105 1546 4165 sunt,
1566 4100 1622 4154 illic
1636 4117 1784 4172 pauperes.

147 4188 230 4244 nibus
243 4188 361 4260 placeat,
377 4191 406 4239 et
420 4185 576 4239 mercedem
586 4186 659 4256 apud
670 4185 820 4240 Dominum
830 4200 886 4240 non
896 4185 943 4238 ba·
984 4194 1145 4243 sanctorum
1156 4189 1298 4259 suffragio,
1315 4189 1363 4260 qui
1381 4189 1425 4242 hic
1444 4188 1526 4260 positi
1540 4190 1601 4260 jam
1614 4189 1672 4243 illic
1691 4195 1785 4244 mente

147 4277 222 4333 beat.
233 4277 480 4333 Sienimroluntas
487 4260 827 4342 prompteest,'sccuedum
838 4275 943 4343 iriquod
984 4283 1059 4342 sunt,
1075 4277 1240 4332 ditabuntur
1256 4295 1261 4329 :
1279 4277 1425 4332 nonenim
1443 4279 1636 4349 qualecunque
1652 4278 1784 4333 meritum

83 4397 85 4400 ⁴
147 4368 224 4424 habet
250 4369 357 4434 accepta
380 4368 427 4428 cst,
454 4379 510 4417 rien
523 4364 674 4417 scrinulum
695 4364 768 4431 quod
785 4379 840 4416 nori
853 4363 941 4416 trehet.
985 4372 1028 4420 est
1041 4366 1169 4436 dejustis
1184 4366 1325 4421 laboribus
1340 4367 1500 4421 ministrare
1516 4366 1629 4421 sanctis.
1647 4367 1700 4431 Qui
1710 4368 1784 4421 mul-

97 4453 100 4460 ’
147 4455 286 4522 Quoniam
293 4451 431 4509 Corinthii
438 4452 475 4505 ad
488 4451 541 4505 hoc
551 4467 621 4522 opus
631 4450 779 4506 ministerii
791 4467 943 4522 provocan-
984 4462 1055 4521 tum,
1068 4455 1169 4527 inquit,
1185 4455 1292 4522 habuit,
1308 4472 1364 4510 non
1379 4455 1541 4522 abundabit,
1557 4456 1622 4526 qaia
1633 4456 1707 4527 quod
1722 4456 1785 4527 plus

146 4552 195 4601 tur
209 4546 262 4599 hoc
280 4544 320 4598 eis
340 4541 482 4607 indicitur,
499 4546 531 4595 ut
549 4557 605 4594 non
629 4541 692 4611 plus
714 4540 841 4595 tribuant
860 4556 945 4610 quarn
984 4542 1106 4598 habebat
1115 4544 1344 4613 deditindigenti.
1353 4544 1387 4599 Et
1401 4545 1449 4614 qui
1459 4544 1610 4605 modicum,
1620 4560 1676 4598 non
1692 4544 1784 4598 mino-

147 4634 264 4706 possint,
277 4649 311 4686 ne
322 4632 385 4703 plus
395 4631 466 4685 sorte
475 4630 625 4685 offerentes
639 4630 738 4696 coacti,
750 4646 806 4684 non
816 4631 944 4684 volunta·
986 4631 1060 4686 rabit
1073 4633 1121 4686 ille
1135 4633 1183 4704 qui
1194 4633 1303 4703 accepit
1320 4632 1354 4687 ab
1369 4632 1417 4686 illo
1437 4633 1485 4703 qui
1501 4632 1663 4698 abundavit,
1680 4639 1711 4686 ut
1726 4635 1785 4692 liat.

147 4723 192 4789 rii,
207 4719 315 4791 gravati
324 4719 486 4774 viderentur
495 4719 555 4774 sine
566 4721 694 4774 mercede
708 4719 804 4785 futuri,
818 4719 884 4790 quia
897 4719 945 4789 qui
986 4721 1087 4792 inquit,
1103 4722 1257 4793 aequalitas.
1276 4721 1376 4790 (Grcp.)
1387 4722 1508 4777 Multum
1523 4738 1588 4776 vero
1603 4722 1638 4776 ad
1650 4722 1786 4776 edoman-

147 4816 261 4866 mactus
275 4807 380 4878 aliquid
395 4807 462 4861 iecit
475 4809 632 4862 mercedem
644 4825 700 4863 non
713 4808 807 4862 habet.
816 4808 944 4862 Ecclesiae
986 4811 1051 4864 dam
1065 4811 1158 4865 dantis
1168 4809 1329 4881 superbiam
1339 4810 1421 4877 valet,
1437 4811 1461 4864 si
1475 4827 1539 4864 cum
1551 4816 1665 4865 terrena
1675 4810 1785 4869 tribuit.

148 4899 223 4955 enim
239 4894 407 4952 Macedoniae
422 4896 496 4949 ultro
507 4895 670 4952 obtulerunt
683 4914 747 4951 cum
762 4896 945 4969 precibusUt
985 4899 1070 4952 verba
1083 4899 1201 4953 sollicite
1211 4898 1339 4969 magistri
1349 4899 1468 4954 coelestis
1482 4905 1590 4970 penset.
1604 4900 1651 4970 qui
1666 4899 1723 4953 ait:
1739 4901 1788 4953 Fe-

148 4986 300 5060 probarent
310 4989 369 5039 tota
384 4984 778 5053 sevoluntatehoctacere,ut
792 4987 855 5058 plus
865 4985 944 5040 otier-
985 4991 1036 5042 cite
1049 4989 1123 5041 robis
1139 4991 1239 5041 amices
1253 4989 1285 5041 dc
1301 5004 1462 5042 istarumque
1482 4990 1652 5056 iiiiquitetis,
1670 4993 1701 5040 nt
1722 5004 1787 5041 curu

148 5084 213 5133 rent
219 5093 303 5148 quam
313 5077 453 5147 poterant,
460 5073 578 5144 ideoque
586 5075 757 5146 acceptabile
767 5075 944 5139 suit.Quanto
985 5079 1146 5145 cleseceritir,
1158 5079 1293 5145 recipiant
1304 5093 1349 5131 eos
1357 5079 1388 5131 iu
1400 5083 1503 5132 aterna
1519 5079 1702 5131 tabernaculo
1711 5077 1785 5142 (Lac.

148 5167 225 5221 enim
239 5164 359 5236 amplius
367 5161 625 5226 obtulerunt,tanto
636 5164 699 5233 plus
708 5164 849 5235 accepturi
857 5169 941 5218 sunt:
987 5169 1053 5234 xm).
1067 5165 1096 5219 Si
1110 5165 1185 5219 enim
1210 5181 1308 5220 eorum
1328 5165 1459 5220 amicitiis
1479 5172 1585 5221 aeterna
1605 5165 1788 5219 tabernacula

149 5273 215 5310 nain
229 5255 253 5308 si
267 5259 378 5307 tantum
394 5251 457 5323 quis
472 5251 520 5304 det
535 5257 673 5321 quantum
689 5253 757 5316 vult,
774 5257 824 5306 aiut
840 5257 942 5323 potest,
986 5253 1165 5324 acquirimus,
1182 5254 1281 5307 dantes
1292 5256 1389 5325 procul
1404 5254 1489 5308 dubio
1506 5271 1624 5326 pensare
1639 5253 1783 5317 debemus,

149 5349 295 5413 acceptum
309 5346 352 5394 est
368 5358 373 5392 :
388 5340 493 5410 judicio
504 5338 579 5394 enim
596 5339 705 5394 ridetur
722 5340 774 5394 hoc
796 5341 896 5401 siucero,
913 5358 945 5395 nr.
988 5343 1054 5412 quia
1064 5343 1189 5413 patronis
1198 5343 1290 5413 potius
1303 5359 1421 5397 inanem
1431 5344 1582 5410 offerimus,
1592 5359 1677 5415 quam
1687 5343 1783 5412 egenis·

152 5448 202 5506 per
212 5433 264 5485 hee
277 5425 389 5484 tantum
403 5430 459 5495 det,
470 5434 607 5499 quantum
618 5434 709 5499 potest
719 5435 747 5483 et
755 5431 814 5484 vult
823 5429 942 5493 animus,
986 5431 1060 5485 dorm
1074 5431 1218 5501 largimur.
1242 5431 1383 5509 lluiclper
1400 5433 1520 5486 Paulum
1543 5431 1645 5485 dicitur
1663 5449 1668 5483 :
1694 5433 1783 5485 Vestra

149 5527 184 5579 ut
201 5521 242 5576 rei
265 5519 349 5589 hujus
371 5518 461 5589 possit
482 5517 584 5573 habere
603 5518 770 5572 mercedem.
791 5519 852 5573 :lou
868 5522 943 5573 cuius
985 5521 1159 5574 abundantia
1173 5523 1287 5574 illorum
1301 5523 1423 5590 inopiam
1434 5525 1567 5592 stcpplcat,
1584 5526 1614 5574 ut
1628 5525 1651 5574 rt
1667 5522 1783 5574 illurmn
