3772 6120
118 281 189 337 1543
422 279 453 332 B.
475 279 610 336 RABANI
629 279 744 338 usum
763 277 931 337 sunnine.
952 279 1114 338 MOGUNT.
1134 279 1282 337 oretum
1300 276 1392 336 PARS
1411 276 1462 336 111.
1695 281 1757 341 ltll

118 406 247 478 deliquit,
263 404 441 475 etdeceptori
456 421 507 460 suo
516 408 629 478 propria
646 408 790 463 uoluntate
806 423 835 461 se
851 405 1135 479 sub-Asignaculum
1152 407 1242 462 hoen
1258 404 1387 477 cognovit
1395 403 1535 459 Dominus
1543 403 1593 477 qni
1600 407 1757 478 suntejnsa

120 496 193 551 didit
208 513 215 549 ε
232 511 282 549 nec
297 494 429 561 naturali,
451 496 499 549 sed
524 498 632 568 captivo
657 501 736 552 motu
750 502 878 552 versatur
892 497 921 552 in
964 497 1003 566 (ΙΙ
1016 499 1086 551 Tim.
1108 511 1138 563 11,
1155 496 1206 566 la.)
1227 495 1310 551 Nullo
1334 493 1422 565 igitur
1445 493 1530 548 modo
1555 493 1759 566 praedestinatio

121 585 197 653 vitio,
209 585 298 639 donec
320 584 459 639 moriatur
485 592 608 658 peceato,
625 590 654 641 et
667 587 740 641 vivat
763 587 831 652 Deo,
848 585 921 658 quod
962 585 1012 639 Dei
1034 584 1110 652 lacit,
1127 590 1159 639 ut
1183 583 1270 656 aliqui
1299 600 1332 637 ex
1356 582 1422 636 filiis
1446 581 1497 637 Dei
1514 580 1566 636 tilii
1580 582 1640 637 sint
1652 582 1758 653 diaboli,

120 674 181 730 sine
194 673 287 745 gratia
298 674 349 728 Dei
364 673 456 728 facere
479 691 535 729 non
556 681 657 747 potest,
673 676 739 748 quia
763 675 922 730 libertatem
962 679 1055 728 auten
1067 673 1172 745 templo
1195 672 1286 727 sancti
1309 671 1430 742 Spiritus
1451 670 1560 742 templa
1588 671 1649 727 sint
1662 672 1760 730 demo-

120 779 206 836 quam
221 762 354 834 perdidit,
371 762 425 817 nisi
441 763 551 818 Christo
576 764 714 819 liberante
740 781 796 820 non
811 763 919 834 recipit.
962 779 1040 830 nuni,
1057 768 1107 817 aut
1120 779 1152 817 ex
1167 760 1300 816 membris
1314 759 1418 814 Christi
1443 760 1515 814 liant
1534 758 1665 816 membra
1680 778 1761 818 mere-

121 853 184 908 Non
199 858 243 906 est
256 852 331 906 enim
347 852 423 906 aliud
437 869 539 907 nornen
555 852 922 909 suhcoelodatumhomini-
961 852 1056 920 tricis,
1077 851 1126 907 sed
1155 851 1248 922 potins
1271 847 1481 922 praedestinatio
1510 848 1578 903 tacit
1599 854 1634 903 nt
1656 851 1761 908 exiliis

120 940 182 1009 bus,
206 942 234 996 in
257 959 312 1012 quo
330 947 458 1012 oporteat
481 942 572 996 salros
588 942 657 997 lleri.
680 962 691 993 s
711 943 837 1013 [objectio
856 943 922 996 Vin·
962 940 1067 996 diaboli
1080 942 1150 995 fiant
1164 939 1214 994 alii
1224 939 1285 1006 Dei,
1296 944 1329 993 ut
1343 955 1376 992 ex
1390 936 1505 1009 templis
1517 936 1681 994 demonum
1693 945 1760 997 tem·

121 1036 190 1087 cent.
204 1035 242 1101 x.)
256 1050 268 1083 ι
280 1030 360 1094 Quod
370 1036 464 1085 autem
476 1031 588 1101 quidam
597 1031 774 1103 dicuntquod
784 1030 923 1087 adulteria
963 1031 1040 1102 plum
1057 1029 1094 1084 sit
1107 1028 1228 1102 Spiritus
1242 1026 1340 1095 sancti,
1356 1030 1432 1081 etex
1446 1024 1587 1081 membris
1601 1028 1758 1099 menenius,

121 1125 150 1175 et
158 1119 331 1191 corruptelas
345 1118 485 1190 virginum
501 1137 654 1189 sacrarum,
673 1120 824 1176 homicidia
837 1126 922 1192 atque
963 1119 1090 1175 membra
1108 1118 1165 1173 sint
1186 1116 1290 1173 Christi
1306 1115 1392 1187 :quia
1414 1115 1475 1188 ipse
1490 1114 1595 1187 alligat
1617 1115 1761 1186 fortemne

120 1214 221 1265 caetera
235 1208 342 1279 llrrgitia
355 1209 418 1263 ideo
433 1208 517 1263 horno
532 1209 703 1264 commiserit
716 1209 781 1281 quia
796 1225 922 1281 nonpos-
962 1225 1029 1264 vasa
1041 1209 1102 1280 ejus
1117 1207 1201 1279 rapit,
1211 1220 1354 1261 ernensea
1365 1204 1401 1258 de
1415 1208 1559 1276 potestate
1573 1204 1759 1276 tenebrarum,

120 1297 158 1353 sit
171 1297 219 1351 ille
229 1296 327 1364 vitare,
335 1297 416 1368 quasi
427 1297 489 1352 illas
500 1298 575 1352 Deus
586 1313 719 1369 personas
735 1297 833 1352 adhoc
848 1314 920 1368 prae-
962 1304 991 1353 et
1002 1296 1173 1352 transferens
1188 1294 1223 1349 de
1233 1291 1405 1349 contumelia
1423 1292 1453 1348 in
1473 1292 1612 1364 gloriam.
1623 1293 1659 1350 ili
1671 1299 1759 1353 auen

119 1384 338 1440 destinaveritut
346 1393 422 1441 certo
432 1392 558 1457 tempore
572 1388 602 1442 in
609 1387 728 1442 diversis
748 1386 822 1441 vitiis
837 1386 920 1441 cade·
961 1386 996 1441 de
1011 1385 1112 1458 quibus
1122 1384 1225 1439 dicitur
1239 1402 1244 1437 :
1264 1402 1277 1436 a
1294 1383 1332 1438 Ex
1342 1380 1423 1437 nobis
1441 1382 1634 1451 munierunt,
1648 1384 1697 1440 sed
1708 1401 1760 1442 nou

120 1482 193 1541 rent,
209 1475 376 1531 detestanda
391 1476 504 1548 quidem
518 1483 547 1530 et
559 1476 830 1531 abominandaornni
843 1476 921 1531 Chri-
963 1476 1109 1530 «suerunt
1123 1490 1156 1528 ex
1168 1472 1257 1534 nobis,
1269 1471 1294 1526 si
1307 1470 1382 1526 enim
1397 1469 1520 1526 tuissent
1530 1487 1567 1526 ex
1591 1470 1673 1528 nohis
1689 1489 1761 1530 maa

120 1565 213 1619 stiam
224 1565 282 1619 hac
296 1565 390 1636 opinio
405 1571 456 1631 est,
474 1581 529 1637 qua
543 1566 632 1621 Deum
650 1567 817 1638 cujusquam
841 1565 921 1620 malae
964 1584 976 1616 c
992 1565 1095 1619 sissent
1121 1564 1220 1634 utique
1246 1559 1401 1627 nobiscum,
1416 1578 1429 1613 a
1445 1561 1471 1627 (Ι
1484 1561 1569 1615 loon.
1585 1574 1617 1627 u,
1634 1560 1702 1632 lSlc
1716 1579 1759 1620 re·

120 1654 272 1708 voluntatis
286 1659 337 1708 aut
351 1654 557 1709 maleactionis
572 1654 921 1726 creditauctorern:cujus
963 1654 1070 1708 luntate
1098 1652 1235 1718 exierunt,
1265 1650 1409 1705 voluntate
1437 1648 1624 1718 ceciderunt,
1645 1655 1675 1706 et
1699 1653 1760 1723 quis

119 1742 329 1816 praedestinatio
344 1760 488 1816 nunquam
502 1749 581 1798 extra
596 1743 759 1809 bonitatem,
774 1760 918 1815 nunquam
927 1726 951 1786 Β
960 1741 1080 1815 presciti
1092 1745 1159 1796 sunt
1172 1737 1272 1806 casuri,
1285 1755 1341 1792 non
1367 1742 1435 1793 sunt
1448 1737 1657 1809 praedestinati,
1673 1747 1759 1796 cannt

120 1836 199 1885 extra
209 1831 350 1902 justitiam
366 1836 417 1886 est.
435 1833 576 1887 Universae
593 1834 669 1887 enim
684 1833 733 1887 riae
747 1832 858 1887 Domini
869 1832 920 1887 mi·
961 1837 1055 1888 autem
1071 1827 1272 1902 praedestinati,
1283 1827 1307 1882 si
1317 1832 1413 1882 essent
1426 1827 1583 1896 repensari,
1594 1833 1625 1883 et
1642 1828 1673 1885 in
1685 1845 1759 1886 sanc-

119 1919 273 1974 sericordia
286 1927 315 1974 et
327 1920 440 1975 veritas.
456 1920 603 1976 Adulteria
616 1921 692 1976 enim
711 1921 876 1976 maritarum
892 1925 921 1976 et
959 1921 1041 1977 titate
1055 1936 1087 1974 ac
1101 1919 1219 1974 ueritate
1233 1916 1416 1974 mansuri:ac
1429 1916 1760 1989 perhocpraedestinah'o

119 2009 292 2080 corruptelas
316 2008 456 2079 virginum
480 2026 536 2064 non
560 2010 709 2066 instituere
728 2010 805 2065 novit
822 2014 920 2065 sancta
959 2010 1009 2066 Dei
1023 2008 1119 2064 multis
1134 2014 1177 2063 est
1203 2023 1288 2062 causa
1310 2005 1415 2073 standi,
1429 2004 1538 2062 nemini
1555 2011 1601 2062 est
1615 2011 1707 2081 ,ceum
1722 2007 1761 2064 ls-

119 2096 322 2163 divinitas,sed
337 2099 485 2167 damnare,
498 2116 549 2154 ner
567 2099 725 2172 disponere,
738 2099 787 2155 sed
807 2099 916 2171 punire.
958 2098 1052 2154 bendi.
1080 2119 1091 2150 ι
1118 2099 1207 2168 (Vino.
1234 2098 1306 2164 1111.)
1324 2115 1338 2147 ι
1366 2093 1505 2151 Omnibus
1530 2095 1651 2167 quidem
1676 2096 1761 2154 ande

120 2186 187 2250 Quae
196 2186 271 2241 mala
279 2187 477 2242 hominescum
485 2188 647 2256 admittunt,
660 2187 920 2260 suisconcupiscen-
959 2186 1208 2253 adinlldelitatem,
1216 2183 1389 2240 asanctitnte
1400 2183 1435 2238 ad
1446 2183 1629 2256 impietatem
1639 2184 1760 2259 relepn's.

118 2275 167 2331 tiis
177 2280 207 2330 et
219 2275 418 2347 cupiditatibus
432 2277 566 2345 serviunt,
579 2294 649 2349 quas
658 2277 693 2332 ab
707 2278 755 2332 illa
769 2277 861 2349 prima
872 2294 919 2332 vo·
960 2282 989 2333 et
1002 2281 1068 2331 ante
1081 2276 1167 2330 llnem
1176 2273 1239 2330 vitae
1252 2272 1331 2328 nulla
1340 2272 1543 2328 emendatione
1548 2273 1762 2346 purgatissimi

119 2365 242 2421 luntarie
250 2365 485 2437 prevaricationis
495 2366 557 2421 labe
575 2373 730 2423 traxerunt.
739 2367 810 2423 Cum
824 2373 920 2423 autem
960 2366 1037 2421 aliud
1052 2382 1136 2438 quam
1166 2381 1242 2419 mors
1270 2368 1376 2418 aeterna
1401 2359 1533 2418 debetur.
1549 2362 1606 2418 Sed
1629 2361 1708 2418 nefas
1723 2368 1763 2420 ea

119 2454 288 2510 declinante
303 2454 377 2510 malo
389 2460 418 2510 et
431 2456 539 2511 faciunt
549 2455 692 2523 bonum,a
713 2456 832 2511 Domino
843 2472 920 2527 gres·
960 2456 1018 2512 Deo
1032 2453 1172 2510 ascribere
1187 2469 1271 2508 causa
1284 2451 1386 2508 talium
1408 2450 1573 2520 ruinarum,
1597 2451 1649 2524 qui
1672 2452 1761 2509 etrier

120 2560 169 2599 sus
183 2544 328 2599 hominum
343 2544 513 2615 diriguntur,
522 2549 551 2599 et
560 2546 633 2600 riom
648 2547 708 2618 ejus
724 2545 920 2617 voluntProp·
960 2541 1190 2600 etemascientia
1199 2539 1401 2614 precognitum
1413 2538 1500 2594 habet
1509 2539 1582 2612 quid
1589 2539 1761 2615 uniuscujus-

122 2637 167 2688 ter
199 2633 272 2705 quod
296 2633 364 2688 dicit
386 2634 537 2705 Apostolus
558 2653 563 2687 :
583 2653 596 2688 c
618 2632 737 2689 Oramus
766 2639 861 2689 antem
884 2634 920 2689 ad
961 2650 1015 2705 que
1030 2631 1140 2688 meritis
1155 2629 1345 2686 retributurus
1354 2626 1401 2694 sit,
1413 2628 1523 2684 nemini
1537 2632 1639 2685 tamen
1653 2630 1760 2704 perhct

125 2721 315 2787 abominum,
336 2726 369 2777 ut
391 2722 462 2777 nihil
490 2722 558 2777 mali
586 2722 702 2789 faciatis,
724 2739 780 2778 non
809 2728 841 2778 ut
869 2738 919 2778 nos
961 2723 1035 2794 quod
1049 2720 1107 2776 falli
1122 2736 1179 2776 non
1193 2724 1294 2792 potest,
1311 2722 1361 2774 aut
1374 2717 1588 2786 necessitatem,
1608 2723 1662 2776 ant
1674 2719 1760 2777 vdua·

126 2832 137 2860 ι
151 2809 260 2882 probati
271 2826 468 2883 appareamus,
483 2812 532 2866 sed
556 2818 649 2867 utros
664 2813 738 2885 quod
753 2811 858 2868 bonum
877 2815 920 2867 est
960 2816 1048 2866 tatem
1059 2809 1154 2866 intulit
1166 2806 1358 2881 delinquendi.
1366 2807 1395 2864 Si
1404 2807 1758 2882 ergosjustitieetpieue

124 2899 260 2953 rfaciatis
276 2901 315 2967 (Il
328 2901 388 2956 Cor.
406 2916 464 2967 xnr,
478 2902 514 2970 l).
535 2902 625 2957 »Non
651 2918 717 2973 ergo
738 2918 820 2956 casus
834 2917 919 2957 rnen·
961 2901 1024 2972 quis
1050 2899 1154 2967 delicit,
1170 2914 1221 2955 suo
1242 2897 1271 2954 in
1298 2914 1420 2971 preceps
1442 2896 1538 2953 fertur
1568 2897 1699 2968 albinis,
1716 2914 1759 2956 ma

122 2989 257 3055 tium,nec
266 2989 470 3059 malignitatem
477 2991 647 3062 iniquorum,
656 2990 919 3064 nequecnpiditotes
960 2989 1185 3062 concupiscentis
1199 2988 1331 3055 trahitur,
1347 3002 1399 3042 sua
1413 2987 1605 3059 persuasione
1619 2988 1757 3062 decipitur.

121 3075 307 3147 peccantium,
334 3075 541 3146 praedestinatio
565 3077 615 3130 Dei
646 3084 696 3131 aut
711 3077 848 3146 excitarit,
870 3042 1037 3135 autcNihil
1063 3078 1102 3134 ibi
1131 3078 1224 3146 Pater,
1240 3077 1311 3132 nihil
1335 3075 1433 3144 Filius,
1455 3075 1529 3132 nihil
1558 3077 1623 3150 agit
1649 3078 1758 3152 Spiritu

120 3164 218 3227 suasit,
232 3168 281 3217 aut
297 3163 423 3235 impulit:
440 3165 489 3218 sed
508 3165 590 3235 plano
610 3165 820 3236 praedestinavit
840 3167 918 3238 judl-
960 3173 1088 3224 sanctus:
1099 3165 1326 3238 nectalinegctio
1337 3165 1757 3237 quidquamdivinevolmnn

119 3252 194 3308 cium
201 3269 352 3324 suumque
368 3253 519 3323 unicuique
528 3253 919 3327 retributurusestproutgee·
960 3256 1120 3325 intervenit,
1129 3257 1210 3328 cuius
1220 3271 1304 3328 opere
1319 3254 1422 3309 multos
1431 3254 1542 3311 scimus
1556 3271 1596 3312 ne
1606 3255 1756 3312 labemur

119 3341 166 3410 sit,
177 3342 234 3396 sive
243 3341 358 3408 bonurn,
371 3341 427 3396 sire
435 3342 551 3396 malurn.
563 3342 644 3407 Quod
646 3343 783 3414 judicium
792 3343 919 3401 futurum
961 3351 1094 3415 retentos,
1110 3345 1202 3401 nullos
1228 3348 1324 3399 autem
1344 3349 1376 3399 ut
1402 3342 1574 3400 laberentur
1587 3344 1754 3419 impulsos.»

120 3430 234 3485 omnino
248 3446 304 3484 non
320 3434 403 3496 esset,
413 3429 436 3483 si
453 3430 580 3487 homines
595 3430 645 3486 Dei
664 3431 806 3488 voluntate
819 3449 917 3505 pecca-
959 3436 1050 3504 (Viae.
1062 3438 1131 3501 nr.)
1141 3453 1154 3487 ι
1166 3432 1292 3506 Denique
1305 3432 1341 3487 ad
1354 3432 1625 3504 prevaricationem
1639 3434 1715 3508 legis,
1726 3432 1755 3490 sl

118 3523 192 3573 rent.
209 3517 270 3573 Erit
293 3522 388 3573 autem
413 3518 650 3587 manifestissime,
667 3524 696 3576 et
719 3522 811 3576 omnis
832 3522 917 3577 homo
957 3524 1116 3595 neglectum
1130 3521 1283 3595 religionis,
1298 3521 1334 3577 ad
1349 3521 1542 3594 corruptelam
1552 3522 1756 3598 disciplinante

119 3623 203 3681 quem
213 3606 345 3663 discretio
358 3607 459 3663 divinae
469 3609 592 3665 scientiae
616 3609 730 3665 sinistra
741 3611 918 3668 constituerit
960 3613 1148 3669 desertionem
1160 3612 1236 3680 tldei,
1253 3612 1288 3666 ad
1303 3611 1547 3685 perpetrationem
1562 3613 1757 3686 qualiscunque

120 3701 210 3769 parte,
225 3696 416 3762 damnabitur,
433 3697 551 3768 quinon
566 3698 626 3766 Dei,
651 3699 699 3754 sed
714 3715 794 3755 suam
809 3716 919 3756 exsecu·
959 3702 1167 3776 peccati,nnlla
1189 3701 1303 3757 omnino
1331 3705 1374 3756 est
1393 3701 1616 3773 praedestinatio
1630 3703 1702 3760 ner:
1715 3717 1758 3759 net

120 3790 224 3842 tuaest
238 3785 420 3841 voluntatem.
436 3806 447 3837 ι
466 3789 555 3856 (l'r'nc.
572 3786 649 3858 xr.)‹
666 3788 742 3843 Nihil
756 3805 823 3861 ergo
833 3790 920 3845 malo·
959 3792 1021 3848 lieri
1035 3796 1176 3864 potestat
1189 3807 1241 3863 per
1252 3806 1337 3863 quern
1358 3806 1375 3844 a
1388 3788 1496 3870 talibus
1524 3791 1615 3849 malis
1633 3792 1756 3867 surg'dnr,

120 3891 184 3932 rum
194 3872 372 3946 negotiorum
387 3876 463 3930 Deus
478 3876 687 3947 pradestinavit
711 3883 744 3932 ut
765 3879 855 3946 fieret,
866 3894 918 3933 nec
959 3898 1010 3957 per
1024 3897 1089 3937 enm
1104 3879 1211 3936 intelia
1221 3879 1375 3935 decidatur.
1388 3878 1417 3934 Si
1427 3879 1534 3950 ergoin
1544 3879 1757 3938 sanctitateriri·

120 3965 207 4019 ullam
216 3963 339 4018 animam
350 3965 481 4035 nequiter
491 3966 668 4038 turpiterque
677 3967 812 4022 victuram
821 3968 855 4022 ad
865 3968 918 4023 hoe
957 3976 1014 4038 tur,
1028 3971 1052 4026 si
1067 3971 1097 4026 in
1108 3970 1212 4025 virtute
1226 3968 1381 4041 protlcitur,
1395 3968 1462 4023 siin
1484 3967 1572 4025 bonis
1585 3970 1689 4027 studiis
1701 3985 1756 4044 per·

21 4082 24 4089 ·
119 4054 256 4111 uttaliter
267 4053 372 4107 vireret
384 4054 561 4124 preparavit,
571 4055 619 4109 sed
628 4055 846 4111 talemluturam
861 4073 918 4112 non
959 4063 1099 4127 manetur,
1111 4057 1290 4113 manifestum
1298 4058 1595 4128 munusestDei,sine
1609 4059 1755 4134 qnonnllos

119 4142 303 4215 ignoravit,ct
320 4143 355 4197 de
370 4142 419 4196 tali
432 4144 508 4212 juste
519 4160 549 4198 se
566 4145 758 4213 judicaturum
771 4165 831 4201 esse
846 4164 918 4219 prae-
959 4149 1025 4204 boni
1055 4148 1148 4221 operis
1174 4148 1281 4203 tructus
1305 4147 1469 4219 acquiritur.
1487 4149 1519 4204 Si
1546 4156 1650 4208 autern
1665 4150 1700 4207 ab
1718 4150 1756 4206 lais

119 4231 199 4288 scirit
214 4249 219 4285 :
237 4236 322 4302 atque
343 4231 383 4285 ita
409 4231 444 4285 ad
471 4232 744 4303 praedestinationem
768 4237 828 4306 ejus
847 4236 917 4290 nihil
959 4238 1107 4307 receditur,
1124 4237 1198 4292 etad
1215 4237 1273 4292 vita
1287 4242 1371 4308 atque
1393 4244 1512 4310 peccata
1525 4242 1681 4310 transitur,
1695 4239 1755 4298 nihil

119 4321 195 4376 aliud
205 4319 303 4375 referri
317 4324 418 4392 potest,
430 4320 483 4374 nisi
497 4321 570 4392 quod
586 4328 636 4377 aut
651 4323 685 4377 ad
696 4323 818 4378 debitam
836 4325 918 4395 justi·
958 4326 996 4381 ibi
1010 4327 1086 4383 Deus
1099 4327 1180 4383 malae
1192 4326 1356 4382 tentationis
1378 4327 1520 4396 immittit,
1537 4336 1570 4386 et
1587 4345 1755 4388 recessurum

119 4411 165 4465 tiae
177 4408 400 4475 retributionem,
418 4409 518 4465 autad
541 4408 665 4465 debitam
684 4412 805 4483 pertinet
820 4387 1126 4483 gloriaeDnondeserit
1136 4420 1289 4486 antequam
1301 4414 1422 4482 deserat,
1431 4415 1534 4472 etfacit
1552 4419 1754 4492 plerumquens

119 4499 289 4569 largitatem.
309 4518 321 4550 n
334 4499 462 4568 (Objcctr'o
479 4501 551 4554 l'r'no.
571 4502 628 4566 nn.)
647 4501 843 4573 «Quapropter
869 4503 917 4574 qui
958 4504 1078 4570 deserat,
1096 4509 1146 4559 ant
1158 4502 1270 4559 etiamsi
1285 4503 1412 4559 discessit
1424 4511 1457 4559 ut
1471 4505 1586 4562 redeat.
1598 4509 1656 4564 Gur
1669 4512 1753 4564 auten

118 4587 358 4658 dicuntquodliei
372 4588 617 4659 predestinatione
632 4591 789 4645 efficiantur
804 4592 837 4645 de
852 4592 917 4647 liliis
959 4592 1033 4647 hunc
1043 4591 1172 4659 retineat,
1187 4591 1268 4648 illum
1284 4608 1340 4647 non
1354 4592 1486 4661 retineat,
1502 4610 1558 4650 nec
1571 4595 1704 4670 possibile
1718 4600 1753 4650 ar

119 4677 169 4732 Dei
185 4676 235 4731 filii
249 4676 363 4742 diaboli,
380 4683 410 4731 et
423 4678 457 4731 de
469 4679 582 4750 templis
596 4679 918 4751 sanctiatemplndaemo·
958 4680 1204 4752 comprehendere,
1221 4696 1273 4735 nec
1287 4680 1394 4737 licitum
1416 4681 1604 4754 investigare,
1614 4702 1679 4742 cnm
1691 4684 1753 4740 scire

119 4782 198 4834 num,
206 4766 275 4820 etde
286 4765 420 4821 membris
426 4767 529 4821 Christi
551 4767 678 4823 membra
688 4769 842 4823 meretricis
852 4787 918 4841 per·
958 4769 1081 4824 sufficiat
1091 4768 1160 4824 etab
1169 4769 1218 4824 illo
1230 4770 1371 4841 essequod
1379 4774 1482 4838 statur,
1493 4777 1522 4827 et
1530 4788 1591 4828 non
1601 4773 1638 4828 ab
1646 4773 1752 4829 thome

118 4856 301 4912 niciosissime
323 4855 426 4912 fallunt
449 4862 534 4928 atque
557 4857 693 4912 lalluntur
708 4866 834 4914 errantes
849 4863 878 4913 et
887 4859 916 4914 in
959 4859 1033 4930 quod
1047 4857 1149 4914 ruitur.
1165 4879 1176 4910 i
1192 4859 1323 4931 (objectio
1339 4860 1411 4914 l'a‘ne.
1428 4859 1512 4929 xv.)r
1536 4861 1595 4927 Qui
1614 4860 1752 4918 autemdi-

118 4959 243 5000 errorem
254 4944 408 4999 mittentes.
428 4964 439 4996 i
457 4947 545 5012 (Vino.
564 4951 625 5014 au.)
645 4964 657 4998 c
673 4946 763 5016 Igitur
777 4946 918 5017 predesti-
958 4953 1025 5004 cunt
1040 4948 1113 5020 quod
1128 4964 1225 5003 omnes
1249 4947 1290 5002 illi
1304 4947 1410 5015 fideles,
1425 4951 1455 5002 et
1469 4948 1589 5020 quidem
1603 4949 1752 5023 sanctiani

119 5033 197 5086 natio
208 5033 269 5098 Dei,
283 5033 335 5088 etsi
346 5034 421 5104 apud
435 5050 486 5088 nos
497 5034 565 5088 dum
576 5034 604 5088 in
612 5035 757 5106 praesentis
767 5036 829 5088 rite
839 5035 915 5105 peri·
957 5054 1008 5109 per
1018 5043 1163 5109 peccatum
1189 5037 1223 5092 ad
1244 5041 1377 5092 aeternam
1398 5041 1519 5093 mortem
1538 5039 1668 5113 prolapsi
1684 5044 1750 5104 sunl,

120 5118 344 5176 culisaersamnr
366 5123 474 5177 incerta
495 5130 546 5188 est,
564 5124 638 5195 apud
660 5123 738 5179 illum
753 5129 848 5178 tamen
868 5124 916 5196 qui
957 5125 997 5180 sic
1010 5125 1202 5197 praedestinati
1216 5131 1291 5191 sunt,
1307 5125 1402 5198 sicque
1416 5141 1434 5180 a
1447 5127 1507 5182 Deo
1520 5127 1752 5203 ordinatiposlea·

119 5208 186 5263 secit
199 5224 260 5279 quae
285 5210 379 5265 lutura
401 5216 475 5277 sunt,
491 5212 728 5268 incommutabilis
749 5219 913 5286 pormanet:
958 5230 1042 5286 qnam
1066 5214 1235 5283 ceciderunt,
1262 5219 1295 5271 ut
1310 5231 1361 5270 nec
1388 5215 1506 5288 possint,
1532 5233 1587 5274 nec
1600 5219 1688 5274 velint
1709 5231 1752 5290 per

119 5310 211 5368 neque
227 5314 309 5368 quem
324 5300 493 5356 illuminarit
507 5301 733 5374 obcaecot,neque
748 5303 917 5374 quodaedisi-
959 5304 1152 5375 penitentiam
1167 5303 1291 5372 liberari,
1308 5320 1359 5359 nec
1378 5305 1518 5361 veraciter
1541 5324 1596 5364 nec
1619 5309 1751 5382 sapiam«

119 5388 193 5443 cavit
201 5388 331 5454 destruit,
349 5404 440 5461 neque
455 5391 529 5461 quod
554 5392 800 5462 plantaviterellit.
821 5414 831 5444 ι
851 5393 916 5448 Sine
958 5393 1010 5447 hoc
1021 5393 1133 5448 dicitur.
1145 5393 1199 5458 Qui
1209 5393 1310 5448 enimn
1321 5393 1377 5449 fide
1385 5399 1415 5449 et
1427 5395 1584 5454 muctitate
1598 5399 1751 5455 exciderunt

120 5477 315 5549 «penitentia
326 5477 401 5532 enirn
422 5484 489 5535 sunt
504 5481 578 5535 dona
595 5487 623 5536 et
644 5482 751 5536 vocatio
767 5482 817 5536 Dei
829 5483 914 5551 (horn.
957 5482 1181 5538 sicutvoluntate
1191 5483 1312 5554 prolapsi
1328 5490 1404 5551 sunt,
1420 5483 1462 5539 ita
1476 5485 1625 5544 voluntate
1635 5501 1749 5545 nonsar-

122 5585 135 5622 a
151 5584 186 5636 xi,
195 5565 251 5636 29),
263 5588 275 5622 o
287 5572 315 5624 ct
325 5569 438 5624 firmum
452 5569 666 5626 fundamentum
676 5571 726 5627 Ilei
737 5578 802 5640 stit,
810 5570 916 5628 liabens
955 5577 1036 5643 gunt,
1052 5577 1081 5627 et
1093 5572 1269 5628 dominatum
1286 5573 1583 5645 concupiscentiarum
1589 5576 1749 5653 quibusmo-
