<?xml version="1.0" encoding="UTF-8"?>
<!DOCTYPE html PUBLIC "-//W3C//DTD XHTML 1.0 Transitional//EN"
    "http://www.w3.org/TR/xhtml1/DTD/xhtml1-transitional.dtd">
<html xmlns="http://www.w3.org/1999/xhtml" xml:lang="en" lang="en">
 <head>
  <title>
</title>
<meta http-equiv="Content-Type" content="text/html;charset=utf-8" />
  <meta name='ocr-system' content='tesseract 3.04.00' />
  <meta name='ocr-capabilities' content='ocr_page ocr_carea ocr_par ocr_line ocrx_word'/>
</head>
<body>
  <div class='ocr_page' id='page_1' title='image "./patrologiaecurs22goog_0405.png"; bbox 0 0 3772 6120; ppageno 0'>
   <div class='ocr_carea' id='block_1_1' title="bbox 194 300 1622 368">
    <p class='ocr_par' dir='ltr' id='par_1_1' title="bbox 194 300 1622 368">
     <span class='ocr_line' id='line_1_1' title="bbox 194 300 1622 368; baseline 0.003 -4"><span class='ocrx_word' id='word_1_1' title='bbox 194 301 485 366; x_wconf 75' lang='lat' dir='ltr'><strong>auanmnouun</strong></span> <span class='ocrx_word' id='word_1_2' title='bbox 501 302 542 366; x_wconf 74' lang='lat' dir='ltr'><strong>nt</strong></span> <span class='ocrx_word' id='word_1_3' title='bbox 560 302 636 364; x_wconf 79' lang='lat' dir='ltr'>EPP.</span> <span class='ocrx_word' id='word_1_4' title='bbox 657 300 765 366; x_wconf 81' lang='lat' dir='ltr'>PAULI</span> <span class='ocrx_word' id='word_1_5' title='bbox 784 304 853 367; x_wconf 84' lang='lat' dir='ltr'><strong>LlB.</strong></span> <span class='ocrx_word' id='word_1_6' title='bbox 873 302 971 365; x_wconf 75' lang='lat' dir='ltr'><strong>xxm.</strong></span> <span class='ocrx_word' id='word_1_7' title='bbox 989 341 1021 352; x_wconf 95' lang='lat'>-</span> <span class='ocrx_word' id='word_1_8' title='bbox 1040 304 1080 366; x_wconf 85' lang='lat' dir='ltr'><strong>IN</strong></span> <span class='ocrx_word' id='word_1_9' title='bbox 1098 304 1209 368; x_wconf 73' lang='lat' dir='ltr'><strong>El’ls&#39;l.</strong></span> <span class='ocrx_word' id='word_1_10' title='bbox 1229 308 1278 367; x_wconf 77' lang='lat' dir='ltr'><strong>AD</strong></span> <span class='ocrx_word' id='word_1_11' title='bbox 1298 308 1403 367; x_wconf 76' lang='lat' dir='ltr'><strong>anna.</strong></span> <span class='ocrx_word' id='word_1_12' title='bbox 1570 305 1622 368; x_wconf 75' lang='grc'><strong>798</strong></span> 
     </span>
    </p>
   </div>
   <div class='ocr_carea' id='block_1_2' title="bbox 99 430 1697 1309">
    <p class='ocr_par' dir='ltr' id='par_1_2' title="bbox 99 430 1697 1128">
     <span class='ocr_line' id='line_1_2' title="bbox 99 430 1620 510; baseline 0.002 -22"><span class='ocrx_word' id='word_1_13' title='bbox 99 474 105 502; x_wconf 83' lang='grc'><strong>,</strong></span> <span class='ocrx_word' id='word_1_14' title='bbox 119 430 145 488; x_wconf 81' lang='lat' dir='ltr'><strong>si</strong></span> <span class='ocrx_word' id='word_1_15' title='bbox 159 430 264 488; x_wconf 81' lang='lat' dir='ltr'><strong>vedent</strong></span> <span class='ocrx_word' id='word_1_16' title='bbox 273 431 378 489; x_wconf 87' lang='lat' dir='ltr'><strong>iterum</strong></span> <span class='ocrx_word' id='word_1_17' title='bbox 392 434 494 488; x_wconf 88' lang='lat' dir='ltr'><strong>reverti</strong></span> <span class='ocrx_word' id='word_1_18' title='bbox 504 432 612 488; x_wconf 89' lang='lat' dir='ltr'><strong>eteiiici</strong></span> <span class='ocrx_word' id='word_1_19' title='bbox 623 434 696 488; x_wconf 73' lang='lat' dir='ltr'><strong>cives</strong></span> <span class='ocrx_word' id='word_1_20' title='bbox 705 432 717 488; x_wconf 80' lang='lat' dir='ltr'><strong>l</strong></span> <span class='ocrx_word' id='word_1_21' title='bbox 726 430 814 494; x_wconf 82' lang='lat' dir='ltr'><strong>SedA</strong></span> <span class='ocrx_word' id='word_1_22' title='bbox 823 451 907 505; x_wconf 89' lang='lat' dir='ltr'><strong>quam</strong></span> <span class='ocrx_word' id='word_1_23' title='bbox 922 434 1075 507; x_wconf 86' lang='lat' dir='ltr'><strong>perdurare</strong></span> <span class='ocrx_word' id='word_1_24' title='bbox 1088 434 1118 490; x_wconf 94' lang='lat' dir='ltr'><strong>in</strong></span> <span class='ocrx_word' id='word_1_25' title='bbox 1132 432 1289 503; x_wconf 80' lang='lat' dir='ltr'><strong>animabus,</strong></span> <span class='ocrx_word' id='word_1_26' title='bbox 1307 452 1363 492; x_wconf 92' lang='lat' dir='ltr'><strong>non</strong></span> <span class='ocrx_word' id='word_1_27' title='bbox 1381 432 1472 492; x_wconf 85' lang='lat' dir='ltr'><strong>solum</strong></span> <span class='ocrx_word' id='word_1_28' title='bbox 1488 434 1620 510; x_wconf 84' lang='lat' dir='ltr'><strong>pristinos</strong></span> 
     </span>
     <span class='ocr_line' id='line_1_3' title="bbox 99 519 1621 598; baseline 0.002 -20"><span class='ocrx_word' id='word_1_29' title='bbox 99 519 236 578; x_wconf 69' lang='lat' dir='ltr'><strong>terebant</strong></span> <span class='ocrx_word' id='word_1_30' title='bbox 250 540 311 594; x_wconf 81' lang='lat' dir='ltr'><strong>quae</strong></span> <span class='ocrx_word' id='word_1_31' title='bbox 327 523 355 577; x_wconf 93' lang='lat' dir='ltr'><strong>in</strong></span> <span class='ocrx_word' id='word_1_32' title='bbox 366 523 441 577; x_wconf 85' lang='lat' dir='ltr'><strong>coelis</strong></span> <span class='ocrx_word' id='word_1_33' title='bbox 457 530 509 589; x_wconf 87' lang='lat' dir='ltr'><strong>est,</strong></span> <span class='ocrx_word' id='word_1_34' title='bbox 518 524 591 577; x_wconf 81' lang='lat' dir='ltr'><strong>etsie</strong></span> <span class='ocrx_word' id='word_1_35' title='bbox 600 523 779 591; x_wconf 82' lang='lat' dir='ltr'>festinabant,</span> <span class='ocrx_word' id='word_1_36' title='bbox 823 523 1044 591; x_wconf 90' lang='lat' dir='ltr'><strong>intellectus‚sed</strong></span> <span class='ocrx_word' id='word_1_37' title='bbox 1059 526 1144 579; x_wconf 88' lang='lat' dir='ltr'><strong>etiam</strong></span> <span class='ocrx_word' id='word_1_38' title='bbox 1159 526 1350 581; x_wconf 82' lang='lat' dir='ltr'><strong>vicissitudine</strong></span> <span class='ocrx_word' id='word_1_39' title='bbox 1362 544 1409 581; x_wconf 87' lang='lat' dir='ltr'><strong>eas</strong></span> <span class='ocrx_word' id='word_1_40' title='bbox 1424 537 1621 598; x_wconf 82' lang='lat' dir='ltr'><strong>congruapro-</strong></span> 
     </span>
     <span class='ocr_line' id='line_1_4' title="bbox 99 608 1697 688; baseline 0.001 -21"><span class='ocrx_word' id='word_1_41' title='bbox 99 608 318 678; x_wconf 70' lang='lat' dir='ltr'><strong>:discederent</strong></span> <span class='ocrx_word' id='word_1_42' title='bbox 339 613 378 666; x_wconf 88' lang='lat' dir='ltr'><strong>sic</strong></span> <span class='ocrx_word' id='word_1_43' title='bbox 398 612 564 682; x_wconf 89' lang='lat' dir='ltr'><strong>placuerunt</strong></span> <span class='ocrx_word' id='word_1_44' title='bbox 591 608 658 667; x_wconf 90' lang='lat' dir='ltr'><strong>Deo.</strong></span> <span class='ocrx_word' id='word_1_45' title='bbox 682 629 695 664; x_wconf 77' lang='lat' dir='ltr'><strong>a</strong></span> <span class='ocrx_word' id='word_1_46' title='bbox 716 613 781 667; x_wconf 91' lang='lat' dir='ltr'><strong>ideo</strong></span> <span class='ocrx_word' id='word_1_47' title='bbox 822 613 974 684; x_wconf 84' lang='lat' dir='ltr'><strong>prietatum</strong></span> <span class='ocrx_word' id='word_1_48' title='bbox 988 619 1157 685; x_wconf 79' lang='lat' dir='ltr'><strong>actuumque</strong></span> <span class='ocrx_word' id='word_1_49' title='bbox 1172 631 1287 670; x_wconf 89' lang='lat' dir='ltr'><strong>suorum</strong></span> <span class='ocrx_word' id='word_1_50' title='bbox 1296 614 1401 688; x_wconf 77' lang='lat' dir='ltr'><strong>pertrui</strong></span> <span class='ocrx_word' id='word_1_51' title='bbox 1411 613 1622 686; x_wconf 85' lang='lat' dir='ltr'><strong>qualitate.Hoc</strong></span> <span class='ocrx_word' id='word_1_52' title='bbox 1691 618 1697 625; x_wconf 88' lang='lat'>&#39;</span> 
     </span>
     <span class='ocr_line' id='line_1_5' title="bbox 99 698 1619 775; baseline 0.001 -18"><span class='ocrx_word' id='word_1_53' title='bbox 99 698 442 757; x_wconf 78' lang='lat' dir='ltr'><strong>adfunditurDeusxocari</strong></span> <span class='ocrx_word' id='word_1_54' title='bbox 453 698 528 755; x_wconf 90' lang='lat' dir='ltr'><strong>Deus</strong></span> <span class='ocrx_word' id='word_1_55' title='bbox 536 718 632 755; x_wconf 86' lang='lat' dir='ltr'><strong>eorum</strong></span> <span class='ocrx_word' id='word_1_56' title='bbox 647 720 653 754; x_wconf 91' lang='lat'>:</span> <span class='ocrx_word' id='word_1_57' title='bbox 673 700 783 773; x_wconf 85' lang='lat' dir='ltr'><strong>pararit</strong></span> <span class='ocrx_word' id='word_1_58' title='bbox 822 701 897 755; x_wconf 90' lang='lat' dir='ltr'><strong>enim</strong></span> <span class='ocrx_word' id='word_1_59' title='bbox 913 701 952 756; x_wconf 93' lang='lat' dir='ltr'><strong>illi</strong></span> <span class='ocrx_word' id='word_1_60' title='bbox 967 719 1145 774; x_wconf 80' lang='lat' dir='ltr'><strong>nequaquam</strong></span> <span class='ocrx_word' id='word_1_61' title='bbox 1168 702 1305 759; x_wconf 89' lang='lat' dir='ltr'><strong>Dominus</strong></span> <span class='ocrx_word' id='word_1_62' title='bbox 1319 704 1502 775; x_wconf 81' lang='lat' dir='ltr'><strong>promisisset,</strong></span> <span class='ocrx_word' id='word_1_63' title='bbox 1519 700 1542 758; x_wconf 92' lang='lat' dir='ltr'><strong>sl</strong></span> <span class='ocrx_word' id='word_1_64' title='bbox 1558 706 1619 775; x_wconf 90' lang='lat' dir='ltr'><strong>ejus</strong></span> 
     </span>
     <span class='ocr_line' id='line_1_6' title="bbox 99 784 1619 864; baseline 0 -18"><span class='ocrx_word' id='word_1_65' title='bbox 99 784 313 846; x_wconf 87' lang='lat' dir='ltr'><strong>illiscivitatem.</strong></span> <span class='ocrx_word' id='word_1_66' title='bbox 329 809 339 839; x_wconf 76' lang='lat' dir='ltr'><strong>r</strong></span> <span class='ocrx_word' id='word_1_67' title='bbox 353 788 492 860; x_wconf 87' lang='lat' dir='ltr'><strong>Oquanta</strong></span> <span class='ocrx_word' id='word_1_68' title='bbox 501 788 672 860; x_wconf 88' lang='lat' dir='ltr'><strong>dignitas,ut</strong></span> <span class='ocrx_word' id='word_1_69' title='bbox 681 791 781 861; x_wconf 84' lang='lat' dir='ltr'><strong>digna·</strong></span> <span class='ocrx_word' id='word_1_70' title='bbox 822 790 945 844; x_wconf 88' lang='lat' dir='ltr'><strong>animam</strong></span> <span class='ocrx_word' id='word_1_71' title='bbox 958 797 1054 847; x_wconf 85' lang='lat' dir='ltr'><strong>nosset</strong></span> <span class='ocrx_word' id='word_1_72' title='bbox 1067 796 1130 863; x_wconf 91' lang='lat' dir='ltr'><strong>post</strong></span> <span class='ocrx_word' id='word_1_73' title='bbox 1144 792 1351 864; x_wconf 83' lang='lat' dir='ltr'><strong>separationem</strong></span> <span class='ocrx_word' id='word_1_74' title='bbox 1361 790 1500 847; x_wconf 85' lang='lat' dir='ltr'><strong>carnisvel</strong></span> <span class='ocrx_word' id='word_1_75' title='bbox 1510 791 1619 863; x_wconf 85' lang='lat' dir='ltr'><strong>privan-</strong></span> 
     </span>
     <span class='ocr_line' id='line_1_7' title="bbox 99 874 1618 948; baseline 0.001 -15"><span class='ocrx_word' id='word_1_76' title='bbox 99 874 243 933; x_wconf 79' lang='lat' dir='ltr'><strong>cariDeus</strong></span> <span class='ocrx_word' id='word_1_77' title='bbox 254 878 370 932; x_wconf 76' lang='lat' dir='ltr'><strong>eorum?</strong></span> <span class='ocrx_word' id='word_1_78' title='bbox 382 876 514 948; x_wconf 80' lang='lat' dir='ltr'><strong>Magnum</strong></span> <span class='ocrx_word' id='word_1_79' title='bbox 526 876 579 931; x_wconf 91' lang='lat' dir='ltr'><strong>hoc</strong></span> <span class='ocrx_word' id='word_1_80' title='bbox 589 883 632 932; x_wconf 93' lang='lat' dir='ltr'><strong>est</strong></span> <span class='ocrx_word' id='word_1_81' title='bbox 647 885 675 932; x_wconf 91' lang='lat' dir='ltr'><strong>et</strong></span> <span class='ocrx_word' id='word_1_82' title='bbox 684 895 782 932; x_wconf 87' lang='lat' dir='ltr'><strong>revera</strong></span> <span class='ocrx_word' id='word_1_83' title='bbox 822 879 887 933; x_wconf 92' lang='lat' dir='ltr'><strong>dam</strong></span> <span class='ocrx_word' id='word_1_84' title='bbox 901 896 994 947; x_wconf 88' lang='lat' dir='ltr'><strong>sensu,</strong></span> <span class='ocrx_word' id='word_1_85' title='bbox 1011 880 1054 934; x_wconf 84' lang='lat' dir='ltr'><strong>vel</strong></span> <span class='ocrx_word' id='word_1_86' title='bbox 1067 880 1096 935; x_wconf 93' lang='lat' dir='ltr'><strong>iu</strong></span> <span class='ocrx_word' id='word_1_87' title='bbox 1112 878 1232 936; x_wconf 91' lang='lat' dir='ltr'><strong>nihilum</strong></span> <span class='ocrx_word' id='word_1_88' title='bbox 1249 882 1450 936; x_wconf 84' lang='lat' dir='ltr'><strong>resolvendam.</strong></span> <span class='ocrx_word' id='word_1_89' title='bbox 1467 880 1529 936; x_wconf 84' lang='lat' dir='ltr'><strong>Non</strong></span> <span class='ocrx_word' id='word_1_90' title='bbox 1544 880 1618 935; x_wconf 85' lang='lat' dir='ltr'><strong>onim</strong></span> 
     </span>
     <span class='ocr_line' id='line_1_8' title="bbox 99 962 1620 1041; baseline 0 -18"><span class='ocrx_word' id='word_1_91' title='bbox 99 964 158 1023; x_wconf 81' lang='lat' dir='ltr'><strong>uat&#39;</strong></span> <span class='ocrx_word' id='word_1_92' title='bbox 167 962 264 1022; x_wconf 80' lang='lat' dir='ltr'><strong>multae</strong></span> <span class='ocrx_word' id='word_1_93' title='bbox 272 964 454 1022; x_wconf 90' lang='lat' dir='ltr'><strong>beatitudinis</strong></span> <span class='ocrx_word' id='word_1_94' title='bbox 466 965 610 1033; x_wconf 88' lang='lat' dir='ltr'><strong>indicium,</strong></span> <span class='ocrx_word' id='word_1_95' title='bbox 623 968 689 1040; x_wconf 89' lang='lat' dir='ltr'><strong>quia</strong></span> <span class='ocrx_word' id='word_1_96' title='bbox 698 971 779 1021; x_wconf 86' lang='lat' dir='ltr'><strong>terrae</strong></span> <span class='ocrx_word' id='word_1_97' title='bbox 822 986 886 1023; x_wconf 89' lang='lat' dir='ltr'><strong>caro</strong></span> <span class='ocrx_word' id='word_1_98' title='bbox 901 969 962 1039; x_wconf 83' lang='lat' dir='ltr'><strong>ejus</strong></span> <span class='ocrx_word' id='word_1_99' title='bbox 977 971 1006 1023; x_wconf 92' lang='lat' dir='ltr'><strong>in</strong></span> <span class='ocrx_word' id='word_1_100' title='bbox 1025 968 1165 1041; x_wconf 85' lang='lat' dir='ltr'><strong>paradiso,</strong></span> <span class='ocrx_word' id='word_1_101' title='bbox 1182 967 1231 1025; x_wconf 90' lang='lat' dir='ltr'><strong>sed</strong></span> <span class='ocrx_word' id='word_1_102' title='bbox 1255 971 1350 1025; x_wconf 87' lang='lat' dir='ltr'><strong>anima</strong></span> <span class='ocrx_word' id='word_1_103' title='bbox 1370 974 1432 1024; x_wconf 84' lang='lat' dir='ltr'><strong>erat</strong></span> <span class='ocrx_word' id='word_1_104' title='bbox 1457 969 1620 1040; x_wconf 85' lang='lat' dir='ltr'><strong>ingressura</strong></span> 
     </span>
     <span class='ocr_line' id='line_1_9' title="bbox 107 1052 1022 1128; baseline -0.002 -16"><span class='ocrx_word' id='word_1_105' title='bbox 107 1052 203 1112; x_wconf 81' lang='lat' dir='ltr'><strong>ctcoeli</strong></span> <span class='ocrx_word' id='word_1_106' title='bbox 217 1063 331 1111; x_wconf 79' lang='lat' dir='ltr'><strong>vocatur</strong></span> <span class='ocrx_word' id='word_1_107' title='bbox 346 1053 430 1122; x_wconf 85' lang='lat' dir='ltr'><strong>Deus,</strong></span> <span class='ocrx_word' id='word_1_108' title='bbox 441 1055 512 1110; x_wconf 90' lang='lat' dir='ltr'><strong>sicut</strong></span> <span class='ocrx_word' id='word_1_109' title='bbox 527 1062 642 1110; x_wconf 84' lang='lat' dir='ltr'><strong>roratur</strong></span> <span class='ocrx_word' id='word_1_110' title='bbox 651 1063 679 1110; x_wconf 92' lang='lat' dir='ltr'><strong>et</strong></span> <span class='ocrx_word' id='word_1_111' title='bbox 693 1073 780 1128; x_wconf 79' lang='lat' dir='ltr'><strong>paga-</strong></span> <span class='ocrx_word' id='word_1_112' title='bbox 821 1075 883 1113; x_wconf 85' lang='lat' dir='ltr'><strong>rum</strong></span> <span class='ocrx_word' id='word_1_113' title='bbox 901 1057 1022 1112; x_wconf 83' lang='lat' dir='ltr'><strong>Christo.</strong></span> 
     </span>
    </p>

    <p class='ocr_par' dir='ltr' id='par_1_3' title="bbox 99 1138 1619 1309">
     <span class='ocr_line' id='line_1_10' title="bbox 99 1138 1619 1217; baseline 0 -16"><span class='ocrx_word' id='word_1_114' title='bbox 99 1138 181 1211; x_wconf 85' lang='lat' dir='ltr'><strong>Deus,</strong></span> <span class='ocrx_word' id='word_1_115' title='bbox 198 1145 266 1215; x_wconf 90' lang='lat' dir='ltr'><strong>quia</strong></span> <span class='ocrx_word' id='word_1_116' title='bbox 275 1144 333 1217; x_wconf 89' lang='lat' dir='ltr'><strong>ipse</strong></span> <span class='ocrx_word' id='word_1_117' title='bbox 339 1142 463 1199; x_wconf 88' lang='lat' dir='ltr'><strong>condidit</strong></span> <span class='ocrx_word' id='word_1_118' title='bbox 473 1151 501 1200; x_wconf 90' lang='lat' dir='ltr'><strong>et</strong></span> <span class='ocrx_word' id='word_1_119' title='bbox 510 1143 666 1200; x_wconf 79' lang='lat' dir='ltr'><strong>construxit</strong></span> <span class='ocrx_word' id='word_1_120' title='bbox 675 1146 778 1200; x_wconf 87' lang='lat' dir='ltr'><strong>omnia.</strong></span> <span class='ocrx_word' id='word_1_121' title='bbox 859 1144 953 1200; x_wconf 79' lang='lat' dir='ltr'><strong>«Fide</strong></span> <span class='ocrx_word' id='word_1_122' title='bbox 967 1144 1069 1201; x_wconf 90' lang='lat' dir='ltr'><strong>obtulit</strong></span> <span class='ocrx_word' id='word_1_123' title='bbox 1082 1145 1224 1201; x_wconf 79' lang='lat' dir='ltr'><strong>Abraham</strong></span> <span class='ocrx_word' id='word_1_124' title='bbox 1237 1142 1314 1202; x_wconf 90' lang='lat' dir='ltr'><strong>Isaac</strong></span> <span class='ocrx_word' id='word_1_125' title='bbox 1329 1164 1392 1202; x_wconf 91' lang='lat' dir='ltr'><strong>curn</strong></span> <span class='ocrx_word' id='word_1_126' title='bbox 1405 1150 1573 1213; x_wconf 88' lang='lat' dir='ltr'><strong>tentaretur,</strong></span> <span class='ocrx_word' id='word_1_127' title='bbox 1590 1154 1619 1201; x_wconf 90' lang='lat' dir='ltr'><strong>et</strong></span> 
     </span>
     <span class='ocr_line' id='line_1_11' title="bbox 99 1230 1618 1309; baseline 0.002 -22"><span class='ocrx_word' id='word_1_128' title='bbox 99 1250 147 1293; x_wconf 80' lang='lat' dir='ltr'><strong>um</strong></span> <span class='ocrx_word' id='word_1_129' title='bbox 165 1251 232 1289; x_wconf 81' lang='lat' dir='ltr'><strong>xero</strong></span> <span class='ocrx_word' id='word_1_130' title='bbox 251 1232 362 1288; x_wconf 91' lang='lat' dir='ltr'><strong>illorum</strong></span> <span class='ocrx_word' id='word_1_131' title='bbox 383 1250 440 1287; x_wconf 93' lang='lat' dir='ltr'><strong>non</strong></span> <span class='ocrx_word' id='word_1_132' title='bbox 459 1231 499 1288; x_wconf 91' lang='lat' dir='ltr'><strong>sic</strong></span> <span class='ocrx_word' id='word_1_133' title='bbox 517 1230 621 1288; x_wconf 91' lang='lat' dir='ltr'><strong>dicitur</strong></span> <span class='ocrx_word' id='word_1_134' title='bbox 631 1230 715 1300; x_wconf 90' lang='lat' dir='ltr'><strong>Deus,</strong></span> <span class='ocrx_word' id='word_1_135' title='bbox 731 1230 780 1288; x_wconf 88' lang='lat' dir='ltr'><strong>sed</strong></span> <span class='ocrx_word' id='word_1_136' title='bbox 822 1236 1025 1307; x_wconf 74' lang='lat' dir='ltr'><strong>«unigenitum</strong></span> <span class='ocrx_word' id='word_1_137' title='bbox 1040 1234 1183 1302; x_wconf 86' lang='lat' dir='ltr'><strong>ollerebat,</strong></span> <span class='ocrx_word' id='word_1_138' title='bbox 1208 1236 1255 1307; x_wconf 93' lang='lat' dir='ltr'><strong>qui</strong></span> <span class='ocrx_word' id='word_1_139' title='bbox 1283 1242 1445 1308; x_wconf 83' lang='lat' dir='ltr'><strong>susceperat</strong></span> <span class='ocrx_word' id='word_1_140' title='bbox 1466 1237 1618 1309; x_wconf 89' lang='lat' dir='ltr'><strong>repromis-</strong></span> 
     </span>
    </p>
   </div>
   <div class='ocr_carea' id='block_1_3' title="bbox 99 1310 1722 1395">
    <p class='ocr_par' dir='ltr' id='par_1_4' title="bbox 99 1310 1722 1395">
     <span class='ocr_line' id='line_1_12' title="bbox 99 1310 1722 1395; baseline 0.001 -16"><span class='ocrx_word' id='word_1_141' title='bbox 99 1310 172 1379; x_wconf 73' lang='lat' dir='ltr'><strong>&#39;ulcus</strong></span> <span class='ocrx_word' id='word_1_142' title='bbox 186 1320 288 1393; x_wconf 85' lang='lat' dir='ltr'><strong>aliquis</strong></span> <span class='ocrx_word' id='word_1_143' title='bbox 301 1336 463 1393; x_wconf 83' lang='lat' dir='ltr'><strong>germanus.</strong></span> <span class='ocrx_word' id='word_1_144' title='bbox 477 1320 555 1377; x_wconf 89' lang='lat' dir='ltr'><strong>Sicut</strong></span> <span class='ocrx_word' id='word_1_145' title='bbox 564 1322 639 1376; x_wconf 89' lang='lat' dir='ltr'><strong>enim</strong></span> <span class='ocrx_word' id='word_1_146' title='bbox 660 1320 714 1376; x_wconf 89' lang='lat' dir='ltr'><strong>dici</strong></span> <span class='ocrx_word' id='word_1_147' title='bbox 730 1339 779 1395; x_wconf 91' lang='lat' dir='ltr'><strong>po·</strong></span> <span class='ocrx_word' id='word_1_148' title='bbox 823 1345 834 1375; x_wconf 81' lang='lat' dir='ltr'><strong>r</strong></span> <span class='ocrx_word' id='word_1_149' title='bbox 852 1323 962 1386; x_wconf 90' lang='lat' dir='ltr'><strong>siones;</strong></span> <span class='ocrx_word' id='word_1_150' title='bbox 978 1325 1013 1379; x_wconf 91' lang='lat' dir='ltr'><strong>ad</strong></span> <span class='ocrx_word' id='word_1_151' title='bbox 1024 1324 1218 1395; x_wconf 89' lang='lat' dir='ltr'><strong>quemdictum</strong></span> <span class='ocrx_word' id='word_1_152' title='bbox 1226 1330 1285 1378; x_wconf 91' lang='lat' dir='ltr'><strong>est:</strong></span> <span class='ocrx_word' id='word_1_153' title='bbox 1298 1324 1369 1389; x_wconf 91' lang='lat' dir='ltr'><strong>Quia</strong></span> <span class='ocrx_word' id='word_1_154' title='bbox 1377 1324 1406 1379; x_wconf 92' lang='lat' dir='ltr'><strong>in</strong></span> <span class='ocrx_word' id='word_1_155' title='bbox 1417 1325 1495 1380; x_wconf 88' lang='lat' dir='ltr'><strong>isaac</strong></span> <span class='ocrx_word' id='word_1_156' title='bbox 1510 1323 1618 1380; x_wconf 89' lang='lat' dir='ltr'><strong>vocabi·</strong></span> <span class='ocrx_word' id='word_1_157' title='bbox 1720 1355 1722 1359; x_wconf 96' lang='lat'>·</span> 
     </span>
    </p>
   </div>
   <div class='ocr_carea' id='block_1_4' title="bbox 99 1406 1621 5038">
    <p class='ocr_par' dir='ltr' id='par_1_5' title="bbox 99 1406 1621 5038">
     <span class='ocr_line' id='line_1_13' title="bbox 99 1406 1617 1484; baseline 0 -16"><span class='ocrx_word' id='word_1_158' title='bbox 99 1428 190 1469; x_wconf 85' lang='lat' dir='ltr'><strong>usuon</strong></span> <span class='ocrx_word' id='word_1_159' title='bbox 202 1406 330 1483; x_wconf 81' lang='lat' dir='ltr'><strong>gentium</strong></span> <span class='ocrx_word' id='word_1_160' title='bbox 346 1410 446 1475; x_wconf 88' lang='lat' dir='ltr'><strong>solum,</strong></span> <span class='ocrx_word' id='word_1_161' title='bbox 465 1411 513 1465; x_wconf 90' lang='lat' dir='ltr'><strong>sed</strong></span> <span class='ocrx_word' id='word_1_162' title='bbox 525 1410 611 1465; x_wconf 89' lang='lat' dir='ltr'><strong>totius</strong></span> <span class='ocrx_word' id='word_1_163' title='bbox 622 1411 728 1478; x_wconf 90' lang='lat' dir='ltr'><strong>mundi,</strong></span> <span class='ocrx_word' id='word_1_164' title='bbox 740 1411 780 1465; x_wconf 86' lang='lat' dir='ltr'><strong>ita</strong></span> <span class='ocrx_word' id='word_1_165' title='bbox 824 1434 835 1465; x_wconf 81' lang='grc' dir='ltr'>ι</span> <span class='ocrx_word' id='word_1_166' title='bbox 853 1418 900 1469; x_wconf 90' lang='lat' dir='ltr'><strong>tur</strong></span> <span class='ocrx_word' id='word_1_167' title='bbox 909 1413 960 1468; x_wconf 89' lang='lat' dir='ltr'><strong>tibi</strong></span> <span class='ocrx_word' id='word_1_168' title='bbox 976 1430 1087 1468; x_wconf 88' lang='lat' dir='ltr'><strong>semen:</strong></span> <span class='ocrx_word' id='word_1_169' title='bbox 1102 1413 1242 1468; x_wconf 89' lang='lat' dir='ltr'><strong>arbitrans</strong></span> <span class='ocrx_word' id='word_1_170' title='bbox 1251 1414 1317 1484; x_wconf 91' lang='lat' dir='ltr'><strong>quia</strong></span> <span class='ocrx_word' id='word_1_171' title='bbox 1326 1419 1354 1468; x_wconf 89' lang='lat' dir='ltr'><strong>et</strong></span> <span class='ocrx_word' id='word_1_172' title='bbox 1369 1431 1387 1467; x_wconf 86' lang='lat' dir='ltr'><strong>a</strong></span> <span class='ocrx_word' id='word_1_173' title='bbox 1401 1413 1518 1469; x_wconf 89' lang='lat' dir='ltr'><strong>mortuis</strong></span> <span class='ocrx_word' id='word_1_174' title='bbox 1533 1414 1617 1469; x_wconf 90' lang='lat' dir='ltr'><strong>susci-</strong></span> 
     </span>
     <span class='ocr_line' id='line_1_14' title="bbox 99 1496 1616 1574; baseline 0 -18"><span class='ocrx_word' id='word_1_175' title='bbox 99 1496 232 1556; x_wconf 76' lang='lat' dir='ltr'><strong>lirinens</strong></span> <span class='ocrx_word' id='word_1_176' title='bbox 246 1497 397 1554; x_wconf 76' lang='lat' dir='ltr'><strong>Abraham.</strong></span> <span class='ocrx_word' id='word_1_177' title='bbox 416 1496 470 1554; x_wconf 86' lang='lat' dir='ltr'><strong>Sed</strong></span> <span class='ocrx_word' id='word_1_178' title='bbox 490 1499 603 1554; x_wconf 89' lang='lat' dir='ltr'><strong>nescitis</strong></span> <span class='ocrx_word' id='word_1_179' title='bbox 618 1506 724 1571; x_wconf 89' lang='lat' dir='ltr'><strong>quanta</strong></span> <span class='ocrx_word' id='word_1_180' title='bbox 738 1506 781 1554; x_wconf 90' lang='lat' dir='ltr'><strong>est</strong></span> <span class='ocrx_word' id='word_1_181' title='bbox 823 1522 835 1554; x_wconf 77' lang='lat' dir='ltr'><strong>a</strong></span> <span class='ocrx_word' id='word_1_182' title='bbox 853 1508 913 1557; x_wconf 86' lang='lat' dir='ltr'><strong>tare</strong></span> <span class='ocrx_word' id='word_1_183' title='bbox 928 1506 1081 1574; x_wconf 78' lang='lat' dir='ltr'><strong>potensest</strong></span> <span class='ocrx_word' id='word_1_184' title='bbox 1094 1501 1169 1557; x_wconf 89' lang='lat' dir='ltr'><strong>Deus</strong></span> <span class='ocrx_word' id='word_1_185' title='bbox 1185 1521 1190 1555; x_wconf 92' lang='lat'>:</span> <span class='ocrx_word' id='word_1_186' title='bbox 1206 1503 1280 1557; x_wconf 92' lang='lat' dir='ltr'><strong>unde</strong></span> <span class='ocrx_word' id='word_1_187' title='bbox 1300 1519 1364 1556; x_wconf 90' lang='lat' dir='ltr'><strong>eum</strong></span> <span class='ocrx_word' id='word_1_188' title='bbox 1390 1507 1418 1557; x_wconf 88' lang='lat' dir='ltr'><strong>et</strong></span> <span class='ocrx_word' id='word_1_189' title='bbox 1441 1502 1470 1557; x_wconf 92' lang='lat' dir='ltr'><strong>iu</strong></span> <span class='ocrx_word' id='word_1_190' title='bbox 1485 1501 1616 1574; x_wconf 87' lang='lat' dir='ltr'><strong>parabola</strong></span> 
     </span>
     <span class='ocr_line' id='line_1_15' title="bbox 99 1584 1616 1663; baseline 0.001 -20"><span class='ocrx_word' id='word_1_191' title='bbox 99 1584 185 1660; x_wconf 68' lang='lat' dir='ltr'><strong>nitas,</strong></span> <span class='ocrx_word' id='word_1_192' title='bbox 207 1588 273 1661; x_wconf 90' lang='lat' dir='ltr'><strong>quia</strong></span> <span class='ocrx_word' id='word_1_193' title='bbox 293 1606 383 1660; x_wconf 89' lang='lat' dir='ltr'><strong>neque</strong></span> <span class='ocrx_word' id='word_1_194' title='bbox 403 1586 585 1659; x_wconf 89' lang='lat' dir='ltr'><strong>adipiscimur</strong></span> <span class='ocrx_word' id='word_1_195' title='bbox 600 1589 687 1643; x_wconf 88' lang='lat' dir='ltr'><strong>illam.</strong></span> <span class='ocrx_word' id='word_1_196' title='bbox 703 1584 793 1644; x_wconf 88' lang='lat' dir='ltr'><strong>Sicut·</strong></span> <span class='ocrx_word' id='word_1_197' title='bbox 823 1612 834 1643; x_wconf 82' lang='lat' dir='ltr'><strong>r</strong></span> <span class='ocrx_word' id='word_1_198' title='bbox 852 1591 966 1663; x_wconf 89' lang='lat' dir='ltr'><strong>accepit.</strong></span> <span class='ocrx_word' id='word_1_199' title='bbox 982 1612 993 1642; x_wconf 78' lang='grc' dir='ltr'><strong>ι</strong></span> <span class='ocrx_word' id='word_1_200' title='bbox 1008 1592 1112 1662; x_wconf 83' lang='lat' dir='ltr'><strong>(loon.)</strong></span> <span class='ocrx_word' id='word_1_201' title='bbox 1128 1591 1201 1646; x_wconf 85' lang='lat' dir='ltr'><strong>Vere</strong></span> <span class='ocrx_word' id='word_1_202' title='bbox 1213 1607 1317 1662; x_wconf 72' lang='lat' dir='ltr'><strong>magna</strong></span> <span class='ocrx_word' id='word_1_203' title='bbox 1331 1599 1392 1646; x_wconf 89' lang='lat' dir='ltr'><strong>erat</strong></span> <span class='ocrx_word' id='word_1_204' title='bbox 1407 1588 1475 1645; x_wconf 83' lang='lat' dir='ltr'><strong>tides</strong></span> <span class='ocrx_word' id='word_1_205' title='bbox 1487 1590 1616 1646; x_wconf 68' lang='lat' dir='ltr'><strong>Abrahae.</strong></span> 
     </span>
     <span class='ocr_line' id='line_1_16' title="bbox 99 1676 1617 1752; baseline 0.001 -19"><span class='ocrx_word' id='word_1_206' title='bbox 99 1695 140 1733; x_wconf 82' lang='lat' dir='ltr'><strong>inc</strong></span> <span class='ocrx_word' id='word_1_207' title='bbox 152 1678 289 1733; x_wconf 88' lang='lat' dir='ltr'><strong>Dominus</strong></span> <span class='ocrx_word' id='word_1_208' title='bbox 304 1678 378 1731; x_wconf 90' lang='lat' dir='ltr'><strong>Deus</strong></span> <span class='ocrx_word' id='word_1_209' title='bbox 393 1676 617 1732; x_wconf 81' lang='lat' dir='ltr'><strong>Christianorum</strong></span> <span class='ocrx_word' id='word_1_210' title='bbox 628 1677 740 1744; x_wconf 89' lang='lat' dir='ltr'><strong>dicitur,</strong></span> <span class='ocrx_word' id='word_1_211' title='bbox 752 1683 781 1731; x_wconf 91' lang='lat' dir='ltr'><strong>et</strong></span> <span class='ocrx_word' id='word_1_212' title='bbox 821 1678 963 1752; x_wconf 84' lang='lat' dir='ltr'><strong>Praecepta</strong></span> <span class='ocrx_word' id='word_1_213' title='bbox 976 1680 1026 1734; x_wconf 91' lang='lat' dir='ltr'><strong>Dei</strong></span> <span class='ocrx_word' id='word_1_214' title='bbox 1037 1697 1100 1735; x_wconf 90' lang='lat' dir='ltr'><strong>cum</strong></span> <span class='ocrx_word' id='word_1_215' title='bbox 1108 1680 1254 1751; x_wconf 86' lang='lat' dir='ltr'><strong>praeceptis</strong></span> <span class='ocrx_word' id='word_1_216' title='bbox 1264 1679 1314 1734; x_wconf 89' lang='lat' dir='ltr'><strong>Dei</strong></span> <span class='ocrx_word' id='word_1_217' title='bbox 1323 1679 1433 1752; x_wconf 75' lang='lat' dir='ltr'><strong>litigare</strong></span> <span class='ocrx_word' id='word_1_218' title='bbox 1443 1679 1617 1748; x_wconf 87' lang='lat' dir='ltr'><strong>ridebantur,</strong></span> 
     </span>
     <span class='ocr_line' id='line_1_17' title="bbox 99 1750 1618 1840; baseline 0.001 -17"><span class='ocrx_word' id='word_1_219' title='bbox 99 1750 930 1840; x_wconf 74' lang='lat' dir='ltr'><strong>xcedithocnomendignitatemnostram,quantofletfides</strong></span> <span class='ocrx_word' id='word_1_220' title='bbox 952 1768 1017 1823; x_wconf 82' lang='lat' dir='ltr'><strong>fidei</strong></span> <span class='ocrx_word' id='word_1_221' title='bbox 1040 1768 1224 1840; x_wconf 82' lang='lat' dir='ltr'><strong>repugnabat,</strong></span> <span class='ocrx_word' id='word_1_222' title='bbox 1241 1774 1269 1822; x_wconf 88' lang='lat' dir='ltr'><strong>et</strong></span> <span class='ocrx_word' id='word_1_223' title='bbox 1293 1768 1458 1824; x_wconf 88' lang='lat' dir='ltr'><strong>mandatum</strong></span> <span class='ocrx_word' id='word_1_224' title='bbox 1482 1769 1533 1824; x_wconf 89' lang='lat' dir='ltr'><strong>Dei</strong></span> <span class='ocrx_word' id='word_1_225' title='bbox 1557 1775 1618 1826; x_wconf 83' lang='lat' dir='ltr'><strong>erat</strong></span> 
     </span>
     <span class='ocr_line' id='line_1_18' title="bbox 99 1850 1620 1930; baseline 0.002 -19"><span class='ocrx_word' id='word_1_226' title='bbox 99 1850 190 1912; x_wconf 87' lang='lat' dir='ltr'><strong>iunius</strong></span> <span class='ocrx_word' id='word_1_227' title='bbox 199 1850 395 1910; x_wconf 85' lang='lat' dir='ltr'><strong>roraturDeus</strong></span> <span class='ocrx_word' id='word_1_228' title='bbox 405 1852 417 1908; x_wconf 82' lang='lat' dir='ltr'><strong>l</strong></span> <span class='ocrx_word' id='word_1_229' title='bbox 427 1853 779 1928; x_wconf 82' lang='lat' dir='ltr'><strong>intelligoquantaestma-</strong></span> <span class='ocrx_word' id='word_1_230' title='bbox 820 1856 1029 1930; x_wconf 87' lang='lat' dir='ltr'><strong>repromissioni</strong></span> <span class='ocrx_word' id='word_1_231' title='bbox 1040 1854 1223 1924; x_wconf 87' lang='lat' dir='ltr'><strong>contrarium,</strong></span> <span class='ocrx_word' id='word_1_232' title='bbox 1235 1874 1300 1911; x_wconf 92' lang='lat' dir='ltr'><strong>cum</strong></span> <span class='ocrx_word' id='word_1_233' title='bbox 1310 1858 1444 1929; x_wconf 88' lang='lat' dir='ltr'><strong>scriptum</strong></span> <span class='ocrx_word' id='word_1_234' title='bbox 1455 1859 1492 1912; x_wconf 92' lang='lat' dir='ltr'><strong>sit</strong></span> <span class='ocrx_word' id='word_1_235' title='bbox 1503 1878 1509 1912; x_wconf 92' lang='lat'>:</span> <span class='ocrx_word' id='word_1_236' title='bbox 1522 1880 1532 1908; x_wconf 81' lang='grc' dir='ltr'>ι</span> <span class='ocrx_word' id='word_1_237' title='bbox 1543 1857 1620 1915; x_wconf 88' lang='lat' dir='ltr'><strong>Dixit</strong></span> 
     </span>
     <span class='ocr_line' id='line_1_19' title="bbox 100 1936 1618 2018; baseline 0.001 -17"><span class='ocrx_word' id='word_1_238' title='bbox 100 1942 778 2018; x_wconf 76' lang='lat' dir='ltr'><strong>,qui[eumqui]mundivocaturueus,nonerube-</strong></span> <span class='ocrx_word' id='word_1_239' title='bbox 820 1936 895 2001; x_wconf 90' lang='lat' dir='ltr'><strong>Deus</strong></span> <span class='ocrx_word' id='word_1_240' title='bbox 913 1942 982 2000; x_wconf 84' lang='lat' dir='ltr'><strong>:Exi</strong></span> <span class='ocrx_word' id='word_1_241' title='bbox 1006 1946 1041 2000; x_wconf 93' lang='lat' dir='ltr'><strong>de</strong></span> <span class='ocrx_word' id='word_1_242' title='bbox 1062 1948 1139 2000; x_wconf 89' lang='lat' dir='ltr'><strong>terra</strong></span> <span class='ocrx_word' id='word_1_243' title='bbox 1162 1952 1213 2000; x_wconf 87' lang='lat' dir='ltr'><strong>tua</strong></span> <span class='ocrx_word' id='word_1_244' title='bbox 1234 1947 1311 2000; x_wconf 89' lang='lat' dir='ltr'><strong>etde</strong></span> <span class='ocrx_word' id='word_1_245' title='bbox 1332 1947 1499 2017; x_wconf 84' lang='lat' dir='ltr'><strong>cognatione</strong></span> <span class='ocrx_word' id='word_1_246' title='bbox 1513 1952 1573 2013; x_wconf 88' lang='lat' dir='ltr'><strong>tua,</strong></span> <span class='ocrx_word' id='word_1_247' title='bbox 1590 1952 1618 2002; x_wconf 87' lang='lat' dir='ltr'><strong>et</strong></span> 
     </span>
     <span class='ocr_line' id='line_1_20' title="bbox 99 2028 1616 2106; baseline -0.001 -17"><span class='ocrx_word' id='word_1_248' title='bbox 99 2032 223 2089; x_wconf 81' lang='lat' dir='ltr'><strong>invocari</strong></span> <span class='ocrx_word' id='word_1_249' title='bbox 235 2032 319 2087; x_wconf 91' lang='lat' dir='ltr'><strong>Deus.</strong></span> <span class='ocrx_word' id='word_1_250' title='bbox 332 2032 386 2086; x_wconf 91' lang='lat' dir='ltr'><strong>Sed</strong></span> <span class='ocrx_word' id='word_1_251' title='bbox 397 2040 466 2098; x_wconf 89' lang='lat' dir='ltr'><strong>esto,</strong></span> <span class='ocrx_word' id='word_1_252' title='bbox 477 2032 523 2087; x_wconf 87' lang='lat' dir='ltr'><strong>isti</strong></span> <span class='ocrx_word' id='word_1_253' title='bbox 536 2028 653 2087; x_wconf 83' lang='lat' dir='ltr'><strong>sortasse</strong></span> <span class='ocrx_word' id='word_1_254' title='bbox 664 2040 778 2106; x_wconf 90' lang='lat' dir='ltr'><strong>propter</strong></span> <span class='ocrx_word' id='word_1_255' title='bbox 820 2035 891 2090; x_wconf 92' lang='lat' dir='ltr'><strong>dabo</strong></span> <span class='ocrx_word' id='word_1_256' title='bbox 905 2032 956 2089; x_wconf 91' lang='lat' dir='ltr'><strong>tibi</strong></span> <span class='ocrx_word' id='word_1_257' title='bbox 967 2039 1072 2089; x_wconf 89' lang='lat' dir='ltr'><strong>terram</strong></span> <span class='ocrx_word' id='word_1_258' title='bbox 1088 2034 1160 2089; x_wconf 89' lang='lat' dir='ltr'><strong>hanc</strong></span> <span class='ocrx_word' id='word_1_259' title='bbox 1173 2054 1206 2100; x_wconf 69' lang='lat'><strong>3»</strong></span> <span class='ocrx_word' id='word_1_260' title='bbox 1223 2041 1252 2089; x_wconf 89' lang='lat' dir='ltr'><strong>et</strong></span> <span class='ocrx_word' id='word_1_261' title='bbox 1265 2051 1322 2089; x_wconf 92' lang='lat' dir='ltr'><strong>non</strong></span> <span class='ocrx_word' id='word_1_262' title='bbox 1336 2035 1362 2089; x_wconf 92' lang='lat' dir='ltr'><strong>ei</strong></span> <span class='ocrx_word' id='word_1_263' title='bbox 1376 2034 1454 2090; x_wconf 91' lang='lat' dir='ltr'><strong>dedit</strong></span> <span class='ocrx_word' id='word_1_264' title='bbox 1466 2036 1544 2089; x_wconf 90' lang='lat' dir='ltr'><strong>illam</strong></span> <span class='ocrx_word' id='word_1_265' title='bbox 1558 2038 1616 2090; x_wconf 90' lang='lat' dir='ltr'><strong>ter-</strong></span> 
     </span>
     <span class='ocr_line' id='line_1_21' title="bbox 99 2112 1616 2195; baseline -0.001 -16"><span class='ocrx_word' id='word_1_266' title='bbox 99 2122 232 2179; x_wconf 78' lang='lat' dir='ltr'><strong>tationem</strong></span> <span class='ocrx_word' id='word_1_267' title='bbox 247 2114 379 2175; x_wconf 85' lang='lat' dir='ltr'><strong>dicebant</strong></span> <span class='ocrx_word' id='word_1_268' title='bbox 392 2120 498 2194; x_wconf 85' lang='lat' dir='ltr'><strong>seipsos</strong></span> <span class='ocrx_word' id='word_1_269' title='bbox 511 2121 685 2193; x_wconf 80' lang='lat' dir='ltr'><strong>peregrinos.</strong></span> <span class='ocrx_word' id='word_1_270' title='bbox 704 2120 776 2186; x_wconf 88' lang='lat' dir='ltr'><strong>Quid</strong></span> <span class='ocrx_word' id='word_1_271' title='bbox 819 2142 878 2179; x_wconf 88' lang='lat' dir='ltr'><strong>ram</strong></span> <span class='ocrx_word' id='word_1_272' title='bbox 892 2112 1093 2188; x_wconf 71' lang='lat' dir='ltr'><strong>hereditatem,</strong></span> <span class='ocrx_word' id='word_1_273' title='bbox 1110 2140 1161 2178; x_wconf 91' lang='lat' dir='ltr'><strong>nec</strong></span> <span class='ocrx_word' id='word_1_274' title='bbox 1169 2140 1298 2193; x_wconf 85' lang='lat' dir='ltr'><strong>gressum</strong></span> <span class='ocrx_word' id='word_1_275' title='bbox 1309 2122 1396 2194; x_wconf 90' lang='lat' dir='ltr'><strong>pedis.</strong></span> <span class='ocrx_word' id='word_1_276' title='bbox 1409 2122 1531 2179; x_wconf 88' lang='lat' dir='ltr'><strong>Intueris</strong></span> <span class='ocrx_word' id='word_1_277' title='bbox 1546 2141 1616 2195; x_wconf 90' lang='lat' dir='ltr'><strong>qua-</strong></span> 
     </span>
     <span class='ocr_line' id='line_1_22' title="bbox 99 2204 1616 2284; baseline 0 -17"><span class='ocrx_word' id='word_1_278' title='bbox 99 2204 193 2267; x_wconf 74' lang='lat' dir='ltr'><strong>band?</strong></span> <span class='ocrx_word' id='word_1_279' title='bbox 206 2227 306 2265; x_wconf 86' lang='lat' dir='ltr'><strong>¹nonne</strong></span> <span class='ocrx_word' id='word_1_280' title='bbox 319 2228 366 2264; x_wconf 91' lang='lat' dir='ltr'><strong>rex</strong></span> <span class='ocrx_word' id='word_1_281' title='bbox 384 2212 462 2265; x_wconf 84' lang='lat' dir='ltr'><strong>erati</strong></span> <span class='ocrx_word' id='word_1_282' title='bbox 490 2228 582 2266; x_wconf 91' lang='lat' dir='ltr'><strong>nonne</strong></span> <span class='ocrx_word' id='word_1_283' title='bbox 614 2210 777 2283; x_wconf 82' lang='lat' dir='ltr'><strong>propheta?</strong></span> <span class='ocrx_word' id='word_1_284' title='bbox 818 2214 883 2268; x_wconf 88' lang='lat' dir='ltr'><strong>liter</strong></span> <span class='ocrx_word' id='word_1_285' title='bbox 899 2230 960 2284; x_wconf 78' lang='lat' dir='ltr'><strong>quae</strong></span> <span class='ocrx_word' id='word_1_286' title='bbox 975 2209 1209 2284; x_wconf 85' lang='lat' dir='ltr'><strong>praecipiebantur</strong></span> <span class='ocrx_word' id='word_1_287' title='bbox 1224 2210 1487 2284; x_wconf 88' lang='lat' dir='ltr'><strong>repromissionibus</strong></span> <span class='ocrx_word' id='word_1_288' title='bbox 1501 2211 1616 2267; x_wconf 86' lang='lat' dir='ltr'><strong>videan-</strong></span> 
     </span>
     <span class='ocr_line' id='line_1_23' title="bbox 99 2297 1616 2372; baseline -0.001 -17"><span class='ocrx_word' id='word_1_289' title='bbox 99 2316 171 2356; x_wconf 84' lang='lat' dir='ltr'><strong>nsua</strong></span> <span class='ocrx_word' id='word_1_290' title='bbox 179 2297 776 2372; x_wconf 81' lang='lat' dir='ltr'><strong>patriadegebatlQuareergodixit:‹Pero·</strong></span> <span class='ocrx_word' id='word_1_291' title='bbox 817 2307 864 2358; x_wconf 90' lang='lat' dir='ltr'><strong>tur</strong></span> <span class='ocrx_word' id='word_1_292' title='bbox 878 2318 937 2356; x_wconf 92' lang='lat' dir='ltr'><strong>esse</strong></span> <span class='ocrx_word' id='word_1_293' title='bbox 952 2301 1092 2356; x_wconf 89' lang='lat' dir='ltr'><strong>contraria</strong></span> <span class='ocrx_word' id='word_1_294' title='bbox 1102 2300 1114 2354; x_wconf 82' lang='lat' dir='ltr'><strong>i</strong></span> <span class='ocrx_word' id='word_1_295' title='bbox 1124 2302 1229 2356; x_wconf 89' lang='lat' dir='ltr'><strong>lterum</strong></span> <span class='ocrx_word' id='word_1_296' title='bbox 1240 2301 1318 2367; x_wconf 84' lang='lat' dir='ltr'><strong>dixit,</strong></span> <span class='ocrx_word' id='word_1_297' title='bbox 1333 2321 1342 2349; x_wconf 80' lang='lat' dir='ltr'><strong>x</strong></span> <span class='ocrx_word' id='word_1_298' title='bbox 1357 2298 1495 2364; x_wconf 84' lang='lat' dir='ltr'><strong>Quoniam</strong></span> <span class='ocrx_word' id='word_1_299' title='bbox 1501 2300 1529 2353; x_wconf 91' lang='lat' dir='ltr'><strong>in</strong></span> <span class='ocrx_word' id='word_1_300' title='bbox 1537 2297 1616 2354; x_wconf 89' lang='lat' dir='ltr'><strong>Isaac</strong></span> 
     </span>
     <span class='ocr_line' id='line_1_24' title="bbox 99 2384 1614 2462; baseline 0 -20"><span class='ocrx_word' id='word_1_301' title='bbox 99 2384 473 2462; x_wconf 72' lang='lat' dir='ltr'><strong>ethospcssumiDic,sancte</strong></span> <span class='ocrx_word' id='word_1_302' title='bbox 484 2387 580 2456; x_wconf 76' lang='lat' dir='ltr'><strong>David,</strong></span> <span class='ocrx_word' id='word_1_303' title='bbox 592 2388 731 2460; x_wconf 87' lang='lat' dir='ltr'><strong>quomodo</strong></span> <span class='ocrx_word' id='word_1_304' title='bbox 746 2408 775 2445; x_wconf 90' lang='lat' dir='ltr'><strong>es</strong></span> <span class='ocrx_word' id='word_1_305' title='bbox 815 2390 960 2445; x_wconf 86' lang='lat' dir='ltr'><strong>vocabitur</strong></span> <span class='ocrx_word' id='word_1_306' title='bbox 972 2386 1022 2444; x_wconf 89' lang='lat' dir='ltr'><strong>tibi</strong></span> <span class='ocrx_word' id='word_1_307' title='bbox 1033 2407 1138 2454; x_wconf 87' lang='lat' dir='ltr'><strong>samen,</strong></span> <span class='ocrx_word' id='word_1_308' title='bbox 1155 2394 1202 2444; x_wconf 75' lang='lat' dir='ltr'><strong>ret</strong></span> <span class='ocrx_word' id='word_1_309' title='bbox 1216 2386 1335 2443; x_wconf 92' lang='lat' dir='ltr'><strong>credidit</strong></span> <span class='ocrx_word' id='word_1_310' title='bbox 1354 2408 1360 2441; x_wconf 80' lang='grc' dir='ltr'><strong><em>ε</em></strong></span> <span class='ocrx_word' id='word_1_311' title='bbox 1381 2389 1523 2443; x_wconf 87' lang='lat' dir='ltr'><strong>etiterum</strong></span> <span class='ocrx_word' id='word_1_312' title='bbox 1537 2384 1614 2451; x_wconf 88' lang='lat' dir='ltr'><strong>dicit,</strong></span> 
     </span>
     <span class='ocr_line' id='line_1_25' title="bbox 99 2474 1616 2550; baseline -0.001 -17"><span class='ocrx_word' id='word_1_313' title='bbox 99 2476 164 2535; x_wconf 83' lang='lat' dir='ltr'><strong>rusi</strong></span> <span class='ocrx_word' id='word_1_314' title='bbox 179 2496 194 2533; x_wconf 74' lang='lat' dir='ltr'><strong>c</strong></span> <span class='ocrx_word' id='word_1_315' title='bbox 210 2478 290 2535; x_wconf 87' lang='lat' dir='ltr'><strong>Sicut</strong></span> <span class='ocrx_word' id='word_1_316' title='bbox 309 2477 413 2548; x_wconf 72' lang='lat' dir='ltr'><strong>patres,</strong></span> <span class='ocrx_word' id='word_1_317' title='bbox 433 2476 532 2548; x_wconf 87' lang='lat' dir='ltr'><strong>inquit,</strong></span> <span class='ocrx_word' id='word_1_318' title='bbox 551 2474 616 2545; x_wconf 83' lang='lat' dir='ltr'><strong>mei,</strong></span> <span class='ocrx_word' id='word_1_319' title='bbox 634 2500 645 2528; x_wconf 78' lang='grc' dir='ltr'>ι</span> <span class='ocrx_word' id='word_1_320' title='bbox 663 2474 729 2550; x_wconf 89' lang='lat' dir='ltr'><strong>quia</strong></span> <span class='ocrx_word' id='word_1_321' title='bbox 748 2486 776 2533; x_wconf 90' lang='lat' dir='ltr'><strong>et</strong></span> <span class='ocrx_word' id='word_1_322' title='bbox 819 2497 830 2532; x_wconf 77' lang='lat' dir='ltr'><strong>c</strong></span> <span class='ocrx_word' id='word_1_323' title='bbox 846 2476 978 2534; x_wconf 84' lang='lat' dir='ltr'><strong>Sacrifica</strong></span> <span class='ocrx_word' id='word_1_324' title='bbox 992 2478 1062 2532; x_wconf 82' lang='lat' dir='ltr'><strong>milri</strong></span> <span class='ocrx_word' id='word_1_325' title='bbox 1075 2478 1166 2544; x_wconf 89' lang='lat' dir='ltr'><strong>illum,</strong></span> <span class='ocrx_word' id='word_1_326' title='bbox 1187 2495 1244 2532; x_wconf 78' lang='lat' dir='ltr'><strong>»ex</strong></span> <span class='ocrx_word' id='word_1_327' title='bbox 1259 2479 1340 2548; x_wconf 87' lang='lat' dir='ltr'><strong>cujus</strong></span> <span class='ocrx_word' id='word_1_328' title='bbox 1365 2478 1470 2532; x_wconf 84' lang='lat' dir='ltr'><strong>semine</strong></span> <span class='ocrx_word' id='word_1_329' title='bbox 1495 2475 1616 2531; x_wconf 89' lang='lat' dir='ltr'><strong>mundus</strong></span> 
     </span>
     <span class='ocr_line' id='line_1_26' title="bbox 99 2560 1617 2639; baseline -0.001 -17"><span class='ocrx_word' id='word_1_330' title='bbox 99 2560 180 2638; x_wconf 56' lang='lat' dir='ltr'><strong>num</strong></span> <span class='ocrx_word' id='word_1_331' title='bbox 194 2572 285 2622; x_wconf 87' lang='lat' dir='ltr'><strong>erant.</strong></span> <span class='ocrx_word' id='word_1_332' title='bbox 303 2567 444 2620; x_wconf 84' lang='lat' dir='ltr'><strong>Habemus</strong></span> <span class='ocrx_word' id='word_1_333' title='bbox 460 2566 590 2637; x_wconf 87' lang='lat' dir='ltr'><strong>patriam,</strong></span> <span class='ocrx_word' id='word_1_334' title='bbox 608 2561 708 2637; x_wconf 88' lang='lat' dir='ltr'><strong>inquit,</strong></span> <span class='ocrx_word' id='word_1_335' title='bbox 735 2585 776 2622; x_wconf 92' lang='lat' dir='ltr'><strong>re·</strong></span> <span class='ocrx_word' id='word_1_336' title='bbox 816 2569 893 2622; x_wconf 87' lang='lat' dir='ltr'><strong>totus</strong></span> <span class='ocrx_word' id='word_1_337' title='bbox 906 2573 967 2622; x_wconf 87' lang='lat' dir='ltr'><strong>erat</strong></span> <span class='ocrx_word' id='word_1_338' title='bbox 980 2565 1140 2639; x_wconf 90' lang='lat' dir='ltr'><strong>replendus.</strong></span> <span class='ocrx_word' id='word_1_339' title='bbox 1159 2566 1451 2637; x_wconf 84' lang='lat' dir='ltr'><strong>Contemplarislitem</strong></span> <span class='ocrx_word' id='word_1_340' title='bbox 1468 2568 1617 2638; x_wconf 73' lang='lat' dir='ltr'><strong>precepto·</strong></span> 
     </span>
     <span class='ocr_line' id='line_1_27' title="bbox 99 2652 1616 2730; baseline -0.001 -20"><span class='ocrx_word' id='word_1_341' title='bbox 99 2654 189 2710; x_wconf 86' lang='lat' dir='ltr'><strong>triam.</strong></span> <span class='ocrx_word' id='word_1_342' title='bbox 207 2654 352 2720; x_wconf 82' lang='lat' dir='ltr'><strong>Quomodo</strong></span> <span class='ocrx_word' id='word_1_343' title='bbox 367 2672 433 2725; x_wconf 82' lang='lat' dir='ltr'><strong>ergo</strong></span> <span class='ocrx_word' id='word_1_344' title='bbox 446 2662 477 2709; x_wconf 91' lang='lat' dir='ltr'><strong>tu</strong></span> <span class='ocrx_word' id='word_1_345' title='bbox 500 2655 666 2725; x_wconf 81' lang='lat' dir='ltr'><strong>peregrinus</strong></span> <span class='ocrx_word' id='word_1_346' title='bbox 678 2652 728 2710; x_wconf 82' lang='lat' dir='ltr'><strong>esi</strong></span> <span class='ocrx_word' id='word_1_347' title='bbox 744 2656 776 2711; x_wconf 90' lang='lat' dir='ltr'><strong>ln</strong></span> <span class='ocrx_word' id='word_1_348' title='bbox 817 2675 880 2712; x_wconf 90' lang='lat' dir='ltr'><strong>rum</strong></span> <span class='ocrx_word' id='word_1_349' title='bbox 887 2664 915 2711; x_wconf 88' lang='lat' dir='ltr'><strong>et</strong></span> <span class='ocrx_word' id='word_1_350' title='bbox 925 2655 1186 2730; x_wconf 87' lang='lat' dir='ltr'><strong>repromissionum!</strong></span> <span class='ocrx_word' id='word_1_351' title='bbox 1198 2656 1346 2711; x_wconf 83' lang='lat' dir='ltr'><strong>Contraria</strong></span> <span class='ocrx_word' id='word_1_352' title='bbox 1356 2654 1459 2728; x_wconf 90' lang='lat' dir='ltr'><strong>quippe</strong></span> <span class='ocrx_word' id='word_1_353' title='bbox 1468 2655 1616 2726; x_wconf 88' lang='lat' dir='ltr'><strong>repromis-</strong></span> 
     </span>
     <span class='ocr_line' id='line_1_28' title="bbox 99 2738 1616 2817; baseline -0.002 -18"><span class='ocrx_word' id='word_1_354' title='bbox 99 2745 176 2817; x_wconf 83' lang='lat' dir='ltr'><strong>iquit.</strong></span> <span class='ocrx_word' id='word_1_355' title='bbox 189 2738 310 2798; x_wconf 86' lang='lat' dir='ltr'><strong>Proinde</strong></span> <span class='ocrx_word' id='word_1_356' title='bbox 320 2743 405 2797; x_wconf 90' lang='lat' dir='ltr'><strong>etiam</strong></span> <span class='ocrx_word' id='word_1_357' title='bbox 423 2742 462 2796; x_wconf 92' lang='lat' dir='ltr'><strong>illi</strong></span> <span class='ocrx_word' id='word_1_358' title='bbox 476 2743 504 2797; x_wconf 95' lang='lat' dir='ltr'><strong>in</strong></span> <span class='ocrx_word' id='word_1_359' title='bbox 530 2749 615 2797; x_wconf 87' lang='lat' dir='ltr'><strong>terra.</strong></span> <span class='ocrx_word' id='word_1_360' title='bbox 633 2744 711 2798; x_wconf 89' lang='lat' dir='ltr'><strong>Sicut</strong></span> <span class='ocrx_word' id='word_1_361' title='bbox 724 2744 774 2812; x_wconf 90' lang='lat' dir='ltr'><strong>illi,</strong></span> <span class='ocrx_word' id='word_1_362' title='bbox 817 2744 942 2801; x_wconf 89' lang='lat' dir='ltr'><strong>sionibus</strong></span> <span class='ocrx_word' id='word_1_363' title='bbox 965 2740 1123 2817; x_wconf 86' lang='lat' dir='ltr'><strong>imperabat</strong></span> <span class='ocrx_word' id='word_1_364' title='bbox 1135 2765 1141 2812; x_wconf 89' lang='lat'>;</span> <span class='ocrx_word' id='word_1_365' title='bbox 1166 2752 1194 2800; x_wconf 90' lang='lat' dir='ltr'><strong>et</strong></span> <span class='ocrx_word' id='word_1_366' title='bbox 1207 2762 1298 2816; x_wconf 88' lang='lat' dir='ltr'><strong>neque</strong></span> <span class='ocrx_word' id='word_1_367' title='bbox 1311 2745 1352 2799; x_wconf 87' lang='lat' dir='ltr'><strong>sic</strong></span> <span class='ocrx_word' id='word_1_368' title='bbox 1365 2741 1510 2817; x_wconf 86' lang='lat' dir='ltr'><strong>obstupuit</strong></span> <span class='ocrx_word' id='word_1_369' title='bbox 1521 2745 1616 2814; x_wconf 89' lang='lat' dir='ltr'><strong>justus</strong></span> 
     </span>
     <span class='ocr_line' id='line_1_29' title="bbox 99 2829 1617 2907; baseline -0.002 -18"><span class='ocrx_word' id='word_1_370' title='bbox 99 2832 225 2889; x_wconf 86' lang='lat' dir='ltr'><strong>dcetiam</strong></span> <span class='ocrx_word' id='word_1_371' title='bbox 233 2849 294 2902; x_wconf 70' lang='lat' dir='ltr'><strong>ego·</strong></span> <span class='ocrx_word' id='word_1_372' title='bbox 306 2830 383 2887; x_wconf 90' lang='lat' dir='ltr'><strong>Sicut</strong></span> <span class='ocrx_word' id='word_1_373' title='bbox 399 2831 451 2885; x_wconf 88' lang='lat' dir='ltr'><strong>iste</strong></span> <span class='ocrx_word' id='word_1_374' title='bbox 466 2849 542 2902; x_wconf 83' lang='lat' dir='ltr'><strong>ergo,</strong></span> <span class='ocrx_word' id='word_1_375' title='bbox 559 2832 599 2886; x_wconf 90' lang='lat' dir='ltr'><strong>sic</strong></span> <span class='ocrx_word' id='word_1_376' title='bbox 614 2832 701 2886; x_wconf 88' lang='lat' dir='ltr'><strong>etiam</strong></span> <span class='ocrx_word' id='word_1_377' title='bbox 723 2830 773 2900; x_wconf 93' lang='lat' dir='ltr'><strong>illi,</strong></span> <span class='ocrx_word' id='word_1_378' title='bbox 816 2834 873 2902; x_wconf 89' lang='lat' dir='ltr'><strong>ille,</strong></span> <span class='ocrx_word' id='word_1_379' title='bbox 888 2837 917 2889; x_wconf 88' lang='lat' dir='ltr'><strong>et</strong></span> <span class='ocrx_word' id='word_1_380' title='bbox 930 2846 1020 2907; x_wconf 91' lang='lat' dir='ltr'><strong>neque</strong></span> <span class='ocrx_word' id='word_1_381' title='bbox 1034 2852 1064 2890; x_wconf 92' lang='lat' dir='ltr'><strong>se</strong></span> <span class='ocrx_word' id='word_1_382' title='bbox 1079 2835 1227 2905; x_wconf 90' lang='lat' dir='ltr'><strong>deceptum</strong></span> <span class='ocrx_word' id='word_1_383' title='bbox 1241 2833 1360 2888; x_wconf 89' lang='lat' dir='ltr'><strong>dicebat.</strong></span> <span class='ocrx_word' id='word_1_384' title='bbox 1369 2829 1617 2904; x_wconf 76' lang='lat' dir='ltr'><strong>contrariarepro·</strong></span> 
     </span>
     <span class='ocr_line' id='line_1_30' title="bbox 99 2917 1614 2993; baseline -0.002 -16"><span class='ocrx_word' id='word_1_385' title='bbox 99 2938 139 2977; x_wconf 78' lang='lat' dir='ltr'><strong>rur</strong></span> <span class='ocrx_word' id='word_1_386' title='bbox 152 2920 249 2992; x_wconf 88' lang='lat' dir='ltr'><strong>itaque</strong></span> <span class='ocrx_word' id='word_1_387' title='bbox 260 2919 404 2975; x_wconf 88' lang='lat' dir='ltr'><strong>etiamnos</strong></span> <span class='ocrx_word' id='word_1_388' title='bbox 413 2921 563 2991; x_wconf 87' lang='lat' dir='ltr'><strong>peregrini,</strong></span> <span class='ocrx_word' id='word_1_389' title='bbox 576 2939 611 2976; x_wconf 90' lang='lat' dir='ltr'><strong>ne</strong></span> <span class='ocrx_word' id='word_1_390' title='bbox 622 2918 776 2976; x_wconf 83' lang='lat' dir='ltr'><strong>confunda·</strong></span> <span class='ocrx_word' id='word_1_391' title='bbox 817 2923 982 2979; x_wconf 88' lang='lat' dir='ltr'><strong>missionum</strong></span> <span class='ocrx_word' id='word_1_392' title='bbox 997 2920 1130 2978; x_wconf 86' lang='lat' dir='ltr'><strong>audiebat</strong></span> <span class='ocrx_word' id='word_1_393' title='bbox 1144 2923 1179 2977; x_wconf 89' lang='lat' dir='ltr'><strong>ab</strong></span> <span class='ocrx_word' id='word_1_394' title='bbox 1194 2923 1292 2977; x_wconf 90' lang='lat' dir='ltr'><strong>codem</strong></span> <span class='ocrx_word' id='word_1_395' title='bbox 1310 2923 1370 2993; x_wconf 88' lang='lat' dir='ltr'><strong>ipso</strong></span> <span class='ocrx_word' id='word_1_396' title='bbox 1384 2923 1432 2993; x_wconf 90' lang='lat' dir='ltr'><strong>qui</strong></span> <span class='ocrx_word' id='word_1_397' title='bbox 1446 2920 1495 2975; x_wconf 89' lang='lat' dir='ltr'><strong>ilia</strong></span> <span class='ocrx_word' id='word_1_398' title='bbox 1509 2917 1614 2993; x_wconf 91' lang='lat' dir='ltr'><strong>promi-</strong></span> 
     </span>
     <span class='ocr_line' id='line_1_31' title="bbox 99 3003 1616 3082; baseline -0.001 -17"><span class='ocrx_word' id='word_1_399' title='bbox 99 3008 219 3065; x_wconf 82' lang='lat' dir='ltr'><strong>srocari</strong></span> <span class='ocrx_word' id='word_1_400' title='bbox 242 3003 317 3064; x_wconf 87' lang='lat' dir='ltr'><strong>Deus</strong></span> <span class='ocrx_word' id='word_1_401' title='bbox 341 3015 445 3064; x_wconf 86' lang='lat' dir='ltr'><strong>noster.</strong></span> <span class='ocrx_word' id='word_1_402' title='bbox 462 3006 594 3064; x_wconf 84' lang='lat' dir='ltr'><strong>Contusio</strong></span> <span class='ocrx_word' id='word_1_403' title='bbox 614 3010 717 3082; x_wconf 90' lang='lat' dir='ltr'><strong>quippe</strong></span> <span class='ocrx_word' id='word_1_404' title='bbox 736 3005 777 3064; x_wconf 92' lang='lat' dir='ltr'><strong>illi</strong></span> <span class='ocrx_word' id='word_1_405' title='bbox 818 3020 894 3072; x_wconf 87' lang='lat' dir='ltr'><strong>serat</strong></span> <span class='ocrx_word' id='word_1_406' title='bbox 908 3017 935 3067; x_wconf 89' lang='lat' dir='ltr'><strong>et</strong></span> <span class='ocrx_word' id='word_1_407' title='bbox 952 3030 1009 3067; x_wconf 91' lang='lat' dir='ltr'><strong>non</strong></span> <span class='ocrx_word' id='word_1_408' title='bbox 1022 3010 1198 3077; x_wconf 87' lang='lat' dir='ltr'><strong>turbabatur,</strong></span> <span class='ocrx_word' id='word_1_409' title='bbox 1216 3012 1265 3066; x_wconf 90' lang='lat' dir='ltr'><strong>sed</strong></span> <span class='ocrx_word' id='word_1_410' title='bbox 1280 3008 1366 3065; x_wconf 87' lang='lat' dir='ltr'><strong>veluti</strong></span> <span class='ocrx_word' id='word_1_411' title='bbox 1381 3008 1557 3064; x_wconf 87' lang='lat' dir='ltr'><strong>concinentia</strong></span> <span class='ocrx_word' id='word_1_412' title='bbox 1569 3025 1616 3080; x_wconf 73' lang='lat' dir='ltr'><strong>ge</strong></span> 
     </span>
     <span class='ocr_line' id='line_1_32' title="bbox 99 3094 1616 3170; baseline -0.001 -15"><span class='ocrx_word' id='word_1_413' title='bbox 99 3094 158 3155; x_wconf 82' lang='lat' dir='ltr'><strong>udo</strong></span> <span class='ocrx_word' id='word_1_414' title='bbox 173 3099 363 3168; x_wconf 79' lang='lat' dir='ltr'><strong>malignorum</strong></span> <span class='ocrx_word' id='word_1_415' title='bbox 378 3098 523 3152; x_wconf 89' lang='lat' dir='ltr'><strong>hominum</strong></span> <span class='ocrx_word' id='word_1_416' title='bbox 539 3105 661 3165; x_wconf 77' lang='lat' dir='ltr'><strong>vocatur,</strong></span> <span class='ocrx_word' id='word_1_417' title='bbox 673 3106 702 3153; x_wconf 92' lang='lat' dir='ltr'><strong>et</strong></span> <span class='ocrx_word' id='word_1_418' title='bbox 711 3116 778 3154; x_wconf 92' lang='lat' dir='ltr'><strong>con·</strong></span> <span class='ocrx_word' id='word_1_419' title='bbox 819 3098 898 3156; x_wconf 87' lang='lat' dir='ltr'><strong>rebat</strong></span> <span class='ocrx_word' id='word_1_420' title='bbox 914 3120 919 3154; x_wconf 77' lang='grc' dir='ltr'><strong>ε</strong></span> <span class='ocrx_word' id='word_1_421' title='bbox 937 3106 966 3156; x_wconf 85' lang='lat' dir='ltr'><strong>ot</strong></span> <span class='ocrx_word' id='word_1_422' title='bbox 980 3117 1075 3156; x_wconf 90' lang='lat' dir='ltr'><strong>revera</strong></span> <span class='ocrx_word' id='word_1_423' title='bbox 1088 3097 1264 3155; x_wconf 86' lang='lat' dir='ltr'><strong>concinentia</strong></span> <span class='ocrx_word' id='word_1_424' title='bbox 1278 3105 1372 3165; x_wconf 87' lang='lat' dir='ltr'><strong>erant;</strong></span> <span class='ocrx_word' id='word_1_425' title='bbox 1390 3099 1533 3154; x_wconf 87' lang='lat' dir='ltr'><strong>contraria</strong></span> <span class='ocrx_word' id='word_1_426' title='bbox 1554 3098 1616 3170; x_wconf 91' lang='lat' dir='ltr'><strong>qui-</strong></span> 
     </span>
     <span class='ocr_line' id='line_1_33' title="bbox 99 3183 1615 3260; baseline -0.001 -18"><span class='ocrx_word' id='word_1_427' title='bbox 99 3188 139 3245; x_wconf 83' lang='lat' dir='ltr'><strong>los</strong></span> <span class='ocrx_word' id='word_1_428' title='bbox 149 3188 236 3242; x_wconf 89' lang='lat' dir='ltr'><strong>etiam</strong></span> <span class='ocrx_word' id='word_1_429' title='bbox 252 3187 329 3259; x_wconf 91' lang='lat' dir='ltr'><strong>ipse:</strong></span> <span class='ocrx_word' id='word_1_430' title='bbox 347 3186 417 3249; x_wconf 88' lang='lat' dir='ltr'><strong>sicut</strong></span> <span class='ocrx_word' id='word_1_431' title='bbox 432 3194 460 3241; x_wconf 89' lang='lat' dir='ltr'><strong>et</strong></span> <span class='ocrx_word' id='word_1_432' title='bbox 472 3186 654 3258; x_wconf 84' lang='lat' dir='ltr'><strong>glorificatur,</strong></span> <span class='ocrx_word' id='word_1_433' title='bbox 665 3190 777 3260; x_wconf 90' lang='lat' dir='ltr'><strong>quando</strong></span> <span class='ocrx_word' id='word_1_434' title='bbox 818 3191 882 3244; x_wconf 92' lang='lat' dir='ltr'><strong>dem</strong></span> <span class='ocrx_word' id='word_1_435' title='bbox 901 3188 1034 3245; x_wconf 90' lang='lat' dir='ltr'><strong>humanis</strong></span> <span class='ocrx_word' id='word_1_436' title='bbox 1054 3188 1314 3244; x_wconf 89' lang='lat' dir='ltr'><strong>ratiocinationibus</strong></span> <span class='ocrx_word' id='word_1_437' title='bbox 1332 3185 1507 3253; x_wconf 86' lang='lat' dir='ltr'><strong>videbantur,</strong></span> <span class='ocrx_word' id='word_1_438' title='bbox 1524 3183 1615 3242; x_wconf 89' lang='lat' dir='ltr'><strong>conci·</strong></span> 
     </span>
     <span class='ocr_line' id='line_1_34' title="bbox 99 3272 1616 3348; baseline -0.001 -16"><span class='ocrx_word' id='word_1_439' title='bbox 99 3292 163 3332; x_wconf 89' lang='lat' dir='ltr'><strong>rum</strong></span> <span class='ocrx_word' id='word_1_440' title='bbox 179 3283 208 3330; x_wconf 92' lang='lat' dir='ltr'><strong>et</strong></span> <span class='ocrx_word' id='word_1_441' title='bbox 222 3276 392 3347; x_wconf 91' lang='lat' dir='ltr'><strong>optimorum</strong></span> <span class='ocrx_word' id='word_1_442' title='bbox 412 3277 558 3330; x_wconf 92' lang='lat' dir='ltr'><strong>hominum</strong></span> <span class='ocrx_word' id='word_1_443' title='bbox 572 3285 685 3332; x_wconf 89' lang='lat' dir='ltr'><strong>vocatur</strong></span> <span class='ocrx_word' id='word_1_444' title='bbox 695 3283 724 3332; x_wconf 92' lang='lat' dir='ltr'><strong>et</strong></span> <span class='ocrx_word' id='word_1_445' title='bbox 733 3295 777 3331; x_wconf 91' lang='lat' dir='ltr'><strong>co·</strong></span> <span class='ocrx_word' id='word_1_446' title='bbox 819 3276 915 3333; x_wconf 89' lang='lat' dir='ltr'><strong>nentia</strong></span> <span class='ocrx_word' id='word_1_447' title='bbox 924 3296 988 3333; x_wconf 85' lang='lat' dir='ltr'><strong>vero</strong></span> <span class='ocrx_word' id='word_1_448' title='bbox 1000 3283 1080 3333; x_wconf 88' lang='lat' dir='ltr'><strong>erant</strong></span> <span class='ocrx_word' id='word_1_449' title='bbox 1089 3278 1164 3333; x_wconf 86' lang='lat' dir='ltr'><strong>fidei.</strong></span> <span class='ocrx_word' id='word_1_450' title='bbox 1175 3278 1246 3333; x_wconf 85' lang='lat' dir='ltr'><strong>Cum</strong></span> <span class='ocrx_word' id='word_1_451' title='bbox 1255 3278 1330 3331; x_wconf 89' lang='lat' dir='ltr'><strong>enim</strong></span> <span class='ocrx_word' id='word_1_452' title='bbox 1338 3277 1454 3331; x_wconf 88' lang='lat' dir='ltr'><strong>dixisset</strong></span> <span class='ocrx_word' id='word_1_453' title='bbox 1466 3272 1616 3348; x_wconf 86' lang='lat' dir='ltr'><strong>Apostolus</strong></span> 
     </span>
     <span class='ocr_line' id='line_1_35' title="bbox 108 3362 1617 3439; baseline -0.003 -18"><span class='ocrx_word' id='word_1_454' title='bbox 108 3365 253 3421; x_wconf 72' lang='lat' dir='ltr'><strong>virtutem.</strong></span> <span class='ocrx_word' id='word_1_455' title='bbox 266 3366 294 3420; x_wconf 91' lang='lat' dir='ltr'><strong>Si</strong></span> <span class='ocrx_word' id='word_1_456' title='bbox 310 3365 384 3419; x_wconf 90' lang='lat' dir='ltr'><strong>enim</strong></span> <span class='ocrx_word' id='word_1_457' title='bbox 400 3382 450 3419; x_wconf 92' lang='lat' dir='ltr'><strong>nos</strong></span> <span class='ocrx_word' id='word_1_458' title='bbox 470 3365 606 3419; x_wconf 87' lang='lat' dir='ltr'><strong>evitamus</strong></span> <span class='ocrx_word' id='word_1_459' title='bbox 620 3362 712 3420; x_wconf 88' lang='lat' dir='ltr'><strong>vocari</strong></span> <span class='ocrx_word' id='word_1_460' title='bbox 726 3366 776 3420; x_wconf 92' lang='lat' dir='ltr'><strong>do·</strong></span> <span class='ocrx_word' id='word_1_461' title='bbox 821 3388 832 3419; x_wconf 79' lang='grc' dir='ltr'>ι</span> <span class='ocrx_word' id='word_1_462' title='bbox 847 3365 1014 3422; x_wconf 87' lang='lat' dir='ltr'><strong>Existimans</strong></span> <span class='ocrx_word' id='word_1_463' title='bbox 1024 3365 1092 3439; x_wconf 94' lang='lat' dir='ltr'><strong>quid</strong></span> <span class='ocrx_word' id='word_1_464' title='bbox 1103 3371 1131 3421; x_wconf 92' lang='lat' dir='ltr'><strong>et</strong></span> <span class='ocrx_word' id='word_1_465' title='bbox 1140 3364 1281 3422; x_wconf 90' lang='lat' dir='ltr'><strong>amortuis</strong></span> <span class='ocrx_word' id='word_1_466' title='bbox 1293 3364 1459 3420; x_wconf 88' lang='lat' dir='ltr'><strong>resuscitare</strong></span> <span class='ocrx_word' id='word_1_467' title='bbox 1469 3366 1617 3437; x_wconf 88' lang='lat' dir='ltr'><strong>potensest</strong></span> 
     </span>
     <span class='ocr_line' id='line_1_36' title="bbox 99 3454 1615 3526; baseline -0.004 -15"><span class='ocrx_word' id='word_1_468' title='bbox 99 3455 200 3511; x_wconf 80' lang='lat' dir='ltr'><strong>tiorum</strong></span> <span class='ocrx_word' id='word_1_469' title='bbox 215 3471 368 3520; x_wconf 78' lang='lat' dir='ltr'><strong>seruorum,</strong></span> <span class='ocrx_word' id='word_1_470' title='bbox 386 3460 414 3508; x_wconf 88' lang='lat' dir='ltr'><strong>et</strong></span> <span class='ocrx_word' id='word_1_471' title='bbox 428 3455 614 3525; x_wconf 88' lang='lat' dir='ltr'><strong>relinquimus</strong></span> <span class='ocrx_word' id='word_1_472' title='bbox 628 3472 693 3522; x_wconf 88' lang='lat' dir='ltr'><strong>eos;</strong></span> <span class='ocrx_word' id='word_1_473' title='bbox 710 3461 739 3510; x_wconf 90' lang='lat' dir='ltr'><strong>et</strong></span> <span class='ocrx_word' id='word_1_474' title='bbox 753 3455 776 3510; x_wconf 89' lang='lat' dir='ltr'><strong>si</strong></span> <span class='ocrx_word' id='word_1_475' title='bbox 818 3456 923 3522; x_wconf 80' lang='lat' dir='ltr'><strong>Deus,r</strong></span> <span class='ocrx_word' id='word_1_476' title='bbox 937 3463 970 3511; x_wconf 91' lang='lat' dir='ltr'><strong>ut</strong></span> <span class='ocrx_word' id='word_1_477' title='bbox 979 3456 1140 3511; x_wconf 88' lang='lat' dir='ltr'><strong>ostenderet</strong></span> <span class='ocrx_word' id='word_1_478' title='bbox 1149 3472 1181 3509; x_wconf 89' lang='lat' dir='ltr'><strong>ex</strong></span> <span class='ocrx_word' id='word_1_479' title='bbox 1188 3455 1285 3510; x_wconf 87' lang='lat' dir='ltr'><strong>eadem</strong></span> <span class='ocrx_word' id='word_1_480' title='bbox 1296 3454 1358 3526; x_wconf 90' lang='lat' dir='ltr'><strong>ipsa</strong></span> <span class='ocrx_word' id='word_1_481' title='bbox 1366 3455 1429 3519; x_wconf 89' lang='lat' dir='ltr'><strong>lide,</strong></span> <span class='ocrx_word' id='word_1_482' title='bbox 1447 3471 1478 3506; x_wconf 91' lang='lat' dir='ltr'><strong>ex</strong></span> <span class='ocrx_word' id='word_1_483' title='bbox 1490 3470 1546 3524; x_wconf 86' lang='lat' dir='ltr'><strong>qua</strong></span> <span class='ocrx_word' id='word_1_484' title='bbox 1554 3464 1615 3506; x_wconf 87' lang='lat' dir='ltr'><strong>cre·</strong></span> 
     </span>
     <span class='ocr_line' id='line_1_37' title="bbox 99 3539 1616 3615; baseline -0.003 -16"><span class='ocrx_word' id='word_1_485' title='bbox 99 3544 189 3599; x_wconf 85' lang='lat' dir='ltr'><strong>allans</strong></span> <span class='ocrx_word' id='word_1_486' title='bbox 208 3544 309 3614; x_wconf 89' lang='lat' dir='ltr'><strong>aliquis</strong></span> <span class='ocrx_word' id='word_1_487' title='bbox 330 3544 414 3608; x_wconf 86' lang='lat' dir='ltr'><strong>dicat,</strong></span> <span class='ocrx_word' id='word_1_488' title='bbox 433 3544 498 3613; x_wconf 87' lang='lat' dir='ltr'><strong>quia</strong></span> <span class='ocrx_word' id='word_1_489' title='bbox 513 3544 560 3597; x_wconf 86' lang='lat' dir='ltr'><strong>ille</strong></span> <span class='ocrx_word' id='word_1_490' title='bbox 585 3545 674 3597; x_wconf 89' lang='lat' dir='ltr'><strong>multa</strong></span> <span class='ocrx_word' id='word_1_491' title='bbox 702 3542 778 3598; x_wconf 86' lang='lat' dir='ltr'><strong>mala</strong></span> <span class='ocrx_word' id='word_1_492' title='bbox 817 3543 928 3598; x_wconf 79' lang='lat' dir='ltr'><strong>diderat</strong></span> <span class='ocrx_word' id='word_1_493' title='bbox 942 3544 1074 3615; x_wconf 82' lang='lat' dir='ltr'><strong>quoniam</strong></span> <span class='ocrx_word' id='word_1_494' title='bbox 1090 3561 1146 3599; x_wconf 90' lang='lat' dir='ltr'><strong>non</strong></span> <span class='ocrx_word' id='word_1_495' title='bbox 1161 3548 1316 3597; x_wconf 85' lang='lat' dir='ltr'><strong>exstantem</strong></span> <span class='ocrx_word' id='word_1_496' title='bbox 1332 3541 1357 3597; x_wconf 88' lang='lat' dir='ltr'><strong>ei</strong></span> <span class='ocrx_word' id='word_1_497' title='bbox 1372 3542 1499 3608; x_wconf 87' lang='lat' dir='ltr'><strong>donaret,</strong></span> <span class='ocrx_word' id='word_1_498' title='bbox 1516 3558 1548 3594; x_wconf 88' lang='lat' dir='ltr'><strong>ex</strong></span> <span class='ocrx_word' id='word_1_499' title='bbox 1563 3539 1616 3595; x_wconf 88' lang='lat' dir='ltr'><strong>hac</strong></span> 
     </span>
     <span class='ocr_line' id='line_1_38' title="bbox 99 3631 1613 3703; baseline -0.003 -16"><span class='ocrx_word' id='word_1_500' title='bbox 99 3649 119 3700; x_wconf 89' lang='lat' dir='ltr'><strong>r,</strong></span> <span class='ocrx_word' id='word_1_501' title='bbox 135 3649 206 3688; x_wconf 88' lang='lat' dir='ltr'><strong>num</strong></span> <span class='ocrx_word' id='word_1_502' title='bbox 220 3640 287 3687; x_wconf 90' lang='lat' dir='ltr'><strong>tuus</strong></span> <span class='ocrx_word' id='word_1_503' title='bbox 303 3649 399 3686; x_wconf 83' lang='lat' dir='ltr'><strong>servus</strong></span> <span class='ocrx_word' id='word_1_504' title='bbox 420 3632 484 3685; x_wconf 84' lang='lat' dir='ltr'><strong>est?</strong></span> <span class='ocrx_word' id='word_1_505' title='bbox 503 3649 605 3686; x_wconf 90' lang='lat' dir='ltr'><strong>nonne</strong></span> <span class='ocrx_word' id='word_1_506' title='bbox 630 3632 776 3687; x_wconf 84' lang='lat' dir='ltr'><strong>confestim</strong></span> <span class='ocrx_word' id='word_1_507' title='bbox 818 3631 902 3687; x_wconf 90' lang='lat' dir='ltr'><strong>etiam</strong></span> <span class='ocrx_word' id='word_1_508' title='bbox 918 3632 1031 3687; x_wconf 91' lang='lat' dir='ltr'><strong>credere</strong></span> <span class='ocrx_word' id='word_1_509' title='bbox 1046 3632 1120 3703; x_wconf 92' lang='lat' dir='ltr'><strong>quod</strong></span> <span class='ocrx_word' id='word_1_510' title='bbox 1135 3637 1164 3685; x_wconf 89' lang='lat' dir='ltr'><strong>et</strong></span> <span class='ocrx_word' id='word_1_511' title='bbox 1183 3638 1326 3686; x_wconf 88' lang='lat' dir='ltr'><strong>mortuum</strong></span> <span class='ocrx_word' id='word_1_512' title='bbox 1353 3634 1447 3702; x_wconf 88' lang='lat' dir='ltr'><strong>posset</strong></span> <span class='ocrx_word' id='word_1_513' title='bbox 1468 3631 1613 3696; x_wconf 87' lang='lat' dir='ltr'><strong>suscitare,</strong></span> 
     </span>
     <span class='ocr_line' id='line_1_39' title="bbox 110 3715 1614 3794; baseline -0.003 -18"><span class='ocrx_word' id='word_1_514' title='bbox 110 3721 179 3794; x_wconf 87' lang='lat' dir='ltr'><strong>quia</strong></span> <span class='ocrx_word' id='word_1_515' title='bbox 193 3737 381 3793; x_wconf 89' lang='lat' dir='ltr'><strong>nequaquam,</strong></span> <span class='ocrx_word' id='word_1_516' title='bbox 396 3715 564 3792; x_wconf 87' lang='lat' dir='ltr'><strong>repellentes</strong></span> <span class='ocrx_word' id='word_1_517' title='bbox 578 3720 776 3793; x_wconf 80' lang='lat' dir='ltr'><strong>opprobrium?</strong></span> <span class='ocrx_word' id='word_1_518' title='bbox 817 3719 928 3793; x_wconf 87' lang='lat' dir='ltr'><strong>adjecit.</strong></span> <span class='ocrx_word' id='word_1_519' title='bbox 941 3720 1012 3786; x_wconf 86' lang='lat' dir='ltr'><strong>Quia</strong></span> <span class='ocrx_word' id='word_1_520' title='bbox 1027 3721 1125 3775; x_wconf 89' lang='lat' dir='ltr'><strong>eadem</strong></span> <span class='ocrx_word' id='word_1_521' title='bbox 1140 3721 1201 3792; x_wconf 89' lang='lat' dir='ltr'><strong>ipsa</strong></span> <span class='ocrx_word' id='word_1_522' title='bbox 1216 3720 1269 3773; x_wconf 90' lang='lat' dir='ltr'><strong>lide</strong></span> <span class='ocrx_word' id='word_1_523' title='bbox 1284 3717 1370 3774; x_wconf 88' lang='lat' dir='ltr'><strong>otiam</strong></span> <span class='ocrx_word' id='word_1_524' title='bbox 1385 3718 1506 3772; x_wconf 89' lang='lat' dir='ltr'><strong>occisum</strong></span> <span class='ocrx_word' id='word_1_525' title='bbox 1520 3733 1614 3772; x_wconf 89' lang='lat' dir='ltr'><strong>resus-</strong></span> 
     </span>
     <span class='ocr_line' id='line_1_40' title="bbox 99 3804 1617 3881; baseline -0.001 -16"><span class='ocrx_word' id='word_1_526' title='bbox 99 3811 205 3875; x_wconf 80' lang='lat' dir='ltr'><strong>oenim</strong></span> <span class='ocrx_word' id='word_1_527' title='bbox 221 3816 264 3864; x_wconf 92' lang='lat' dir='ltr'><strong>est</strong></span> <span class='ocrx_word' id='word_1_528' title='bbox 277 3810 404 3881; x_wconf 77' lang='lat' dir='ltr'><strong>quaedam</strong></span> <span class='ocrx_word' id='word_1_529' title='bbox 418 3827 497 3864; x_wconf 86' lang='lat' dir='ltr'><strong>servo</strong></span> <span class='ocrx_word' id='word_1_530' title='bbox 519 3811 553 3864; x_wconf 89' lang='lat' dir='ltr'><strong>ad</strong></span> <span class='ocrx_word' id='word_1_531' title='bbox 577 3809 732 3876; x_wconf 86' lang='lat' dir='ltr'><strong>dominum,</strong></span> <span class='ocrx_word' id='word_1_532' title='bbox 749 3817 778 3865; x_wconf 91' lang='lat' dir='ltr'><strong>et</strong></span> <span class='ocrx_word' id='word_1_533' title='bbox 818 3810 899 3865; x_wconf 89' lang='lat' dir='ltr'><strong>citari</strong></span> <span class='ocrx_word' id='word_1_534' title='bbox 909 3805 1289 3881; x_wconf 85' lang='lat' dir='ltr'><strong>credidit.Similiterquippe</strong></span> <span class='ocrx_word' id='word_1_535' title='bbox 1300 3804 1617 3863; x_wconf 83' lang='lat' dir='ltr'><strong>dubiumerathumane</strong></span> 
     </span>
     <span class='ocr_line' id='line_1_41' title="bbox 99 3892 1617 3976; baseline -0.003 -22"><span class='ocrx_word' id='word_1_536' title='bbox 99 3900 295 3971; x_wconf 61' lang='lat' dir='ltr'><strong>&#39;gnominia-ab</strong></span> <span class='ocrx_word' id='word_1_537' title='bbox 304 3900 352 3954; x_wconf 94' lang='lat' dir='ltr'><strong>illo</strong></span> <span class='ocrx_word' id='word_1_538' title='bbox 362 3900 527 3953; x_wconf 77' lang='lat' dir='ltr'><strong>edilium...</strong></span> <span class='ocrx_word' id='word_1_539' title='bbox 541 3896 687 3954; x_wconf 91' lang='lat' dir='ltr'><strong>Sedilliita</strong></span> <span class='ocrx_word' id='word_1_540' title='bbox 697 3907 778 3955; x_wconf 78' lang='lat' dir='ltr'><strong>enrnt</strong></span> <span class='ocrx_word' id='word_1_541' title='bbox 819 3898 1036 3966; x_wconf 88' lang='lat' dir='ltr'><strong>ratiocinationi,</strong></span> <span class='ocrx_word' id='word_1_542' title='bbox 1050 3904 1083 3953; x_wconf 92' lang='lat' dir='ltr'><strong>ut</strong></span> <span class='ocrx_word' id='word_1_543' title='bbox 1093 3915 1126 3953; x_wconf 88' lang='lat' dir='ltr'><strong>ex</strong></span> <span class='ocrx_word' id='word_1_544' title='bbox 1140 3895 1222 3976; x_wconf 73' lang='lat' dir='ltr'><strong>rulvp</strong></span> <span class='ocrx_word' id='word_1_545' title='bbox 1236 3903 1348 3952; x_wconf 90' lang='lat' dir='ltr'><strong>mortua</strong></span> <span class='ocrx_word' id='word_1_546' title='bbox 1357 3903 1387 3952; x_wconf 90' lang='lat' dir='ltr'><strong>et</strong></span> <span class='ocrx_word' id='word_1_547' title='bbox 1396 3892 1477 3951; x_wconf 85' lang='lat' dir='ltr'><strong>senili</strong></span> <span class='ocrx_word' id='word_1_548' title='bbox 1487 3893 1617 3967; x_wconf 86' lang='lat' dir='ltr'><strong>etinepta</strong></span> 
     </span>
     <span class='ocr_line' id='line_1_42' title="bbox 99 3986 1618 4060; baseline -0.003 -16"><span class='ocrx_word' id='word_1_549' title='bbox 99 3989 289 4044; x_wconf 75' lang='lat' dir='ltr'><strong>sconsidentia</strong></span> <span class='ocrx_word' id='word_1_550' title='bbox 300 3989 384 4059; x_wconf 88' lang='lat' dir='ltr'><strong>pleni,</strong></span> <span class='ocrx_word' id='word_1_551' title='bbox 397 3995 428 4042; x_wconf 91' lang='lat' dir='ltr'><strong>ut</strong></span> <span class='ocrx_word' id='word_1_552' title='bbox 439 4006 495 4043; x_wconf 92' lang='lat' dir='ltr'><strong>non</strong></span> <span class='ocrx_word' id='word_1_553' title='bbox 505 3988 596 4042; x_wconf 88' lang='lat' dir='ltr'><strong>solum</strong></span> <span class='ocrx_word' id='word_1_554' title='bbox 603 4005 657 4043; x_wconf 93' lang='lat' dir='ltr'><strong>non</strong></span> <span class='ocrx_word' id='word_1_555' title='bbox 665 3989 778 4044; x_wconf 88' lang='lat' dir='ltr'><strong>confun·</strong></span> <span class='ocrx_word' id='word_1_556' title='bbox 817 3987 877 4060; x_wconf 88' lang='lat' dir='ltr'><strong>jam</strong></span> <span class='ocrx_word' id='word_1_557' title='bbox 890 3987 962 4044; x_wconf 82' lang='lat' dir='ltr'><strong>lacta</strong></span> <span class='ocrx_word' id='word_1_558' title='bbox 970 3987 1004 4042; x_wconf 88' lang='lat' dir='ltr'><strong>ad</strong></span> <span class='ocrx_word' id='word_1_559' title='bbox 1015 3988 1206 4059; x_wconf 81' lang='lat' dir='ltr'><strong>generandum</strong></span> <span class='ocrx_word' id='word_1_560' title='bbox 1214 3987 1437 4053; x_wconf 84' lang='lat' dir='ltr'><strong>donaretsrlium,</strong></span> <span class='ocrx_word' id='word_1_561' title='bbox 1448 3989 1477 4041; x_wconf 88' lang='lat' dir='ltr'><strong>et</strong></span> <span class='ocrx_word' id='word_1_562' title='bbox 1486 3986 1618 4040; x_wconf 87' lang='lat' dir='ltr'><strong>interem-</strong></span> 
     </span>
     <span class='ocr_line' id='line_1_43' title="bbox 99 4069 1617 4151; baseline -0.003 -19"><span class='ocrx_word' id='word_1_563' title='bbox 99 4093 176 4139; x_wconf 87' lang='lat' dir='ltr'><strong>.cum</strong></span> <span class='ocrx_word' id='word_1_564' title='bbox 187 4076 221 4132; x_wconf 89' lang='lat' dir='ltr'><strong>ab</strong></span> <span class='ocrx_word' id='word_1_565' title='bbox 233 4077 288 4131; x_wconf 90' lang='lat' dir='ltr'><strong>illis</strong></span> <span class='ocrx_word' id='word_1_566' title='bbox 297 4077 448 4131; x_wconf 81' lang='lat' dir='ltr'><strong>vocabatur</strong></span> <span class='ocrx_word' id='word_1_567' title='bbox 461 4079 545 4142; x_wconf 87' lang='lat' dir='ltr'><strong>Deus,</strong></span> <span class='ocrx_word' id='word_1_568' title='bbox 559 4078 704 4132; x_wconf 85' lang='lat' dir='ltr'><strong>sedetiam</strong></span> <span class='ocrx_word' id='word_1_569' title='bbox 718 4080 778 4151; x_wconf 86' lang='lat' dir='ltr'><strong>ipso</strong></span> <span class='ocrx_word' id='word_1_570' title='bbox 820 4084 899 4150; x_wconf 92' lang='lat' dir='ltr'><strong>ptum</strong></span> <span class='ocrx_word' id='word_1_571' title='bbox 912 4077 1014 4132; x_wconf 88' lang='lat' dir='ltr'><strong>iterum</strong></span> <span class='ocrx_word' id='word_1_572' title='bbox 1025 4077 1182 4130; x_wconf 85' lang='lat' dir='ltr'><strong>suscitaret.</strong></span> <span class='ocrx_word' id='word_1_573' title='bbox 1193 4076 1248 4130; x_wconf 87' lang='lat' dir='ltr'><strong>Sed</strong></span> <span class='ocrx_word' id='word_1_574' title='bbox 1257 4077 1312 4130; x_wconf 94' lang='lat' dir='ltr'><strong>dux</strong></span> <span class='ocrx_word' id='word_1_575' title='bbox 1329 4078 1358 4129; x_wconf 88' lang='lat' dir='ltr'><strong>ot</strong></span> <span class='ocrx_word' id='word_1_576' title='bbox 1369 4074 1470 4129; x_wconf 81' lang='lat' dir='ltr'><strong>viatrix</strong></span> <span class='ocrx_word' id='word_1_577' title='bbox 1480 4079 1524 4129; x_wconf 89' lang='lat' dir='ltr'><strong>est</strong></span> <span class='ocrx_word' id='word_1_578' title='bbox 1537 4069 1617 4141; x_wconf 87' lang='lat' dir='ltr'><strong>fides,</strong></span> 
     </span>
     <span class='ocr_line' id='line_1_44' title="bbox 99 4160 1617 4239; baseline -0.003 -18"><span class='ocrx_word' id='word_1_579' title='bbox 99 4164 252 4221; x_wconf 72' lang='lat' dir='ltr'><strong>adicebat:</strong></span> <span class='ocrx_word' id='word_1_580' title='bbox 281 4187 291 4215; x_wconf 79' lang='grc' dir='ltr'>ι</span> <span class='ocrx_word' id='word_1_581' title='bbox 319 4167 375 4235; x_wconf 83' lang='lat' dir='ltr'><strong>Ego</strong></span> <span class='ocrx_word' id='word_1_582' title='bbox 391 4183 452 4220; x_wconf 86' lang='lat' dir='ltr'><strong>sum</strong></span> <span class='ocrx_word' id='word_1_583' title='bbox 468 4167 543 4221; x_wconf 85' lang='lat' dir='ltr'><strong>Deus</strong></span> <span class='ocrx_word' id='word_1_584' title='bbox 557 4166 708 4233; x_wconf 82' lang='lat' dir='ltr'><strong>Abraham,</strong></span> <span class='ocrx_word' id='word_1_585' title='bbox 725 4174 776 4221; x_wconf 90' lang='lat' dir='ltr'><strong>etc.</strong></span> <span class='ocrx_word' id='word_1_586' title='bbox 820 4162 1027 4239; x_wconf 80' lang='lat' dir='ltr'><strong>praecedensad</strong></span> <span class='ocrx_word' id='word_1_587' title='bbox 1042 4162 1147 4220; x_wconf 85' lang='lat' dir='ltr'><strong>futura.</strong></span> <span class='ocrx_word' id='word_1_588' title='bbox 1166 4186 1176 4216; x_wconf 78' lang='grc' dir='ltr'>ι</span> <span class='ocrx_word' id='word_1_589' title='bbox 1195 4160 1272 4232; x_wconf 83' lang='lat' dir='ltr'><strong>Fide,</strong></span> <span class='ocrx_word' id='word_1_590' title='bbox 1289 4163 1390 4235; x_wconf 92' lang='lat' dir='ltr'><strong>inquit,</strong></span> <span class='ocrx_word' id='word_1_591' title='bbox 1407 4161 1509 4218; x_wconf 89' lang='lat' dir='ltr'><strong>obtulit</strong></span> <span class='ocrx_word' id='word_1_592' title='bbox 1529 4162 1617 4230; x_wconf 86' lang='lat' dir='ltr'><strong>isaac,</strong></span> 
     </span>
     <span class='ocr_line' id='line_1_45' title="bbox 103 4250 1621 4327; baseline -0.002 -18"><span class='ocrx_word' id='word_1_593' title='bbox 103 4258 137 4309; x_wconf 85' lang='lat' dir='ltr'><strong>in</strong></span> <span class='ocrx_word' id='word_1_594' title='bbox 153 4254 264 4322; x_wconf 68' lang='lat' dir='ltr'><strong>tollat.)</strong></span> <span class='ocrx_word' id='word_1_595' title='bbox 277 4256 307 4309; x_wconf 93' lang='lat' dir='ltr'><strong>ln</strong></span> <span class='ocrx_word' id='word_1_596' title='bbox 323 4255 473 4325; x_wconf 78' lang='lat' dir='ltr'><strong>Evangelio</strong></span> <span class='ocrx_word' id='word_1_597' title='bbox 488 4273 600 4327; x_wconf 91' lang='lat' dir='ltr'><strong>quoque</strong></span> <span class='ocrx_word' id='word_1_598' title='bbox 624 4256 778 4311; x_wconf 85' lang='lat' dir='ltr'><strong>evidentius</strong></span> <span class='ocrx_word' id='word_1_599' title='bbox 820 4273 884 4310; x_wconf 91' lang='lat' dir='ltr'><strong>cum</strong></span> <span class='ocrx_word' id='word_1_600' title='bbox 898 4258 1064 4310; x_wconf 83' lang='lat' dir='ltr'><strong>tentaretur.</strong></span> <span class='ocrx_word' id='word_1_601' title='bbox 1082 4252 1196 4308; x_wconf 79' lang='lat' dir='ltr'><strong>»Nulla</strong></span> <span class='ocrx_word' id='word_1_602' title='bbox 1216 4250 1319 4326; x_wconf 92' lang='lat' dir='ltr'><strong>quippe</strong></span> <span class='ocrx_word' id='word_1_603' title='bbox 1342 4254 1432 4307; x_wconf 89' lang='lat' dir='ltr'><strong>altera</strong></span> <span class='ocrx_word' id='word_1_604' title='bbox 1455 4269 1539 4307; x_wconf 84' lang='lat' dir='ltr'><strong>causa</strong></span> <span class='ocrx_word' id='word_1_605' title='bbox 1566 4251 1621 4306; x_wconf 85' lang='lat' dir='ltr'><strong>fuit</strong></span> 
     </span>
     <span class='ocr_line' id='line_1_46' title="bbox 99 4339 1618 4416; baseline -0.003 -18"><span class='ocrx_word' id='word_1_606' title='bbox 99 4360 118 4399; x_wconf 78' lang='lat' dir='ltr'><strong>is</strong></span> <span class='ocrx_word' id='word_1_607' title='bbox 128 4343 164 4397; x_wconf 87' lang='lat' dir='ltr'><strong>ad</strong></span> <span class='ocrx_word' id='word_1_608' title='bbox 176 4343 343 4397; x_wconf 78' lang='lat' dir='ltr'><strong>Sadducaeos</strong></span> <span class='ocrx_word' id='word_1_609' title='bbox 356 4362 361 4395; x_wconf 89' lang='lat'>:</span> <span class='ocrx_word' id='word_1_610' title='bbox 374 4367 386 4397; x_wconf 74' lang='grc' dir='ltr'>ι</span> <span class='ocrx_word' id='word_1_611' title='bbox 399 4346 423 4398; x_wconf 86' lang='lat' dir='ltr'>N</span> <span class='ocrx_word' id='word_1_612' title='bbox 426 4345 583 4414; x_wconf 81' lang='lat' dir='ltr'><strong>onlegistis,</strong></span> <span class='ocrx_word' id='word_1_613' title='bbox 598 4345 777 4416; x_wconf 89' lang='lat' dir='ltr'><strong>inquit,quod</strong></span> <span class='ocrx_word' id='word_1_614' title='bbox 820 4340 968 4399; x_wconf 86' lang='lat' dir='ltr'><strong>oblationis</strong></span> <span class='ocrx_word' id='word_1_615' title='bbox 983 4342 1069 4410; x_wconf 78' lang='lat' dir='ltr'><strong>illiue,</strong></span> <span class='ocrx_word' id='word_1_616' title='bbox 1081 4342 1135 4398; x_wconf 93' lang='lat' dir='ltr'><strong>nisi</strong></span> <span class='ocrx_word' id='word_1_617' title='bbox 1144 4341 1210 4398; x_wconf 80' lang='lat' dir='ltr'><strong>haec.</strong></span> <span class='ocrx_word' id='word_1_618' title='bbox 1223 4339 1329 4397; x_wconf 87' lang='lat' dir='ltr'><strong>Deinde</strong></span> <span class='ocrx_word' id='word_1_619' title='bbox 1337 4342 1618 4412; x_wconf 90' lang='lat' dir='ltr'><strong>exsequituromnem</strong></span> 
     </span>
     <span class='ocr_line' id='line_1_47' title="bbox 99 4402 1617 4503; baseline -0.004 -16"><span class='ocrx_word' id='word_1_620' title='bbox 99 4434 229 4487; x_wconf 79' lang='lat' dir='ltr'><strong>astaDco</strong></span> <span class='ocrx_word' id='word_1_621' title='bbox 238 4432 445 4487; x_wconf 85' lang='lat' dir='ltr'><strong>dicentevobis:</strong></span> <span class='ocrx_word' id='word_1_622' title='bbox 464 4434 521 4503; x_wconf 81' lang='lat' dir='ltr'><strong>Ego</strong></span> <span class='ocrx_word' id='word_1_623' title='bbox 532 4451 594 4487; x_wconf 89' lang='lat' dir='ltr'><strong>sum</strong></span> <span class='ocrx_word' id='word_1_624' title='bbox 604 4435 678 4488; x_wconf 93' lang='lat' dir='ltr'><strong>Deus</strong></span> <span class='ocrx_word' id='word_1_625' title='bbox 689 4402 944 4488; x_wconf 77' lang='lat' dir='ltr'><strong>Abra-Dsensum.</strong></span> <span class='ocrx_word' id='word_1_626' title='bbox 969 4432 1010 4487; x_wconf 85' lang='lat' dir='ltr'><strong>Ne</strong></span> <span class='ocrx_word' id='word_1_627' title='bbox 1033 4431 1109 4487; x_wconf 90' lang='lat' dir='ltr'><strong>enim</strong></span> <span class='ocrx_word' id='word_1_628' title='bbox 1138 4435 1233 4502; x_wconf 81' lang='lat' dir='ltr'><strong>posset</strong></span> <span class='ocrx_word' id='word_1_629' title='bbox 1264 4431 1410 4503; x_wconf 90' lang='lat' dir='ltr'><strong>quisquam</strong></span> <span class='ocrx_word' id='word_1_630' title='bbox 1435 4430 1527 4482; x_wconf 89' lang='lat' dir='ltr'><strong>dicere</strong></span> <span class='ocrx_word' id='word_1_631' title='bbox 1551 4428 1617 4499; x_wconf 93' lang='lat' dir='ltr'><strong>quia</strong></span> 
     </span>
     <span class='ocr_line' id='line_1_48' title="bbox 105 4512 1617 4593; baseline -0.005 -17"><span class='ocrx_word' id='word_1_632' title='bbox 105 4512 182 4576; x_wconf 83' lang='lat' dir='ltr'><strong>Deus</strong></span> <span class='ocrx_word' id='word_1_633' title='bbox 190 4522 277 4585; x_wconf 86' lang='lat' dir='ltr'><strong>isaac,</strong></span> <span class='ocrx_word' id='word_1_634' title='bbox 290 4527 318 4574; x_wconf 89' lang='lat' dir='ltr'><strong>et</strong></span> <span class='ocrx_word' id='word_1_635' title='bbox 325 4522 398 4575; x_wconf 90' lang='lat' dir='ltr'><strong>Deus</strong></span> <span class='ocrx_word' id='word_1_636' title='bbox 408 4522 502 4585; x_wconf 86' lang='lat' dir='ltr'><strong>Jacob,</strong></span> <span class='ocrx_word' id='word_1_637' title='bbox 516 4523 779 4593; x_wconf 79' lang='lat' dir='ltr'><strong>nonestDeusmqr-</strong></span> <span class='ocrx_word' id='word_1_638' title='bbox 820 4520 919 4577; x_wconf 87' lang='lat' dir='ltr'><strong>habuit</strong></span> <span class='ocrx_word' id='word_1_639' title='bbox 932 4518 1020 4577; x_wconf 87' lang='lat' dir='ltr'><strong>alium</strong></span> <span class='ocrx_word' id='word_1_640' title='bbox 1035 4522 1134 4587; x_wconf 78' lang='lat' dir='ltr'><strong>silium,</strong></span> <span class='ocrx_word' id='word_1_641' title='bbox 1151 4526 1179 4574; x_wconf 92' lang='lat' dir='ltr'><strong>et</strong></span> <span class='ocrx_word' id='word_1_642' title='bbox 1193 4537 1226 4573; x_wconf 88' lang='lat' dir='ltr'><strong>ex</strong></span> <span class='ocrx_word' id='word_1_643' title='bbox 1239 4517 1287 4574; x_wconf 93' lang='lat' dir='ltr'><strong>illo</strong></span> <span class='ocrx_word' id='word_1_644' title='bbox 1310 4518 1441 4590; x_wconf 87' lang='lat' dir='ltr'><strong>sperabat</strong></span> <span class='ocrx_word' id='word_1_645' title='bbox 1455 4512 1617 4589; x_wconf 88' lang='lat' dir='ltr'><strong>promissio-</strong></span> 
     </span>
     <span class='ocr_line' id='line_1_49' title="bbox 99 4603 1616 4683; baseline -0.003 -18"><span class='ocrx_word' id='word_1_646' title='bbox 99 4608 340 4675; x_wconf 79' lang='lat' dir='ltr'><strong>,sedvirentiumi</strong></span> <span class='ocrx_word' id='word_1_647' title='bbox 356 4610 570 4680; x_wconf 52' lang='lat' dir='ltr'><strong>(diuitiarum-</strong></span> <span class='ocrx_word' id='word_1_648' title='bbox 586 4613 690 4666; x_wconf 89' lang='lat' dir='ltr'><strong>Omnes</strong></span> <span class='ocrx_word' id='word_1_649' title='bbox 706 4613 780 4666; x_wconf 89' lang='lat' dir='ltr'><strong>enim</strong></span> <span class='ocrx_word' id='word_1_650' title='bbox 821 4628 886 4665; x_wconf 87' lang='lat' dir='ltr'><strong>nem</strong></span> <span class='ocrx_word' id='word_1_651' title='bbox 899 4608 1021 4683; x_wconf 89' lang='lat' dir='ltr'><strong>impleri,</strong></span> <span class='ocrx_word' id='word_1_652' title='bbox 1038 4616 1066 4664; x_wconf 91' lang='lat' dir='ltr'><strong>et</strong></span> <span class='ocrx_word' id='word_1_653' title='bbox 1079 4615 1229 4682; x_wconf 88' lang='lat' dir='ltr'><strong>propterea</strong></span> <span class='ocrx_word' id='word_1_654' title='bbox 1244 4607 1385 4662; x_wconf 79' lang='lat' dir='ltr'><strong>conlidens</strong></span> <span class='ocrx_word' id='word_1_655' title='bbox 1395 4605 1481 4660; x_wconf 91' lang='lat' dir='ltr'><strong>istum</strong></span> <span class='ocrx_word' id='word_1_656' title='bbox 1498 4603 1616 4660; x_wconf 91' lang='lat' dir='ltr'><strong>obtulit:</strong></span> 
     </span>
     <span class='ocr_line' id='line_1_50' title="bbox 99 4690 1621 4772; baseline -0.003 -18"><span class='ocrx_word' id='word_1_657' title='bbox 99 4704 145 4765; x_wconf 82' lang='lat' dir='ltr'><strong>ut,</strong></span> <span class='ocrx_word' id='word_1_658' title='bbox 159 4699 194 4753; x_wconf 89' lang='lat' dir='ltr'><strong>de</strong></span> <span class='ocrx_word' id='word_1_659' title='bbox 206 4698 308 4769; x_wconf 88' lang='lat' dir='ltr'><strong>quibus</strong></span> <span class='ocrx_word' id='word_1_660' title='bbox 320 4704 348 4751; x_wconf 93' lang='lat' dir='ltr'><strong>et</strong></span> <span class='ocrx_word' id='word_1_661' title='bbox 359 4700 519 4769; x_wconf 82' lang='lat' dir='ltr'><strong>Apostolus,</strong></span> <span class='ocrx_word' id='word_1_662' title='bbox 540 4720 550 4750; x_wconf 81' lang='lat' dir='ltr'><strong>r</strong></span> <span class='ocrx_word' id='word_1_663' title='bbox 564 4706 679 4771; x_wconf 90' lang='lat' dir='ltr'><strong>propter</strong></span> <span class='ocrx_word' id='word_1_664' title='bbox 694 4701 778 4772; x_wconf 88' lang='lat' dir='ltr'><strong>quod,</strong></span> <span class='ocrx_word' id='word_1_665' title='bbox 823 4698 937 4754; x_wconf 71' lang='lat' dir='ltr'><strong>«Etiam</strong></span> <span class='ocrx_word' id='word_1_666' title='bbox 946 4699 1131 4769; x_wconf 79' lang='lat' dir='ltr'><strong>unigenitum,</strong></span> <span class='ocrx_word' id='word_1_667' title='bbox 1142 4695 1243 4768; x_wconf 87' lang='lat' dir='ltr'><strong>inquit,</strong></span> <span class='ocrx_word' id='word_1_668' title='bbox 1255 4694 1399 4760; x_wconf 87' lang='lat' dir='ltr'><strong>oilerebat,</strong></span> <span class='ocrx_word' id='word_1_669' title='bbox 1412 4696 1460 4768; x_wconf 95' lang='lat' dir='ltr'><strong>qui</strong></span> <span class='ocrx_word' id='word_1_670' title='bbox 1472 4690 1621 4767; x_wconf 88' lang='lat' dir='ltr'><strong>repromis-</strong></span> 
     </span>
     <span class='ocr_line' id='line_1_51' title="bbox 99 4781 1621 4860; baseline -0.004 -17"><span class='ocrx_word' id='word_1_671' title='bbox 99 4788 346 4843; x_wconf 85' lang='lat' dir='ltr'><strong>nonconlundetur</strong></span> <span class='ocrx_word' id='word_1_672' title='bbox 355 4788 429 4842; x_wconf 84' lang='lat' dir='ltr'><strong>Deus</strong></span> <span class='ocrx_word' id='word_1_673' title='bbox 440 4789 611 4843; x_wconf 83' lang='lat' dir='ltr'><strong>vocariDeus</strong></span> <span class='ocrx_word' id='word_1_674' title='bbox 619 4806 780 4860; x_wconf 89' lang='lat' dir='ltr'><strong>eorum‚pa·</strong></span> <span class='ocrx_word' id='word_1_675' title='bbox 822 4781 1621 4860; x_wconf 77' lang='lat' dir='ltr'><strong>sionesacceperat.»Quiddicisunigenitumiquidllsmael</strong></span> 
     </span>
     <span class='ocr_line' id='line_1_52' title="bbox 99 4869 1620 4948; baseline -0.003 -17"><span class='ocrx_word' id='word_1_676' title='bbox 99 4874 144 4931; x_wconf 80' lang='lat' dir='ltr'><strong>rim</strong></span> <span class='ocrx_word' id='word_1_677' title='bbox 157 4876 214 4931; x_wconf 88' lang='lat' dir='ltr'><strong>illis</strong></span> <span class='ocrx_word' id='word_1_678' title='bbox 227 4876 378 4930; x_wconf 79' lang='lat' dir='ltr'><strong>civitatem.</strong></span> <span class='ocrx_word' id='word_1_679' title='bbox 392 4896 404 4928; x_wconf 78' lang='lat' dir='ltr'><strong>x</strong></span> <span class='ocrx_word' id='word_1_680' title='bbox 418 4877 490 4931; x_wconf 90' lang='lat' dir='ltr'><strong>Nam</strong></span> <span class='ocrx_word' id='word_1_681' title='bbox 500 4878 567 4948; x_wconf 89' lang='lat' dir='ltr'><strong>quia</strong></span> <span class='ocrx_word' id='word_1_682' title='bbox 577 4895 626 4932; x_wconf 89' lang='lat' dir='ltr'><strong>nec</strong></span> <span class='ocrx_word' id='word_1_683' title='bbox 635 4878 716 4932; x_wconf 85' lang='lat' dir='ltr'><strong>otiosi</strong></span> <span class='ocrx_word' id='word_1_684' title='bbox 725 4878 782 4932; x_wconf 89' lang='lat' dir='ltr'><strong>sint</strong></span> <span class='ocrx_word' id='word_1_685' title='bbox 822 4869 1620 4946; x_wconf 79' lang='lat' dir='ltr'><strong>exquoeratiUnigenitum,inquit,dico,quantumattinet</strong></span> 
     </span>
     <span class='ocr_line' id='line_1_53' title="bbox 99 4957 1621 5038; baseline -0.004 -18"><span class='ocrx_word' id='word_1_686' title='bbox 99 4965 266 5020; x_wconf 70' lang='lat' dir='ltr'><strong>arationem</strong></span> <span class='ocrx_word' id='word_1_687' title='bbox 282 4966 365 5035; x_wconf 90' lang='lat' dir='ltr'><strong>hujus</strong></span> <span class='ocrx_word' id='word_1_688' title='bbox 381 4967 514 5037; x_wconf 91' lang='lat' dir='ltr'><strong>corporis,</strong></span> <span class='ocrx_word' id='word_1_689' title='bbox 529 4983 619 5038; x_wconf 89' lang='lat' dir='ltr'><strong>neque</strong></span> <span class='ocrx_word' id='word_1_690' title='bbox 635 4968 705 5021; x_wconf 91' lang='lat' dir='ltr'><strong>nihil</strong></span> <span class='ocrx_word' id='word_1_691' title='bbox 721 4985 782 5021; x_wconf 89' lang='lat' dir='ltr'><strong>sen·</strong></span> <span class='ocrx_word' id='word_1_692' title='bbox 823 4966 858 5020; x_wconf 90' lang='lat' dir='ltr'><strong>ad</strong></span> <span class='ocrx_word' id='word_1_693' title='bbox 870 4963 1007 5019; x_wconf 90' lang='lat' dir='ltr'><strong>rationem</strong></span> <span class='ocrx_word' id='word_1_694' title='bbox 1018 4963 1253 5037; x_wconf 84' lang='lat' dir='ltr'><strong>repromissionis.</strong></span> <span class='ocrx_word' id='word_1_695' title='bbox 1265 4961 1418 5034; x_wconf 89' lang='lat' dir='ltr'><strong>Propterea</strong></span> <span class='ocrx_word' id='word_1_696' title='bbox 1427 4979 1490 5017; x_wconf 93' lang='lat' dir='ltr'><strong>cum</strong></span> <span class='ocrx_word' id='word_1_697' title='bbox 1504 4957 1621 5017; x_wconf 88' lang='lat' dir='ltr'><strong>dixisset</strong></span> 
     </span>
    </p>
   </div>
   <div class='ocr_carea' id='block_1_5' title="bbox 99 5047 1623 5662">
    <p class='ocr_par' dir='ltr' id='par_1_6' title="bbox 99 5047 1623 5662">
     <span class='ocr_line' id='line_1_54' title="bbox 99 5047 1619 5126; baseline -0.003 -19"><span class='ocrx_word' id='word_1_698' title='bbox 99 5054 158 5109; x_wconf 80' lang='lat' dir='ltr'><strong>iam</strong></span> <span class='ocrx_word' id='word_1_699' title='bbox 165 5054 307 5124; x_wconf 79' lang='lat' dir='ltr'><strong>Evangelii</strong></span> <span class='ocrx_word' id='word_1_700' title='bbox 314 5055 527 5125; x_wconf 74' lang='lat' dir='ltr'><strong>parabolailac.</strong></span> <span class='ocrx_word' id='word_1_701' title='bbox 535 5058 601 5123; x_wconf 77' lang='lat' dir='ltr'><strong>xxx),</strong></span> <span class='ocrx_word' id='word_1_702' title='bbox 615 5056 720 5126; x_wconf 83' lang='lat' dir='ltr'><strong>quaeda</strong></span> <span class='ocrx_word' id='word_1_703' title='bbox 735 5055 782 5109; x_wconf 94' lang='lat' dir='ltr'><strong>illo</strong></span> <span class='ocrx_word' id='word_1_704' title='bbox 826 5052 1157 5124; x_wconf 63' lang='lat' dir='ltr'><strong>«unigenitummddidit,</strong></span> <span class='ocrx_word' id='word_1_705' title='bbox 1168 5052 1275 5120; x_wconf 83' lang='lat' dir='ltr'><strong>«isaac,</strong></span> <span class='ocrx_word' id='word_1_706' title='bbox 1286 5050 1395 5106; x_wconf 74' lang='lat' dir='ltr'><strong>nrolens</strong></span> <span class='ocrx_word' id='word_1_707' title='bbox 1401 5047 1548 5106; x_wconf 90' lang='lat' dir='ltr'><strong>ostendere</strong></span> <span class='ocrx_word' id='word_1_708' title='bbox 1554 5063 1619 5121; x_wconf 88' lang='lat' dir='ltr'><strong>pro·</strong></span> 
     </span>
     <span class='ocr_line' id='line_1_55' title="bbox 99 5139 1623 5216; baseline -0.002 -20"><span class='ocrx_word' id='word_1_709' title='bbox 99 5142 222 5198; x_wconf 73' lang='lat' dir='ltr'><strong>rLazaro</strong></span> <span class='ocrx_word' id='word_1_710' title='bbox 238 5149 265 5197; x_wconf 90' lang='lat' dir='ltr'><strong>et</strong></span> <span class='ocrx_word' id='word_1_711' title='bbox 280 5141 364 5197; x_wconf 84' lang='lat' dir='ltr'><strong>divite</strong></span> <span class='ocrx_word' id='word_1_712' title='bbox 379 5151 533 5214; x_wconf 87' lang='lat' dir='ltr'><strong>purpurato</strong></span> <span class='ocrx_word' id='word_1_713' title='bbox 542 5144 683 5216; x_wconf 84' lang='lat' dir='ltr'><strong>profertur</strong></span> <span class='ocrx_word' id='word_1_714' title='bbox 693 5152 784 5199; x_wconf 89' lang='lat' dir='ltr'><strong>osten·</strong></span> <span class='ocrx_word' id='word_1_715' title='bbox 825 5151 922 5215; x_wconf 91' lang='lat' dir='ltr'><strong>pterea</strong></span> <span class='ocrx_word' id='word_1_716' title='bbox 932 5141 1185 5215; x_wconf 84' lang='lat' dir='ltr'><strong>unigenitumesse,</strong></span> <span class='ocrx_word' id='word_1_717' title='bbox 1195 5161 1207 5195; x_wconf 82' lang='lat' dir='ltr'><strong>c</strong></span> <span class='ocrx_word' id='word_1_718' title='bbox 1219 5142 1255 5196; x_wconf 86' lang='lat' dir='ltr'><strong>ad</strong></span> <span class='ocrx_word' id='word_1_719' title='bbox 1265 5156 1348 5212; x_wconf 91' lang='lat' dir='ltr'><strong>quem</strong></span> <span class='ocrx_word' id='word_1_720' title='bbox 1356 5141 1460 5194; x_wconf 91' lang='lat' dir='ltr'><strong>dictum</strong></span> <span class='ocrx_word' id='word_1_721' title='bbox 1468 5144 1519 5204; x_wconf 85' lang='lat' dir='ltr'><strong>est,</strong></span> <span class='ocrx_word' id='word_1_722' title='bbox 1533 5155 1544 5189; x_wconf 76' lang='lat' dir='ltr'><strong>r</strong></span> <span class='ocrx_word' id='word_1_723' title='bbox 1557 5139 1623 5209; x_wconf 90' lang='lat' dir='ltr'><strong>quia</strong></span> 
     </span>
     <span class='ocr_line' id='line_1_56' title="bbox 99 5227 1620 5299; baseline -0.004 -13"><span class='ocrx_word' id='word_1_724' title='bbox 99 5248 170 5286; x_wconf 79' lang='lat' dir='ltr'><strong>rrum</strong></span> <span class='ocrx_word' id='word_1_725' title='bbox 187 5248 261 5285; x_wconf 90' lang='lat' dir='ltr'><strong>unus</strong></span> <span class='ocrx_word' id='word_1_726' title='bbox 279 5231 467 5285; x_wconf 87' lang='lat' dir='ltr'><strong>beatissimam</strong></span> <span class='ocrx_word' id='word_1_727' title='bbox 483 5233 587 5295; x_wconf 85' lang='lat' dir='ltr'><strong>sedem,</strong></span> <span class='ocrx_word' id='word_1_728' title='bbox 606 5234 633 5287; x_wconf 93' lang='lat' dir='ltr'><strong>id</strong></span> <span class='ocrx_word' id='word_1_729' title='bbox 649 5241 690 5287; x_wconf 89' lang='lat' dir='ltr'><strong>est</strong></span> <span class='ocrx_word' id='word_1_730' title='bbox 705 5235 783 5287; x_wconf 90' lang='lat' dir='ltr'><strong>sinus</strong></span> <span class='ocrx_word' id='word_1_731' title='bbox 824 5233 853 5286; x_wconf 90' lang='lat' dir='ltr'><strong>in</strong></span> <span class='ocrx_word' id='word_1_732' title='bbox 869 5232 947 5288; x_wconf 87' lang='lat' dir='ltr'><strong>lsaac</strong></span> <span class='ocrx_word' id='word_1_733' title='bbox 962 5232 1104 5287; x_wconf 80' lang='lat' dir='ltr'><strong>vocabitur</strong></span> <span class='ocrx_word' id='word_1_734' title='bbox 1118 5231 1167 5286; x_wconf 91' lang='lat' dir='ltr'><strong>tibi</strong></span> <span class='ocrx_word' id='word_1_735' title='bbox 1182 5248 1287 5286; x_wconf 88' lang='lat' dir='ltr'><strong>semen.</strong></span> <span class='ocrx_word' id='word_1_736' title='bbox 1308 5251 1319 5281; x_wconf 76' lang='lat' dir='ltr'><strong>r</strong></span> <span class='ocrx_word' id='word_1_737' title='bbox 1337 5228 1459 5286; x_wconf 88' lang='lat' dir='ltr'><strong>Intueris</strong></span> <span class='ocrx_word' id='word_1_738' title='bbox 1481 5227 1620 5299; x_wconf 88' lang='lat' dir='ltr'><strong>quomodo</strong></span> 
     </span>
     <span class='ocr_line' id='line_1_57' title="bbox 99 5313 1621 5393; baseline -0.001 -22"><span class='ocrx_word' id='word_1_739' title='bbox 99 5321 783 5393; x_wconf 69' lang='lat' dir='ltr'><strong>:requiemprornerelur,aliusintolerabiliardore</strong></span> <span class='ocrx_word' id='word_1_740' title='bbox 825 5322 944 5376; x_wconf 89' lang='lat' dir='ltr'><strong>miratur</strong></span> <span class='ocrx_word' id='word_1_741' title='bbox 958 5320 1026 5376; x_wconf 91' lang='lat' dir='ltr'><strong>illud</strong></span> <span class='ocrx_word' id='word_1_742' title='bbox 1044 5321 1150 5393; x_wconf 88' lang='lat' dir='ltr'><strong>quoda</strong></span> <span class='ocrx_word' id='word_1_743' title='bbox 1175 5318 1334 5392; x_wconf 89' lang='lat' dir='ltr'><strong>patriarcha</strong></span> <span class='ocrx_word' id='word_1_744' title='bbox 1348 5319 1452 5373; x_wconf 88' lang='lat' dir='ltr'><strong>iactum</strong></span> <span class='ocrx_word' id='word_1_745' title='bbox 1468 5317 1529 5372; x_wconf 83' lang='lat' dir='ltr'><strong>esti</strong></span> <span class='ocrx_word' id='word_1_746' title='bbox 1547 5336 1558 5367; x_wconf 77' lang='grc' dir='ltr'>ι</span> <span class='ocrx_word' id='word_1_747' title='bbox 1589 5313 1621 5370; x_wconf 90' lang='lat' dir='ltr'><strong>ln</strong></span> 
     </span>
     <span class='ocr_line' id='line_1_58' title="bbox 99 5405 1622 5482; baseline -0.003 -19"><span class='ocrx_word' id='word_1_748' title='bbox 99 5409 168 5481; x_wconf 82' lang='lat' dir='ltr'><strong>ignis</strong></span> <span class='ocrx_word' id='word_1_749' title='bbox 183 5409 319 5463; x_wconf 89' lang='lat' dir='ltr'><strong>exuritur.</strong></span> <span class='ocrx_word' id='word_1_750' title='bbox 332 5409 360 5463; x_wconf 90' lang='lat' dir='ltr'><strong>Si</strong></span> <span class='ocrx_word' id='word_1_751' title='bbox 370 5416 465 5464; x_wconf 68' lang='lat' dir='ltr'><strong>cautem</strong></span> <span class='ocrx_word' id='word_1_752' title='bbox 477 5410 784 5482; x_wconf 89' lang='lat' dir='ltr'><strong>etillud,quoddicitur</strong></span> <span class='ocrx_word' id='word_1_753' title='bbox 825 5411 912 5477; x_wconf 86' lang='lat' dir='ltr'><strong>Isaac,</strong></span> <span class='ocrx_word' id='word_1_754' title='bbox 928 5409 1028 5482; x_wconf 89' lang='lat' dir='ltr'><strong>inquit,</strong></span> <span class='ocrx_word' id='word_1_755' title='bbox 1035 5408 1180 5464; x_wconf 81' lang='lat' dir='ltr'><strong>vocabitur</strong></span> <span class='ocrx_word' id='word_1_756' title='bbox 1194 5408 1243 5464; x_wconf 91' lang='lat' dir='ltr'><strong>tibi</strong></span> <span class='ocrx_word' id='word_1_757' title='bbox 1259 5425 1364 5471; x_wconf 77' lang='lat' dir='ltr'><strong>senten,</strong></span> <span class='ocrx_word' id='word_1_758' title='bbox 1380 5430 1391 5459; x_wconf 76' lang='grc' dir='ltr'><strong><em>ι</em></strong></span> <span class='ocrx_word' id='word_1_759' title='bbox 1408 5413 1437 5463; x_wconf 92' lang='lat' dir='ltr'><strong>et</strong></span> <span class='ocrx_word' id='word_1_760' title='bbox 1447 5405 1622 5461; x_wconf 87' lang='lat' dir='ltr'><strong>oilcrebatad</strong></span> 
     </span>
     <span class='ocr_line' id='line_1_59' title="bbox 99 5492 1622 5572; baseline -0.003 -18"><span class='ocrx_word' id='word_1_761' title='bbox 99 5515 206 5565; x_wconf 54' lang='lat' dir='ltr'><strong>inem«</strong></span> <span class='ocrx_word' id='word_1_762' title='bbox 224 5496 313 5552; x_wconf 88' lang='lat' dir='ltr'><strong>llodie</strong></span> <span class='ocrx_word' id='word_1_763' title='bbox 325 5515 434 5552; x_wconf 91' lang='lat' dir='ltr'><strong>mecum</strong></span> <span class='ocrx_word' id='word_1_764' title='bbox 449 5499 505 5553; x_wconf 86' lang='lat' dir='ltr'><strong>eris</strong></span> <span class='ocrx_word' id='word_1_765' title='bbox 519 5500 547 5553; x_wconf 92' lang='lat' dir='ltr'><strong>in</strong></span> <span class='ocrx_word' id='word_1_766' title='bbox 563 5499 701 5572; x_wconf 85' lang='lat' dir='ltr'><strong>paradiso,</strong></span> <span class='ocrx_word' id='word_1_767' title='bbox 718 5517 785 5554; x_wconf 81' lang='grc' dir='ltr'><strong>»νο-</strong></span> <span class='ocrx_word' id='word_1_768' title='bbox 825 5498 1006 5554; x_wconf 91' lang='lat' dir='ltr'><strong>occidendum</strong></span> <span class='ocrx_word' id='word_1_769' title='bbox 1022 5500 1120 5555; x_wconf 89' lang='lat' dir='ltr'><strong>lilium.</strong></span> <span class='ocrx_word' id='word_1_770' title='bbox 1132 5498 1237 5555; x_wconf 89' lang='lat' dir='ltr'><strong>Deinde</strong></span> <span class='ocrx_word' id='word_1_771' title='bbox 1252 5516 1287 5554; x_wconf 91' lang='lat' dir='ltr'><strong>ne</strong></span> <span class='ocrx_word' id='word_1_772' title='bbox 1297 5494 1359 5570; x_wconf 91' lang='lat' dir='ltr'><strong>quis</strong></span> <span class='ocrx_word' id='word_1_773' title='bbox 1370 5498 1482 5569; x_wconf 89' lang='lat' dir='ltr'><strong>putaret</strong></span> <span class='ocrx_word' id='word_1_774' title='bbox 1490 5492 1622 5567; x_wconf 87' lang='lat' dir='ltr'><strong>quoniam</strong></span> 
     </span>
     <span class='ocr_line' id='line_1_60' title="bbox 99 5580 1621 5662; baseline -0.003 -19"><span class='ocrx_word' id='word_1_775' title='bbox 99 5580 288 5654; x_wconf 78' lang='lat' dir='ltr'><strong>rsintcudere,</strong></span> <span class='ocrx_word' id='word_1_776' title='bbox 301 5587 368 5658; x_wconf 90' lang='lat' dir='ltr'><strong>quid</strong></span> <span class='ocrx_word' id='word_1_777' title='bbox 384 5584 460 5643; x_wconf 87' lang='lat' dir='ltr'><strong>aliud</strong></span> <span class='ocrx_word' id='word_1_778' title='bbox 475 5588 623 5645; x_wconf 81' lang='lat' dir='ltr'><strong>manifesto</strong></span> <span class='ocrx_word' id='word_1_779' title='bbox 634 5586 781 5661; x_wconf 81' lang='lat' dir='ltr'><strong>siguificat,</strong></span> <span class='ocrx_word' id='word_1_780' title='bbox 825 5588 978 5660; x_wconf 88' lang='lat' dir='ltr'><strong>desperans</strong></span> <span class='ocrx_word' id='word_1_781' title='bbox 997 5589 1049 5644; x_wconf 87' lang='lat' dir='ltr'><strong>hoc</strong></span> <span class='ocrx_word' id='word_1_782' title='bbox 1063 5586 1138 5658; x_wconf 86' lang='lat' dir='ltr'><strong>fecit,</strong></span> <span class='ocrx_word' id='word_1_783' title='bbox 1156 5596 1184 5647; x_wconf 87' lang='lat' dir='ltr'><strong>ct</strong></span> <span class='ocrx_word' id='word_1_784' title='bbox 1198 5607 1248 5662; x_wconf 87' lang='lat' dir='ltr'><strong>per</strong></span> <span class='ocrx_word' id='word_1_785' title='bbox 1268 5587 1320 5643; x_wconf 89' lang='lat' dir='ltr'><strong>hoc</strong></span> <span class='ocrx_word' id='word_1_786' title='bbox 1342 5588 1514 5661; x_wconf 72' lang='lat' dir='ltr'><strong>preceptum</strong></span> <span class='ocrx_word' id='word_1_787' title='bbox 1537 5580 1621 5640; x_wconf 83' lang='lat' dir='ltr'><strong>iidem</strong></span> 
     </span>
    </p>
   </div>
   <div class='ocr_carea' id='block_1_6' title="bbox 0 0 1890 6116">
    <p class='ocr_par' dir='ltr' id='par_1_7' title="bbox 0 0 1890 6116">
     <span class='ocr_line' id='line_1_61' title="bbox 0 0 1890 6116; baseline 0 0"><span class='ocrx_word' id='word_1_788' title='bbox 0 0 1890 6116; x_wconf 95' lang='lat' dir='ltr'><strong> </strong></span> 
     </span>
    </p>
   </div>
  </div>
 </body>
</html>
