3772 6120
59 322 130 381 1561
786 327 977 385 EPISTOLAE.
1633 323 1703 382 1562

57 450 178 505 «datus
193 464 305 503 evomas
319 447 399 515 illud,
428 455 456 503 ct
479 452 608 521 perjures
634 467 736 506 nomen
759 454 818 507 Ilei.
845 455 892 514 »Α
901 453 1025 524 parvulis
1040 447 1180 506 mentibus
1190 451 1311 521 tegenda
1327 450 1435 506 estalta
1446 450 1573 518 scientia,
1584 466 1619 505 ne
1629 449 1705 504 unde

57 539 150 608 (Pror.
168 552 231 605 xxv,
254 536 311 606 lo.)
333 539 368 592 Et
386 538 515 593 similiter
535 540 583 610 qui
600 539 681 594 docet
701 540 797 595 alium.
821 542 859 594 sic
900 559 947 596 cor
961 541 1120 595 docentium
1137 540 1171 594 ad
1184 557 1296 593 snnuua
1310 541 1458 603 attollitur,
1471 540 1535 594 inde
1552 539 1702 594 infirmitas

56 625 142 682 debet
156 642 317 682 sermonem
330 628 464 682 doctrine
479 639 647 699 temperare,
666 634 697 682 ut
712 629 759 700 qui
781 630 860 684 audit
900 631 1061 684 auditorum
1071 629 1104 683 ad
1116 630 1171 682 ima
1182 628 1342 683 delabatur?
1357 650 1366 679 r
1382 631 1703 701 Nouornuiapossumus

56 732 155 770 verurn
171 715 278 777 audiat.
296 723 324 770 ct
339 716 385 786 qui
397 716 475 770 audit
485 717 643 787 intelligat;
660 717 783 771 sicenim
795 735 860 789 apo-
900 737 1006 774 omnes.
1022 720 1076 773 Sed
1090 719 1283 789 unusquisque
1303 724 1431 772 nostrum
1455 718 1598 789 proprium
1618 717 1704 772 habet

56 804 187 859 stolicam
198 804 683 876 formamindoeendoserratzquod
693 806 860 877 quibusdam
900 808 1004 863 donum
1020 824 1052 862 ex
1068 808 1136 867 Deo,
1153 807 1225 860 alius
1247 808 1295 865 sic,
1320 808 1391 860 alius
1413 824 1477 860 vero
1501 807 1550 861 sic.
1574 807 1653 862 Unde
1675 811 1704 860 et

57 893 234 949 auditoribus
249 894 307 948 suis
322 895 362 948 ait
374 913 378 947 :
391 914 403 945 <r
416 895 482 965 Ego,
496 895 606 960 fratrea,
619 911 676 948 non
691 896 770 965 potui
786 894 861 949 robis
903 898 1029 951 Salvator
1043 897 1071 950 iu
1089 896 1238 966 Erangerio
1249 896 1382 949 divinitus
1393 896 1427 949 ad
1439 896 1490 949 hoc
1501 896 1703 967 discipulorum

59 1002 72 1038 r
88 982 168 1055 loqui
183 984 264 1055 quasi
279 983 480 1055 spiritualibus,
502 984 549 1036 scd
573 984 653 1054 quasi
677 984 835 1038 carnalibus
852 1003 858 1038 :
902 1002 1015 1039 suorum
1026 984 1429 1056 perpendensimbecillitatem
1441 985 1620 1039 uitzchdhuc
1633 985 1720 1061 niul--

59 1077 226 1143 «ntiquom
237 1072 359 1144 parvulis
370 1073 400 1126 in
411 1073 521 1127 Christo
532 1072 574 1125 lac
585 1072 662 1125 robis
676 1079 773 1143 potum
784 1073 858 1139 dedi,
904 1079 961 1127 «ta
976 1073 1065 1127 habeo
1080 1073 1155 1126 vobis
1175 1073 1275 1138 dicere,
1299 1075 1346 1127 scd
1371 1091 1426 1128 non
1452 1075 1568 1144 potestis
1590 1078 1702 1144 portare

59 1180 72 1213 ι
88 1176 146 1216 non
161 1177 264 1215 escam.
281 1161 412 1215 Nouduru
428 1161 501 1214 enim
519 1161 664 1232 poteratis,
681 1161 729 1214 sed
744 1178 794 1215 nec
810 1161 859 1214 ad-
903 1184 914 1214 r
933 1163 1016 1216 modo
1033 1181 1038 1215 :
1054 1179 1117 1215 curu
1133 1168 1228 1216 autem
1242 1163 1349 1216 venerit
1365 1163 1412 1217 ille
1427 1163 1551 1234 Spiritus
1566 1161 1701 1227 veritatis

59 1250 146 1305 (huc
161 1250 275 1321 quidem
287 1251 412 1321 potestis.
429 1248 600 1321 Sapientiam
614 1254 709 1303 autern
720 1249 861 1321 loquimur
905 1271 915 1301 ι
933 1250 1051 1304 docebit.
1073 1271 1083 1298 a
1101 1256 1155 1304 etc.
1171 1253 1258 1318 (Joarr.
1278 1265 1333 1316 xrr,
1348 1249 1403 1312 tt.)
1424 1251 1452 1305 Si
1473 1251 1549 1306 enim
1567 1251 1704 1305 Dominus

59 1356 72 1389 r
88 1337 165 1392 inter
180 1337 317 1410 periectos
334 1357 339 1391 :
360 1339 528 1410 sapientiam
544 1345 639 1393 autem
653 1355 708 1392 non
719 1339 802 1409 hujus
812 1356 861 1393 sae
902 1347 999 1395 noster
1012 1340 1172 1393 auditorum
1188 1356 1303 1393 suorum
1319 1339 1454 1409 pensabat
1465 1340 1639 1410 qualitatem,
1655 1341 1702 1411 qui

59 1427 156 1489 «culi,
166 1443 257 1498 neque
267 1427 424 1498 principum
434 1427 537 1488 saeculi,
550 1427 859 1498 quidestruunturgsed
901 1446 1065 1485 nossemus
1083 1434 1115 1483 ut
1137 1428 1165 1482 in
1190 1429 1319 1482 omnibus
1345 1429 1438 1482 omnia
1463 1429 1608 1500 aequaliter
1631 1446 1702 1501 prce·

59 1535 72 1567 r
92 1514 236 1586 loquimur
248 1515 298 1569 Dei
309 1515 476 1586 sapientiam
487 1515 667 1587 inmystcrio,
679 1516 860 1587 quaeabscon-
901 1519 1020 1574 dicanda
1034 1535 1094 1572 esse
1111 1518 1295 1571 censeamus?
1315 1518 1433 1572 Maxime
1454 1535 1517 1572 curn
1533 1518 1592 1589 ipse
1605 1518 1703 1573 Domi-

60 1622 73 1655 «
88 1603 149 1658 dita
163 1609 215 1669 est,
232 1621 316 1676 quarn
330 1604 538 1675 praedestinavit
552 1605 626 1659 Deus
640 1610 705 1659 onte
720 1606 821 1660 saecula
831 1605 860 1659 iu
902 1624 955 1662 nus
970 1608 1066 1661 dicat:
1086 1629 1096 1656 ι
1114 1607 1167 1671 Qui
1181 1607 1411 1661 scandalizaverit
1431 1624 1519 1661 unum
1539 1607 1574 1660 dc
1595 1607 1703 1678 pusillis

58 1692 181 1764 «gloria
195 1699 292 1747 nostra
312 1695 336 1760 (l
350 1695 410 1748 Cor.
428 1708 470 1758 ru,
491 1693 500 1746 l
519 1696 594 1762 seq).
616 1714 627 1744 r
648 1694 728 1748 Unde
749 1698 778 1748 et
796 1693 861 1748 alibi
905 1718 916 1750 r
938 1696 998 1751 istis
1013 1697 1061 1767 qui
1076 1696 1103 1750 in
1119 1713 1164 1750 me
1176 1696 1303 1759 credunt,
1322 1717 1332 1745 »
1353 1704 1405 1750 etc.
1421 1695 1560 1767 lusipiens
1579 1695 1703 1750 medicus

56 1779 862 1856 ideruApostolushortaturdicens:rOmniarestraadtedi·
873 1765 945 1841 Best
954 1786 1002 1857 qui
1017 1785 1245 1854 malagmasuum
1257 1784 1416 1848 italormat,
1428 1783 1631 1855 utimpositum
1641 1799 1703 1838 nra·

58 1870 245 1925 «ficationem
257 1871 335 1935 liant,
347 1871 478 1925 etomnia
489 1871 605 1924 honeste
615 1870 806 1925 sesecundum
818 1887 862 1924 or·
900 1875 944 1946 gis
958 1878 1058 1929 noceat
1074 1889 1157 1943 quam
1173 1872 1301 1943 expediat
1324 1878 1438 1943 oegroto.
1467 1871 1585 1943 Sapiens
1608 1876 1703 1926 autern

58 1957 311 2026 «diucmllantodl
318 1956 499 2026 Coraca-¹10.)
512 1958 858 2030 llincquidamdoctorum
900 1963 1024 2018 medicus
1039 1962 1161 2032 primurn
1173 1960 1503 2032 explorataegritudinern
1515 1960 1699 2022 infirmitatis,

56 2047 215 2102 roctisdme
224 2047 279 2102 ait:
293 2048 385 2102 Dolosi
397 2053 492 2102 autem
502 2048 546 2101 vel
559 2047 683 2119 imperiti
695 2047 794 2101 medici
805 2051 859 2116 cst,
900 2058 929 2107 et
942 2053 982 2106 sic
992 2052 1063 2105 bene
1072 2050 1256 2121 temperando
1265 2051 1347 2119 juxta
1358 2047 1702 2120 qualitatemaegritudinis

56 2136 146 2192 otiam
162 2136 231 2191 utile
251 2137 487 2192 medicamentum
500 2136 539 2189 sic
551 2135 676 2206 alligare,
690 2142 721 2191 ut
731 2141 792 2190 arte
803 2153 859 2190 uon
901 2141 1014 2196 adhibet
1030 2138 1198 2194 medicinam
1213 2138 1321 2192 salutis.

55 2224 149 2299 possit
158 2224 272 2280 absolvi.
285 2225 365 2281 Unde
376 2225 440 2279 etin
449 2226 511 2296 lege
520 2224 608 2279 reteri
618 2241 669 2298 per
678 2226 794 2297 Moysen
803 2226 859 2280 Do·
938 2229 1002 2283 Hac
1016 2244 1093 2298 crgo,
1110 2227 1198 2281 amice
1213 2225 1387 2290 charissimo,
1405 2225 1467 2279 ideo
1481 2224 1532 2279 tibi
1546 2224 1653 2295 scripsi,
1670 2230 1704 2280 ut

56 2313 155 2369 minus
163 2313 280 2369 mandat
288 2313 383 2368 dicens
394 2332 399 2366 :
411 2334 421 2364 ι
434 2314 462 2368 Si
475 2314 536 2386 quis
548 2314 689 2385 aperuerit
697 2316 858 2381 cisternam,
901 2334 1081 2389 cognosceres
1093 2317 1175 2387 quale
1183 2316 1346 2370 scandalum
1357 2314 1391 2369 de
1402 2315 1457 2369 illis
1469 2313 1596 2385 partibus
1607 2312 1703 2384 opinio

59 2422 72 2455 r
91 2408 122 2458 et
131 2402 241 2469 foderit,
255 2409 284 2457 et
293 2420 348 2458 non
360 2403 502 2474 operuerit
517 2419 588 2469 earn,
605 2402 791 2474 cecideritque
810 2403 860 2457 hes
900 2408 1014 2462 veniens
1025 2406 1051 2459 in
1064 2406 1117 2460 hoc
1130 2406 1231 2476 populo
1241 2404 1425 2474 generaverit,
1438 2408 1467 2457 et
1480 2402 1504 2457 si
1514 2403 1576 2474 quis
1585 2417 1702 2458 manens

58 2512 71 2543 ι
90 2497 142 2547 aut
156 2492 252 2547 asinus
270 2492 299 2546 iu
316 2508 388 2557 eam,
404 2491 497 2546 reddit
510 2492 640 2546 dominus
653 2492 781 2546 cisternae
797 2509 860 2563 pre-
902 2496 976 2568 apud
988 2501 1016 2549 te
1030 2494 1112 2549 docet
1126 2510 1187 2565 qua
1201 2500 1284 2548 recte
1300 2492 1364 2547 fidei
1381 2498 1448 2547 sunt
1468 2491 1617 2558 contraria,
1635 2507 1702 2563 pro·

58 2599 72 2633 r
89 2581 163 2636 tium
174 2581 380 2653 jumentorum.
397 2599 410 2632 u
428 2581 522 2647 lEcod.
539 2578 860 2653 xx1,33.)(¹uJ'nsligu·
903 2585 999 2639 hibeas
1015 2601 1089 2650 eum,
1105 2587 1137 2637 ut
1156 2588 1246 2638 cesset
1265 2581 1299 2635 ab
1319 2583 1372 2636 hac
1391 2588 1477 2647 secta,
1498 2580 1630 2651 dicasque
1650 2580 1700 2635 ei:

57 2685 98 2724 rae
130 2669 307 2741 mysterium·
328 2671 425 2724 beatus
454 2669 606 2738 Gregorius
632 2670 744 2741 exponit
768 2668 862 2723 dicens
903 2674 983 2738 Vide,
997 2673 1093 2736 frater,
1111 2690 1146 2727 ue
1160 2672 1211 2726 hac
1229 2671 1341 2726 licentia
1358 2676 1408 2725 tua
1422 2670 1449 2724 in
1469 2667 1703 2742 praedicandool-

61 2759 268 2826 (urracam,
282 2758 343 2828 lli:
360 2778 371 2809 ι
384 2758 456 2822 Quid
463 2764 506 2813 est
514 2758 624 2829 aperire
635 2759 796 2823 cisternam,
808 2758 862 2813 nisi
904 2763 1073 2817 tendiculum
1089 2763 1138 2815 irat
1153 2761 1282 2828 infirmis,
1298 2765 1327 2814 et
1340 2766 1389 2814 tuo
1405 2760 1536 2829 dogmate
1550 2775 1585 2812 nc
1601 2757 1702 2830 perdas

57 2846 206 2901 intellectu
220 2847 311 2901 valido
323 2847 474 2918 Scriptura
488 2864 590 2901 arcana
604 2853 752 2918 penetrare
764 2849 775 2900 ?
789 2847 861 2911 Quid
903 2869 968 2907 eum
980 2868 1029 2922 pro
1040 2868 1094 2922 quo
1104 2851 1232 2904 Christus
1241 2856 1369 2904 mortuus
1379 2854 1430 2914 est,
1439 2850 1504 2920 quia
1515 2847 1631 2918 sanguis
1640 2848 1702 2917 ejus
1747 2898 1750 2903 .

55 2941 156 2991 autem
167 2953 217 3009 per
227 2935 324 2990 horem
335 2943 363 2990 et
372 2937 491 2998 asinum,
505 2936 531 2989 id
540 2937 725 2992 estmundum
738 2937 862 2991 immun·
904 2939 1064 3012 requiretur
1079 2939 1113 2990 de
1129 2954 1213 2992 mauu
1229 2945 1286 2991 tua.
1302 2938 1418 2993 Confido
1431 2937 1506 2991 enim
1520 2942 1557 2995 te,
1571 2935 1613 2989 vir
1622 2949 1703 2989 reue·

59 3024 187 3097 dumque
198 3025 314 3091 animal,
332 3025 386 3079 nisi
403 3024 492 3079 fidelis
508 3026 625 3096 quisque
640 3032 668 3080 et
682 3026 803 3080 infidelis
815 3043 862 3080 ac·
904 3029 1000 3094 raude,
1018 3028 1088 3082 benc
1102 3044 1162 3081 csse
1177 3027 1379 3093 (luistianum,
1400 3043 1450 3081 uec
1470 3024 1577 3096 aliquid
1600 3028 1628 3078 te
1651 3024 1702 3077 ha-

55 3113 186 3186 cipitur?
200 3115 254 3180 Qui
269 3131 336 3185 ergo
350 3115 500 3169 cisternam
522 3115 601 3169 fodit.
624 3131 685 3168 eam
709 3115 861 3187 cooperiat,
873 3102 894 3160 C
904 3119 970 3172 bere
985 3117 1053 3170 relle
1069 3116 1097 3169 in
1112 3122 1161 3170 tua
1176 3115 1320 3168 mansione
1341 3115 1413 3185 quod
1434 3113 1583 3183 Evangelio
1598 3111 1704 3167 Christi

56 3219 97 3259 ne
111 3203 177 3259 illuc
191 3202 240 3258 bos
254 3204 295 3257 rel
310 3203 406 3257 asinus
418 3210 491 3257 ruat.
509 3204 540 3258 ld
555 3204 659 3275 estqui
674 3204 703 3258 in
714 3222 793 3259 sacro
808 3206 863 3258 elo·
903 3206 1087 3261 adversetur:
1104 3204 1151 3258 sed
1167 3203 1257 3273 magis
1267 3203 1319 3257 hoc
1332 3202 1406 3273 <quod
1422 3202 1531 3272 placeat
1542 3199 1610 3265 Deo,
1626 3198 1704 3253 etad

57 3291 127 3364 quio
138 3291 199 3363 ianr
214 3293 273 3347 alto
286 3291 426 3362 intelligit,
443 3291 576 3346 sublimes
586 3309 685 3347 sensus
700 3309 793 3346 coram
806 3311 862 3347 uon
903 3295 1024 3349 salutem
1039 3293 1162 3365 pertinet
1173 3292 1342 3345 animarum.
1359 3291 1390 3345 In
1406 3307 1461 3360 qua
1471 3289 1613 3343 voluntate
1628 3290 1657 3340 et
1674 3285 1705 3340 in

56 3379 236 3452 cupientibus
250 3397 300 3452 per
315 3380 457 3434 silentium
474 3386 561 3451 tegat,
579 3397 614 3434 ne
631 3398 681 3452 por
699 3381 862 3435 scandalum
904 3401 959 3454 quo
973 3382 1067 3436 studio
1081 3381 1213 3435 divinitas
1228 3380 1339 3434 llornini
1355 3379 1444 3433 nostri
1459 3380 1524 3432 Jesu
1541 3376 1645 3431 Christi
1659 3374 1704 3429 in·

57 3468 163 3524 mentis
176 3476 227 3524 aut
238 3469 349 3523 fidelem
363 3469 519 3540 parvulum,
534 3475 583 3523 aut
593 3469 734 3523 infidelem
747 3471 794 3540 qui
805 3486 863 3523 crc-
903 3473 1042 3526 columem
1058 3470 1086 3523 iu
1101 3475 1236 3524 eternum
1253 3473 1281 3522 te
1296 3483 1459 3521 conservare
1473 3466 1613 3536 dignetur.

57 3557 128 3613 dere
141 3557 288 3629 potuisset,
305 3558 460 3612 interimat.
476 3559 513 3613 Ex
529 3566 620 3613 morte
635 3558 710 3612 enirn
722 3560 863 3628 jumento·
1181 3583 1354 3638 EPISTOLA
1368 3582 1429 3636 ppp

57 3662 125 3703 rom
138 3646 223 3701 debet
237 3647 368 3718 pretium,
386 3648 433 3718 qui
445 3647 514 3701 illud
525 3647 631 3701 scilicet
640 3647 786 3700 admisisse
796 3662 863 3700 con-

57 3734 192 3801 vincitur,
207 3736 281 3790 unde
296 3736 331 3789 ad
348 3737 485 3807 agendam
500 3736 694 3808 penitentiam
709 3752 774 3789 reus
787 3740 863 3790 tene-
1172 3798 1212 3808 Η
1344 3798 1381 3808 Ι,
1452 3797 1457 3807 ,
1503 3796 1507 3807 Ι
1609 3794 1613 3805 .

908 3801 1081 3855 Uitularia·
1100 3798 1209 3850 corrcrlir
1223 3797 1380 3862 llopunturi.
1387 3796 1557 3863 preparatus
1567 3797 1591 3846 cl
1603 3810 1705 3848 trivam·

57 3830 121 3925 tur..
134 3824 266 3896 Qmsqffls
281 3841 401 3896 namque
417 3825 452 3878 ad
468 3825 525 3878 alta
539 3832 662 3925 8⁰¹5„th
681 3825 789 3880 fluenta
802 3842 864 3896 per·
941 3871 1075 3924 nitatibus
1090 3869 1285 3931 ecclesiasticis,
1304 3869 1359 3935 ipsc
1379 3865 1511 3935 (ilatum)
1529 3865 1701 3932 presidente,

57 3930 186 3980 ’mmm’
197 3931 261 3968 ⁰⁰³¹
271 3914 330 3969 *¹³³⁰
340 3914 412 3985 ΨΜ
429 3913 512 3967 bruta
523 3914 698 3968 aud¹⁰¹³t¹⁰m
709 3915 793 3968 ⁰⁰¹'da
807 3930 861 3968 ”⁰¹¹
939 3943 1068 3995 celebrati
1080 3955 1155 3992 anno
1166 3940 1280 3993 llotru'ni
1295 3939 1358 4001 8-tt,
1380 3942 1496 4005 tcurporc
1516 3937 1607 3990 monis
1628 3950 1705 4005 popa

58 4004 226 4070 contexerit,
247 4020 335 4076 poenre
348 4020 412 4058 rcus
428 4003 577 4067 addicitur,
594 4003 617 4056 si
634 4019 683 4074 per
697 4002 782 4057 rerba
802 4004 863 4074 ejus
941 4013 1010 4066 cht
1028 4011 1152 4065 cocliaria·
1167 4012 1351 4077 imperatoris,

58 4092 90 4148 in
100 4092 273 4156 scandalum,
290 4109 340 4147 seu
355 4091 468 4157 munda,
487 4109 536 4145 seu
557 4108 635 4145 ruens
655 4091 800 4146 immunda
816 4107 862 4145 ca-
1009 4099 1089 4161 sltpud
1102 4097 1190 4161 Urusi,
1203 4096 1305 4158 Concit,
1319 4101 1377 4145 ton.
1393 4095 1456 4159 xlv,
1475 4110 1526 4159 prag.
1540 4095 1603 4150 900.)

59 4179 165 4254 piatur.
183 4181 341 4253 Operienda
360 4186 403 4235 est
417 4181 513 4253 itaque
528 4180 650 4235 cisterna
666 4199 671 4233 :
688 4180 755 4251 quia
769 4196 862 4234 coram
940 4179 1059 4234 Domino
1071 4178 1249 4233 serenissimo
1261 4184 1290 4232 et
1300 4177 1539 4232 christianissimo
1549 4175 1609 4247 regi
1618 4176 1706 4232 Lono-

1060 3709 1094 3745 ΙΚΙ)
1111 3705 1267 3745 ttuoi'hutu
1286 3703 1432 3743 (realitate)
1447 3704 1546 3741 haliau.

97 4322 238 4378 ¹Occasio
266 4323 350 4392 hujus
374 4322 483 4377 concilii
508 4323 668 4385 celebrandi
691 4324 790 4377 eadem
811 4322 865 4377 fuit
906 4339 960 4379 non
974 4323 1089 4377 minime
1104 4322 1311 4377 deturbaverat.
1323 4323 1396 4375 Nam
1410 4326 1516 4375 certam
1531 4333 1706 4373 consumma-

60 4409 126 4465 qure
137 4393 287 4448 Meldensis
303 4412 308 4446 :
325 4394 458 4448 nimirum
476 4394 550 4465 quod
572 4411 635 4448 cum
657 4411 673 4448 a
693 4395 770 4448 laicis
792 4393 993 4477 bonaDtionis
1008 4395 1101 4448 saeculi
1116 4393 1318 4473 dicnr,aliaquc
1330 4392 1462 4507 perplura
1478 4389 1622 4471 Dcisolius
1634 4388 1707 4443 noti-

60 4465 254 4532 eoclesiarum,
268 4467 335 4535 jura
348 4465 453 4536 pariter
467 4472 496 4519 et
511 4482 645 4536 personae,
663 4465 774 4519 assidue
790 4465 865 4518 inra—
906 4467 944 4521 tia
964 4466 1087 4535 cognita,
1102 4465 1182 4535 quasi
1198 4463 1332 4517 dirinrtus
1355 4463 1378 4516 si
1391 4461 1407 4515 ri
1428 4461 1559 4525 revelata,
1583 4476 1654 4515 serre
1677 4474 1707 4512 se

61 4535 206 4595 derantur,
220 4536 254 4590 de
276 4553 310 4590 ue
320 4536 363 4590 his
374 4537 534 4607 trequentes
546 4536 620 4606 apud
637 4553 731 4606 regem
744 4538 864 4607 querela·
906 4536 1048 4591 fatebatur
1060 4555 1065 4601 ;
1081 4542 1109 4589 ct
1124 4535 1220 4589 eodem
1232 4551 1306 4587 anno
1317 4533 1447 4588 ultimum
1459 4533 1531 4586 dicm
1542 4530 1640 4585 muudi
1654 4529 1706 4583 im-

60 4612 166 4672 essent,
179 4607 226 4662 ille
236 4553 274 4661 ad
281 4606 454 4661 liberandam
467 4607 529 4661 istis
541 4607 622 4661 malis
633 4608 785 4661 Ecclesiam
798 4623 864 4661 con·
907 4609 1013 4662 minere
1028 4605 1206 4677 praedicabat,
1228 4605 1307 4659 Unde
1331 4603 1412 4658 multi
1429 4602 1539 4674 plebeii
1559 4601 1707 4671 utriusque

59 4677 175 4750 gregori
187 4677 254 4733 fecit
279 4679 416 4750 synodum
442 4678 650 4760 provincialem,
668 4679 713 4732 cui
734 4678 865 4733 Ituhanus
906 4696 998 4745 sexuS,
1011 4678 1112 4731 timore
1136 4676 1256 4748 perculsi
1272 4676 1307 4729 ad
1335 4692 1396 4728 eam
1422 4675 1574 4738 venientes,
1588 4687 1707 4727 munera

60 4748 297 4821 archiepiscopus,
314 4750 356 4803 vir
368 4750 505 4813 doctrina,
543 4749 663 4803 robitatc
674 4755 759 4820 atque
774 4750 864 4804 scien·
906 4751 946 4807 illi
961 4746 1451 4818 serebant,sequcorationibusillius
1461 4742 1704 4799 commendabant.

60 4819 103 4874 tia
116 4820 196 4874 valde
211 4820 339 4892 insignis,
357 4837 474 4890 praeesse
490 4768 613 4875 deberet.
629 4821 681 4885 Qui
694 4828 794 4892 quotve
809 4820 865 4892 epi·
906 4814 950 4888 Et,
960 4821 1033 4891 quod
1044 4819 1156 4889 gravius
1174 4824 1226 4883 est,
1239 4817 1310 4870 sacri
1326 4815 1432 4870 ordinis
1444 4815 1493 4870 riri
1506 4814 1648 4896 doctrinas
1661 4829 1706 4867 ec-

62 4890 140 4962 scopi
155 4890 351 4945 huicconcilio
376 4891 563 4955 interfuerint,
590 4908 651 4962 quae
672 4892 863 4957 tractaverint,
906 4891 1077 4947 clesiasticas
1100 4893 1309 4960 postponentes,
1328 4887 1404 4940 illam
1434 4887 1513 4957 quasi
1542 4889 1705 4965 magistram

60 4967 148 5033 atque
163 4978 214 5032 per
232 4978 353 5016 canones
378 4964 515 5016 servanda
536 4963 723 5022 definiverint,
749 4963 867 5034 epistola
908 4961 1191 5017 coelitusdcstinatam
1202 4958 1401 5029 sequebantur.
1415 4959 1479 5011 llaec
1489 4958 1517 5011 in
1529 4960 1706 5028 praesentiam

60 5032 216 5102 synodalis
233 5048 296 5104 quae
319 5049 383 5087 curn
407 5033 540 5104 subjectis
563 5035 693 5104 capitulis
717 5034 803 5088 missa
824 5041 867 5088 est
908 5035 1102 5106 episcoporum
1114 5032 1188 5102 apud
1202 5031 1335 5084 Sanctum
1348 5029 1488 5083 Albanum
1496 5025 1707 5090 deductaetdi·

61 5104 98 5158 ud
117 5104 288 5159 Ludovicum
311 5105 468 5158 Germaniae
494 5122 600 5174 rogem.
628 5105 774 5159 manifeste
798 5105 866 5158 satis
907 5105 1070 5176 ligenterde
1083 5100 1500 5171 suisassertionibusrequisita,
1510 5097 1707 5170 presbyterum

60 5173 179 5229 indicat.
208 5175 251 5229 hd
278 5175 350 5229 hanc
378 5175 462 5230 etiam
492 5176 628 5247 synodum
654 5182 771 5246 spectat,
793 5176 865 5247 quod
908 5172 1123 5249 quemdamsibi
1139 5191 1172 5227 ea
1198 5173 1370 5242 suggessisse
1392 5176 1420 5225 ot
1442 5188 1471 5223 se
1497 5170 1566 5223 talia
1585 5171 1708 5240 quaestus

61 5245 237 5301 Francorum
274 5247 390 5301 annales
422 5247 456 5301 dc
488 5246 593 5300 seruina
621 5264 682 5318 quie
709 5264 809 5301 novam
837 5263 866 5300 se
907 5264 991 5302 causa
1012 5261 1141 5299 narrasse
1162 5243 1286 5314 professa
1311 5250 1361 5295 est.
1390 5242 1566 5322 Quapropter
1580 5238 1710 5312 synodali

60 5316 254 5389 prophetitem
281 5317 420 5388 jactabat.
448 5334 606 5387 munusque
631 5318 740 5388 publice.
764 5319 866 5372 doceo·
905 5315 1142 5389 J'udiciopublicis
1158 5331 1227 5368 carso
1242 5314 1360 5383 llrrgellis
1376 5313 1561 5366 ministerium
1577 5310 1709 5382 predica·

61 5388 93 5442 di
108 5394 137 5442 et
146 5387 329 5443 concionandi
344 5389 508 5459 usurpabat.
538 5394 634 5443 notato
654 5405 727 5443 anuo
752 5389 867 5443 tradunt
908 5390 1001 5456 tionis,
1019 5388 1091 5459 quod
1107 5385 1337 5439 irrationabiliter
1353 5385 1481 5454 arripuit,
1498 5389 1526 5436 ot
1540 5384 1591 5437 sibi
1610 5388 1709 5437 contra

61 5459 104 5514 sic
124 5476 130 5512 :
147 5479 158 5509 r
176 5459 279 5513 Eodem
291 5476 365 5513 anno
380 5459 429 5514 lili
443 5461 544 5514 ruulier
555 5460 682 5530 (quaedam
693 5461 868 5513 tlchlemau-
909 5478 1014 5514 rnorem
1037 5457 1254 5512 ecclesiasticum
1279 5456 1419 5509 virulicaro
1440 5456 1627 5527 praesumpsit,
1645 5469 1709 5508 curn

61 5529 120 5585 uiae
130 5530 499 5611 partibusnomiueTlriota,
508 5530 800 5613 pseudoprophetissa,
810 5531 867 5585 Mo·
909 5532 1042 5585 dedecore
1059 5528 1164 5593 amisit,
1186 5526 1301 5597 suisque
1316 5526 1453 5580 vaticiniis
1468 5526 1582 5580 tandem
1593 5524 1708 5580 confuso

60 5605 230 5675 guntracum
241 5601 326 5668 venit,
340 5616 401 5673 quae
411 5591 569 5658 Salomonis
579 5601 867 5675 episcopiparochiam
910 5602 993 5657 itnem
1005 5599 1147 5671 imposuit.
1162 5616 1177 5652 r
1194 5596 1260 5654 Ssv.
1279 5597 1340 5652 Bm.
