3772 6120
154 284 203 340 lua
450 282 480 335 Β.
502 281 637 343 RABANl
657 281 773 335 unuln
793 281 960 339 suuntur.
982 279 1144 334 MOGUNT.
1165 278 1314 333 crunon
1333 277 1425 331 PARS
1444 278 1492 333 lll.
1740 281 1792 337 loo

191 410 333 477 Tartuuoin
348 410 414 474 liliis
429 408 489 459 dico
506 425 513 457 :
528 406 698 458 Dilatum-ini
717 409 841 467 alenset
865 404 1065 463 runitchsunt.
1087 405 1131 457 Vos
1141 406 1215 457 cirini
1226 406 1289 456 estis
1304 407 1438 471 templum
1448 403 1497 457 Ilei
1505 407 1570 457 clai.
1584 404 1790 470 (Ambra->nhil

147 500 248 566 jugum
277 498 375 550 dicum
394 511 457 547 cum
478 494 647 560 ‘iiisuletihus
670 493 771 559 eliab.)
786 493 829 545 nd
849 491 951 545 honam
992 498 1051 545 tam
1066 492 1211 546 inimicum
1226 491 1343 555 homini,
1360 508 1444 561 quam
1464 492 1547 556 idola,
1565 493 1631 562 quia
1651 492 1686 546 ab
1707 495 1792 549 unius

152 586 390 641 conversationem
406 589 435 636 et
446 597 525 652 spem
538 598 585 635 eos
600 582 739 645 hortatur,
752 588 784 634 nt
794 581 911 634 fidentes
925 586 953 634 et
992 581 1043 635 Dei
1059 581 1112 635 fule
1123 585 1227 651 cogunt
1243 581 1380 634 recedere.

152 680 305 746 purgantes
319 671 503 726 conscientias
525 687 599 735 suas,
616 670 723 740 possint
743 670 772 723 in
793 669 952 739 semetipsis
1028 670 1105 724 Sicut
1119 672 1187 723 dicit
1200 672 1270 722 lictis
1288 687 1293 720 :
1312 669 1447 735 Quoniam
1467 671 1625 724 inhabitabo
1640 676 1672 725 in
1687 676 1754 738 illis,
1769 681 1792 726 rt

151 764 284 833 gaudere,
302 761 437 815 habentes
452 759 584 813 fiduciam
607 776 683 829 purae
707 759 819 820 inentis,
836 758 909 811 sicut
924 764 952 811 et
994 759 1172 817 inambulabo
1192 761 1266 811 iliter
1284 774 1334 821 cos,
1352 764 1375 811 et
1397 774 1442 812 ero
1462 762 1578 827 illorum
1601 762 1679 825 licus,
1696 768 1720 815 cl
1740 766 1794 832 ipsi

153 869 250 907 eorum
267 849 403 919 magistri,
420 857 583 919 separantes
597 865 626 901 sc
642 847 677 900 ab
693 847 849 902 infidelium
868 847 952 901 socic-
992 853 1074 900 erun!
1086 848 1158 900 iiir'ln'
1169 850 1298 915 populus.
1311 848 1426 914 Propter
1439 849 1511 915 qrrod
1524 852 1593 901 erile
1607 850 1639 902 dc
1651 852 1739 904 riirdr'o
1754 868 1794 905 co

153 945 210 995 late
226 940 254 993 in
264 938 394 1011 operibus
411 937 507 994 mulis:
525 942 553 990 et
572 936 642 990 bene
659 953 725 1007 ergo
740 936 849 1007 agendo
863 944 892 989 et
911 936 952 989 fn·
994 953 1067 998 rum,
1077 941 1100 989 et
1110 937 1291 1004 saturamini,
1302 937 1370 988 dicit
1380 937 1523 1000 Dominus,
1534 942 1557 989 cl
1568 940 1746 992 iinnuuidum
1762 957 1794 993 in·

153 1035 218 1084 tura
231 1028 370 1099 sperando
384 1026 497 1080 dilatari
512 1026 570 1081 vult
582 1025 645 1079 illos
658 1025 762 1089 animo,
772 1026 819 1095 elui
829 1026 904 1079 enim
915 1026 953 1078 la·
995 1026 1145 1092 tetigeritis,
1156 1030 1180 1077 et
1194 1040 1239 1091 epo
1250 1027 1382 1092 recipiam
1395 1040 1448 1090 cos,
1458 1030 1482 1077 el
1495 1041 1540 1077 cro
1550 1027 1623 1079 robis
1632 1028 1663 1080 in
1672 1034 1792 1096 patrem.

153 1117 234 1172 horat
249 1116 381 1171 etfutura
394 1133 450 1169 non
465 1114 563 1174 credit,
580 1115 654 1167 sicut
673 1114 794 1168 infulelis
811 1114 953 1184 angustia·
994 1118 1019 1166 el
1032 1129 1075 1166 ros
1086 1115 1164 1166 eritis
1178 1114 1250 1166 initii·
1259 1114 1290 1164 in
1302 1114 1372 1179 filios
1383 1118 1406 1166 el
1418 1115 1501 1179 (llius,
1514 1115 1582 1166 elicit
1593 1115 1729 1168 Ilomr'nus
1739 1133 1795 1170 oni-

152 1212 200 1261 tur
219 1205 414 1277 desperatione
439 1203 534 1259 futuri.
558 1205 651 1271 (ilua)
671 1203 802 1257 Latitudo
828 1202 953 1257 mandati
995 1204 1127 1270 iripoleos.
1145 1201 1260 1255 Interim
1270 1200 1368 1270 primae
1377 1216 1467 1254 oiusae
1483 1217 1597 1255 sensum
1611 1203 1792 1274 explicemus.

153 1295 275 1350 charitas
290 1301 342 1355 est,
359 1294 425 1364 quia
439 1291 486 1346 uhi
498 1291 631 1353 charnas,
648 1309 703 1345 non
718 1299 784 1345 sunt
805 1292 950 1361 angustia.
994 1295 1026 1344 ut
1043 1291 1124 1358 cujus
1143 1305 1267 1360 personae
1282 1289 1366 1343 rerba
1379 1289 1435 1343 sint
1453 1289 1627 1345 declaremus
1648 1293 1792 1349 dicentes:

154 1386 186 1439 ln
200 1385 260 1456 ipsa
276 1383 425 1438 latitudine
441 1387 502 1435 erat
516 1382 676 1451 Apostolus,
692 1397 755 1434 cum
775 1381 880 1433 diceret
896 1399 901 1432 :
920 1381 952 1434 Os
995 1380 1130 1445 Querulum
1139 1379 1298 1431 inhabitabo
1310 1381 1340 1431 in
1355 1381 1412 1432 illis
1425 1385 1448 1432 ct-
1463 1382 1537 1432 falci·
1547 1397 1587 1432 cos
1598 1383 1755 1447 uinbulaho,
1767 1389 1791 1436 cl

154 1479 280 1528 nostruin
294 1477 366 1540 palat
383 1473 420 1524 acl
432 1488 486 1532 vos,
497 1486 512 1523 o
523 1470 672 1533 Coriallu'i,
684 1485 729 1522 ror
742 1471 951 1523 nostrumdila-
994 1482 1038 1520 cro
1053 1470 1169 1520 illorum
1191 1468 1261 1520 Deris
1276 1473 1300 1520 et
1316 1469 1370 1535 ipsi
1389 1474 1471 1521 clunif
1492 1470 1566 1522 milri
1582 1473 1710 1537 pullulas.
1728 1472 1793 1525 Haec

154 1567 298 1626 lolrrmest,
309 1562 580 1627 noitungustr'umini
590 1559 709 1622 instabis,
718 1558 780 1611 ideo
789 1558 951 1627 ergolatum
994 1554 1078 1609 rerba
1090 1555 1194 1608 Christi
1208 1564 1282 1620 sunt,
1298 1556 1350 1609 hoc
1364 1563 1407 1610 est
1425 1556 1500 1610 enim
1516 1558 1590 1627 quod
1605 1566 1633 1611 et
1650 1559 1725 1612 inter
1739 1578 1792 1614 em-

154 1650 318 1704 mandatum
327 1654 409 1702 tuum
419 1647 509 1701 ralde.
522 1647 601 1710 Quod
613 1653 655 1700 est
663 1647 751 1700 latum
768 1646 953 1700 mandatnm?
993 1650 1055 1697 tera
1075 1644 1212 1697 ieremias
1233 1648 1352 1697 testatus
1371 1650 1422 1709 est,
1446 1645 1565 1698 dicens:
1596 1648 1656 1700 Post
1680 1648 1735 1701 hec
1762 1652 1791 1702 in

153 1739 320 1793 Maitduturn
330 1753 430 1790 tractim
440 1737 563 1801 (locabis,
576 1741 606 1789 ul
620 1753 663 1789 vos
675 1737 790 1789 latricem
805 1737 930 1802 diligatis
941 1754 949 1798 ,·
961 1726 984 1785 B
994 1735 1076 1787 terris
1089 1736 1163 1787 risus
1178 1737 1225 1798 cst,
1241 1739 1265 1787 ct
1281 1736 1356 1787 inter
1367 1735 1489 1787 lioine'nes
1500 1741 1673 1789 coitccrsclus
1688 1737 1793 1807 estf'llo-

153 1827 275 1882 ebaritas
290 1842 356 1895 ergo
372 1842 427 1879 non
443 1831 619 1894 angustatur.
639 1823 685 1877 Vis
699 1840 755 1877 non
771 1824 915 1894 angustari
924 1824 952 1878 in
993 1822 1063 1876 ruch
1075 1821 1120 1893 ηιξ.
1133 1821 1184 1874 llic
1202 1821 1278 1874 enim
1295 1821 1431 1875 habitavit
1446 1822 1474 1876 in
1493 1822 1582 1889 nobis,
1600 1824 1709 1879 dicente
1723 1842 1792 1896 apo-

154 1916 250 1971 terra?
266 1915 295 1969 in
317 1915 374 1968 lato
398 1913 493 1968 habita
508 1931 514 1966 ε
532 1913 667 1984 quidquid
687 1913 762 1967 enim
783 1912 834 1967 tihi
856 1913 953 1967 feccrit
993 1909 1065 1989 stolo
1079 1910 1186 1964 loanne
1202 1927 1207 1961 ε
1225 1910 1259 1964 Et
1279 1912 1391 1964 l'erbrnn
1405 1926 1469 1965 roro
1484 1914 1591 1979 sactum
1608 1919 1655 1973 cst,
1672 1919 1697 1967 el
1712 1915 1791 1967 liabi-

154 2005 249 2070 homo,
261 2021 317 2058 non
329 2008 357 2058 te
372 2007 513 2073 angustat,
530 2002 680 2073 quiaillud
697 2001 791 2071 diligis
807 2002 856 2056 Dei
878 2002 951 2072 quod
994 2001 1062 2052 tacit
1074 2001 1106 2052 in
1121 1999 1197 2052 nobis
1211 1997 1301 2067 (lonii.
1317 2001 1346 2066 ι).
1362 1999 1396 2052 Et
1409 1999 1473 2069 quia
1485 2000 1559 2054 Dens
1574 2008 1670 2056 noster
1683 2009 1735 2068 cst,
1752 2003 1793 2056 di·

154 2109 211 2148 non
226 2099 316 2159 nocet,
330 2093 413 2146 homo
428 2093 519 2146 Deum
534 2091 637 2159 diligis,
659 2091 867 2145 fraternitatem
890 2090 948 2143 dili·
993 2087 1031 2141 cit
1043 2087 1149 2141 iterum
1168 2087 1324 2141 heremias:
1347 2091 1398 2142 llic
1414 2093 1450 2142 col
1472 2091 1542 2143 heus
1564 2096 1662 2154 noster,
1682 2093 1793 2163 etquis

153 2182 207 2254 gis,
223 2183 315 2252 legem
326 2181 376 2235 Dei
388 2179 491 2250 diligis,
503 2179 653 2234 Ecclesiam
663 2179 713 2233 Dei
727 2179 837 2249 diligis;
851 2179 953 2249 sempi-
994 2176 1112 2247 populns
1122 2177 1183 2247 ejus
1195 2193 1302 2243 sumus,
1315 2176 1432 2230 dubium
1447 2193 1503 2231 non
1517 2183 1568 2242 est,
1584 2179 1705 2235 Ecclesia
1716 2182 1791 2235 enim

154 2277 236 2327 terna
249 2270 312 2336 erit,
324 2268 434 2323 laboras
456 2269 486 2323 in
500 2273 585 2334 terra,
602 2268 650 2321 sed
675 2267 820 2338 pervenies
843 2268 878 2321 ad
898 2267 953 2322 fru-
994 2264 1098 2319 Christi
1113 2270 1169 2331 cst3
1182 2265 1300 2336 ideoque
1315 2267 1440 2336 separari
1456 2283 1506 2321 nos
1516 2269 1575 2321 rult
1588 2268 1623 2321 ab
1638 2270 1713 2323 ornni
1728 2288 1793 2325 con-

155 2366 230 2417 ctum
248 2359 427 2430 promissum,
445 2357 507 2428 quis
521 2357 574 2410 tihi
586 2358 660 2410 tollit
673 2357 746 2428 qnod
762 2357 874 2427 diligis?
994 2354 1188 2420 luminatione,
1204 2360 1236 2408 ut
1254 2355 1387 2426 suscipiat
1404 2372 1455 2410 nos
1474 2355 1503 2409 in
1519 2357 1600 2424 filios,
1616 2358 1688 2412 sicut
1702 2359 1790 2414 dicit:

190 2450 336 2517 Quaecnim
343 2449 646 2516 participaliojustilia
654 2463 715 2500 cum
726 2449 892 2515 iniquitate?
902 2452 953 2500 cut
994 2443 1095 2505 filioli,
1107 2445 1198 2497 adferte
1210 2445 1350 2498 modicum
1362 2451 1465 2513 terripus
1478 2447 1616 2500 uobiscum
1626 2464 1688 2500 sitin
1700 2451 1789 2516 (loun.

154 2554 213 2608 que
226 2540 338 2592 societas
350 2538 407 2590 luri
416 2552 478 2589 cum
491 2533 627 2589 tenebris?
636 2552 695 2603 urar
708 2541 800 2589 (tillem.
814 2538 953 2590 conccntlo
995 2529 1061 2604 sur),
1078 2539 1106 2586 et
1121 2533 1188 2602 quia
1202 2532 1379 2603 omnipotens
1393 2539 1444 2599 est,
1461 2540 1529 2604 puto
1544 2534 1648 2605 ambigi
1664 2553 1720 2590 non
1742 2538 1791 2591 cle-

155 2626 331 2681 Cluistlcnm
342 2627 427 2678 llellal
439 2629 451 2677 l
461 2629 510 2676 aut
524 2641 583 2692 qua
591 2639 658 2691 piare
666 2625 742 2690 fideli
750 2641 811 2677 irum
825 2625 953 2690 iirftdelc?
994 2620 1058 2674 bere
1071 2640 1077 2688 ;
1089 2621 1112 2674 si
1127 2622 1202 2675 enim
1215 2622 1289 2676 sicut
1302 2621 1362 2693 ipse
1376 2623 1443 2675 dicit
1456 2640 1462 2674 ε
1480 2623 1649 2693 Ottaouiiqur
1659 2629 1728 2692 fucit
1743 2629 1792 2681 Pa-

154 2717 203 2783 pui
217 2719 310 2766 autem
326 2728 472 2765 consensus
488 2715 585 2780 templo
600 2714 649 2765 Dei
667 2729 730 2765 cum
751 2714 832 2765 idolis
851 2713 951 2778 (ilmbh
993 2714 1042 2775 tar,
1060 2712 1152 2764 callem
1165 2716 1189 2763 ct
1204 2711 1292 2764 Filius
1304 2714 1372 2779 fucit
1385 2714 1519 2765 simililer
1529 2714 1619 2777 (loun.
1633 2717 1671 2780 r),
1683 2713 1735 2769 hoc
1750 2726 1790 2770 est

154 2801 333 2856 Manifestum
348 2806 391 2854 est
405 2801 463 2853 haec
475 2816 537 2870 quae
551 2807 699 2853 enumerat
716 2817 777 2853 esse
800 2800 950 2866 contraria,
993 2799 1095 2855 Filium
1113 2799 1209 2853 omnia
1229 2815 1310 2870 posse
1329 2816 1390 2871 qum
1412 2805 1504 2870 potest
1523 2807 1552 2854 et
1568 2801 1660 2856 Pater.
1678 2803 1790 2875 Siquid

154 2907 186 2944 ac
199 2906 249 2961 per
262 2891 315 2944 hoc
329 2888 493 2957 fugiendum
508 2887 542 2942 ab
558 2888 602 2941 his
612 2888 693 2943 docet
702 2889 769 2959 quia
778 2889 846 2942 dicit
859 2889 952 2943 Domi·
993 2905 1049 2942 non
1062 2894 1154 2958 potest
1168 2889 1262 2947 Pater,
1277 2905 1333 2942 non
1348 2894 1440 2959 potest
1454 2896 1482 2942 et
1496 2890 1592 2957 Filius,
1608 2890 1656 2945 sed
1672 2892 1791 2948 idoneus

144 2995 223 3033 nus:
234 2980 316 3033 herrm
324 2983 407 3046 potest
419 2979 523 3030 duobus
533 2978 658 3031 Doiiiinis
669 2980 780 3041 seruire,
793 2978 836 3031 lex
846 2977 951 3031 etenim
993 2983 1035 3030 est
1054 2977 1141 3031 Filius
1161 2977 1208 3047 qui
1223 2977 1291 3032 dicit
1309 2977 1343 3030 de
1365 2979 1448 3031 Patre
1465 2997 1471 3031 :
1489 2979 1569 3047 hpred
1586 2982 1676 3035 licum
1695 2988 1791 3037 aretem

152 3066 292 3138 justitiam
313 3065 455 3138 praedicat,
473 3072 506 3119 ut
526 3065 651 3136 fugiatur
674 3065 817 3136 iniquitas.
843 3067 950 3123 Lumen
961 3054 982 3112 G
992 3069 1089 3119 omnia
1100 3068 1243 3135 possibilia
1253 3065 1426 3132 saiitlllann
1437 3074 1493 3135 xix)
1507 3087 1513 3135 3
1526 3068 1577 3121 hoc
1588 3069 1749 3124 testimonio
1763 3082 1790 3124 ct
1875 3106 1884 3115 ι

154 3156 287 3219 ostendit,
303 3155 378 3226 quod
387 3161 429 3207 est
443 3154 555 3221 veritas,
568 3161 599 3208 ut
609 3153 643 3209 ab
659 3154 827 3224 ignorantia,
841 3171 903 3227 qum
912 3162 953 3209 te·
994 3171 1044 3209 nos
1054 3155 1089 3208 ad
1099 3171 1200 3224 pamm
1210 3155 1295 3208 vitam
1305 3157 1468 3210 exhortatus
1478 3162 1529 3220 est,
1543 3162 1571 3210 et
1579 3157 1732 3211 Dominum
1743 3176 1790 3212 no-

155 3243 247 3298 nebrae
266 3249 340 3309 sunt,
356 3243 512 3297 recedatur.
530 3242 672 3297 Christum
697 3243 725 3296 in
747 3244 796 3297 Dei
817 3245 952 3315 mysterio
993 3248 1082 3298 strum
1096 3245 1202 3304 losum,
1212 3245 1271 3314 jam
1285 3245 1353 3299 olim
1363 3246 1452 3299 Deum
1464 3250 1591 3299 nostrum
1605 3254 1634 3300 et
1647 3253 1790 3318 susceptu-

154 3333 313 3397 annuntiat,
325 3339 356 3386 ut
375 3350 393 3386 a
406 3331 582 3402 diabolo,qui
596 3346 625 3385 se
638 3333 727 3386 Deum
750 3333 863 3387 mentiri
881 3334 949 3398 rult,
993 3349 1056 3386 rum
1079 3350 1129 3387 rios
1150 3334 1178 3386 in
1198 3333 1298 3387 affeetu
1319 3333 1462 3388 charitalis
1481 3351 1538 3388 suae
1560 3336 1788 3404 praedestinatum

154 3421 337 3488 abscedebam
354 3419 532 3475 credentibus
546 3420 632 3474 vitam
647 3421 794 3491 pollicetur
805 3428 950 3487 aeternam,
993 3422 1124 3476 ostendit.

155 3517 187 3564 ut
201 3511 320 3582 perfidia
341 3509 426 3575 exuti,
444 3509 478 3563 ah
502 3510 579 3563 omni
604 3509 758 3564 infidelium
780 3527 874 3565 errore
896 3511 952 3564 sint
1294 3511 1410 3565 CAPUT
1421 3512 1481 3567 Vll.

154 3599 249 3654 alieni.
266 3599 343 3654 Idola
358 3598 501 3669 prohibuit
521 3598 583 3663 coli,
601 3599 667 3668 quia
690 3599 795 3669 templo
814 3599 865 3653 Dei
886 3606 952 3654 sunt
992 3600 1107 3654 illonftio
1122 3602 1201 3654 utilis
1214 3602 1336 3668 Apostoll
1347 3603 1540 3668 prainitlilur,
1552 3607 1633 3670 utque
1649 3606 1790 3659 Corintlu'i

154 3687 278 3743 inimica.
306 3689 400 3758 (Coss.)
428 3686 519 3741 llahet
545 3688 766 3759 unumquodque
796 3688 894 3742 vitium
921 3688 951 3743 in
1115 3673 1310 3739 defffflssfl'll't
1329 3672 1406 3724 b‘WfS
1425 3675 1663 3727 ⁶⁰¹‘12lllss'ndsslllllf-

152 3776 236 3832 corde
250 3784 346 3832 nostro
361 3776 504 3847 propriam
517 3776 678 3842 stationem,
693 3793 777 3847 quam
792 3776 844 3831 sibi
858 3778 951 3833 vendi·
1027 3780 1082 3832 llas
1091 3778 1312 3847 igiturhobentcs
1319 3780 1523 3846 proinisslones,
1532 3780 1699 3847 charissimi,
1709 3798 1789 3834 ›reurr-

152 3882 219 3921 cans
235 3866 263 3920 in
278 3865 380 3921 anirnae
390 3870 492 3919 nostrae
502 3882 613 3919 recessu
626 3865 795 3920 exterminat
806 3867 947 3933 lsraelem,
991 3869 1085 3922 delitus
1101 3884 1148 3921 nos
1164 3869 1198 3920 ab
1208 3870 1286 3920 omni
1297 3869 1510 3935 fiiqrcinamenlo
1522 3871 1616 3921 carn-is
1625 3874 1650 3922 ct
1659 3872 1786 3937 spiritus,

152 3938 182 4009 id
196 3961 248 4020 est,
260 3954 526 4025 contemplationem
548 3970 643 4008 rerum
666 3970 841 4009 summarum
864 3961 949 4027 atque
986 3958 1156 4024 perficientes
1169 3958 1413 4022 sanctificationem
1425 3958 1457 4009 in
1475 3957 1573 4009 liotore
1587 3958 1645 4010 Ilei.
1666 3956 1787 4024 (Ambr.)

152 4048 323 4108 sanctarum,
341 4043 437 4112 eisque
453 4059 564 4113 semper
579 4043 720 4097 adversari
739 4060 795 4097 non
815 4044 946 4098 desinet:
990 4043 1137 4098 Manifesta
1154 4049 1221 4098 sunt
1241 4060 1302 4113 quse
1316 4044 1384 4098 dicit
1402 4044 1669 4113 :inquinamentum
1691 4051 1788 4101 tamen

152 4147 208 4185 non
219 4131 295 4184 enim
306 4135 424 4200 possunt
435 4130 552 4184 virtutes
562 4147 626 4184 cnm
635 4131 709 4185 vitiis
719 4133 946 4203 paritermorari.
990 4133 1081 4187 carnis
1090 4132 1244 4186 multifarie
1255 4132 1527 4203 intelligendumest.
1542 4133 1606 4188 Ideo
1617 4135 1721 4189 etenim
1732 4152 1787 4190 non

152 4219 219 4283 Quae
233 4218 309 4272 enim
324 4217 500 4289 participatio
512 4219 629 4288 justitiae
646 4236 710 4274 cum
723 4221 882 4290 iniquitate,
900 4226 950 4277 aut
990 4221 1068 4289 dixit,
1079 4221 1113 4275 ab
1123 4221 1337 4292 inquinamento
1348 4222 1448 4287 carnis,
1461 4223 1509 4276 sed
1517 4224 1551 4276 ab
1562 4227 1642 4278 omni
1656 4227 1788 4292 inquina-

152 4324 214 4379 quae
228 4307 346 4362 societas
360 4307 415 4360 luci
429 4324 493 4361 cum
507 4307 650 4362 tenebris?
661 4309 708 4362 scd
724 4325 787 4363 cum
808 4309 842 4363 ab
858 4311 948 4365 lsrae-
991 4316 1089 4375 mento,
1105 4316 1138 4364 ut
1151 4316 1212 4364 tota
1223 4310 1291 4364 vitia
1304 4311 1427 4365 carnalia
1440 4311 1589 4381 fugiamus.
1606 4312 1696 4367 Omne
1711 4314 1787 4368 eninr

151 4396 186 4452 lis
200 4398 313 4468 popula,
330 4397 358 4450 id
373 4403 424 4462 cst,
441 4396 616 4450 arirtutibus
633 4404 731 4451 eontra
746 4415 776 4451 se
791 4383 1064 4469 dimicanti-unod
1079 4399 1122 4452 lex
1141 4399 1270 4470 prohibet
1288 4400 1405 4454 carnale
1414 4406 1466 4466 est,
1484 4405 1513 4453 ul
1532 4404 1711 4469 perficiamus
1724 4419 1787 4457 sarz·

151 4485 203 4541 bus
217 4487 322 4541 fuerint
332 4485 398 4541 ritia
412 4491 552 4557 superata,
565 4486 656 4540 locum
667 4504 750 4557 quem
761 4487 814 4541 sibi
825 4487 855 4541 in
866 4489 948 4544 corde
990 4490 1110 4542 elitalcm
1120 4487 1243 4557 Spnrlltu·
1253 4491 1284 4543 in
1296 4493 1394 4543 tiinorc
1403 4491 1461 4542 Dei.
1477 4489 1659 4544 Sanctitatem
1670 4490 1709 4544 sic
1726 4508 1787 4562 per-

151 4579 246 4629 nostro
262 4575 491 4646 concupiscentiae
505 4575 549 4628 vel
567 4575 757 4629 fornicationis
771 4576 892 4647 Spiritus
907 4595 949 4631 re·
989 4577 1098 4631 ficimus
1108 4577 1236 4647 Spiritus,
1247 4577 1271 4631 si
1281 4577 1310 4631 iu
1321 4577 1423 4632 timore
1432 4578 1482 4632 Dei
1497 4585 1573 4632 reeta
1582 4594 1743 4650 sequamur,
1754 4587 1787 4634 ut

150 4662 266 4730 tinebat,
290 4663 422 4734 deinceps
445 4664 559 4717 castitas
580 4663 743 4729 continebit,
763 4683 846 4736 quem
870 4665 948 4720 furor
989 4664 1041 4719 sub
1053 4666 1166 4720 nomine
1180 4666 1284 4720 Christi
1299 4684 1317 4721 a
1330 4667 1449 4738 peccatis
1459 4683 1510 4721 nos
1518 4666 1785 4723 abstinentessaneti

150 4759 271 4821 ceperat,
290 4751 426 4820 patientia
450 4752 616 4820 vendicabit,
636 4771 719 4824 quem
736 4755 853 4809 tristitia
872 4773 947 4809 mor·
989 4754 1092 4821 simus3
1105 4754 1152 4826 qui
1164 4756 1239 4809 enim
1253 4755 1313 4809 sine
1327 4756 1510 4826 promissione
1524 4756 1627 4810 Christi
1641 4774 1659 4809 a
1672 4756 1785 4811 sitiisse

149 4845 207 4893 tem
221 4855 341 4910 operans
356 4848 547 4910 occupaverat,
560 4843 729 4897 salutariset
739 4843 822 4914 plena
831 4845 944 4913 gaudio,
988 4842 1117 4898 cohibere
1132 4844 1270 4908 ridentur,
1281 4845 1446 4899 sanctificati
1461 4851 1526 4899 sunt
1538 4846 1620 4914 juxta
1636 4846 1783 4909 mundum,

148 4927 265 4983 tristitia
278 4927 440 4998 possidebit,
456 4944 540 4998 quem
554 4932 652 4986 acedia
670 4932 806 4999 vastabat,
830 4933 946 5005 incipiet
986 4949 1043 4987 non
1057 4934 1211 4987 secundum
1226 4933 1277 4988 Dei
1287 4933 1433 5005 Spiritum.
1451 4934 1518 5005 quia
1530 4935 1684 4988 secundum
1693 4934 1784 4989 Deum

147 5017 238 5072 colere
253 5016 397 5078 lenitudo,
414 5031 497 5087 quem
510 5018 641 5088 snperbia
654 5021 842 5087 conculcabat,
854 5022 945 5077 humi·
986 5022 1013 5075 hi
1029 5023 1126 5076 mundi
1141 5028 1216 5087 sunt,
1232 5023 1280 5094 qui
1294 5023 1389 5076 fideles
1403 5027 1478 5088 sunt,
1489 5022 1583 5077 crateri
1596 5038 1662 5076 vero
1676 5024 1784 5093 quales·

146 5105 211 5160 litas
225 5104 393 5171 honestabit,
404 5111 433 5159 et
447 5105 487 5158 ita
498 5105 617 5175 singulis
625 5108 698 5162 vitiis
709 5111 832 5182 expulsis
846 5127 943 5165 eorum
984 5110 1026 5165 ris
1036 5111 1102 5178 sint,
1114 5112 1253 5167 immundi
1267 5118 1348 5166 sunt:
1362 5111 1497 5182 quidquid
1508 5111 1583 5165 enim
1597 5112 1657 5165 sine
1671 5111 1783 5166 Christo

145 5196 215 5260 loca,
232 5195 259 5248 id
270 5201 322 5260 est,
338 5195 452 5248 ellectus
466 5194 583 5248 virtutes
594 5198 739 5254 contrariae
749 5199 940 5270 possidebunt,
984 5205 1036 5267 est,
1051 5200 1229 5255 immundum
1239 5205 1290 5264 est,
1301 5200 1374 5255 sicut
1387 5199 1455 5254 dicit
1468 5200 1504 5254 ad
1516 5200 1611 5255 Titum
1622 5218 1627 5253 :
1640 5203 1708 5270 quio
1720 5204 1784 5268 trifi-

145 5300 207 5356 quaa
221 5283 271 5337 filii
284 5283 381 5349 lsrael,
396 5283 424 5337 id
439 5288 491 5348 est,
508 5283 608 5338 animae
624 5285 748 5341 videntes
769 5289 869 5355 Deum,
885 5306 941 5344 non
983 5291 1087 5343 delibus
1098 5290 1170 5344 nihil
1181 5290 1319 5343 rainildam
1331 5293 1378 5353 est,
1390 5290 1541 5357 frigin'nata
1552 5295 1590 5343 est
1599 5291 1674 5342 enim
1684 5304 1782 5343 corum

143 5371 285 5427 immerito
308 5377 516 5442 nuncupantur,
532 5372 580 5443 qni
602 5389 665 5428 cum
684 5375 828 5432 universas
850 5379 941 5433 cordis
983 5394 1060 5432 incas
1075 5383 1099 5432 ct
1113 5380 1280 5432 conscicntia
1298 5378 1362 5444 (Tit.
1380 5375 1410 5445 ι).

142 5460 300 5534 expulerint
314 5459 468 5530 passiones.
486 5477 542 5514 non
552 5466 611 5515 tam
630 5463 737 5518 alienas
751 5467 939 5536 possessiones
1017 5467 1110 5535 Capito
1125 5482 1182 5521 nos.
1199 5467 1343 5520 h'crnl'nem
1358 5469 1487 5529 lucianus,
1505 5470 1645 5521 ticiiiincm
1655 5471 1781 5537 corrupt·

142 5549 305 5622 perrasiese.
332 5565 416 5618 quam
447 5550 575 5620 proprias
601 5568 780 5623 recuperasse
807 5555 936 5610 credendi
980 5555 1778 5613 inuanuninemcircunnuniinus.Considerarevultillos
