3772 6120
120 274 173 332 tii
324 332 331 344 ,
417 272 450 328 Β.
470 270 607 327 uanam
625 268 742 327 naum
759 269 928 326 nitemur.
947 270 1110 327 nerNT.
1131 270 1281 327 ornauit
1298 268 1391 327 Pane
1408 269 1460 327 111.

123 418 137 453 ι
152 396 282 470 Superbi.
296 397 370 463 »Qui
380 396 664 469 magnasapinntpre
677 395 744 463 iilis,
760 411 821 467 qua
836 394 922 449 hahe-
930 400 1023 460 Atum
1036 395 1188 464 distantes;
1200 395 1300 467 etquia
1310 395 1471 451 taleserunt
1483 394 1525 450 illi
1540 393 1589 466 qni
1599 398 1624 449 tr

121 505 153 543 re
166 486 306 542 videntur.
318 485 510 558 «Blasphemi.
522 506 534 537 ι
544 484 724 556 Denegatieni
739 485 885 539 studentes
894 490 923 539 et
962 486 997 539 de
1013 485 1114 556 quibus
1125 485 1150 540 ei
1161 502 1267 540 senne:
1281 504 1293 535 r
1307 485 1342 539 Et
1352 485 1412 550 hos,
1429 484 1532 556 inquit,
1551 482 1624 541 devii

122 575 628 646 emnemeuramergadcregationern
634 573 778 629 habentes.
789 592 803 627 ι
815 575 922 629 Parcn·
964 592 978 626 ι
994 580 1089 628 autem
1104 579 1172 628 sunt
1190 573 1239 644 qui
1252 578 1402 645 penetrant
1414 573 1513 628 domes
1524 577 1555 627 et
1571 588 1625 644 eap

121 667 197 723 tibus
211 683 269 721 nen
281 664 453 719 obedientes.
473 684 486 718 i
503 664 622 718 Eridens
642 669 686 718 est
706 663 780 734 qued
800 662 919 734 adJ‘icit:
965 682 976 713 r
992 668 1060 716 eunt
1069 663 1257 729 mulierculas,
1268 668 1399 718 oneratas
1412 662 1544 733 peccatis,
1552 676 1617 733 quae

123 773 138 810 ι
153 756 269 828 Ingrati.
288 773 300 806 r
316 754 360 808 lid
375 770 432 819 ees,
449 753 496 824 qui
516 753 587 807 hene
603 751 657 806 sibi
679 751 791 818 iaciant,
811 768 877 806 nam
891 751 922 806 in
965 769 980 803 ι
994 751 1078 805 variis
1092 751 1239 806 desideriis
1253 767 1364 823 semper
1374 751 1514 805 discentes
1523 757 1554 806 et
1566 766 1624 807 nun

121 853 202 917 parte
217 860 367 916 pravorum
381 842 462 914 ponit
476 842 562 896 etiarn
579 858 627 895 eos
646 840 694 911 qui
707 839 842 895 beneficio
857 846 923 895 sunt
965 858 978 891 ι
994 840 1141 894 scientiam
1154 839 1281 894 veritatis
1294 840 1497 911 pervenientes.
1517 830 1624 912 ›ltaen

121 932 300 999 sublevati‚si
313 931 575 1002 nongratiasagant
587 928 702 1001 illisqui
717 928 924 984 beneticiacen·
964 928 1138 985 exstantibus
1152 929 1273 1000 illisqui
1283 929 1313 983 in
1322 928 1480 984 novissimis
1487 927 1624 984 cruntdie

120 1023 277 1079 tulerunt(
293 1020 418 1085 Scelesti,
437 1040 449 1071 i
466 1019 529 1073 illes
543 1017 612 1073 dicit
622 1018 670 1089 qui
681 1017 799 1090 justitiae
813 1017 922 1073 nudum
963 1034 1027 1071 rum
1041 1017 1070 1073 in
1083 1018 1204 1088 aenigma
1225 1017 1274 1071 isti
1295 1023 1371 1085 sunt,
1387 1018 1529 1072 decHnare
1546 1016 1584 1072 ab
1603 1017 1624 1073 ei

121 1111 256 1167 adhibent
270 1100 456 1180 diligentiam.
475 1107 565 1162 «Sine
580 1108 690 1172 ellectu,
705 1106 789 1161 iiiios
798 1106 867 1160 dicit
873 1106 922 1178 qui
962 1106 1037 1160 mum
1046 1112 1160 1161 tuarum
1170 1106 1355 1178 possibilitate
1365 1107 1498 1171 accelera,
1507 1106 1556 1178 qui
1565 1122 1620 1163 aua

120 1201 228 1256 nullam
256 1215 324 1270 erga
342 1213 514 1269 quemqnam
540 1196 671 1250 allectum
698 1196 796 1250 velunt
819 1195 922 1250 habere
963 1194 992 1249 in
1006 1196 1103 1249 demes
1118 1212 1180 1249 sese
1204 1195 1324 1250 alierum
1348 1195 1530 1267 immergunt,
1547 1200 1583 1251 ut
1599 1211 1624 1251 ac

121 1295 256 1362 sponte«
273 1287 511 1343 Criminatores.»
527 1285 581 1350 Qui
594 1285 714 1340 istorum
723 1284 850 1339 verbaad
859 1285 923 1339 ilios
963 1283 1072 1355 aliquas
1086 1285 1115 1338 in
1123 1284 1246 1339 deterius
1255 1285 1410 1351 attrahant,
1420 1301 1477 1339 nen
1487 1284 1551 1339 illas
1560 1284 1624 1341 mul

120 1385 150 1433 et
160 1378 280 1432 alierum
294 1377 328 1432 ad
345 1376 414 1430 istos
434 1375 609 1441 referuni,ut
623 1374 686 1428 iilos
700 1373 832 1428 intereos
845 1389 923 1428 com-
962 1389 1027 1427 rere
1041 1379 1107 1427 sunt
1117 1373 1179 1444 piae,
1196 1380 1225 1428 et
1238 1373 1344 1439 fideles,
1361 1374 1413 1427 hec
1427 1373 1502 1428 enim
1514 1372 1578 1428 lieri
1592 1372 1624 1429 in

120 1472 260 1522 mereant.
278 1485 289 1518 r
307 1464 527 1529 meminentes,
545 1482 557 1514 i
572 1463 634 1517 ilios
650 1462 727 1528 dicit,
743 1462 791 1534 qui
812 1448 846 1517 in
857 1479 923 1533 pas·
964 1468 1016 1527 est,
1031 1462 1080 1516 sed
1096 1462 1158 1516 ilias
1172 1479 1234 1533 quae
1244 1462 1419 1517 aestimantur
1431 1479 1492 1517 esse
1506 1467 1612 1519 nostrie

119 1556 245 1612 sionibus
258 1553 427 1609 infirmiores
441 1559 515 1608 sunt.
525 1551 684 1612 «Immites,
696 1572 709 1603 n
719 1556 749 1606 et
765 1551 828 1606 illes
842 1557 924 1622 putat
963 1556 1031 1605 sunt
1043 1567 1108 1605 vero
1122 1551 1198 1605 omni
1213 1551 1359 1622 pravitate,
1371 1557 1401 1606 et
1410 1568 1427 1605 a
1437 1551 1517 1607 nohis
1524 1550 1624 1623 quidex

121 1645 170 1717 qui
185 1644 289 1699 nuliius
303 1642 369 1697 beni
378 1641 554 1712 diligentiam
565 1640 662 1695 velunt
675 1639 810 1694 habere«
828 1640 924 1710 Ingra-
963 1639 1075 1694 discunt
1088 1639 1145 1704 iiia,
1171 1657 1234 1711 qum
1257 1656 1342 1711 agere
1358 1640 1534 1711 oportebant,
1548 1641 1624 1712 Juvat

121 1733 153 1800 ti,
171 1751 184 1785 i
201 1733 249 1804 qni
263 1748 320 1787 nen
330 1730 451 1785 libenter
461 1729 599 1785 bonerum
613 1729 707 1784 studia
721 1735 921 1799 exsequuntur.
930 1743 955 1805 Β
964 1728 1074 1784 nulium
1090 1745 1123 1782 cx
1137 1728 1266 1783 doctrina
1279 1736 1377 1784 nestra
1386 1730 1525 1800 recipiunt
1539 1734 1624 1802 prepi

121 1839 135 1875 ι
150 1820 320 1876 Proditores.
340 1839 355 1873 a
383 1820 420 1874 Ut
442 1818 517 1873 dicat
538 1817 704 1872 amicerum.
722 1817 887 1884 «Preterii,
905 1834 917 1868 i
962 1822 1051 1871 tatem
1065 1817 1201 1888 propositi
1216 1822 1246 1871 et
1254 1817 1354 1872 arbitri
1367 1818 1421 1885 sui,
1438 1818 1506 1889 quia
1520 1818 1573 1873 hac
1584 1818 1624 1874 rei

119 1910 211 1982 parati
226 1910 262 1964 ad
284 1909 400 1963 maium
418 1925 433 1961 ι
448 1906 552 1971 Intlati,
568 1925 582 1961 i
599 1906 732 1978 queniam
756 1922 921 1977 magnosa·
963 1906 998 1960 de
1011 1922 1096 1961 causa
1111 1906 1334 1972 intendentium,
1351 1923 1385 1961 ee
1400 1907 1473 1978 qued
1488 1905 1574 1963 verba
1592 1922 1624 1963 ee

119 2000 201 2071 piunt
214 1999 244 2053 in
263 1997 317 2064 his,
333 2013 396 2069 quie
417 1996 470 2050 sibi
485 1995 601 2050 minime
617 1995 730 2049 adsunt.
754 1995 804 2050 Est
825 2001 920 2050 autem
962 1993 1135 2067 perspiciunt
1167 1984 1342 2050 concurrere
1367 1995 1522 2050 desideriis.
1547 1996 1624 2053 Tem

118 2088 278 2143 differentia
292 2086 368 2141 inter
374 2086 480 2140 elatum
500 2093 529 2139 et
537 2085 677 2150 inflatum,
685 2082 819 2155 queniam
838 2083 922 2137 iniia-
963 2100 1029 2137 cum
1043 2083 1180 2138 memoria
1193 2084 1363 2150 futurorum,
1380 2085 1542 2139 consolatur
1555 2084 1624 2140 efiar

119 2184 165 2233 tus
179 2177 214 2232 ab
225 2175 342 2231 arbitrie
357 2174 531 2245 designatur,
541 2173 632 2227 elatus
645 2187 710 2226 rere
726 2170 923 2243 quiinserme·
963 2188 1025 2242 quae
1038 2179 1123 2226 antea
1133 2174 1194 2243 jam
1207 2173 1281 2227 sacta
1294 2173 1417 2227 luerunt.
1432 2192 1446 2226 a
1460 2174 1624 2237 Quemadmi

119 2264 201 2320 nibus
211 2282 241 2319 se
253 2265 361 2336 jactare
375 2260 528 2317 consucvit.
546 2260 723 2314 «Amatores
746 2259 922 2330 voluptatum
966 2280 979 2313 ι
996 2261 1067 2333 quit,
1083 2262 1197 2316 lemnes
1212 2269 1240 2316 et
1262 2262 1402 2316 Mambres
1426 2260 1624 2319 restiterunth

122 2370 137 2407 ι
153 2353 252 2424 magis,
270 2367 354 2423 quam
367 2349 453 2406 Dei.»
470 2348 524 2413 Qui
538 2348 695 2419 voluptates
702 2346 801 2419 pietati
813 2348 922 2419 proho-
965 2368 979 2403 ι
994 2355 1023 2403 et
1037 2349 1065 2402 hi
1080 2349 1215 2404 resistunt
1228 2350 1348 2418 veritati,
1365 2350 1495 2405 homines
1509 2356 1624 2424 corrupi

122 2442 264 2497 necandas
274 2455 335 2495 esse
345 2437 515 2493 existimant.
526 2436 591 2490 iiaec
600 2440 696 2490 autem
710 2451 766 2491 nen
776 2436 811 2490 de
820 2435 923 2490 exteris
965 2456 980 2492 ι
994 2436 1106 2509 reprobi
1119 2455 1187 2508 erga
1201 2439 1294 2494 fidem.
1312 2441 1444 2494 »Memor
1457 2448 1527 2507 esto,
1545 2440 1624 2513 inqui

121 2530 199 2597 dicit,
218 2529 268 2583 sed
284 2528 319 2582 de
341 2525 502 2581 domesticis
516 2524 654 2592 Ecclesiae,
671 2524 719 2595 qui
733 2524 804 2579 tales
828 2529 920 2578 erunt.
963 2527 1116 2582 secundum
1130 2529 1254 2600 Moysem
1268 2528 1337 2582 elim
1347 2528 1422 2583 tacta
1437 2529 1561 2597 luerunt,
1577 2529 1624 2587 cui

122 2620 194 2674 Nam
209 2623 238 2672 et
251 2617 287 2671 ab
300 2615 382 2671 initio
397 2631 489 2669 serme
503 2613 550 2668 iile
572 2613 607 2667 de
631 2613 735 2668 talibus
749 2613 811 2679 tuit,
829 2613 877 2684 qui
892 2613 922 2668 in
963 2616 1015 2670 riri
1030 2616 1205 2672 restiterunt.
1222 2618 1320 2688 ltaque
1339 2619 1418 2672 nulia
1438 2618 1625 2675 demiratione

121 2706 245 2761 deterius
259 2706 351 2760 solent
363 2720 486 2775 serpere,
494 2720 528 2758 ex
543 2703 591 2757 ille
601 2703 661 2757 ioco
676 2719 731 2774 que
741 2703 828 2758 dixit:
843 2704 923 2758 ‹Me-
963 2711 1014 2772 cst,
1031 2705 1096 2760 siet
1109 2723 1183 2760 nunc
1197 2707 1327 2761 hemines
1341 2707 1466 2779 corrupti
1481 2712 1576 2763 mente
1588 2724 1623 2763 ve

123 2811 216 2849 «mor
230 2799 290 2849 esto
304 2795 401 2849 iesum
422 2792 566 2848 Christum
588 2792 774 2846 resurrexisse
788 2809 821 2847 ex
845 2809 922 2848 mer·
963 2794 1072 2861 sistant,
1090 2800 1118 2848 et
1132 2795 1198 2865 quia
1222 2796 1343 2867 quadarn
1372 2797 1480 2851 ratione
1507 2797 1538 2851 hi
1553 2796 1604 2869 qui

123 2903 138 2939 ι
154 2885 220 2950 tuis,
234 2883 287 2938 »in
301 2881 494 2937 exhortatione
507 2896 542 2934 ea
555 2897 611 2951 qua
624 2880 773 2934 eonsilium
788 2880 858 2935 dans
868 2881 921 2952 ipsi
962 2888 1038 2949 sunt,
1054 2884 1176 2937 maxime
1194 2884 1224 2937 in
1238 2884 1375 2955 principie
1390 2884 1475 2938 sidem
1492 2885 1624 2941 simulant

121 2973 279 3040 Timotheo,
295 2969 469 3026 adversaries
490 2985 610 3039 arguere
635 2973 679 3023 est
691 2969 816 3036 adnisus,
832 2970 923 3041 quiet
963 2971 1059 3026 multis
1068 2972 1207 3037 videntur,
1216 2972 1263 3043 qui
1273 2973 1315 3026 vei
1322 2973 1418 3043 quales
1428 2974 1493 3028 sint.
1504 2993 1515 3026 r
1526 2973 1624 3030 Sedne

122 3063 226 3117 multos
235 3078 269 3116 cx
277 3060 333 3115 illis
343 3059 391 3131 qui
399 3057 528 3114 Ecclesiae
538 3056 771 3112 suntsubrertere
778 3057 918 3123 nituntur,
931 3058 977 3119 Ga
992 3059 1103 3125 vehunt,
1120 3060 1222 3131 inquit,
1236 3062 1366 3132 amplius,
1384 3061 1548 3133 insipientie
1559 3068 1624 3119 aute

122 3167 172 3223 pre
178 3150 349 3222 quibuscum
357 3148 426 3202 etad
438 3147 553 3218 plenum
565 3146 727 3201 consolatur
740 3153 839 3201 utnon
851 3164 919 3217 gra-
961 3166 975 3202 ι
990 3148 1139 3205 manifesta
1148 3149 1513 3215 eritsicutetidorumsuit.
1527 3151 1615 3208 »Non

119 3239 191 3292 viter
202 3238 282 3292 valde
293 3238 375 3301 serat,
383 3235 432 3290 sed
441 3234 571 3289 intendat
580 3233 694 3305 quidem
704 3251 754 3289 sue
772 3235 860 3306 operi,
878 3252 919 3290 se·
959 3237 1624 3311 denuoseoccultarequicunquesuntilli.hlani1

119 3333 219 3397 gregat
231 3343 296 3381 vere
310 3343 340 3380 se
349 3325 384 3379 ed
395 3325 537 3396 pienuma
552 3323 645 3394 pravis
658 3322 829 3378 hominihus.
839 3324 919 3379 Unde
959 3329 1017 3381 tern
1026 3326 1109 3381 saciet
1122 3344 1169 3382 ces
1184 3333 1295 3399 tempus
1307 3328 1388 3384 sicuti
1399 3334 1427 3382 ct
1441 3329 1554 3384 illorum
1570 3328 1624 3385 insi

120 3421 150 3470 ct
167 3431 241 3471 nunc
255 3413 335 3487 quasi
349 3412 397 3485 qui
406 3413 441 3467 de
448 3411 552 3467 talibus
562 3411 645 3479 dicet,
653 3428 715 3483 quae
729 3418 795 3467 sunt
804 3413 918 3485 quidem
959 3415 1138 3470 manifestam
1148 3417 1221 3483 tecit,
1230 3417 1624 3491 ettemporesubsequenti.N:

120 3504 270 3577 aliquando
286 3503 315 3558 in
328 3501 486 3557 novissimis
500 3500 599 3555 diebus
616 3501 659 3555 rel
672 3501 853 3572 temporibus,
870 3502 918 3575 qui
957 3503 1133 3575 interrogant
1160 3506 1284 3576 quidam,
1309 3506 1384 3560 unde
1413 3507 1507 3578 potuit
1530 3506 1624 3564 beatus

120 3594 172 3649 sub
188 3593 280 3666 specie
293 3591 512 3647 domesticorum
526 3590 616 3645 acturi
637 3595 703 3644 sunt
724 3590 773 3644 illa
785 3608 847 3662 quae
861 3607 917 3646 nen
959 3609 1126 3663 cognoscere
1141 3594 1256 3649 nornine
1270 3595 1393 3661 iliorum,
1408 3596 1456 3666 qui
1475 3596 1624 3653 restiterim

121 3689 232 3755 opertet
246 3681 316 3736 fieri.
327 3680 429 3750 (Grec.)
453 3680 492 3734 Ex
505 3679 558 3732 hoc
571 3677 654 3732 corde
667 3678 720 3733 hoe
732 3678 858 3749 gignritur
869 3694 917 3733 su·
959 3682 1055 3737 multae
1067 3682 1194 3738 stultitiae
1206 3684 1322 3754 dignum
1338 3691 1390 3738 est.
1400 3684 1561 3739 Ridiculum
1572 3690 1624 3741 etei

119 3770 336 3843 perborum,qui
346 3766 688 3838 nisilieumeupcrhiende
696 3773 917 3835 contemnerent,
959 3771 1624 3843 Meysemquidcm‚tantaoniescfactavideatur

121 3876 300 3933 nequaquam
309 3864 353 3913 tet
363 3856 471 3913 lubrica
480 3855 649 3911 lasciviendo
661 3861 850 3928 penetrarent,
858 3856 918 3928 qui·
957 3858 1085 3930 iliaque
1100 3861 1197 3915 multis
1211 3867 1292 3915 erant
1304 3862 1420 3925 incerto,
1437 3862 1590 3917 memorari
1599 3870 1624 3919 ei

119 3951 171 4005 bus
184 3949 320 4004 nimirum
334 3946 428 4001 herbis
442 3945 599 4000 Behemoth
615 3944 748 4016 pascitur,
765 3946 813 4017 qui
832 3946 862 4000 in
877 3945 917 4001 eis
956 3954 1052 4002 terum
1063 3965 1132 4020 ques
1147 3966 1230 4004 neme
1242 3957 1310 4005 tunc
1324 3951 1394 4005 scire
1410 3958 1543 4022 poterat:
1560 3952 1624 4008 Pau

118 4043 346 4112 poenamaetemae
363 4034 461 4089 mortis
475 4033 602 4089 esuriens
616 4050 715 4088 corum
725 4034 841 4105 perditis
855 4050 916 4089 me·
958 4036 1091 4092 demirari
1098 4037 1122 4092 si
1131 4038 1251 4093 duorum
1259 4039 1406 4094 hominum
1416 4040 1544 4105 nominat
1559 4042 1609 4113 qui
1622 4082 1624 4091 .

117 4127 195 4183 ribus
205 4126 334 4191 satiatur,
341 4122 454 4195 superbi
463 4122 539 4177 enim
547 4122 632 4192 huius
642 4121 736 4177 saeeuli
747 4128 776 4177 et
790 4123 813 4176 si
829 4139 917 4194 quan-
956 4126 1157 4193 rant,vaiuerit
1170 4127 1272 4181 dicere.
1282 4127 1355 4182 Nem
1365 4134 1394 4182 et
1408 4131 1563 4184 secundum
1577 4135 1624 4186 tra

117 4215 153 4272 de
168 4222 279 4271 aeternae
291 4210 507 4284 dispensationis
516 4211 614 4266 ordine
623 4210 768 4282 prepediti
778 4211 813 4265 ad
821 4212 916 4283 exple-
956 4214 1138 4286 antiquorum
1146 4215 1287 4271 istaiilum
1295 4217 1366 4271 scire
1375 4217 1447 4272 nihil
1459 4217 1523 4272 neri
1531 4218 1624 4276 tuitii

118 4304 195 4361 tione
209 4318 359 4376 pravorum
373 4316 489 4372 eperum
498 4304 815 4371 ceasant,pravatamen
829 4300 858 4354 in
872 4318 916 4356 ce·
955 4308 1054 4358 notatu
1071 4303 1187 4376 dignum
1200 4311 1252 4370 est,
1264 4306 1339 4377 qued
1351 4307 1462 4361 videtur
1476 4308 1550 4378 apud
1567 4308 1624 4364 mul

118 4393 255 4467 gitatiene
264 4388 460 4462 multiplicant,
473 4387 556 4442 mede
570 4393 602 4443 ut
615 4404 645 4442 sc
658 4389 830 4460 potentiores
839 4377 1078 4447 eaeteDstioncm
1101 4410 1222 4460 merere,
1248 4394 1485 4465 quemadmodum
1508 4397 1537 4451 in
1564 4414 1624 4471 supi

117 4485 156 4539 ris
170 4483 254 4540 rebus
267 4487 296 4536 et
309 4477 631 4545 honoribusestendant,
646 4477 729 4532 mede
743 4484 776 4533 ut
788 4479 917 4534 eamdem
957 4480 1068 4547 dixerit,
1098 4498 1112 4533 e
1137 4482 1260 4537 multum
1281 4484 1439 4555 proficiant,
1457 4487 1534 4540 ·hoc
1561 4503 1624 4542 vcro

117 4590 199 4628 auam
213 4571 367 4644 potentiam
377 4569 406 4623 in
418 4566 512 4623 studio
519 4565 617 4622 aliena
626 4566 748 4621 laesionis
757 4573 914 4635 exerceant,
957 4568 1036 4637 dixit,
1055 4570 1132 4625 «sed
1146 4587 1203 4626 nen
1220 4573 1368 4644 proficient
1389 4575 1519 4645 amplius.
1537 4595 1551 4628 n
1567 4574 1624 4631 Dici

118 4661 201 4715 medo
213 4665 246 4714 ut
259 4658 374 4714 lubricis
387 4655 510 4712 motibus
524 4656 601 4711 ducti
624 4672 674 4727 per
695 4655 770 4711 tacta
792 4674 822 4712 se
844 4657 918 4713 levia
956 4658 1012 4714 ista
1025 4675 1080 4714 nen
1095 4662 1249 4715 secundum
1273 4679 1374 4716 ranam
1389 4679 1452 4716 eam
1468 4663 1590 4736 denique
1604 4681 1624 4719 n

116 4748 327 4820 voluptatesque
342 4747 504 4812 dissolvant,
526 4744 657 4816 quidum
679 4744 762 4801 rebus
784 4746 917 4802 divinitus
957 4747 1013 4803 iilic
1024 4748 1099 4802 enim
1121 4748 1198 4815 dicit,
1224 4751 1379 4820 proficient,
1396 4752 1431 4805 de
1446 4752 1501 4807 iliis
1523 4753 1624 4809 dicens

117 4835 237 4908 acceptis
247 4851 425 4906 nequaquam
440 4840 526 4902 recta,
540 4835 589 4889 sed
603 4851 689 4906 prava
708 4851 820 4907 semper
833 4852 917 4907 agero
957 4844 1092 4909 quuntur,
1101 4843 1131 4893 et
1141 4839 1216 4911 quod
1226 4856 1371 4911 antiquam
1381 4842 1505 4911 poterint
1518 4841 1624 4899 detieen

119 4924 253 4997 cogitant,
269 4922 336 4994 quid
359 4923 436 4978 aliud
449 4923 556 4978 iaciunt
569 4923 624 4978 nisi
637 4924 695 4979 suis
708 4930 806 4979 centra
819 4924 916 4979 Demi·
956 4926 1110 4982 secundum
1124 4927 1200 4982 dicta
1214 4945 1312 4983 eorum
1326 4929 1443 4984 faciunt.
1459 4930 1566 5002 Adjicit
1575 4932 1624 4988 der

117 5013 275 5072 numdenis
287 5016 438 5083 pugnant:
465 5013 531 5083 quia
544 5012 632 5083 igitur
650 5013 805 5068 Behcmoth
819 5013 872 5067 iste
885 5012 916 5067 in
956 5031 1021 5068 cens
1037 5035 1043 5068 :
1062 5022 1117 5070 «et
1130 5033 1223 5072 sermo
1251 5035 1349 5072 eorum
1374 5025 1407 5073 ut
1434 5036 1534 5074 cancer
1552 5020 1624 5093 serpi

118 5104 303 5178 superborum
316 5099 457 5154 mentibus
467 5117 519 5156 sue
532 5117 644 5173 semper
656 5118 707 5173 per
719 5101 860 5157 desideria
873 5118 916 5156 re·
955 5120 1021 5159 rere
1034 5103 1065 5158 in
1079 5105 1139 5159 lece
1152 5106 1226 5177 apud
1241 5123 1288 5161 ces
1303 5107 1350 5178 qui
1373 5108 1527 5180 depravare
1550 5108 1624 5167 suffit

118 5192 267 5266 cognoscit,
279 5188 358 5263 quasi
375 5187 477 5243 herbas
492 5189 521 5243 in
535 5190 677 5245 montibus
690 5190 805 5257 invenit,
813 5190 915 5261 quibus
956 5191 1078 5259 ritatem,
1088 5193 1157 5248 dixit
1170 5211 1226 5249 nen
1248 5196 1383 5266 preficere
1403 5214 1460 5264 ees,
1476 5197 1543 5270 quia
1565 5197 1596 5255 in
1617 5216 1624 5273 ι

116 5282 252 5337 refectum
266 5297 325 5336 suae
339 5276 453 5332 malitiae
462 5282 589 5333 ventrem
604 5278 704 5334 tendit.
714 5278 794 5335 Unde
809 5278 915 5349 optimc
955 5280 1116 5352 frequenter
1131 5284 1213 5339 multi
1232 5284 1361 5339 hemines
1376 5302 1412 5340 nc
1439 5286 1495 5342 illis
1510 5286 1624 5345 nesciae

117 5369 234 5441 adjicit:
252 5389 263 5420 ι
279 5367 421 5423 Habentes
434 5364 553 5420 formam
567 5367 689 5438 pietatis,
709 5368 842 5422 virtatem
864 5384 915 5422 au·
956 5369 1028 5425 ciem
1036 5374 1385 5428 eorumaeschcmaseium
1392 5382 1558 5446 agnoscunt,
1574 5393 1624 5449 qm

118 5477 132 5512 a
148 5463 207 5513 tem
216 5458 277 5528 ejus
290 5456 471 5527 abnegantes.
485 5454 624 5527 »(Amtr.)
637 5457 841 5512 Etsimulantcs
850 5457 914 5528 qui·
955 5460 1078 5513 currenti
1094 5461 1250 5515 necessarie
1260 5463 1425 5533 dogmatum
1431 5481 1530 5520 eorum
1544 5464 1624 5521 suhvr

117 5547 334 5603 demsetcnerc
346 5544 491 5615 pietatem,
508 5559 526 5598 a
543 5545 656 5615 negotio
677 5562 743 5602 vere
764 5544 825 5619 ipso
839 5545 913 5600 mul-
953 5555 1151 5620 cognoscentes
1172 5549 1276 5605 habere
1299 5551 1329 5606 in
1354 5552 1397 5608 his
1424 5559 1576 5627 poterunt,
1592 5572 1624 5630 qr
