3772 6120
5 324 8 329 ·
119 296 171 357 5⁰3
412 298 445 355 B.
465 297 603 356 munt
621 299 737 359 multi
755 299 925 359 asomum
944 298 1107 356 HOGUN‘I'.
1127 297 1387 356 consumptus
1405 297 1456 356 m.
1702 298 1758 354 504

117 427 285 491 mersat,
300 428 331 479 et
343 423 383 478 sic
396 423 491 480 omnis
504 423 580 496 apud
593 426 656 481 illos
670 427 701 481 in
716 427 853 482 charitate
866 426 996 487 iia-Asti
1007 423 1184 496 t(Psol.x11)‚
1202 424 1314 496 aliaque
1328 424 1374 478 his
1392 423 1506 479 similia.
1522 424 1620 479 Oratio
1640 427 1760 479 mcum

117 513 187 568 bant
200 517 234 567 ut
250 511 459 568 delectarentur
481 514 576 585 potius
605 531 701 571 coram
725 516 855 572 omnibus
869 533 915 571 re·
955 513 1037 568 dicit:
1050 513 1245 584 blurificouite
1259 519 1468 584 superterram,
1485 528 1552 582 opus
1563 514 1760 567 consummaui

118 602 264 675 prehensas
274 617 336 673 qua
348 605 445 657 umen
456 603 676 675 opushabebant
690 605 916 678 utreprelrende·
955 603 1210 671 quoddedistimibi
1217 608 1249 657 ut
1261 603 1381 670 [acerem
1396 603 1488 669 (loon.
1498 603 1579 671 svn);
1592 600 1651 655 sive
1661 600 1733 655 illud
1751 618 1757 653 ε

118 696 226 758 rentur,
245 696 367 746 etnemo
390 690 440 748 illa
458 708 520 763 quse
540 691 645 749 fiebant
659 695 814 751 secundum
827 695 914 750 ullam
955 691 1044 760 obpro
1058 693 1097 745 eis
1110 693 1249 760 sanctifico
1259 695 1404 761 mnprum,
1414 695 1447 744 ut
1457 692 1549 744 sinist
1563 693 1619 760 ipsi
1633 691 1761 757 sonctifi-

87 818 91 825 .
117 777 266 835 incusabat
287 780 436 835 rationem.
465 781 559 836 Etiam
585 798 650 850 repo
669 789 693 837 st
725 789 758 850 te,
783 799 915 853 qumans
955 782 1011 834 coti
1025 782 1185 834 inveritate
1198 781 1302 850 (ibid).
1318 779 1472 835 Postulaiio
1496 785 1548 845 est,
1574 794 1640 834 cum
1667 777 1757 832 dicit:

116 884 241 938 compar,
257 869 359 938 adjuvo
374 872 448 925 ilios.
465 869 586 935 Quidam
600 869 714 926 beatum
729 871 849 927 Paulum
860 872 916 927 exi-
955 870 1046 933 Pater,
1062 884 1128 938 quos
1147 869 1248 923 dedisti
1265 870 1345 934 mibi,
1367 873 1425 924 uolo
1443 874 1476 923 ut
1493 870 1543 922 ubi
1561 884 1608 937 eqo
1627 883 1703 934 sum,
1734 873 1759 921 et

117 957 305 1013 stimarerunt
318 956 382 1012 hinc
394 974 509 1014 uxorem
522 957 654 1015 habuisse
663 966 693 1014 et
705 960 741 1014 sd
759 961 838 1016 illam
846 960 915 1015 scri·
956 959 1011 1026 ipsi
1023 960 1202 1024 sintmeoum,
1214 962 1246 1012 ui
1255 959 1497 1026 oideonioloriovn
1508 972 1600 1012 msam
1614 972 1702 1027 quom
1714 956 1758 1009 do

118 1045 188 1102 bena
197 1062 320 1117 rogasse,
335 1047 416 1118 quasi
430 1047 567 1120 Philippis
581 1051 915 1122 commorantemNeque
957 1047 1024 1100 disti
1029 1045 1102 1100 mibi
1108 1045 1202 1117 (ibid.)
1217 1045 1268 1100 Vel
1284 1052 1369 1113 certe,
1386 1062 1450 1101 cum
1464 1046 1551 1101 dicit:
1573 1048 1665 1111 Pater,
1678 1048 1760 1113 iquo-

119 1135 156 1190 sd
169 1134 239 1190 illud
254 1135 433 1207 inspicientes
448 1137 582 1208 quoniam
591 1137 662 1192 dixit
674 1138 816 1194 affectiosa
825 1146 854 1193 et
860 1154 917 1193 non
957 1150 998 1189 sce
1012 1138 1060 1200 cis,
1077 1150 1133 1188 nost
1147 1137 1223 1189 enim
1246 1138 1339 1190 sciunt
1361 1137 1430 1205 quid
1450 1136 1563 1203 faciunt
1575 1135 1653 1206 (luc.
1670 1138 1760 1202 xxm).

119 1223 270 1290 affectiosa,
285 1224 360 1296 qnod
375 1225 434 1280 viro
449 1225 563 1297 quidem
580 1226 671 1298 aptari
687 1232 789 1299 potest,
805 1227 916 1283 mulieri
958 1222 1121 1278 Gratiarum
1131 1223 1205 1278 actio
1226 1231 1269 1277 est
1285 1265 1291 1278 .
1310 1223 1516 1295 Confiteortibi,
1532 1225 1625 1289 Pater,
1641 1223 1763 1278 Domine

119 1318 216 1369 autem
229 1329 434 1385 nequaquam3
459 1331 529 1386 quos
552 1315 735 1371 conveniebat
752 1317 838 1371 etism
847 1316 917 1372 illud
958 1315 1052 1367 calist
1075 1317 1163 1378 terre,
1179 1315 1247 1382 quio
1271 1314 1439 1367 abscondisti
1465 1312 1559 1367 borco
1589 1313 1764 1380 sapientibus

120 1402 254 1474 cogitare,
283 1402 416 1473 quonism
445 1404 623 1474 conjugalem
649 1404 745 1459 divina
773 1405 918 1479 Scriptura
958 1403 1119 1455 stroveiosti
1131 1416 1163 1454 eo
1174 1403 1366 1470 perculistis,
1380 1403 1471 1468 Potor,
1486 1404 1553 1470 quio
1567 1404 1608 1455 sic
1624 1400 1684 1471 [uit
1697 1403 1763 1468 pio·

120 1490 198 1547 nullo
212 1491 242 1545 in
255 1489 317 1546 loco
329 1491 410 1546 illum
424 1491 472 1562 qui
483 1492 589 1564 nuptiis
603 1492 724 1548 sociatus
729 1498 772 1548 est
781 1494 856 1561 dicit,
868 1494 918 1549 sed
958 1491 1046 1543 utum
1060 1494 1124 1544 onte
1138 1493 1163 1544 to
1179 1491 1251 1560 (Luc.
1268 1489 1307 1556 x).
1321 1489 1373 1543 Vel
1385 1495 1462 1544 certe
1486 1505 1550 1544 cum
1565 1488 1650 1544 dicit:
1668 1490 1763 1554 Potor,

122 1578 203 1634 illum
217 1579 265 1650 qui
278 1578 331 1633 sub
340 1580 439 1634 eadem
452 1579 508 1635 side
522 1586 583 1636 est:
600 1597 666 1636 nam
680 1586 711 1636 et
722 1582 859 1638 Dominus
870 1585 918 1654 ju·
958 1579 1066 1647 qratios
1075 1578 1186 1647 opotsbi
1194 1581 1328 1647 quonium
1343 1580 1450 1632 ouduti
1464 1595 1516 1639 nse,
1529 1578 1649 1632 sciebom
1668 1581 1764 1630 cutem

121 1683 190 1738 gum
204 1673 285 1723 vocat
297 1668 375 1723 illem
389 1670 629 1725 conversationem
640 1687 701 1742 qum
715 1671 841 1743 sublege
856 1679 916 1727 est:
960 1669 1027 1735 quio
1047 1682 1153 1736 scrupeo
1166 1683 1209 1721 ruo
1218 1668 1301 1721 nudis
1325 1669 1417 1735 (boon.
1437 1672 1485 1737 n).
1499 1667 1568 1732 Quos
1583 1672 1683 1721 temen
1697 1680 1766 1736 qua·

123 1759 219 1822 toilite,
251 1757 353 1827 inquit,
379 1760 483 1827 jupone
502 1775 604 1824 insum,
624 1763 759 1828 quoniam
777 1776 859 1815 suoru
881 1739 1026 1815 estBtuor
1036 1754 1272 1827 supplicationum
1284 1770 1391 1827 genera
1412 1755 1480 1810 licet
1496 1755 1663 1826 singillatim
1673 1770 1706 1809 ac
1720 1753 1766 1808 di-

125 1845 231 1913 (liottb.
244 1847 293 1914 rr).
313 1844 432 1901 Videtur
440 1844 554 1917 ergoad
576 1847 699 1918 aliquem
717 1848 838 1904 scribere
852 1850 921 1905 alle·
960 1860 1041 1898 verso
1057 1848 1184 1915 tempore
1206 1844 1361 1899 secundum
1385 1861 1470 1916 quern
1499 1843 1766 1916 comprehendimus

123 1937 171 1988 ctu
191 1938 220 1988 et
234 1934 289 1989 ilde
313 1933 369 1990 illis
391 1936 573 2006 conjunctum
598 1952 682 2007 quem
704 1943 732 1991 et
748 1936 877 1993 hortatur
890 1945 921 1994 ut
962 1932 1078 1987 modum
1092 1932 1167 1987 idem
1183 1933 1320 1988 Dominus
1332 1933 1491 1988 distinxerit
1504 1933 1766 1997 offerenda,tamen

124 2022 160 2077 ad
174 2023 352 2078 concordiam
366 2040 414 2078 aas
428 2040 479 2079 suo
493 2025 609 2080 reducat
617 2024 721 2093 studio,
737 2026 772 2080 do
787 2043 844 2098 qua
854 2044 922 2098 paco
963 2020 1049 2074 etiam
1064 2020 1149 2076 simul
1168 2039 1203 2076 ea
1226 2020 1256 2077 in
1278 2022 1483 2093 supplicatione
1497 2022 1623 2094 perfecta
1635 2036 1766 2092 compre-

125 2111 252 2182 disputat
264 2111 329 2178 illis,
358 2120 390 2166 ut
411 2118 440 2167 et
458 2113 576 2169 consilia
593 2113 649 2168 illis
668 2113 777 2169 tribuat
795 2114 878 2181 bona,
894 2123 924 2171 et
963 2109 1049 2164 hendi
1063 2126 1144 2182 poste
1155 2110 1230 2165 idem
1246 2111 1304 2167 ⁸111ss
1320 2112 1445 2166 ostendit
1460 2111 1603 2182 aemili&
1619 2127 1673 2182 1²0¹*
1687 2110 1766 2164 illm

125 2199 222 2254 omnia
231 2206 299 2271 agat
308 2217 373 2256 oum
382 2218 494 2256 summa
503 2202 659 2273 diligentia,
677 2203 718 2258 ita
732 2207 765 2258 ut
775 2204 810 2258 ad
820 2205 923 2260 unani.
963 2198 1070 2253 scilicet
1083 2199 1250 2267 orationem,
1260 2216 1346 2272 quam
1358 2200 1393 2255 sd
1408 2201 1494 2255 finem
1504 2199 1649 2271 Evangelii
1664 2213 1766 2254 secun·

126 2287 254 2343 mitatem
263 2289 326 2345 illae
335 2289 419 2345 faciat
432 2306 585 2357 recurrere,
597 2297 625 2347 et
633 2292 784 2347 ostendens
792 2294 926 2364 quoniam
967 2287 1178 2343 dumioannem
1193 2289 1386 2360 legimuseum
1393 2288 1586 2361 copiosissime
1595 2287 1767 2360 profudisse,

126 2375 218 2447 digna
227 2383 295 2432 sunt
308 2378 405 2433 multe
418 2378 657 2450 diligentiorum
666 2395 774 2435 mosum
786 2382 925 2437 ioborooo-
966 2393 999 2430 ex
1013 2377 1093 2448 cujus
1103 2381 1181 2432 textu
1191 2378 1259 2449 quia
1268 2378 1384 2449 longum
1393 2378 1711 2449 univer-sepenumero,
1728 2375 1768 2431 di-

127 2470 197 2520 runt
213 2469 245 2520 in
258 2468 417 2536 Euonqelio.
432 2467 552 2523 Evidens
562 2468 747 2540 ertqnoniam
762 2469 926 2526 alioubiitor
966 2465 1056 2535 ligeus
1071 2465 1222 2536 inquisitor
1237 2467 1296 2522 hac
1310 2467 1352 2521 its
1370 2484 1432 2522 esse
1445 2466 1573 2522 lectionis
1590 2466 1681 2537 ipsius
1695 2464 1767 2519 serie

128 2554 190 2623 ejus
204 2561 307 2610 secutas
321 2562 388 2612 sunt
407 2561 436 2611 et
449 2557 682 2612 ministraverunt
693 2557 719 2612 ei
733 2557 861 2629 implenti
875 2559 926 2614 do·
969 2554 1071 2624 poterit
1080 2555 1199 2622 edoceri,
1216 2572 1300 2627 quem
1318 2572 1433 2611 &insum
1446 2556 1598 2627 ΑΡθῦῒθῙῑΙ8
1612 2554 1769 2626 (1¹1⁰(luein

128 2642 248 2697 cirinum
261 2643 384 2715 pietatis,
392 2649 422 2699 et
435 2650 467 2701 ut
476 2661 512 2699 ne
520 2645 648 2700 videatur
661 2662 761 2718 puram
776 2647 927 2717 quamdam
968 2643 1394 2715 EpistolaedPhilippenseshas
1404 2643 1770 2716 quatuorsupplicationum

129 2729 222 2786 diuers
233 2730 454 2788 decertationem
464 2733 551 2788 addit.
565 2734 634 2789 Cum
643 2734 777 2789 Cleonente
788 2741 813 2790 ot
825 2741 926 2792 ceteris
967 2730 1073 2800 species
1079 2731 1256 2802 aliquantum
1262 2733 1411 2788 immutato
1421 2748 1528 2804 ponens
1538 2731 1638 2787 ordine
1654 2730 1769 2786 eviden-

130 2823 265 2888 operoriis
278 2824 357 2888 mois,
372 2837 492 2890 qnorum
507 2828 624 2877 nomino
638 2828 704 2877 sunt
722 2826 754 2877 in
769 2825 840 2879 libro
854 2829 925 2880 vira
966 2824 1012 2873 ter
1021 2819 1167 2891 expressit,
1181 2820 1360 2892 ostenditque
1373 2821 1476 2876 debere
1491 2837 1539 2876 eas
1564 2835 1771 2891 nonuunquam

108 2904 192 2962 'lloc
205 2914 257 2976 est,
274 2909 404 2964 similiter
425 2911 498 2966 sicut
527 2911 567 2964 illi
594 2910 837 2967 colloboraverunt
858 2913 928 2968 milri
968 2907 1053 2962 Simul
1067 2908 1119 2963 sub
1134 2909 1234 2964 ardore
1243 2910 1327 2964 unius
1337 2909 1550 2982 supplicationis
1562 2909 1669 2975 ΟΜ,
1681 2909 1723 2964 11⁸
1731 2907 1773 2963 di·

110 2993 168 3051 'ad
193 2996 350 3053 doctrinam
376 2999 489 3071 pietatis
513 3019 520 3068 ;
558 2999 671 3055 evidens
698 3005 742 3055 est
759 3001 835 3056 enim
864 3002 929 3057 hinc
969 3013 1050 3054 cens:
1066 2998 1148 3052 sedin
1159 3001 1584 3054 omniorotioneetobssorotione
1593 3015 1658 3052 cum
1665 3000 1774 3066 oratic·

132 3084 217 3140 ctiam
240 3085 310 3143 illud
332 3087 466 3160 quoniam
479 3083 592 3160 quaudo
612 3088 681 3143 dicit
693 3089 729 3143 ad
743 3089 903 3145 Corinthios
919 3087 1660 3157 :0rurnoctioncpotitionesvestrainnotsscontopud
1668 3086 1770 3141 Deum.

132 3173 269 3244 Nunquid
283 3193 339 3232 non
353 3178 483 3233 babemus
491 3181 802 3247 potestatemnvuiisresn
813 3182 932 3233 nocuis·
971 3174 1069 3245 (Aug.)
1084 3175 1141 3230 Per
1154 3176 1229 3247 quod
1243 3177 1332 3231 voluit
1344 3192 1395 3231 uos
1419 3177 1449 3230 in
1472 3176 1525 3231 hec
1538 3174 1688 3248 specialius
1705 3190 1773 3230 eru·

133 3262 290 3334 ducerem
307 3265 368 3321 Cor.
384 3270 434 3334 ns).
456 3264 600 3338 Nonquia
612 3282 757 3339 nunquam
776 3267 932 3323 circumdu-
972 3263 1042 3329 dire,
1059 3264 1134 3335 quod
1156 3270 1186 3319 et
1206 3265 1236 3319 in
1259 3266 1386 3320 emtione
1404 3266 1562 3336 gratiarum
1581 3264 1655 3320 actio
1670 3263 1779 3319 debeat

133 3351 206 3407 serit
221 3353 299 3421 dicit,
314 3354 363 3410 sed
386 3355 454 3426 quia
475 3372 531 3410 non
555 3372 674 3427 semper,
692 3356 767 3428 qnod
781 3361 811 3410 et
822 3357 932 3412 cautius
972 3368 1037 3406 cum
1046 3353 1235 3424 postulatione
1244 3354 1365 3409 misceri.
1385 3353 1465 3420 Quod
1485 3360 1581 3409 autem
1596 3353 1638 3408 eit
1658 3355 1781 3433 :Posiug

135 3438 215 3497 nobis
240 3448 369 3499 notatum
397 3449 449 3510 est,
483 3450 512 3499 et
534 3451 678 3499 ostensum
701 3449 745 3499 est
771 3445 800 3499 in
827 3445 933 3516 exposi-
973 3443 1191 3497 totionssuestre
1205 3447 1377 3498 innotescant
1391 3445 1466 3513 opud
1482 3446 1579 3509 Deum,
1599 3458 1659 3497 non
1672 3442 1716 3497 sic
1729 3458 1776 3497 rs-

135 3529 215 3586 tione
235 3531 325 3604 ipsius
345 3533 486 3604 Epistulae,
510 3539 539 3587 et
565 3533 669 3588 iterum
701 3539 765 3588 orat
786 3551 837 3605 pro
865 3534 929 3589 illis.
972 3529 1132 3601 cipiendum
1147 3533 1348 3603 tanquamDeo
1358 3534 1544 3600 innotescant,
1555 3532 1604 3604 qui
1618 3548 1679 3598 eas,
1688 3536 1719 3587 et
1727 3547 1776 3586 sn·

134 3618 254 3675 doudote
267 3624 300 3676 in
320 3623 434 3677 Domino
452 3639 567 3692 sempor,
590 3626 695 3676 iterum
715 3624 785 3688 dico,
807 3625 930 3691 quodne
973 3624 1088 3689 tequam
1099 3627 1201 3686 essent,
1215 3628 1354 3676 noverat:
1381 3623 1491 3693 sedpro
1506 3621 1773 3676 nobisinnotescaut

135 3706 195 3762 lioc
206 3714 259 3784 ost,
279 3727 392 3783 semper
400 3709 478 3766 vobis
491 3710 560 3766 talia
581 3710 702 3765 adsinte
724 3711 792 3777 Deo,
808 3728 858 3783 pro
872 3711 934 3783 qui·
973 3708 1143 3779 apudDeum
1154 3726 1206 3781 per
1218 3710 1408 3777 tolerantiam,
1423 3727 1480 3764 non
1494 3710 1568 3781 apud
1578 3709 1711 3765 homines
1726 3724 1772 3781 per

136 3795 188 3851 bus
202 3798 305 3869 gaudio
327 3800 442 3871 possitis
464 3799 587 3871 impleri.
615 3799 724 3855 Deinde
738 3800 816 3855 etad
831 3799 933 3855 exhor·
971 3797 1148 3867 jactantiam,
1165 3803 1215 3853 sut
1232 3798 1303 3853 forte
1327 3799 1506 3854 innotescant
1519 3798 1605 3853 etiam
1625 3798 1702 3870 apud
1724 3814 1772 3853 au·

135 3885 273 3942 tationem
285 3888 415 3956 vertitur,
432 3905 517 3960 quern
531 3888 622 3959 aptari
645 3895 757 3960 poterat
780 3888 819 3942 illi
832 3888 933 3943 exhor-
972 3885 1060 3955 gelos,
1085 3887 1134 3958 qui
1154 3893 1221 3942 sunt
1238 3888 1313 3959 apud
1331 3889 1431 3955 Deum,
1454 3894 1486 3943 ut
1509 3886 1772 3960 quodammodoeas

136 3975 238 4030 tativun
252 3992 313 4047 quoe
332 3977 492 4032 humilitate
505 3976 688 4032 suerstfacta.
700 3979 831 4032 Medulis
844 3983 933 4032 vestro
974 3973 1094 4030 offerant
1103 3976 1171 4043 Deo,
1186 3982 1215 4031 et
1230 3977 1265 4031 de
1279 3977 1323 4032 his
1339 3979 1497 4042 consulant,
1514 3984 1543 4031 et
1565 3977 1641 4048 quod
1655 3977 1715 4033 Deo
1727 3977 1774 4048 ju·

137 4069 202 4117 noto
216 4067 253 4119 sit
268 4067 397 4119 omnibus
414 4066 584 4120 luminibus.
602 4065 680 4120 Sicut
692 4070 722 4119 et
735 4082 783 4119 vos
797 4066 859 4120 volo
872 4082 934 4121 esse
973 4061 1058 4117 bente
1080 4064 1255 4136 implendum
1275 4083 1336 4122 esse
1349 4067 1541 4137 cognoverint,
1554 4066 1606 4120 hoc
1620 4063 1702 4120 nobis
1718 4064 1772 4120 eri·
1799 4058 1803 4063 ’

136 4152 340 4219 modestoque
353 4158 497 4207 utomnes
520 4169 605 4225 super
621 4159 744 4208 vestram
766 4153 933 4210 modestiam
975 4150 1075 4207 denter
1090 4155 1132 4207 vel
1154 4155 1275 4210 latenter
1298 4160 1453 4228 reportent,
1476 4156 1546 4210 dixit
1559 4155 1636 4209 enim
1655 4154 1773 4226 angelus

136 4239 255 4294 devobis
262 4240 450 4310 gratulentur,
462 4240 632 4311 etquouiam
643 4241 763 4296 modesti
771 4240 934 4313 frequenter
973 4241 1080 4296 homini
1093 4261 1098 4295 :
1110 4243 1182 4297 Cum
1191 4244 1375 4316 oraretis,ch
1380 4245 1469 4300 obtuli
1480 4244 1637 4299 orationem
1647 4250 1772 4298 vestram

136 4328 598 4401 solentnoceri,adjicittbominus
610 4345 694 4399 prope
708 4335 755 4397 est,
768 4331 843 4386 nihil
854 4333 932 4387 soili-
972 4330 1157 4402 inconspectu
1165 4331 1301 4386 claritatis
1307 4333 1376 4404 Dei(
1377 4333 1532 4403 Tobanldit
1537 4347 1594 4402 pao
1603 4333 1654 4387 Dei
1663 4347 1774 4401 quesu-

136 4421 188 4473 citi
197 4421 268 4474 sitis.
287 4419 365 4475 Licet
387 4418 568 4474 novlcitstem
589 4417 762 4485 sustineatis,
779 4419 866 4474 nolite
876 4420 1454 4496 sol·Dsuperatomnemsensuincustodiat
1465 4422 1548 4477 corda
1558 4427 1647 4475 cestro
1657 4423 1773 4475 scintu-

137 4508 205 4563 liciti
219 4525 290 4576 esse,
312 4525 398 4581 prope
416 4512 460 4564 est
476 4508 552 4563 Deus
575 4507 624 4579 qui
645 4506 722 4562 vobis
742 4507 932 4579 indigentibus
974 4507 1776 4580 bipontioscestrosinbbristolesuliooestipsevobisproe·

135 4597 209 4651 ferat
222 4598 368 4667 auxilium,
380 4598 465 4670 quiet
478 4602 577 4670 potens
592 4603 637 4651 est
654 4597 760 4668 eosqui
770 4606 871 4652 nocent
884 4615 932 4653 vos
973 4603 1030 4652 stet
1035 4597 1187 4669 perfectam
1193 4613 1290 4670 pacem
1295 4599 1343 4670 qui
1348 4599 1383 4653 sb
1391 4599 1521 4654 omnibns
1527 4597 1776 4670 pluspotest.Nam

136 4685 393 4758 punireQuidergo
399 4685 623 4742 convenitfscere
632 4702 679 4741 eos
685 4685 787 4757 quibus
794 4686 933 4741 necaturi
974 4703 1071 4759 pacem
1078 4686 1129 4740 Dei
1135 4687 1345 4759 supereminere
1356 4688 1530 4743 dixitomnin
1536 4692 1568 4742 ut
1582 4686 1657 4741 dicet
1669 4686 1775 4742 Deum.

136 4772 189 4828 Sed
202 4774 234 4826 in
248 4778 328 4827 omni
341 4779 497 4830 erutionoet
510 4777 692 4830 obsecratione
701 4779 933 4844 ouirsqrotiorum
1010 4778 1147 4831 Decotero
1154 4781 1248 4845 potres
1258 4793 1425 4847 quocunque
1440 4783 1590 4841 sentuoso,
1604 4790 1779 4844 quecunque

136 4861 243 4915 actione
255 4863 399 4930 petitiones
423 4870 517 4919 uestra
540 4869 714 4919 innotescunt
733 4866 809 4933 opud
834 4866 930 4920 Deum.
970 4866 1084 4934 pudico,
1099 4881 1268 4935 quacunque
1283 4869 1373 4936 justo,
1399 4867 1685 4935 quecunquesoncto,
1703 4879 1779 4933 qua-

138 4949 247 5019 tlsaac.)
263 4949 321 5003 llas
345 4956 467 5020 quatuor
488 4953 724 5024 supplicationum
750 4951 855 5023 species
869 4951 932 5007 illos
974 4969 1080 5022 eurique
1096 4956 1241 5022 cinobilio,
1260 4970 1427 5024 quacunque
1436 4958 1509 5010 bons
1518 4955 1610 5022 sarisa,
1619 4956 1645 5007 si
1652 4955 1779 5022 quouis·-

135 5036 371 5092 docet:itaetiam
380 5036 517 5093 Dominus
526 5041 652 5112 exemplo
663 5056 714 5095 suo
729 5039 809 5094 nobis
820 5039 933 5094 initiare
974 5046 1028 5108 tus,
1040 5045 1065 5096 si
1076 5058 1131 5111 quo
1154 5046 1216 5097 lons
1234 5045 1396 5113 disciplina,
1414 5046 1469 5098 boc
1487 5045 1600 5112 copitots
1614 5057 1675 5112 quar
1695 5046 1720 5095 et
1732 5042 1780 5095 ds·-

134 5127 325 5197 dignatusest,
334 5125 401 5181 utin
407 5125 460 5179 hoc
468 5141 579 5198 quoque
585 5128 717 5200 impleret
724 5128 793 5183 illud
799 5127 933 5199 quodipsi
972 5132 1078 5185 dicistis
1087 5136 1112 5185 et
1121 5135 1271 5201 accepistis,
1288 5139 1313 5186 ot
1322 5135 1442 5187 credistis
1452 5137 1476 5186 ot
1487 5132 1596 5186 uidistis
1605 5134 1637 5184 in
1648 5146 1705 5196 ms,
1720 5130 1780 5197 bas

133 5215 238 5270 dicitur
247 5233 253 5269 :
262 5217 326 5284 oue
334 5216 493 5285 capillosus
498 5216 617 5281 soceroet
624 5220 717 5272 docus
731 5218 799 5285 (Act.
810 5218 841 5285 1).
858 5217 932 5271 Nam
972 5221 1174 5286 spitualibus
1187 5223 1265 5275 Poris
1287 5226 1339 5275 erit
1348 5223 1495 5276 uobisuun.
1507 5218 1610 5289 (Amb.)
1625 5218 1778 5288 Veritatis,

134 5302 334 5359 obsecrationis
339 5319 430 5374 genus
439 5303 558 5357 assumit
563 5320 628 5358 curn
635 5305 715 5360 dicit:
728 5307 819 5372 Potor,
835 5308 861 5358 si
868 5321 932 5374 pos·
972 5306 1073 5378 inquit,
1090 5308 1264 5378 diligentiam
1275 5309 1417 5377 adlubete,
1426 5308 1576 5382 pudicitia,
1584 5307 1715 5378 justitia,
1725 5324 1779 5363 ca-

134 5392 271 5456 sibilent,
288 5397 412 5448 transeut
433 5408 499 5446 osne
510 5395 584 5446 coiis
599 5397 647 5447 isto
662 5395 772 5462 (Mollis.
789 5396 874 5461 xxvi),
887 5395 931 5449 vel
972 5397 1062 5464 static,
1070 5404 1102 5452 ut
1110 5398 1195 5464 dicut,
1205 5397 1352 5452 Abstinete
1373 5416 1422 5453 vos
1438 5398 1560 5470 apravis
1582 5395 1707 5468 negotiis
1717 5397 1780 5452 sic·

134 5478 203 5535 illud
226 5480 301 5551 quod
328 5497 361 5537 ex
375 5497 496 5552 perscm
517 5481 579 5551 ejus
600 5488 731 5537 cantatur
755 5482 783 5537 in
797 5482 927 5554 psalmo:
971 5485 1012 5539 uti
1027 5493 1056 5541 et
1063 5486 1102 5540 ibi
1119 5486 1197 5551 dixit,
1213 5486 1242 5539 in
1259 5487 1389 5542 omnibus
1403 5506 1451 5542 vos
1466 5484 1669 5559 comprobastis
1679 5490 1779 5543 castos

132 5569 504 5639 transmarinarum
517 5572 610 5633 inviso,
628 5587 767 5637 quorsum
782 5572 931 5641 dereliqui·
971 5588 1041 5635 esse,
1058 5574 1088 5628 in
1111 5574 1223 5644 negotio
1243 5580 1275 5627 ut
1289 5576 1411 5645 ageretis
1421 5576 1469 5630 illa
1504 5592 1546 5629 use
1561 5572 1696 5628 omnibus
1714 5573 1780 5646 pln-
