3772 6120
126 285 198 344 tait
863 293 1058 351 EPlSTOhAE.
1704 293 1776 352 1554

125 410 339 477 oilrilmlemus,
348 413 497 469 credamus
506 419 704 471 tantumreum
711 417 961 488 mortisexjudi·A
972 419 1002 474 in
1015 418 1112 472 futura
1121 416 1179 473 vita
1187 415 1332 488 percipere
1342 417 1518 473 mereamini.
1530 416 1565 475 Et
1573 418 1642 491 quis
1650 418 1777 492 predicti

126 500 316 557 cisroluntate
320 502 452 573 pendere.
463 504 505 557 Ne
514 505 663 576 quisquam
669 511 763 560 autem
774 506 932 577 putaretdi·
972 507 1074 562 iratrss
1090 507 1179 561 nostri
1194 505 1276 560 nobis
1286 507 1445 563 retulerunt
1454 523 1502 562 vos
1513 512 1645 579 expetere
1653 525 1776 582 opuseu-

127 590 933 665 vinojudicioherinonomneshominessalmridixithpo·
973 597 1031 650 lum
1044 602 1172 651 nostrum
1186 595 1216 649 in
1231 595 1344 650 laudem
1354 596 1444 651 crucis
1455 596 1560 652 Christi
1569 596 1777 654 dudumcouie-

128 678 219 734 stolus
231 697 237 732 :
249 701 263 731 ι
274 680 328 744 Qui
338 681 399 734 vult
408 697 505 735 omnes
519 682 610 737 salvos
620 683 682 737 ficri
693 686 717 737 ιΙ
730 685 800 737 Tim.
812 698 841 748 u,
859 682 897 753 4).
918 702 929 735 r
972 691 1058 751 ctum,
1068 690 1199 739 exrestro
1208 682 1291 738 serbo
1300 684 1777 754 rogantnsutilludvobistrensmit·

129 768 308 840 Quapropter
324 785 421 823 omnes
436 770 562 824 homines
578 772 626 842 qui
640 772 794 839 salvantur,
810 774 869 827 Deo
883 790 932 828 ro·
973 779 1073 841 terem,
1090 773 1246 828 voluntarie
1264 773 1317 827 leci
1338 774 1412 843 quod
1426 773 1572 844 rogabant,
1589 778 1619 830 et
1633 775 1775 847 preterito

129 855 206 912 lente
220 857 373 912 salvantur.
390 858 465 912 Deus
480 858 555 912 enim
571 866 667 914 noster
686 861 761 915 Deus
783 863 874 916 salvos
894 863 934 916 la·
973 878 1047 916 anno
1062 879 1112 933 per
1126 861 1257 916 nuntium
1271 862 1484 932 Gogauaardum
1500 862 1535 917 ad
1545 879 1597 917 nos
1606 863 1773 932 venientem,

129 945 232 1012 ciendi,
245 952 273 1001 et
283 946 395 1000 Domini
405 948 496 1000 exitus
507 949 616 1003 mortis.
631 950 666 1004 Et
676 950 791 1020 quiaim
800 951 829 1005 in
838 951 940 1006 lurore·
973 956 1003 1006 et
1012 951 1040 1005 id
1050 952 1143 1022 ipsum
1152 957 1338 1022 expetentem,
1353 953 1519 1023 opusculum
1529 951 1607 1007 robis
1619 951 1773 1019 transmisi,

129 1035 203 1106 ejus,
216 1039 245 1090 et
260 1034 359 1090 vitain
374 1036 516 1090 voluntate
536 1038 607 1106 cjuS,
626 1037 776 1109 intelligite
791 1040 888 1111 utique
902 1042 932 1095 in
974 1039 1127 1111 deprecans
1141 1045 1174 1094 ut
1186 1040 1313 1095 habeatis
1328 1040 1407 1106 illud,
1431 1048 1460 1096 et
1473 1056 1568 1096 coram
1583 1039 1661 1096 uobis
1682 1040 1776 1112 legere

128 1123 225 1180 nrore
236 1124 388 1194 justitiam,
406 1125 434 1178 in
449 1125 593 1181 voluntate
608 1127 839 1183 misericordiam.
856 1129 932 1183 Prm-
973 1129 1092 1196 faciatis,
1107 1129 1170 1183 etsi
1186 1128 1251 1199 quid
1263 1129 1292 1182 in
1303 1145 1336 1182 eo
1347 1129 1464 1199 dignum
1479 1134 1684 1201 atquegmtum
1696 1128 1775 1187 vobis

128 1212 348 1268 destinationem
363 1212 449 1284 igitur
464 1229 577 1284 negare,
588 1232 672 1286 quam
688 1217 763 1287 apud
774 1218 863 1272 Deum
871 1234 932 1272 esso
972 1216 1237 1289 reperiatis,dirinse
1244 1217 1342 1287 gratiae
1353 1218 1405 1272 hoc
1416 1217 1566 1290 deputetis,
1578 1234 1635 1274 non
1644 1219 1775 1276 humanm

128 1301 318 1375 probavimus,
334 1303 458 1357 immane
470 1302 677 1374 blasphemium
691 1311 734 1361 est
749 1324 755 1358 :
772 1323 857 1377 quam
876 1323 932 1362 non
974 1307 1095 1361 solertim
1111 1325 1116 1360 :
1133 1307 1177 1361 sin
1193 1311 1288 1360 autem
1308 1307 1472 1379 aliterquid
1487 1308 1591 1381 inipso
1614 1309 1773 1378 inveniatis,

127 1396 251 1459 tantum,
271 1392 345 1446 sicut
358 1392 454 1447 soletis
474 1393 576 1459 dicere,
598 1394 627 1447 in
646 1396 780 1466 apostolis
798 1395 933 1452 debemus
973 1411 1042 1449 meae
1057 1393 1213 1466 imperitia,
1234 1399 1264 1449 et
1276 1394 1422 1465 fragilitati
1436 1397 1566 1453 humanm
1580 1398 1672 1471 msgis
1683 1398 1775 1473 impu·

128 1480 266 1553 accipere,
277 1482 364 1536 sedet
376 1483 405 1536 in
417 1484 595 1554 patriarchis,
606 1489 636 1538 et
644 1484 798 1556 prophetis,
815 1499 844 1540 et
856 1502 932 1540 mar·
972 1484 1039 1538 tetis
1053 1500 1137 1555 quam
1153 1483 1266 1538 malitiae
1282 1501 1287 1536 :
1310 1485 1368 1555 qui,
1385 1491 1523 1556 quantum
1541 1487 1592 1543 Dei
1606 1487 1680 1543 dono
1694 1488 1773 1562 sapio

129 1569 250 1643 tyribus,
267 1576 296 1625 et
309 1571 523 1637 consessoribus,
537 1572 567 1628 in
581 1573 711 1628 omnibus
727 1574 830 1629 sanctis
843 1581 872 1630 et
887 1575 931 1630 di·
973 1578 1002 1627 et
1014 1573 1101 1638 valeo,
1112 1572 1217 1627 Christi
1232 1572 1346 1628 famulis
1356 1574 1546 1631 ctDominum
1554 1576 1719 1633 timentibus
1728 1584 1773 1634 at·

127 1675 186 1731 gne
197 1659 383 1715 servientibus
402 1662 470 1716 Deo.
491 1662 564 1717 Hinc
581 1679 664 1718 namo
681 1664 826 1734 glorietur,
848 1681 931 1720 nemo
972 1678 1026 1732 que
1040 1661 1202 1717 amantibus
1215 1667 1331 1732 gratum
1352 1664 1498 1719 servitium
1516 1664 1678 1737 impendere
1698 1666 1773 1723 desi·

126 1747 270 1820 desperet.
287 1749 369 1805 Solus
382 1750 457 1804 enim
470 1749 607 1806 Dominus
616 1752 670 1806 scit
678 1752 726 1822 qui
738 1758 805 1807 sunt
814 1754 885 1824 eJ'us.
897 1755 929 1809 In
938 1737 962 1798 Β
971 1750 1048 1816 dero,
1063 1756 1096 1805 ut
1109 1751 1161 1821 ipsi
1172 1767 1223 1822 pro
1235 1767 1279 1805 me
1293 1752 1389 1817 oretis,
1404 1758 1543 1823 quatenus
1552 1753 1663 1809 veniam
1674 1770 1773 1827 pecca·

127 1842 267 1909 quantum
282 1843 378 1894 autem
396 1855 557 1910 possumus,
573 1856 671 1895 omnes
685 1841 815 1896 homines
830 1842 863 1896 ad
878 1841 929 1897 bo·
969 1844 1062 1892 torum
1078 1855 1206 1894 meorum
1220 1839 1456 1895 clementissimus
1469 1841 1596 1897 omnium
1606 1843 1773 1901 serculorum

126 1941 199 1982 uum
211 1943 282 1998 opus
296 1927 486 1993 exhortemur,
497 1928 567 1984 nulli
581 1929 808 2001 desperationem
818 1931 927 1999 demus,
967 1926 1053 1996 judex
1068 1925 1137 1981 mihi
1152 1925 1262 1982 tribuat
1276 1932 1305 1982 et
1319 1927 1406 1982 vitam
1419 1928 1547 1985 conserat
1558 1930 1771 2002 sempiternam.

126 2031 181 2088 pro
195 2016 313 2071 invicem
330 2032 452 2083 oremus,
474 2018 505 2072 in
523 2023 675 2090 conspectu
692 2018 743 2074 Dei
763 2035 815 2074 nos
834 2020 929 2076 humi·
970 2014 1253 2086 Decreteroquoque,
1270 2016 1337 2087 quia
1349 2016 1523 2086 divulgatum
1534 2017 1563 2072 in
1573 2018 1635 2074 istis
1644 2020 1772 2091 pertibus

124 2102 230 2160 liemus
240 2104 380 2163 dicentes:
391 2124 403 2158 r
416 2106 479 2160 Fiat
488 2107 616 2162 voluntas
627 2113 685 2162 tua.
696 2125 709 2159 r
720 2108 812 2178 Ipsius
821 2109 929 2180 critpo·
969 2111 1080 2160 constat
1098 2104 1247 2176 quemdam
1272 2105 1400 2173 sciolum,
1425 2106 1540 2162 nomine
1564 2108 1769 2178 Getesealcum,

124 2193 382 2263 testatisJ'adicium
391 2195 421 2249 in
431 2194 643 2251 nobisdebitum
653 2201 763 2251 mutare
774 2197 930 2253 damnatio-
969 2194 1043 2267 apud
1058 2210 1105 2249 vos
1119 2210 1244 2260 manere,
1256 2194 1304 2265 qui
1318 2194 1490 2266 dOgmatitat
1500 2195 1575 2266 quod
1589 2196 1772 2269 pradestina-

123 2281 181 2348 nis,
195 2283 316 2352 gratiam
325 2283 580 2354 praedestinationis
588 2284 744 2340 indebitam
758 2302 926 2358 praerogare.
968 2284 1009 2339 tio
1024 2283 1075 2339 Dei
1090 2300 1203 2339 omnem
1216 2284 1359 2339 hominem
1368 2284 1408 2338 ita
1417 2285 1601 2357 constringat,
1615 2290 1647 2342 ut
1657 2286 1770 2342 etiamsi

161 2371 231 2426 Ecce
240 2370 336 2438 hebes,
349 2371 637 2441 dilectissimeirater,
649 2374 723 2445 quod
734 2375 839 2445 petisti.
857 2375 928 2430 Sen·
968 2372 1032 2443 quis
1046 2373 1113 2427 velit
1124 2373 1217 2428 salvus
1231 2373 1303 2440 lieri,
1326 2378 1356 2428 et
1376 2389 1428 2444 pro
1448 2373 1500 2427 hoc
1524 2374 1580 2429 ilde
1593 2379 1671 2432 recta
1684 2380 1769 2447 atque

122 2475 189 2515 sum
204 2460 422 2516 orthodoxorum
434 2467 519 2532 atque
529 2463 730 2518 catholicorum
741 2464 856 2518 Petrum
866 2463 928 2518 bre-
967 2457 1048 2514 bonis
1062 2460 1193 2532 operibus
1215 2466 1313 2527 certet,
1337 2466 1370 2516 ut
1394 2461 1429 2516 ad
1453 2462 1539 2517 vitam
1562 2467 1696 2519 aeternam
1717 2481 1769 2536 per

121 2548 197 2603 viter
209 2548 239 2603 in
253 2565 310 2604 uno
328 2548 423 2604 libello
437 2556 638 2617 constructum,
655 2553 690 2606 de
709 2553 885 2623 prescientia
898 2559 927 2608 et
967 2549 1017 2603 Dei
1030 2550 1150 2620 gratiam
1169 2549 1273 2617 veniat,
1289 2551 1394 2605 frustm
1408 2557 1437 2606 et
1451 2551 1592 2607 incassum
1609 2551 1727 2619 laboret,
1742 2552 1767 2609 si

122 2636 382 2709 predestinatione,
399 2638 434 2692 de
447 2639 540 2708 gratia
554 2644 583 2692 et
593 2639 681 2694 libero
692 2639 808 2694 arbitrio
821 2646 927 2696 :restat
967 2654 1023 2693 non
1034 2645 1078 2694 est
1090 2639 1306 2710 predestinatus
1320 2640 1463 2704 advitam,
1479 2641 1559 2712 quasi
1572 2641 1647 2697 Deus
1657 2641 1766 2714 prede-

124 2730 160 2781 ut
175 2725 274 2797 credas
298 2742 332 2781 ac
354 2727 521 2792 confitearis,
548 2728 605 2782 imo
625 2729 707 2783 lirma
727 2730 781 2783 srde
805 2735 834 2785 et
856 2747 926 2786 sana
967 2727 1118 2782 stinatione
1132 2745 1184 2782 sua
1197 2735 1280 2799 cogat
1300 2728 1442 2784 hominem
1461 2729 1589 2795 interire,
1605 2729 1654 2801 qui
1668 2736 1767 2786 auctor

121 2813 252 2870 doctrina
263 2814 327 2870 aliis
342 2816 476 2887 praedices
490 2818 564 2888 quod
581 2817 698 2871 credant
712 2823 741 2872 et
754 2818 922 2890 intelligant,
966 2822 1009 2871 est
1018 2817 1118 2870 salutis
1129 2823 1240 2883 nostras,
1252 2833 1308 2872 non
1319 2817 1494 2889 perditionis.
1506 2818 1608 2889 Etiam
1619 2817 1685 2873 hinc
1694 2819 1766 2875 mul·

122 2903 214 2959 Deum
226 2905 369 2975 praescisse
385 2905 473 2959 bonos
482 2910 512 2959 et
522 2906 610 2960 malos
621 2906 730 2961 futuros
746 2925 751 2960 :
768 2906 855 2962 bonos
872 2925 924 2964 su·
965 2910 1010 2960 tos
1018 2905 1048 2960 in
1062 2906 1287 2976 desperationem
1302 2906 1407 2961 suimet
1420 2906 1478 2962 haec
1488 2911 1566 2963 secta
1574 2906 1713 2979 perduxit,
1724 2907 1766 2964 ita

121 2981 306 3049 temtantum
319 3001 353 3049 ut
365 2994 451 3049 vitam
465 2999 599 3050 aeternam
620 2996 760 3068 accipiant
778 2998 923 3069 praedesti·
965 2998 998 3047 ut
1011 2993 1123 3048 dicant:
1140 2994 1212 3059 Quid
1227 2995 1297 3049 mihi
1317 3012 1430 3051 necesse
1452 3002 1496 3051 est
1516 3012 1567 3068 pro
1591 2995 1682 3052 salute
1700 3013 1765 3053 mea

120 3096 215 3150 mese,
237 3084 326 3138 malos
348 3099 414 3138 vero
437 3085 466 3138 in
489 3089 627 3140 aeternum
651 3086 791 3157 perituros
812 3092 922 3143 tantum
933 3054 995 3136 Get
1007 3081 1065 3137 rita
1078 3088 1183 3138 aeterna
1196 3083 1348 3139 laborare?
1367 3085 1433 3156 quio
1448 3084 1471 3138 si
1491 3084 1596 3140 bonum
1617 3083 1720 3153 iecsro,
1735 3090 1765 3142 et

120 3171 276 3243 pressisse,
302 3188 359 3227 non
379 3173 601 3245 praedestinasse.
626 3175 726 3229 Gratia
752 3182 847 3230 autem
869 3177 921 3232 Dei
962 3171 1318 3243 praedestinatusadvitam
1328 3189 1384 3229 non
1393 3190 1466 3239 sum,
1478 3173 1549 3228 nihil
1559 3173 1629 3229 mihi
1638 3173 1762 3246 prodest3

119 3265 260 3332 quotquot
269 3261 571 3316 salvillercntsalutem
580 3263 816 3335 adipisci.Liber0
825 3271 920 3320 autem
962 3259 985 3314 ei
1000 3265 1095 3316 autem
1109 3262 1216 3316 malum
1230 3279 1324 3332 egem,
1340 3262 1411 3317 nihil
1426 3261 1495 3318 mihi
1508 3262 1596 3329 0b0⁸h
1613 3263 1680 3334 qui&
1694 3278 1764 3335 ΡΜ·

116 3347 245 3414 arbitrio,
265 3350 339 3420 quod
362 3366 413 3422 per·
437 3351 520 3421 primi
545 3351 666 3407 hominis
691 3353 799 3423 lapsum
823 3370 921 3409 carru·
961 3348 1113 3407 destinatio
1132 3351 1182 3404 Dci
1201 3351 1331 3405 mesacit
1349 3350 1489 3407 advitam
1511 3357 1645 3406 aeternam
1663 3367 1762 3423 perre-

115 3443 200 3511 ptum
213 3438 315 3505 iuerat,
335 3455 398 3494 cum
422 3440 516 3493 divina
539 3440 648 3495 bonitas
674 3442 742 3496 illud
766 3443 919 3497 secundum
961 3437 1032 3492 nire.
1048 3439 1236 3493 Haectraditio
1246 3439 1342 3494 multis
1351 3438 1381 3493 in
1390 3439 1451 3493 istis
1461 3437 1588 3511 partibus
1597 3439 1760 3495 scandalum

117 3542 202 3583 suum
210 3527 345 3599 placitum
357 3529 589 3599 regerevoluerit.
600 3530 919 3601 mercedempromereri
961 3531 1013 3592 est,
1029 3532 1058 3580 et
1071 3526 1300 3598 predicatoribus
1312 3527 1453 3597 Evangelii
1463 3527 1590 3582 homines
1598 3526 1761 3583 inobedien-

116 3631 201 3688 posse
211 3623 387 3688 perpetuam.
397 3618 467 3671 Cum
478 3623 573 3672 autem
584 3619 667 3672 homo
677 3619 724 3672 illo
734 3618 860 3673 abutitur
870 3635 920 3690 per
959 3618 1003 3669 tes
1012 3615 1088 3679 facit,
1099 3616 1230 3686 quiajam
1239 3615 1462 3687 desperantesde
1472 3615 1630 3688 semetipsis
1639 3631 1688 3671 eos
1697 3615 1760 3673 red·

116 3704 290 3777 superbiam,
307 3722 363 3760 non
377 3705 469 3775 gloria
480 3708 552 3777 ejus,
568 3708 616 3761 sed
632 3724 714 3779 poena
726 3707 843 3778 dignum
857 3724 919 3763 esse
960 3703 1040 3758 didit.
1052 3704 1160 3758 Dicitur
1169 3704 1244 3759 enim
1254 3705 1314 3776 ipse
1326 3704 1525 3760 doctorsester
1534 3704 1625 3760 mults
1634 3704 1760 3761 testimo·

117 3799 265 3866 perpetua.
278 3795 394 3849 Occulta
402 3801 497 3849 autem
511 3802 596 3866 atque
606 3802 714 3851 secreta
722 3796 783 3861 Dei,
795 3812 857 3867 qum
867 3797 919 3851 soli
959 3793 1008 3847 nia
1020 3793 1190 3865 excerpsisse
1201 3793 1236 3848 de
1247 3793 1387 3864 opusculis
1401 3792 1557 3848 beatissimi
1566 3799 1595 3849 et
1603 3793 1759 3850 doctissimi

117 3888 219 3956 patent
229 3883 382 3953 cognitioni
396 3884 505 3951 divinae,
519 3885 660 3939 neminem
675 3885 794 3940 scrutari
804 3885 916 3950 debere,
960 3881 1051 3936 Patris
1060 3882 1220 3952 Augustini,
1232 3880 1332 3954 quibus
1344 3881 1445 3937 nititur
1454 3881 1759 3938 suamsententiamal'·

82 4011 89 4020 ι,
118 3986 156 4027 ne
170 3972 235 4043 plus
257 3973 352 4027 volens
375 3989 474 4043 sapere
492 3989 576 4044 quam
599 3979 710 4044 oportet
732 3991 841 4046 sapere,
867 3991 918 4046 pro
960 3973 1082 4036 lirmare,
1098 3987 1161 4025 cum
1176 3977 1350 4026 memoratus
1369 3971 1454 4027 Pater
1471 3976 1500 4027 et
1521 3970 1620 4028 doctor
1639 3971 1758 4028 catholi-

118 4060 238 4115 veritate
247 4061 397 4116 talsitatem
411 4067 499 4134 etpro
515 4068 591 4116 recta
603 4063 658 4116 lide
670 4064 823 4117 maximum
840 4079 918 4118 erro·
959 4076 1018 4127 cus,
1034 4065 1133 4115 contra
1145 4060 1310 4130 Pelagianos
1324 4059 1458 4127 scribens,
1470 4060 1518 4132 qui
1527 4061 1627 4133 gratiae
1634 4061 1686 4117 Dei
1694 4075 1759 4117 con·

118 4164 180 4204 rem
195 4150 348 4220 sequendo,
365 4150 393 4204 in
407 4150 553 4204 interitum
563 4150 694 4205 decidant
703 4152 915 4223 sempiternum.
960 4148 1040 4203 trarii
1054 4147 1251 4220 predicatores
1263 4149 1387 4216 luerunt,
1404 4149 1534 4205 defensor
1547 4150 1673 4222 ejusdem
1691 4165 1759 4222 gra·

405 4274 579 4330 EPISTULA
587 4275 624 4330 Π
960 4236 1016 4301 tim,
1032 4254 1087 4292 non
1103 4238 1263 4293 destructor
1272 4243 1354 4294 recta
1368 4239 1433 4294 iidei
1446 4239 1542 4295 tuerit.
1553 4240 1625 4295 Nam
1640 4239 1676 4294 ad
1688 4239 1758 4294 Pro·

629 4317 634 4328 '
962 4343 1075 4397 sperum
1090 4333 1119 4395 et
1133 4327 1272 4383 llilarium
1282 4326 1415 4391 scribens,
1429 4328 1525 4383 taliter
1535 4328 1571 4382 de
1579 4326 1759 4398 praedestina·

330 4398 365 4435 ’Ψ
381 4398 563 4437 “mmm
579 4396 709 4438 mmm·
927 4413 1251 4488 Dtioneetprssscientia
1258 4415 1408 4482 disserens,
1416 4416 1459 4470 ait
1469 4417 1648 4483 (llePraedsst.
1657 4420 1758 4483 sanct,

417 4495 461 4558 [¹⁴3¹
476 4496 624 4560 Sl¹ffl⁰¹¹d⁰l
961 4521 985 4558 c.
1001 4504 1046 4573 ιθ)
1063 4522 1069 4558 :
1087 4524 1102 4555 r
1118 4503 1331 4559 Praedestinatio
1352 4509 1404 4569 est,
1425 4520 1487 4575 quar
1503 4503 1566 4559 sine
1585 4504 1760 4577 prescientia

157 4592 399 4649 Reverendissimo
422 4599 507 4666 atque
530 4594 728 4665 probatissimo
751 4596 809 4650 riro
828 4595 921 4650 ilaris·
963 4609 1020 4648 non
1034 4598 1198 4665 potestesse
1210 4610 1217 4646 ε
1228 4598 1426 4664 potestautem
1435 4609 1497 4648 esse
1509 4593 1761 4666 sinspraedestina»

120 4696 211 4736 mano
225 4682 321 4736 comiti
335 4681 468 4737 lirairms
484 4683 634 4738 vilissimus
649 4700 792 4739 servorum
803 4685 832 4738 in
845 4684 924 4739 Chri·
963 4682 1040 4737 tione
1055 4681 1239 4753 praescientia.
1256 4681 1505 4737 Praedestinstione
1519 4682 1624 4756 quippe
1638 4684 1713 4739 Deus
1727 4698 1763 4739 ss

120 4774 165 4825 sto
177 4771 309 4825 salutem.
965 4771 1103 4843 prmscivit
1120 4787 1181 4842 quae
1193 4770 1285 4825 iuerat
1298 4770 1358 4842 ipse
1380 4771 1524 4838 iacturus3
1545 4773 1620 4828 unde
1635 4771 1737 4829 dicimr
1752 4789 1759 4825 ι

156 4859 353 4916 Referentibus
365 4861 444 4915 nobis
465 4862 599 4917 fratribus
618 4863 730 4927 nostris,
755 4864 811 4937 qui·
822 4869 923 4935 preste-
967 4877 981 4912 s
997 4860 1074 4915 Fecit
1091 4876 1153 4931 quar
1171 4859 1268 4916 lutura
1286 4866 1370 4926 sunt3
1388 4880 1401 4911 r
1417 4860 1546 4931 praescire
1561 4866 1657 4917 autem
1670 4864 1764 4933 potest

120 4947 176 5004 rito
189 4954 317 5021 tempore
332 4950 450 5004 Romam
461 4958 652 5021 perrexerunt.
665 4951 782 5007 Ascriho
795 4953 925 5008 videlicet
965 4949 1051 5004 etiam
1075 4965 1136 5020 quar
1151 4949 1211 5020 ipse
1230 4965 1285 5005 non
1306 4948 1382 5014 lacit,
1401 4949 1474 5005 sicut
1487 4965 1604 5021 queque
1623 4953 1738 5021 peecata
1753 4967 1760 5003 ε

121 5043 152 5092 et
165 5037 312 5108 Hudperto
327 5037 507 5109 presbyteris,
523 5038 558 5092 de
573 5039 708 5110 sospitato
724 5048 818 5096 vestra
832 5047 861 5095 ot
875 5040 924 5095 be·
965 5039 1031 5109 quia
1041 5038 1095 5092 etsi
1104 5037 1305 5108 suntquedam
1316 5054 1378 5109 qua
1387 5038 1548 5110 itapeccata
1557 5042 1763 5110 suntutpoenre

120 5126 271 5197 nignitate,
294 5142 378 5198 quam
402 5143 459 5180 non
482 5126 572 5180 solum
596 5144 664 5198 erga
686 5146 743 5185 eos.
767 5130 816 5184 scd
840 5130 925 5184 etiam
966 5127 1447 5199 sintetiametpeceatonrm3unde
1460 5126 1567 5183 dictum
1582 5132 1626 5182 est
1641 5144 1647 5181 ι
1665 5145 1679 5181 s
1694 5127 1764 5183 Tra·

120 5230 191 5285 erga
210 5214 315 5270 multos
330 5214 460 5269 exhibere
474 5215 549 5268 soliti
566 5216 643 5282 estis,
657 5219 746 5281 salrlc,
764 5217 863 5283 fatcor,
878 5236 926 5289 ga-
968 5216 1141 5271 ‹diditillos
1156 5217 1230 5272 Deus
1242 5216 1272 5270 in
1286 5215 1435 5287 reprobam
1449 5221 1584 5282 mentem,
1606 5220 1639 5271 ut
1660 5215 1766 5271 famant

119 5304 198 5359 visus
213 5319 288 5370 sum,
305 5309 334 5357 et
348 5303 406 5357 Deo
423 5303 609 5383 omnipotenti
630 5304 695 5358 inde
715 5307 821 5373 gratiss
840 5323 927 5377 agens
970 5322 1102 5376 reaquae
1112 5322 1168 5360 non
1176 5305 1347 5360 conueniunt
1357 5306 1442 5371 (Rorrr.
1454 5302 1619 5374 1,28),rnon
1627 5303 1767 5376 ibipeeea·

120 5391 295 5464 deprecabar
310 5397 342 5447 ut
358 5391 417 5462 ipse
431 5391 480 5462 qui
494 5392 579 5463 carpit
592 5392 620 5445 in
634 5392 711 5447 robis
730 5411 800 5466 opus
821 5394 926 5449 bonum
968 5400 1028 5450 tum
1037 5395 1088 5449 Dei
1104 5400 1155 5459 est,
1175 5394 1225 5449 sed
1238 5393 1386 5464 judicium.
1403 5392 1539 5458 Quocirca
1557 5393 1767 5466 praedestinatio

119 5481 251 5555 perticiat
257 5497 346 5552 usque
356 5480 537 5536 indiemJesu
544 5479 657 5545 Christi,
665 5489 805 5551 quatenus
812 5485 925 5554 plenam
968 5484 1028 5549 Dei,
1045 5499 1106 5553 qum
1121 5483 1235 5539 inbono
1250 5488 1303 5550 est,
1312 5482 1411 5552 gratie
1420 5481 1767 5555 rememorarem

121 5570 284 5627 mercedem
294 5570 329 5625 de
339 5569 419 5625 bonis
429 5570 561 5643 operibus
570 5569 669 5624 restris
679 5586 730 5641 per
746 5571 926 5642 licigmtiam
968 5589 1032 5630 vero
1047 5579 1090 5631 est
1103 5573 1191 5647 ipsius
1204 5572 1459 5645 promtuarium
1467 5573 1585 5635 effeetus
1601 5591 1613 5627 r
1628 5572 1681 5639 Oui
1690 5570 1765 5629 esui
