3772 6120
176 267 237 329 323·
468 267 500 323 B.
522 265 658 322 RdBrlNl
677 266 793 322 utoni
811 265 980 322 nncntan.
1001 264 1163 321 nonunt.
1186 264 1335 321 OPERUM
1353 265 1445 321 Paos
1464 257 1513 321 111.
1759 259 1811 319 att

177 395 373 467 evangeliun,
383 409 402 447 a
411 390 566 447 nuneribus
576 390 721 462 incipiens,
732 397 769 456 et,
780 398 812 447 ut
822 392 974 458 indicam,
984 392 1240 458 Austenditiuisse,
1255 397 1288 446 ut
1301 407 1359 446 non
1372 391 1462 445 solum
1477 387 1548 443 bena
1562 386 1597 441 ab
1612 386 1653 441 eis
1666 392 1815 457 susceptus

175 486 250 557 apud
260 502 307 538 vos
317 500 388 553 pene
398 480 571 545 balbutiens;
582 497 644 552 quis
653 481 824 552 dispensatio
836 489 864 536 et
876 481 974 552 paradi·
1014 482 1060 543 sit,
1076 482 1126 536 sed
1140 488 1169 536 et
1183 482 1268 536 fortes
1278 481 1307 535 in
1323 478 1490 534 sidelnrenti
1500 483 1574 540 sunt,
1587 477 1696 546 etquod
1707 475 1744 531 ad
1753 475 1815 531 lau-

174 573 292 630 dationis
307 572 426 627 inllrrnae
440 569 592 633 simulatio,
603 585 667 625 mea
679 570 793 641 quidem
806 570 974 641 gubernatio
1015 571 1079 624 darn
1094 570 1184 639 stragis
1201 569 1320 640 proficit,
1336 567 1431 624 ornain
1446 581 1517 638 pene
1538 582 1590 621 sua
1607 564 1648 621 illi
1663 563 1817 618 obtulerint

176 669 245 721 erat,
268 661 317 715 sed
342 665 435 713 restra
458 657 587 721 enutio,
611 674 647 712 an
669 658 746 713 vobis
768 660 921 730 placerent,
941 664 975 719 ,et
1015 659 1202 731 profliganda.
1225 659 1297 713 Hinc
1314 658 1377 728 plus
1400 656 1485 721 dolet,
1508 653 1575 725 quia
1593 660 1674 708 tauta
1692 653 1816 707 ebaritas

176 767 280 820 rnagrta
290 749 451 803 vitiarentur
460 764 494 802 ea
506 764 567 817 quae
578 764 628 817 pro
639 747 798 802 conditione
810 748 854 802 sui
865 748 975 802 minora
1015 748 1149 803 subversa
1161 747 1254 802 iuerat
1267 763 1354 818 prava
1371 744 1507 800 doctrina.

177 846 268 904 arant,
278 844 306 891 et
318 854 387 891 arne
397 835 478 906 quasi
487 835 607 891 buniilia
616 836 817 907 promebantur
827 854 832 888 τ
844 853 905 907 quse
915 837 975 906 qui·
1052 838 1123 904 Erpa
1133 839 1266 892 inimicus
1275 837 1347 893 eolis
1358 837 1617 902 sactusaarneerant
1625 834 1716 886 dicem
1724 832 1816 885 sabis?

176 929 240 983 dem
255 940 373 981 resnou
386 931 419 980 ut
434 940 519 994 poma
535 924 585 979 sed
600 930 632 979 ut
649 941 752 995 magna
769 925 920 995 capientes,
945 925 974 979 in
1016 925 1162 987 libadion,
1179 925 1315 996 quianon
1328 928 1419 994 potest
1432 922 1503 987 teri,
1516 927 1547 977 ut
1560 919 1700 985 immicus,
1713 919 1815 990 inquit,

176 1023 287 1071 tanturn
297 1014 428 1069 admirati
443 1013 520 1073 estis,
535 1018 567 1067 ut
580 1030 625 1067 ine
636 1013 684 1083 qui
699 1030 732 1068 ea
745 1013 879 1084 loquebar
892 1014 973 1084 quasi
1016 1014 1092 1068 robis
1105 1015 1169 1080 sim,
1191 1030 1311 1084 qnorum
1325 1017 1405 1067 tanta
1424 1011 1498 1066 sensi
1513 1009 1656 1081 obsequia.
1676 1009 1732 1065 Sed
1751 1009 1817 1079 quia

175 1105 317 1175 angelum,
330 1110 366 1167 et,
380 1110 411 1157 ut
420 1103 482 1173 plus
490 1101 591 1165 dicam,
599 1103 735 1173 quosiDei
745 1103 847 1157 Filium
854 1103 976 1172 suscipe·
1016 1119 1099 1157 nemo
1111 1119 1141 1157 se
1155 1103 1235 1172 argui
1250 1102 1309 1157 vult
1322 1107 1474 1165 errantem,
1484 1099 1587 1155 idcireo
1597 1098 1674 1153 robis
1686 1097 1817 1153 inimicus

176 1193 254 1248 retis.
268 1193 333 1247 Haec
347 1208 414 1261 ergo
429 1198 519 1245 vestra
539 1191 657 1247 tentatio
672 1206 728 1262 qua
741 1207 793 1262 ego
807 1208 855 1245 res
869 1193 899 1245 in
913 1206 974 1245 car·
1017 1192 1111 1246 videor
1121 1193 1197 1262 juste
1214 1208 1261 1244 ros
1276 1189 1493 1261 reprehendens.
1507 1189 1647 1256 (Hieron.)
1657 1188 1761 1243 Beatus
1775 1194 1818 1241 ast

176 1281 233 1339 nell
246 1281 301 1335 mei
311 1279 449 1336 sermonis
463 1279 677 1335 annuntiatione
687 1280 841 1343 tentabam,
853 1296 909 1334 non
922 1280 976 1334 fuit
1017 1281 1065 1350 qui
1080 1280 1205 1335 ambulat
1218 1281 1247 1334 in
1261 1279 1396 1333 virtutum
1407 1277 1460 1339 via,
1470 1276 1548 1332 sedai
1558 1277 1592 1331 nd
1603 1276 1720 1331 virtutes
1729 1292 1818 1346 usque

175 1377 336 1440 contempta
345 1386 397 1425 nee
408 1369 479 1429 silis,
491 1369 540 1423 sed
549 1369 612 1439 plus
623 1383 709 1438 quam
724 1368 909 1434 aestimabam,
923 1370 974 1423 ha·
1016 1369 1184 1440 pervenerit,
1193 1385 1244 1423 nee
1255 1367 1369 1439 prodest
1377 1383 1394 1420 a
1402 1365 1475 1421 vitiis
1485 1365 1642 1429 recessisse,
1649 1365 1704 1420 nisi
1711 1364 1818 1434 optima

176 1458 579 1528 buitdignitatis.P0testloeus
589 1457 676 1511 istest
684 1457 829 1512 itatlisseri
840 1474 845 1509 :
858 1458 975 1522 Quando
1015 1457 1235 1528 comprehendas
1243 1476 1249 1523 3
1257 1456 1324 1527 quia
1333 1455 1543 1511 nontaminitia
1552 1461 1618 1508 sunt
1628 1453 1657 1508 in
1668 1453 1747 1506 bonis
1757 1459 1817 1506 stu-

177 1547 239 1603 veni
262 1547 297 1602 nd
316 1562 372 1611 ros,
393 1563 449 1601 non
474 1546 536 1600 reni
553 1546 581 1599 in
601 1535 731 1601 sermone
752 1547 905 1616 sapientiae,
927 1547 974 1600 sed
1016 1546 1070 1603 diis
1084 1546 1233 1612 laudanda,
1243 1562 1328 1615 quern
1336 1544 1410 1599 finis.
1422 1543 1500 1598 Sicut
1510 1542 1587 1596 enim
1598 1542 1628 1596 in
1643 1541 1727 1596 vinea
1735 1541 1817 1595 inulti

177 1637 261 1690 honio
271 1635 386 1690 humilis
401 1642 485 1704 atque
499 1640 685 1705 contemptus,
698 1635 768 1690 nihil
780 1652 915 1705 inagnum
929 1636 975 1689 de
1016 1648 1105 1706 nsque
1122 1635 1157 1689 ad
1173 1635 1282 1706 prelum
1304 1649 1363 1687 uvae
1376 1631 1481 1701 gradus
1496 1637 1571 1696 sunt,
1587 1635 1617 1684 et
1630 1630 1753 1701 primum
1768 1646 1817 1684 ne·

177 1724 278 1789 fereris,
295 1724 467 1782 crucilixum.
481 1723 552 1777 Cum
571 1722 657 1793 igitur
674 1740 719 1779 ma
732 1723 857 1779 videritis
870 1724 899 1779 in
914 1742 977 1778 cor·
987 1712 1095 1779 Beesse
1103 1730 1145 1778 ost
1154 1730 1187 1778 ut
1197 1723 1260 1777 vitis
1268 1721 1410 1793 germinet
1418 1721 1447 1775 in
1456 1719 1605 1791 parnpinis,
1617 1735 1694 1790 spem
1704 1718 1818 1790 promit-

177 1830 245 1883 pore
258 1812 469 1867 lubricitatibus
483 1811 601 1867 obnoxio
611 1813 805 1872 constitutum,
820 1829 908 1884 regna
922 1829 977 1867 coe-
1018 1819 1061 1869 tat
1075 1813 1104 1868 in
1117 1812 1249 1878 floribus3
1266 1811 1367 1866 deliine
1381 1816 1413 1864 ut
1427 1811 1496 1864 ilore
1510 1809 1627 1863 decusso
1642 1806 1731 1863 futuri
1746 1806 1818 1862 botri

177 1902 260 1957 lestia
286 1901 474 1972 pollicentem,
501 1917 558 1955 non
579 1901 717 1965 irrisistis,
743 1918 794 1956 nec
819 1902 977 1957 aedilitatis
1019 1901 1125 1973 species
1134 1901 1315 1965 deformetur,
1323 1898 1685 1970 paulatimqueturgescens
1695 1913 1749 1951 uva
1759 1912 1820 1967 par·

178 1990 294 2061 dignum
303 2006 363 2046 esse
373 1995 535 2060 contemptu
547 2006 552 2041 :
565 1989 765 2060 intelligebatis
775 1991 878 2061 quippe
889 1991 980 2046 burni-
1019 1992 1116 2056 turiot,
1127 1997 1160 2044 ut
1171 2006 1267 2061 pressa
1277 1987 1464 2043 marteribus
1475 1987 1567 2042 dulcia
1576 1993 1670 2045 inusta
1683 1984 1801 2040 desudet
1812 2003 1817 2036 :

178 2079 287 2134 litatem
300 2079 393 2133 carnis
409 2095 487 2144 meae,
504 2084 533 2132 et
550 2078 639 2148 ipsius
658 2078 769 2133 habitin
792 2078 928 2134 vilitatem
943 2080 978 2134 ad
1020 2079 1060 2134 ita
1076 2079 1148 2134 etin
1162 2078 1291 2133 doctrina
1304 2076 1409 2147 singuli
1423 2075 1630 2131 beatitudinum
1645 2081 1712 2130 sunt
1726 2073 1819 2144 prose-

166 2173 298 2231 ,vestram
310 2167 496 2223 istitutionem
505 2167 582 2234 fieri,
595 2184 632 2222 an
642 2167 772 2222 videlicet
781 2174 976 2223 conmmnsre-
1019 2175 1091 2233 etus,
1108 2174 1140 2223 ut
1152 2167 1250 2222 audiat
1263 2166 1325 2238 quis
1335 2165 1450 2221 verbum
1464 2165 1525 2231 Dei,
1541 2171 1573 2220 ut
1581 2163 1729 2234 concipiat,
1746 2170 1778 2217 ut
1791 2163 1820 2217 in

178 2257 214 2312 tis
227 2273 292 2311 curn
307 2257 354 2327 qui
366 2256 400 2310 ab
411 2256 562 2311 incredulis
572 2255 739 2311 miserabilis
753 2256 918 2327 putabatur3
928 2258 977 2312 sed
1019 2263 1098 2312 utero
1106 2257 1208 2313 arrianae
1218 2257 1280 2326 eius
1292 2255 1443 2320 adolescat,
1451 2261 1480 2308 et
1489 2253 1523 2308 ad
1535 2259 1647 2324 partum
1657 2269 1747 2323 usque
1759 2268 1819 2323 per·

177 2357 293 2401 econtm
307 2345 387 2401 illum
401 2345 547 2410 humilem,
565 2345 648 2400 rilem
668 2351 752 2416 atque
772 2352 974 2416 contemptum,
1019 2346 1126 2413 veniat,
1140 2352 1169 2400 et
1178 2362 1242 2399 curn
1258 2345 1407 2416 pepererit,
1419 2344 1512 2406 lactet,
1523 2341 1655 2406 enutriat,
1669 2348 1699 2396 et
1712 2356 1763 2412 per
1776 2341 1819 2395 in·

177 2435 217 2489 ita
227 2434 434 2504 utangelumet
445 2435 593 2504 plusquam
604 2434 734 2502 angelum
744 2434 978 2505 suscepistis.Aut
1019 2434 1144 2493 lantiam,
1160 2433 1320 2505 pueritiam,
1337 2431 1563 2496 adolescentiam,
1580 2433 1767 2500 juventutem,
1784 2431 1819 2485 ad

177 2522 775 2593 certesuspicaripossumusdpostolum,eo
786 2529 977 2594 temporeque
1019 2523 1172 2594 perfectum
1183 2523 1273 2577 virurn
1285 2538 1374 2591 usque
1383 2520 1528 2592 perducat.
1540 2521 1611 2574 Corn
1626 2534 1693 2589 ergo
1703 2519 1816 2589 singuli.

178 2611 300 2681 primum
316 2611 435 2665 renitad
451 2611 576 2674 Galatas,
592 2617 751 2680 aegrotasse,
761 2618 790 2664 et
805 2611 901 2682 aliqua
915 2628 976 2666 eor-
1018 2611 1387 2681 utdiximus,gradusjuxta
1396 2610 1536 2680 proiectus
1546 2623 1612 2663 suos
1623 2607 1747 2663 habeant
1757 2607 1817 2663 bea·

178 2699 288 2769 pueruli
302 2699 468 2753 infirmitate
481 2699 643 2763 deteritu1113
660 2716 714 2753 non
731 2715 854 2755 cessasse
868 2705 974 2766 tamem
1018 2699 1178 2763 titudinem,
1195 2700 1219 2753 si
1233 2699 1308 2763 sinis,
1319 2704 1356 2757 et,
1366 2706 1398 2753 ut
1408 2698 1448 2751 ita
1457 2699 1565 2768 loquar,
1577 2702 1703 2751 extrema
1718 2713 1818 2751 manus

176 2802 229 2842 nee
243 2804 338 2841 vocem
353 2786 465 2841 silentio
480 2787 656 2857 repressisse,
674 2804 730 2857 qno
746 2787 840 2841 minus
854 2794 976 2858 creptum
1018 2788 1095 2859 operi
1109 2787 1238 2852 deluerit,
1249 2794 1325 2842 totus
1335 2787 1413 2841 labor
1422 2786 1518 2840 irritus
1529 2787 1586 2850 liet,
1597 2792 1625 2839 et
1639 2785 1759 2850 dicetur,
1772 2786 1819 2841 oet

178 2874 359 2944 Evangelium
374 2873 548 2945 predicaret.
561 2874 634 2928 Nam
644 2874 834 2929 tradunteurn
848 2875 977 2945 gravisd
1017 2882 1054 2931 est
1069 2893 1132 2944 arpo
1152 2878 1288 2930 beatitudo
1305 2881 1394 2931 restra
1408 2881 1419 2927 ,ι
1434 2871 1575 2939 Quereris,
1597 2875 1699 2945 inquit,
1725 2890 1772 2928 vos
1786 2889 1818 2928 eo

177 2978 254 3016 mum
264 2962 364 3033 cepitis
373 2962 498 3017 dolorem
513 2978 586 3032 sepe
597 2979 778 3033 perpessum
791 2970 820 3018 et
829 2964 903 3018 hurrc
915 2982 976 3019 esse
1017 2973 1143 3036 ternpore
1159 2981 1214 3035 quo
1230 2964 1413 3035 Evangeliurn
1429 2965 1510 3034 juxta
1525 2980 1639 3018 carnem
1653 2979 1818 3034 suscepera-

174 3053 307 3122 angelum
319 3052 440 3116 Satanae,
457 3051 504 3121 qui
517 3051 662 3123 appositus
676 3052 702 3106 ei
714 3051 759 3117 sit,
776 3059 809 3106 ut
823 3067 888 3106 eum
903 3053 976 3106 cola·
986 3030 1063 3119 Ctis,
1073 3053 1169 3109 beatm
1180 3053 1312 3118 dicerem,
1323 3053 1397 3122 quod
1411 3052 1441 3106 in
1452 3052 1540 3107 initiis
1550 3049 1699 3106 fervebatis
1708 3070 1714 3104 :
1723 3057 1817 3107 tanam

173 3141 300 3212 phianret
314 3140 342 3193 in
357 3156 441 3194 carna
455 3156 491 3193 ne
506 3140 687 3194 extolleretur
702 3141 738 3199 ill
754 3142 814 3194 dor.
832 3150 889 3208 xit).
911 3141 975 3195 llaec
1017 3158 1100 3207 nunc,
1115 3143 1182 3213 quia
1195 3156 1250 3196 nan
1261 3142 1340 3197 video
1352 3141 1469 3196 aedilicio
1480 3141 1592 3195 culmen
1604 3140 1779 3213 impositure,
1790 3146 1818 3196 et

173 3229 334 3293 infirmitas,
346 3235 375 3282 et
389 3229 507 3298 languor
520 3228 566 3282 bic
579 3228 712 3298 corporis,
727 3229 801 3299 apud
817 3245 864 3284 eos
875 3228 975 3299 quibus
1017 3248 1088 3301 pene
1099 3231 1289 3301 nequidquam
1297 3231 1375 3300 jacta
1382 3229 1556 3295 fundamine,
1565 3245 1649 3299 cogor
1655 3229 1759 3294 dicere,
1770 3230 1818 3284 ilbi

174 3317 395 3372 annuntiabatur
409 3315 592 3387 Evangelium
600 3317 719 3370 mutatio
733 3316 795 3383 fuit,
806 3334 842 3371 an
852 3325 975 3372 contem·
1016 3327 1053 3375 est
1073 3336 1135 3387 erpo
1156 3321 1292 3374 beatitudo
1312 3325 1413 3383 «eastra,
1430 3336 1486 3389 qua
1504 3335 1552 3373 vos
1566 3317 1662 3372 beatos
1678 3317 1817 3374 arbitrans

174 3411 275 3460 nerent
285 3422 349 3459 anm
367 3404 499 3459 sublimia
509 3405 975 3476 promittentem,quemlanguori·
1016 3415 1083 3464 erite
1099 3407 1267 3463 laudabant
1280 3408 1352 3462 Vere
1365 3408 1441 3462 enirn
1460 3415 1488 3462 et
1503 3408 1563 3478 ipse
1579 3406 1678 3472 fateor,
1698 3408 1766 3478 quia
1778 3407 1817 3462 sic

175 3494 226 3548 bus
241 3494 366 3564 corporis
381 3493 539 3563 subjeetum
554 3493 684 3548 videbant
700 3512 705 3545 :
723 3511 774 3548 nec
790 3510 846 3549 non
863 3501 892 3549 et
905 3494 973 3549 illud
1016 3515 1061 3552 me
1076 3497 1153 3551 vobis
1169 3496 1287 3551 humilia
1300 3497 1508 3567 praedicamenti,
1520 3496 1563 3550 vel
1577 3494 1818 3567 persecutionibus

174 3583 229 3637 diei
240 3589 340 3653 potest,
354 3583 427 3652 quod
444 3582 474 3636 in
484 3582 619 3652 principio
636 3583 771 3638 adventus
785 3584 829 3638 sui
846 3584 881 3637 ad
894 3583 975 3638 Gala·
1016 3586 1217 3651 cortilictaturn,
1234 3586 1263 3640 in
1279 3585 1415 3657 principio
1430 3584 1576 3650 dilexistis,
1591 3592 1623 3639 ut
1636 3585 1661 3639 si
1676 3586 1737 3640 steri
1756 3602 1818 3656 pos·

174 3680 229 3737 tas,
242 3671 425 3726 contumelias
438 3679 466 3725 et
481 3671 688 3742 persecutiones
703 3678 731 3727 et
742 3673 837 3743 plagas
851 3672 975 3743 corporis
1001 3673 1816 3746 -netehyperbolieeautemsuntaccipiendaquseloquiturl,

106 3780 128 3793 ·«
174 3760 210 3815 ab
220 3761 264 3814 bis
273 3762 320 3831 qui
331 3760 508 3815 contraibant
518 3760 667 3829 Evarrgelio
677 3762 851 3816 sustinuerit.
859 3761 894 3817 lit
904 3761 976 3816 hanc
1016 3763 1160 3819 eruissetis
1175 3762 1251 3817 robis
1267 3763 1494 3825 oculos,et1nilri
1510 3770 1541 3818 ot
1554 3762 1681 3817 ninnium
1693 3769 1817 3818 vestrm

173 3850 261 3905 fuisse
270 3850 454 3904 tentationem
467 3849 508 3902 vel
518 3849 670 3903 inanimam
682 3849 797 3911 Gadatis,
810 3851 976 3921 Apostolum
1016 3851 1170 3907 luminibus
1176 3850 1818 3922 pluseernerem,dedissetisOptabatisquippe

78 3987 82 3996 .
175 3939 279 3994 Christi
287 3937 466 3992 eerrrentibns
476 3937 625 3992 verberari.
635 3938 714 4001 Quod
724 3945 821 3993 antem
829 3939 883 3993 ait:
899 3939 976 3995 Sicut
1016 3957 1064 3995 ros
1074 3957 1161 3995 cacos
1175 3957 1236 3994 esse
1247 3957 1296 4011 per
1306 3940 1476 3995 inellabilern
1495 3940 1524 3995 in
1540 3958 1584 3994 nte
1599 3940 1777 4006 alteritatem,
1788 3950 1819 3996 ut

173 4031 313 4094 angelum,
326 4030 395 4078 sicat
407 4027 650 4079 inrationalem
662 4030 816 4094 sraseepistts
827 4045 878 4089 rire,
892 4033 976 4082 etan·
1017 4029 1080 4100 plus
1089 4029 1118 4082 in
1131 4046 1194 4082 meo
1208 4029 1291 4083 corde
1301 4029 1443 4099 Evangelii
1456 4029 1552 4084 lumen
1563 4029 1694 4084 oriretur.
1708 4029 1819 4084 Emolu-

173 4113 237 4182 gelo
251 4113 395 4166 Clrrisurm
409 4112 532 4166 ostendit
545 4130 606 4166 esse
618 4115 766 4182 majorem,
779 4131 863 4184 quern
878 4131 975 4170 secun·
1017 4126 1144 4172 mentum
1160 4134 1255 4172 meum
1270 4118 1369 4173 vestris
1379 4117 1489 4172 damnis
1500 4132 1623 4172 ormesta
1636 4116 1780 4183 volebatis,
1791 4125 1821 4171 et

175 4200 244 4255 dum
261 4200 500 4271 dispensationem
519 4201 644 4271 corporis
665 4201 805 4256 minorem
827 4203 976 4258 Psalmista
1016 4206 1126 4260 hocillo
1137 4212 1274 4277 tempore,
1288 4222 1343 4276 quo
1358 4206 1434 4261 vobis
1449 4207 1528 4277 quasi
1543 4205 1665 4276 parvulis
1681 4213 1769 4276 etque
1781 4207 1821 4260 lu-

175 4288 454 4344 mutaveratdieens:
464 4290 612 4344 Minorasti
620 4293 976 4358 eumpaalominusaban-
1016 4293 1166 4359 etentibus,
1182 4294 1240 4349 sive
1261 4301 1376 4365 propter
1390 4294 1585 4350 inmunitatem
1599 4295 1692 4349 earnis
1707 4303 1817 4360 vestra,

175 4382 242 4447 polis
256 4381 336 4447 (Psoi.
359 4392 423 4445 vnit.
444 4379 478 4433 Et
497 4383 608 4432 tantum
627 4394 679 4431 sua
692 4377 776 4433 verba
792 4379 822 4434 in
838 4380 975 4450 principio
1016 4388 1137 4453 parvm
1145 4383 1264 4437 humilia
1273 4383 1485 4448 arinuntiabam,
1496 4384 1552 4438 sive
1563 4391 1677 4454 propter
1684 4400 1820 4439 rneaeear-
1858 4424 1861 4434 .

176 4466 295 4521 valuisse
306 4467 530 4532 dernoustrat,ut
540 4465 633 4536 angeli
644 4471 812 4536 putarentur
821 4475 850 4521 et
859 4468 973 4522 Christi.
1016 4471 1059 4527 nis
1069 4470 1188 4542 injurias
1199 4488 1256 4526 non
1266 4472 1369 4542 dignus
1379 4472 1494 4527 videbar
1506 4473 1561 4527 fide
1572 4491 1577 4524 :
1590 4489 1665 4528 troiia
1674 4488 1741 4526 uero
1750 4473 1819 4544 quio

178 4557 227 4610 uos
249 4562 287 4610 cst
306 4573 368 4624 erpo
388 4557 530 4610 beatitudo
550 4560 656 4608 cestra?
667 4553 791 4625 (dmbr.)
810 4557 911 4611 Beatos
926 4558 976 4612 lios
1016 4559 1051 4614 ab
1066 4561 1213 4615 elementis
1223 4568 1252 4615 et
1260 4561 1376 4631 syllabis
1389 4567 1419 4616 et
1427 4562 1546 4616 lectione
1562 4561 1672 4631 puerili,
1684 4562 1757 4632 coepi
1771 4578 1819 4615 vos

176 4643 261 4698 titisse
281 4644 357 4706 dicit,
378 4646 453 4714 apud
476 4650 591 4700 oaetoras
614 4643 750 4698 Ecclesiae
768 4662 819 4715 per
842 4645 879 4710 id,
902 4647 976 4716 quod
1017 4649 1444 4721 admajorastudiaprovocare,
1457 4649 1820 4705 utlibiesteneatisinma-

176 4731 303 4802 Apostoli
314 4731 424 4801 injuriis
434 4749 490 4787 non
500 4733 709 4803 frangebantur,
720 4734 770 4788 sed
777 4734 975 4789 crescebantin
1017 4736 1109 4803 nibus,
1125 4738 1248 4809 utplena
1263 4739 1430 4794 eruditionis
1441 4745 1469 4793 et
1483 4753 1619 4793 sensuum
1632 4738 1717 4793 verba
1726 4739 1819 4794 dison-

176 4819 241 4874 tide.
256 4821 452 4873 Testimonium
466 4825 543 4876 cuim
555 4825 682 4891 perhibeo
692 4825 764 4877 votis
774 4842 779 4876 :
791 4828 867 4893 qaia,
881 4827 977 4891 aitiori
1016 4825 1064 4891 tis,
1074 4827 1268 4893 recalcitratis,
1276 4827 1439 4892 irascimini,
1451 4828 1544 4898 grauis
1554 4827 1631 4882 robis
1639 4827 1820 4883 videturesse

174 4912 271 4977 posset,
294 4911 383 4961 oeulos
403 4914 501 4962 vestros
525 4916 663 4966 eruissetis
686 4919 709 4966 et
736 4914 876 4967 dedissetis·
894 4915 973 4968 resilii.
1017 4915 1151 4986 perfectio
1166 4915 1368 4979 doctrinarum,
1385 4917 1453 4972 etin
1466 4922 1576 4971 tantum
1592 4916 1693 4971 mutati
1707 4917 1777 4972 estis
1790 4918 1820 4972 in

179 4996 338 5068 (augmen
348 4995 424 5050 enim
436 4995 487 5050 hoc
498 4997 559 5051 ilari
569 5015 625 5053 non
636 5007 738 5071 posset,
751 4999 805 5055 nisi
820 5001 887 5071 quia
900 5003 976 5071 juste
1017 5004 1087 5058 alios
1102 5005 1227 5071 adactus,
1244 5010 1277 5059 ιιι
1287 5023 1341 5071 me,
1354 5021 1437 5076 quem
1453 5005 1532 5075 quasi
1549 5005 1682 5074 angelum
1697 5012 1725 5059 et
1740 5006 1821 5061 Obri-

177 5084 239 5140 sieri
251 5083 412 5140 nullomodo
426 5086 538 5154 promet?
553 5086 598 5140 Sic
612 5094 641 5141 et
653 5088 704 5143 Job
714 5089 771 5143 ait:
785 5089 898 5144 Utinarn
912 5107 977 5160 pas-
1018 5098 1093 5147 stum
1107 5094 1304 5164 susceperatis,
1322 5094 1367 5149 eui
1383 5093 1517 5148 solebatis
1531 5094 1626 5148 oeulos
1642 5100 1748 5147 vestros
1763 5102 1821 5150 tra-

177 5174 232 5228 sim
246 5191 291 5229 me
305 5172 444 5228 occidere!
462 5174 528 5240 (dab.
546 5177 573 5240 x)
589 5175 629 5228 sic
643 5182 672 5230 et
683 5177 819 5233 Dominus
829 5179 866 5233 ad
881 5179 951 5233 Loth
970 5197 975 5229 :
1018 5182 1176 5246 dore,nunc
1186 5181 1314 5235 habentis
1325 5181 1640 5252 inimicumquiavobis
1650 5182 1821 5251 pieriaman·

139 5265 144 5279 '
178 5261 241 5317 Non
252 5268 354 5330 protero,
362 5261 464 5332 inquit,
476 5263 564 5328 (ocare
575 5278 633 5315 rent
642 5265 725 5318 dorice
736 5271 766 5319 ta
777 5270 847 5321 illuc
855 5270 977 5322 iatroaas
1018 5270 1118 5323 nuntio
1129 5271 1287 5325 veritatem.
1300 5271 1447 5340 Eleganter
1459 5271 1535 5325 enirn
1545 5270 1715 5325 sententiam
1723 5273 1821 5325 termi-

179 5349 253 5419 iden.
277 5364 358 5419 xvrrq.
386 5351 448 5404 Non
468 5366 549 5420 posse
568 5350 694 5418 dixitne,
720 5355 793 5423 quod
812 5355 873 5410 sine
894 5355 978 5410 dubio
1019 5358 1106 5423 navit,
1120 5359 1216 5413 dicens
1229 5377 1234 5412 :
1248 5359 1320 5426 lirae
1333 5363 1467 5413 fratrebus
1481 5362 1654 5425 satisfactus
1667 5364 1820 5426 serraveri-

179 5438 976 5513 peteratperpotentiam,sednonpoteratperjustitiam.
1020 5451 1103 5500 totam
1112 5448 1204 5502 dicens
1214 5449 1344 5502 vobislut
1353 5449 1514 5503 ostenderet
1522 5447 1603 5502 initia
1613 5447 1818 5517 praedicationis

177 5526 411 5601 (damnitatem
423 5543 521 5584 aarum
530 5527 605 5585 cuca
612 5528 847 5600 religionemtam
863 5533 979 5603 plenum
1019 5548 1078 5591 non
1091 5538 1151 5591 um
1171 5535 1317 5592 actitatae
1331 5535 1426 5604 subse,
1442 5554 1527 5609 quam
1543 5535 1658 5593 umbras
1672 5543 1702 5593 st
1718 5537 1818 5610 imagi
