3772 6120
55 253 127 311 1353
326 238 330 246 ’
535 252 582 306 DE
601 250 709 307 Vl'l'llS
728 252 772 306 ET
790 251 1015 311 VlR'l'UTlBUS.
1033 285 1065 295 -
1085 256 1153 311 LIB.
1175 256 1224 312 111.
1632 256 1698 315 1354

53 380 133 435 inest
145 379 277 452 primitus
293 380 322 433 in
338 379 451 450 loquela
462 378 504 433 vis
519 377 659 442 clamoris,
670 376 698 430 in
709 377 967 437 taciturni-dtulit
988 379 1102 434 munde.
1125 380 1174 434 Est
1197 380 1272 434 enim
1294 380 1427 453 superbia
1446 385 1536 435 mater
1556 385 1586 436 et
1602 381 1701 452 regina

52 472 125 535 tate,
141 467 312 532 amaritudo,
329 468 453 522 excelsus
468 472 497 520 et
509 465 614 521 ellusus
628 467 657 520 in
674 465 772 520 letitia
785 466 859 521 risus
900 467 1042 534 vitiorum,
1053 470 1133 540 cujus
1145 485 1193 523 rex
1208 474 1251 523 est
1264 469 1401 536 diabolus,
1413 469 1523 524 dicente
1535 469 1680 542 Scriptura
1691 489 1697 536 ;

54 557 269 624 inatiouabilis,
286 557 315 612 iu
331 556 462 612 serietate
484 555 609 621 tristitia,
627 554 656 608 iu
679 554 859 626 responsione
903 576 914 607 e
932 558 995 628 lpse
1010 563 1053 612 est
1067 575 1115 612 rex
1136 574 1221 630 super
1241 559 1386 613 universos
1406 559 1479 613 filios
1496 558 1628 630 superbie
1644 558 1700 630 (lot

55 663 169 713 rancor,
182 646 302 701 facilitas
317 647 344 700 iu
355 661 494 710 sermone,
513 643 597 697 verba
611 643 716 715 passim
731 643 792 698 sine
802 643 860 698 ulla
901 661 956 714 xcx,
971 645 1027 714 25).
1044 666 1058 699 e

56 735 152 789 cordis
165 735 304 805 gravitate
319 734 506 805 erumpentia,
522 749 634 804 exspers
655 733 792 803 patientia
807 739 858 799 est,

57 824 183 879 charitas
199 824 300 887 aliena,
318 824 408 878 aivdax
429 823 464 877 ad
485 822 670 876 contumelias
684 821 858 891 irrogandas,

57 913 94 967 ad
110 912 274 967 tolerandas
288 911 484 982 pusillanimis
501 910 536 964 ad
556 909 744 964 obediendum
759 909 860 964 diffici-

55 1001 102 1065 lis,
119 1002 157 1056 ad
172 1001 361 1072 recipiendam
377 999 599 1054 exhortationem
613 998 807 1070 implacabilis,
825 999 860 1052 ad
937 1003 1092 1058 Dicendum
1106 1003 1201 1075 itaque
1212 1005 1255 1058 est
1263 1003 1391 1076 superbis
1405 1022 1410 1057 :
1422 1022 1435 1056 v
1446 1005 1484 1059 Ut
1494 1005 1560 1077 quid
1574 1005 1701 1079 superbit

56 1091 229 1146 resecandas
241 1091 400 1144 voluntates
410 1106 475 1143 sues
488 1088 611 1154 infirma,
626 1089 662 1142 ad
677 1085 860 1142 succumben-
901 1099 978 1148 term
993 1099 1021 1146 et
1035 1093 1105 1147 cinis
1118 1093 1210 1162 (Eceti.
1224 1111 1250 1159 x,
1267 1093 1304 1162 9);
1325 1098 1354 1149 et
1371 1093 1457 1149 illud:
1476 1094 1551 1149 Deus
1571 1093 1701 1166 superbis

56 1179 129 1234 dum
144 1179 247 1234 alienis
263 1178 413 1244 dirissima,
431 1194 597 1248 semperque
605 1193 670 1231 suas
684 1176 861 1231 definitiones
906 1181 1013 1237 resistit
1023 1183 1047 1248 (l
1060 1184 1131 1235 Petr.
1149 1198 1175 1246 v,
1193 1179 1219 1250 5)
1234 1201 1240 1247 ;
1257 1187 1286 1236 et
1298 1170 1382 1237 illud:
1396 1183 1562 1238 Immundus
1575 1189 1619 1239 est
1627 1183 1703 1257 apud

938 790 1002 843 cio.
1017 790 1064 843 lli.
1075 820 1107 830 -
1125 791 1240 860 objectio
1251 795 1290 846 eet
1302 794 1454 860 increpatio
1464 793 1596 849 adverset
1606 806 1699 861 super·

1044 881 1221 943 hnmilitate
1236 896 1318 950 super
1331 881 1380 935 hoe
1393 883 1561 938 testimonia.

55 1273 186 1324 statuere
202 1268 384 1333 ⁰0ssi0ssd⁰ss8‚
403 1267 464 1338 il)Sa
477 1282 542 1320 lem
562 1282 742 1338 0000000000
757 1265 864 1332 cedere,
907 1272 997 1326 Deum
1012 1271 1104 1325 omnis
1119 1270 1166 1342 qui
1181 1271 1285 1325 exaltat
1297 1288 1438 1326 corsuum
1451 1277 1494 1341 ;et
1507 1273 1593 1329 illud:
1606 1272 1704 1329 Omnis

55 1358 209 1429 locumque
221 1357 288 1411 dare
303 1357 384 1410 alteri
397 1356 590 1427 acquiescens;
604 1358 632 1409 et
643 1355 684 1409 iia
697 1356 729 1409 fit
738 1361 770 1408 ui
781 1355 867 1408 0οἰοω
909 1360 956 1432 qui
970 1377 1000 1415 se
1014 1360 1118 1415 exaltat
1131 1359 1329 1414 humiliabitur
1338 1361 1412 1428 (Luc.
1426 1375 1479 1428 xxv,
1496 1360 1557 1430 ll),
1574 1366 1603 1416 et
1614 1361 1700 1418 illud:

55 1462 147 1518 capax
162 1446 271 1501 consilii
287 1445 407 1499 salubris
423 1445 530 1510 elleeta,
556 1444 585 1498 in
603 1443 734 1498 omnibus
747 1458 798 1498 suo
813 1458 864 1515 po·
906 1452 978 1506 Ante
993 1449 1105 1504 ruinam
1121 1449 1260 1503 exaltatur
1273 1449 1390 1521 spiritus
1416 1449 1505 1517 (Proe.
1523 1465 1580 1516 xxx,
1598 1449 1660 1518 len
1676 1458 1705 1506 et

55 1535 117 1590 tius
131 1535 229 1590 credat
241 1551 327 1606 quam
338 1534 482 1589 seniorum
494 1533 611 1604 iudicio,
619 1533 694 1587 unde
702 1540 732 1587 et
744 1532 865 1604 Prosper
887 1604 894 1619 ·
906 1539 975 1594 illud
995 1558 1000 1592 :
1017 1538 1153 1592 Dominus
1162 1538 1220 1592 alta
1231 1538 1338 1608 alonge
1346 1538 1488 1608 cognoscit
1498 1539 1581 1606 (Psal.
1592 1554 1705 1605 cxxxix,

56 1625 100 1679 ait
117 1624 174 1678 :Hi
189 1641 259 1695 quos
269 1623 406 1696 superbie
418 1624 519 1677 mentis
529 1622 609 1676 tabes
621 1622 760 1676 virulente
770 1637 864 1675 eorru·
906 1627 951 1698 7),
981 1632 1010 1681 et
1026 1626 1096 1681 illud
1126 1645 1131 1680 :
1162 1626 1279 1681 Initium
1315 1627 1406 1681 omnis
1433 1627 1539 1699 peccati
1574 1627 1707 1700 superbia

57 1714 137 1785 perit
150 1712 294 1767 seniorum
308 1729 423 1767 suorum
434 1729 490 1766 non
500 1711 696 1783 obtemperant
706 1710 860 1781 imperatis,
872 1695 895 1754 Β
906 1719 999 1786 (Ecce-17.
1012 1733 1039 1780 x,
1057 1716 1113 1784 15).
1132 1716 1231 1771 »Deus
1255 1715 1369 1770 humilis
1387 1715 1477 1770 lactus
1492 1722 1543 1782 est,
1561 1716 1708 1773 erubescat

57 1803 110 1859 sed
123 1802 263 1872 judicent,
280 1801 315 1855 de
327 1801 387 1855 suis
405 1800 582 1871 negligentiis
595 1799 746 1872 objurgati,
758 1805 863 1854 autre·
906 1807 989 1862 homo
1005 1821 1066 1859 esse
1075 1803 1222 1875 superbus.
1240 1804 1354 1860 Occasio
1370 1804 1458 1875 igitur
1471 1804 1638 1877 perditionis
1655 1823 1707 1863 no·

56 1890 179 1955 bellant,
200 1897 250 1945 aui
264 1896 452 1956 murmurant,
476 1890 510 1943 00
532 1890 592 1944 1000
613 1889 751 1960 0010000000
771 1889 865 1943 decer·
905 1901 970 1950 strae
989 1894 1064 1949 laeta
1078 1900 1122 1948 est
1135 1892 1267 1964 superbia
1281 1893 1395 1958 diaboli,
1409 1899 1438 1948 et
1447 1900 1648 1964 argumentum
1662 1912 1708 1951 re·

58 1986 135 2047 tant,
151 1979 277 2052 preferri
289 1997 319 2034 se
336 1978 499 2034 melioribus
517 1979 657 2043 affectent,
670 1995 736 2033 8000
751 1984 864 2033 senten·
906 1983 1076 2056 demptionis
1087 1974 1189 2037 nostre'e
1202 1981 1316 2036 inventa
1330 1987 1374 2036 est
1384 1982 1529 2038 humilitas
1542 1980 1606 2050 Dei,
1620 1984 1709 2040 hostis

57 2069 287 2142 tiasprceaciter
299 2070 487 2139 jaetant‚non
502 2066 805 2138 servantiuobsequio
819 2083 865 2121 re·
907 2072 982 2127 enim
1009 2076 1105 2125 noster
1133 2070 1207 2125 inter
1235 2070 1330 2124 omnia
1355 2070 1484 2126 conditus
1507 2071 1593 2126 videri
1623 2088 1708 2146 supra

56 2160 228 2223 verentiam,
240 2159 299 2212 hee
313 2164 380 2212 suut
395 2156 533 2228 superbiae
545 2156 665 2211 tumoris
680 2156 792 2224 indicia,
806 2156 866 2228 qui·
907 2161 1002 2216 omnia
1017 2161 1104 2215 voluit
1117 2160 1206 2214 elatus
1219 2177 1224 2212 :
1239 2160 1411 2230 Redemptor
1426 2165 1521 2216 autem
1536 2165 1633 2216 noster
1646 2178 1709 2217 ma·

57 2248 115 2306 bus
138 2249 214 2303 Deus
230 2247 380 2303 ollenditur
402 2253 430 2300 et
453 2246 497 2301 his
519 2246 601 2300 malis
619 2245 747 2300 diabolus
769 2238 878 2317 pastus¹
906 2266 979 2320 gnus
994 2265 1112 2303 nranens
1126 2264 1211 2319 super
1224 2248 1329 2315 omnia,
1339 2248 1401 2302 heri
1415 2248 1490 2303 inter
1503 2247 1598 2303 omnia
1611 2249 1709 2320 digna·

57 2339 196 2394 exsultat.
907 2345 954 2393 tus
968 2345 1012 2393 est
1024 2354 1135 2410 parvus.
1146 2337 1218 2407 Ergo
1229 2337 1340 2391 dicatur
1351 2335 1514 2404 humilibus,
1525 2336 1593 2409 quia
1602 2338 1670 2393 dum
1678 2355 1708 2393 se

58 2444 131 2499 Car.
148 2443 224 2500 Vlll.
241 2474 273 2483 —
304 2444 380 2510 Quod
408 2445 522 2496 trullum
546 2445 648 2496 cilium
672 2447 729 2496 tene
746 2443 866 2496 declinet
908 2427 1043 2498 003Ῐοῑῦοῖ
1061 2427 1096 2480 ad
1112 2426 1162 2480 Dei
1182 2425 1398 2481 Siffiiliissdinssm
1412 2427 1576 2481 ascendunt·
1593 2427 1710 2483 Dicatur

96 2532 118 2569 a
131 2517 274 2570 incedetis
284 2517 333 2570 Dei
347 2530 431 2583 quern
446 2515 574 2583 superbie
585 2516 676 2582 etipsa
688 2515 776 2581 inopis
792 2514 866 2567 iram
907 2517 998 2583 elatis,
1013 2515 1080 2587 quia
1089 2515 1156 2571 dum
1172 2531 1202 2570 se
1218 2514 1331 2585 erigunt
1341 2515 1370 2569 in
1384 2520 1518 2586 apostate
1540 2516 1706 2586 angeliimi-
1767 2532 1770 2536 ·

98 2588 215 2642 ”misni
225 2591 353 2656 10000000(
358 2626 363 2637 ·
907 2605 1042 2661 tationem
1056 2604 1168 2660 cadunt.

98 2691 218 2765 (Hilar.)
233 2692 266 2747 In
281 2692 453 2765 expositione
467 2691 614 2763 cujusdam
625 2690 726 2763 psalmi
734 2690 868 2746 excellen-

58 2782 279 2839 tissimusvalde
289 2782 386 2837 doctor
396 2781 520 2836 Hilarius
529 2779 711 2836 pictaviensis
721 2779 868 2851 episcopus

62 2888 133 2928 cum
148 2871 244 2927 dolore
264 2870 447 2942 proclamavit
461 2870 556 2924 dicens
569 2888 574 2922 :
589 2868 711 2924 einselix
726 2867 865 2940 superbia,

35 2972 40 2981 '
61 2977 128 3033 quae
138 2959 308 3031 dedignatur
318 2959 369 3014 sub
379 2960 525 3032 preceptis
534 2957 692 3013 eoelestibus
703 2958 868 3029 vivereque
945 2960 1043 3031 ltaque
1057 2960 1132 3014 huuc
1144 2959 1309 3031 nequissimi
1328 2959 1444 3030 spiritus
1459 2960 1591 3032 laqueum
1612 2962 1709 3018 taliter

62 3050 202 3105 mandate
217 3049 311 3104 divina
323 3050 409 3104 animi
420 3049 540 3104 infidelis
553 3054 664 3103 tumore
674 3047 788 3102 fastidit.
805 3047 870 3102 Plu·
879 3017 900 3077 c
910 3049 1064 3122 poterimus
1074 3048 1201 3111 evadere,
1214 3047 1236 3102 si
1251 3048 1281 3102 in
1295 3047 1412 3127 singulis
1425 3048 1526 3121 quibus
1536 3050 1708 3108 senserimus

62 3138 139 3194 rima
152 3145 220 3194 sunt
226 3139 415 3194 humanorum
430 3139 561 3192 vitiorum
572 3137 701 3202 crimina,
712 3143 741 3191 et
753 3136 868 3191 diverse
909 3154 961 3193 nos
981 3136 1131 3191 virtutibus
1152 3136 1310 3207 profecisse,
1326 3136 1396 3191 illud
1409 3138 1594 3209 apostolieum
1609 3139 1710 3197 dixeri·

62 3234 151 3300 atque
177 3228 396 3282 innumerabiles
416 3232 594 3300 peccatorum
616 3225 802 3298 operationes,
820 3225 868 3279 sed
911 3243 975 3281 mus
991 3244 996 3279 :
1017 3245 1028 3277 ι
1044 3226 1108 3280 Non
1123 3241 1184 3295 ego,
1200 3225 1249 3279 sed
1263 3224 1357 3295 gretia
1371 3226 1422 3280 Dei
1437 3243 1558 3296 meeum,
1575 3233 1605 3283 et
1616 3229 1710 3299 gratia

62 3317 145 3373 nulla
158 3317 250 3388 magis
265 3317 445 3389 provocandae
455 3317 485 3370 in
497 3333 547 3371 nos
558 3316 608 3370 Dei
622 3315 671 3370 irre
681 3329 869 3386 quamsuper·
909 3316 960 3370 Dei
975 3333 1037 3371 sum
1052 3315 1127 3386 quod
1141 3331 1214 3379 sum,
1226 3320 1255 3368 et
1279 3314 1369 3369 Deum
1388 3332 1448 3370 esse
1462 3318 1510 3388 qui
1527 3325 1661 3390 operatur
1679 3320 1709 3376 in

65 3404 120 3460 bite
134 3422 221 3460 eausa
235 3411 287 3460 ost.
303 3407 357 3460 Por
370 3405 530 3478 superbiam
546 3404 621 3459 euim
637 3404 731 3474 plures
743 3402 868 3456 humana
909 3403 989 3458 nobis
1003 3412 1032 3458 et
1040 3403 1110 3457 velle
1121 3407 1150 3457 et
1159 3404 1293 3474 perlicere
1307 3420 1358 3474 pro
1372 3403 1446 3458 bona
1459 3406 1602 3462 voluntate
1612 3409 1638 3478 (I
1646 3409 1707 3464 Cer.
1739 3442 1743 3453 ι

63 3500 260 3561 contemnunt,
276 3500 305 3549 et
318 3495 376 3550 Deo
392 3494 507 3565 obsequi
520 3502 667 3565 spernunt,
676 3488 724 3546 sed
737 3491 801 3545 licet
811 3490 868 3544 sint
908 3509 955 3557 xv,
967 3493 1028 3562 le),
1042 3510 1055 3545 e
1068 3492 1177 3545 dicente
1185 3491 1271 3545 etiam
1286 3491 1346 3563 ipso
1361 3498 1475 3548 auctore
1488 3495 1587 3550 salutis
1594 3501 1706 3553 nostrae.

62 3584 199 3656 preclara
213 3589 313 3638 caetera
327 3584 392 3638 hdei
406 3600 501 3655 opera,
524 3589 552 3637 et
565 3582 595 3636 iu
611 3580 687 3635 omui
707 3580 866 3633 divinorum
909 3598 922 3633 v
938 3580 992 3644 Qui
1003 3585 1100 3635 manet
1114 3580 1143 3633 in
1158 3596 1203 3633 me
1218 3584 1246 3633 et
1261 3596 1313 3648 ego
1326 3580 1356 3634 in
1371 3581 1428 3646 illo,
1443 3582 1488 3636 hic
1511 3583 1566 3638 sert
1585 3584 1708 3642 fructum

63 3678 269 3745 praceptorum
297 3673 424 3727 custodia
444 3672 554 3726 devotio
578 3671 753 3731 immoretur,
771 3672 866 3722 tamen
907 3669 1037 3736 multum,
1051 3669 1117 3740 quia
1130 3668 1191 3722 sine
1204 3684 1250 3722 me
1263 3668 1333 3722 nihil
1351 3670 1468 3740 potestis
1482 3671 1572 3727 secere
1592 3675 1705 3746 (Philip.

63 3761 236 3833 subrepente
251 3761 391 3833 superbia,
413 3760 552 3815 momoria
575 3775 682 3821 eorum,
707 3774 768 3830 quse
792 3762 867 3812 recte
908 3773 937 3823 u,
957 3756 987 3815 13
1000 3761 1098 3826 ;Joan-.
1115 3774 1161 3824 xv,
1178 3757 1213 3826 t),
1231 3763 1260 3812 et
1274 3758 1462 3814 caeteratulia.
1479 3760 1617 3833 Superbia
1631 3763 1707 3820 enim

65 3867 229 3924 operamur,
240 3850 407 3916 abolebitur,
421 3867 471 3921 por
480 3851 551 3904 hanc
560 3849 717 3904 Pherisaeus
729 3847 776 3901 ille
786 3862 867 3901 evan·
908 3847 1033 3903 omnium
1058 3846 1251 3918 depopulatrix
1270 3845 1405 3903 virtutum
1426 3865 1477 3920 per
1499 3866 1594 3906 veram
1614 3857 1709 3925 potest

64 3938 319 4012 gelicusdieend0:
338 3958 351 3991 (ι
363 3940 426 3994 Non
441 3956 504 3993 sum
520 3943 650 4009 peccator
666 3937 740 3991 sicut
754 3935 799 3990 hic
815 3951 867 4006 pu·
908 3936 1383 4008 exstinguilvumilitatem,ideoque
1396 3937 1587 3995 universitatis
1597 3947 1708 3998 creator

66 4029 196 4084 blicanus
211 4031 285 4098 (Luc.
307 4028 383 4094 xv'rh,
404 4028 457 4098 ll),
475 4048 488 4081 e
505 4045 538 4082 ex
559 4026 718 4098 ingentibus
737 4024 868 4096 operibus
909 4031 939 4080 et
952 4025 1077 4082 medicus
1091 4026 1166 4080 Deus
1180 4041 1294 4080 causam
1304 4024 1529 4100 principiumque
1544 4030 1706 4087 morborum

63 4118 166 4175 cecidit
178 4119 209 4173 in
224 4118 340 4173 crimen.
356 4117 505 4190 Apostolus
520 4117 596 4171 enim
610 4115 715 4171 Paulus
734 4114 864 4187 angelum
907 4114 1067 4186 superbiam
1083 4131 1144 4169 esse
1159 4131 1338 4185 cognoscens
1355 4117 1502 4172 contrariis
1516 4135 1618 4175 sanare
1637 4136 1704 4177 con·

64 4209 177 4264 Satanae
187 4207 236 4278 qui
250 4224 280 4262 se
295 4206 481 4278 colaphizaret
501 4204 607 4277 accepit
627 4207 654 4272 (l
672 4206 732 4260 t'or.
748 4218 798 4271 xlx,
811 4205 837 4273 7)
855 4222 862 4272 ς
905 4204 994 4259 traria
1002 4203 1170 4277 procuravit,
1184 4210 1216 4258 ut
1228 4221 1262 4259 ea
1273 4205 1388 4272 scilieet,
1405 4223 1465 4278 quae
1480 4224 1531 4280 per
1544 4209 1705 4281 superbiam

944 2749 1009 2803 (lxv.
1026 2748 1060 2801 Χ.
1081 2776 1113 2786 -
1145 2748 1378 2814 (lueneadnvoduvn
1399 2747 1558 2816 superbient
1578 2763 1710 2818 seperare

1231 2851 1385 2904 poesie-nens.

63 4314 99 4353 ne
114 4296 310 4368 magnitudine
333 4296 535 4350 revelationum
559 4294 748 4349 extolleretur.
766 4294 862 4362 (Cass.)
904 4300 1079 4361 corruerant,
1096 4310 1147 4366 per
1160 4293 1348 4349 humilitatem
1367 4302 1554 4366 resurgerent.
1571 4297 1704 4356 Diabolus

63 4387 114 4442 Est
127 4387 204 4441 enim
228 4385 360 4457 superbia
382 4385 577 4456 gravissimum
593 4383 702 4448 vitium,
714 4400 765 4454 per
779 4398 864 4454 quam
905 4400 1026 4456 namque
1048 4384 1134 4438 dicit:
1153 4402 1164 4434 e
1188 4383 1220 4438 ln
1239 4384 1342 4438 coelum
1365 4384 1549 4441 conscendam
1569 4386 1632 4459 (Iso.
1648 4406 1700 4455 xxv,

63 4476 191 4531 humana
205 4475 374 4546 despicimus
383 4480 411 4527 et
424 4474 517 4528 divina
532 4473 709 4544 negligimus,
722 4472 783 4544 ipsa
792 4472 864 4544 pari·
903 4470 965 4542 13):
978 4472 1137 4528 »Dominus
1146 4470 1231 4525 dicit:
1245 4491 1256 4523 e
1269 4471 1424 4527 Humiliata
1432 4478 1474 4527 est
1484 4473 1512 4529 in
1522 4479 1597 4529 terra
1608 4476 1703 4534 anima

62 4576 108 4620 ter
122 4580 222 4620 omnes
234 4563 364 4620 exhaurit
377 4563 505 4629 virtutes,
522 4563 583 4633 ipsa
597 4562 740 4616 hominem
752 4561 862 4631 justitia
904 4577 968 4615 mea
982 4563 1065 4624 (Psel.
1080 4573 1156 4626 xcvu,
1172 4560 1236 4625 ‘etp
1256 4578 1267 4611 v
1282 4560 1329 4614 ille
1340 4559 1427 4615 dicit:
1447 4582 1458 4613 e
1473 4562 1527 4617 Ero
1540 4563 1638 4619 similis
1651 4566 1701 4621 Al·

63 4660 92 4709 et
101 4655 251 4709 sanctitate
260 4650 862 4725 exspoliat,ipsacstinterfectrixeunetarum
904 4650 1012 4705 tissimo
1033 4653 1098 4716 (lea.
1117 4665 1163 4704 xxv
1185 4646 1243 4728 l-l)·;
1262 4668 1275 4703 o
1297 4649 1443 4715 Dominus,
1457 4670 1470 4702 v
1484 4667 1548 4708 cum
1573 4660 1648 4710 esset
1670 4656 1701 4711 in

62 4743 212 4809 virtutum,
228 4742 289 4814 ipsa
303 4748 345 4797 est
359 4742 510 4797 sevissima
520 4746 549 4795 et
558 4739 748 4812 superioribus
758 4740 864 4794 eunctis
904 4739 995 4794 torma
1008 4738 1059 4793 Dei
1070 4737 1222 4792 exinanivit
1231 4737 1422 4809 semetipsum,
1438 4739 1557 4797 sormam
1571 4744 1644 4799 servi
1658 4761 1702 4799 ae·

62 4833 217 4890 immanior
231 4832 328 4897 bestia,
345 4832 406 4886 sine
421 4848 478 4902 qua
492 4830 600 4885 nullum
623 4829 676 4884 luit
690 4836 740 4884 aut
758 4833 802 4883 est
815 4834 865 4883 aut
904 4827 1019 4899 cipiens‚
1031 4827 1244 4898 humiliavitque
1259 4827 1390 4882 selectus
1411 4827 1543 4884 obediens
1561 4834 1699 4903 usquead

62 4941 124 4980 esse
147 4921 251 4994 poterit
274 4927 419 4991 peccatum
436 4939 441 4972 :
459 4939 472 4972 e
495 4919 619 4984 Initium,
645 4919 747 4990 iuquit,
772 4917 863 4973 omnis
904 4923 1025 4972 mortem
1041 4894 1123 4985 il'hil.
1140 4930 1169 4984 11,
1186 4917 1233 4986 i),
1250 4916 1297 4971 ille
1311 4916 1396 4971 dicit:
1412 4937 1426 4968 x
1448 4918 1539 4990 Super
1556 4925 1632 4974 astra
1648 4919 1700 4977 Dei

63 5010 171 5086 peceati
182 5009 313 5083 superbia
327 5010 422 5083 (Ereti.
439 5027 465 5074 x,
477 5009 533 5077 lb).
546 5008 664 5079 [Prosp]
675 5007 721 5062 Nil
731 5013 774 5062 est
788 5007 863 5062 enim
904 5003 1031 5059 exaltabo
1056 5004 1163 5060 solium
1176 5020 1271 5060 meum
1294 5006 1358 5073 (leo.
1376 5023 1432 5072 xvv,
1459 5006 1518 5075 13);
1534 5007 1586 5062 iste
1607 5008 1675 5064 dicit
1690 5028 1697 5066 :

64 5100 142 5156 eliud
152 5115 236 5154 omne
251 5104 397 5169 peecatum
410 5097 463 5151 uisi
478 5095 528 5151 Dei
539 5100 725 5167 contemptus,
736 5111 791 5166 quo
802 5096 864 5165 eJ'us
907 5113 918 5145 ι
931 5093 1034 5149 Discite
1044 5110 1113 5148 ame
1121 5093 1270 5165 quiamitis
1279 5101 1375 5149 sumet
1381 5095 1698 5165 humiliscordelllettle.

64 5193 204 5261 praecepta
219 5187 371 5242 adeantur.
383 5185 509 5256 Denique
519 5185 580 5256 ipse
595 5183 721 5238 diabolus
735 5184 864 5238 inventor
904 5197 942 5248 xx,
954 5184 1009 5252 99).
1027 5203 1040 5235 o
1056 5183 1086 5238 Si
1109 5183 1271 5255 principalis
1295 5184 1383 5239 ruinae
1404 5200 1518 5239 causam
1545 5189 1575 5239 et
1601 5186 1700 5244 salutis

65 5277 203 5351 superbia
221 5293 272 5348 per
292 5275 383 5348 ipsam
406 5275 441 5329 de
464 5273 624 5327 coelestibus
646 5273 760 5339 corruit,
780 5289 863 5345 quem
904 5278 1006 5327 nostre
1027 5272 1211 5327 tundamenta
1224 5273 1425 5344 perspeximus,
1442 5290 1526 5346 aquo
1539 5280 1568 5330 et
1580 5275 1701 5346 qualiter

64 5367 140 5424 Deus
151 5365 325 5422 leceratsine
339 5365 396 5420 ullo
412 5369 535 5435 peccato,
553 5367 582 5418 et
603 5363 661 5417 hec
675 5367 717 5416 est
737 5362 862 5416 omnium
905 5363 947 5417 vel
959 5362 1013 5417 ista
1023 5364 1100 5433 jacta
1115 5362 1180 5428 sint,
1197 5362 1239 5418 vel
1260 5362 1310 5417 illa
1326 5363 1501 5430 emerserint,
1521 5366 1701 5436 quemadmo-

65 5459 206 5513 malorum
221 5472 315 5519 causa,
326 5455 457 5527 perhanc
469 5459 597 5508 versutus
608 5467 722 5522 serpens
735 5451 863 5506 diabolus
903 5451 970 5506 dum
981 5450 1105 5506 devitare
1118 5458 1177 5506 tam
1187 5454 1312 5506 atrocem
1322 5458 1442 5508 mortem
1452 5453 1588 5527 superbie
1601 5454 1701 5512 debea-

66 5548 191 5619 primum
205 5551 352 5619 parentem
370 5542 521 5609 interemit,
538 5558 589 5613 per
598 5541 669 5596 barre
683 5545 802 5594 mortem
818 5540 861 5594 in·
904 5556 976 5609 mus,
987 5540 1031 5594 rel
1044 5539 1118 5594 illius
1133 5539 1216 5595 ruina
1228 5538 1271 5593 vel
1281 5538 1357 5595 illius
1367 5541 1661 5617 doceamurexemplo.

185 5647 319 5707 Parnes.
337 5644 414 5706 GXll
1236 5693 1238 5697 .
1542 5647 1580 5706 43
