3772 6120
127 300 179 359 715
423 303 454 356 Β.
475 301 611 358 ΗΑΒΑΝΙ
630 301 745 356 MAURI
764 300 932 357 nncnlur.
954 299 1115 355 MOGUNT.
1136 296 1287 353 OPERUM
1304 294 1397 353 PARS
1415 296 1466 355 111.

125 436 216 483 terum
225 426 345 496 gradum
360 425 432 479 inire
450 442 506 480 non
521 426 611 496 possis
627 444 632 477 :
653 448 665 477 r
682 426 736 490 Qui
750 431 801 486 est,
819 425 920 495 inquit,
931 425 1092 485 Adirinitas
1107 423 1261 477 humilibus
1276 423 1486 479 communicare
1506 421 1653 495 signatu

126 516 258 588 splendor
266 514 362 584 gloriae
378 520 407 567 et
420 515 565 568 character
572 514 735 569 substantia
746 516 816 585 ejus.
829 538 841 563 υ
855 515 925 569 Vere
966 514 1060 583 itaque
1075 514 1134 567 luco
1145 512 1289 582 perspicue
1301 511 1371 566 duas
1379 519 1496 567 naturas
1507 512 1537 567 in
1547 512 1653 567 Christ(

127 605 254 676 inipsurn
264 620 312 657 eos
323 603 514 657 inaccessibile
520 603 616 657 lumen
627 604 745 670 induxit,
752 611 780 659 et
792 604 822 657 in
833 605 924 674 ipsum
966 603 1016 661 dit,
1036 604 1093 656 lraec
1105 619 1169 655 rero
1182 601 1280 655 salutis
1290 608 1392 655 nostrae
1407 602 1536 672 exempla
1550 601 1653 659 referas

126 693 303 764 splendorem
313 692 458 747 immensae
468 708 639 763 summasque
653 693 790 748 claritatis
805 711 862 749 suae
879 702 926 747 :et
966 692 1042 746 enirn
1056 692 1124 761 ipse,
1140 707 1204 745 cum
1224 691 1299 745 Deus
1314 697 1387 745 esset
1401 698 1429 744 et
1446 691 1584 747 Dominus
1604 690 1653 747 nei

126 789 278 852 antequam
293 799 341 835 eos
355 781 511 836 obscuritas
521 782 580 836 ullu
594 783 799 853 corrrprirneret
812 785 925 838 attende
967 782 1031 844 lius,
1057 797 1113 833 non
1138 780 1244 850 respuit
1263 779 1384 833 formam
1408 780 1481 835 serri
1502 780 1653 851 suscipere.

126 871 266 943 quemodo
276 889 323 925 eos
337 871 440 925 iterum
452 871 624 942 pedetentim
634 872 847 927 adinsurioraet
858 891 924 928 con·
967 871 1087 941 amplius
1095 887 1146 924 nos
1161 878 1272 940 oportet
1282 876 1382 923 runata
1391 871 1526 940 perlicere
1537 886 1600 940 quae
1612 870 1653 940 jur

127 967 208 1015 sueta
223 961 283 1015 loca
302 961 427 1031 deponit,
445 960 562 1014 dicens:
585 961 718 1016 «Ferens
732 963 827 1016 omnia
842 963 925 1017 rerlro
967 960 1056 1019 nobis,
1083 966 1112 1013 et
1134 958 1252 1013 humilia
1273 975 1390 1029 <luceque
1418 959 1558 1025 tolerare;
1587 974 1653 1015 redo

126 1050 237 1104 virtutis
251 1066 318 1104 sue,
336 1049 391 1103 Per
405 1049 507 1120 ipsum,
517 1049 620 1120 inquit,
633 1050 846 1121 mundationem
854 1070 924 1127 pec·
967 1050 1110 1105 Christum
1121 1048 1260 1101 dicentem
1276 1066 1281 1099 :
1298 1047 1395 1101 «Cum
1410 1047 1532 1102 feceritis
1543 1047 1653 1115 omma,

126 1144 253 1193 catorum
268 1138 374 1192 iaciens
390 1145 560 1202 nostrorum,
576 1137 674 1193 sedere
689 1139 793 1194 secitin
809 1141 923 1195 dexteru
966 1139 1097 1209 quonium
1109 1138 1222 1191 inutiles
1239 1136 1310 1190 servi
1324 1153 1421 1191 suiuus
1442 1138 1515 1202 (Lac.
1533 1142 1609 1191 xrul.
1628 1160 1642 1190 a

128 1228 293 1297 majestatis.
329 1248 339 1277 ι
370 1228 432 1282 Non
462 1227 628 1297 simpliciter
651 1228 718 1282 dicit
747 1249 752 1282 :
786 1250 797 1279 r
827 1231 924 1285 sedere
1003 1253 1015 1278 r.
1032 1229 1067 1282 m
1080 1245 1143 1281 cum
1158 1227 1261 1280 iterum
1276 1225 1430 1280 introducit
1443 1224 1653 1296 Primogenitur

127 1317 201 1375 lecit.
213 1336 224 1367 a
234 1317 283 1371 sed
293 1336 307 1368 u
318 1323 381 1387 post
390 1316 816 1387 mundationem,inquitsoderc
826 1320 898 1374 lecit.
910 1340 922 1373 n
967 1342 978 1363 α
997 1318 1061 1372 bem
1075 1324 1217 1371 terrarum
1225 1315 1305 1369 dicit:
1316 1316 1350 1370 Et
1359 1315 1478 1369 adorent
1487 1331 1552 1368 eum
1564 1330 1653 1369 omne

128 1406 257 1476 Suscepit
270 1406 345 1460 enim
359 1405 560 1459 incarnationis
573 1405 706 1469 cilicium,
722 1407 822 1462 deinde
834 1409 924 1462 humi·
967 1426 980 1455 ι
997 1403 1439 1473 Dei.1›(Jnun.>l)ominusquidem
1446 1402 1653 1457 nosterlesus(

127 1494 166 1550 lia
180 1495 315 1565 loquitur,
338 1502 367 1549 et
382 1501 444 1565 post
468 1495 527 1549 hec
552 1495 737 1550 interlocutus
754 1499 899 1567 paululum
914 1514 920 1527 ’
964 1496 1115 1550 adrentum
1125 1510 1208 1548 suum
1218 1493 1359 1546 carnalem
1374 1492 1478 1547 exitum
1492 1497 1571 1546 vocat
1583 1511 1588 1544 :
1598 1491 1653 1547 sict

129 1603 142 1633 s
159 1585 191 1640 ln
205 1584 329 1648 dextera,
339 1583 480 1654 inquiens,
493 1585 649 1654 majestatis
656 1586 718 1655 ejus
732 1586 920 1641 marcenis.»
965 1601 1027 1639 cum
1038 1584 1107 1638 dicit
1123 1604 1128 1636 :
1150 1606 1159 1631 n
1178 1583 1213 1636 Et
1227 1581 1293 1635 exiit
1307 1582 1355 1651 qui
1372 1581 1493 1635 seminat
1513 1581 1550 1635 ad
1563 1580 1653 1635 semin

126 1674 234 1728 lterum
250 1673 285 1727 ad
303 1673 422 1727 humilia
445 1673 588 1727 narranda
611 1674 777 1728 revertitur:
798 1698 808 1724 e
833 1678 923 1732 'lanto
966 1675 1072 1737 tilluttlr.
1089 1672 1166 1740 xnr);
1188 1694 1196 1716 ι
1211 1672 1357 1725 etiterum
1374 1690 1379 1722 :
1396 1694 1406 1719 ιι
1426 1671 1483 1740 Ego
1508 1687 1525 1723 a
1548 1671 1634 1725 Patre
1651 1696 1653 1717 ι

126 1762 226 1817 melior
238 1761 328 1817 sactus
337 1762 567 1832 angelis‚quanto
579 1762 752 1818 differentius
763 1766 867 1835 praeeis
876 1773 955 1833 rio-B
964 1762 1025 1817 veni
1042 1762 1220 1816 inmundum
1237 1763 1327 1821 (doale
1351 1776 1406 1814 xrn
1420 1778 1453 1824 ἑ»
1470 1765 1499 1813 ei
1518 1759 1572 1814 1¹0⁰
1589 1759 1653 1830 inp

127 1868 192 1906 men
203 1851 410 1905 haereditavit.»
423 1850 474 1905 Hic
481 1852 542 1921 Jam
555 1851 641 1915 deco,
657 1853 704 1922 qui
715 1856 921 1911 estsecunrlum
965 1852 1174 1921 Scripturarum
1193 1850 1261 1904 locis
1280 1848 1383 1920 poterit
1399 1848 1528 1902 inveniri.
1547 1846 1653 1903 Paulus

125 1957 238 1995 carnem
260 1941 395 2011 disputat.
412 1941 445 1996 In
462 1957 496 1995 eo
518 1941 592 1994 eninr
610 1942 685 2011 quod
699 1942 794 1997 dixite
825 1946 923 2000 melior
963 1941 1111 1995 introitum
1130 1939 1233 1995 Christi
1254 1946 1335 1993 vocat
1356 1938 1507 1992 adrentum
1530 1937 1645 1992 dicens:

126 2030 483 2093 tactusest,rnonessentiae
492 2031 918 2099 paternaedeclararitindicium:
964 2030 1118 2084 introduxit
1133 2028 1355 2098 Primogeniturn
1369 2027 1399 2081 in
1413 2026 1510 2081 orbern
1525 2032 1619 2081 terrra.
1635 2046 1649 2081 r

125 2118 176 2173 illa
186 2118 261 2173 enirn
269 2135 331 2189 quse
342 2116 434 2172 Patris
443 2118 571 2174 essentia
578 2119 824 2176 consubstantialis
834 2139 921 2192 agno-
964 2125 1024 2173 tum
1035 2136 1101 2189 ergo
1109 2118 1331 2188 assumptionem
1341 2116 1433 2170 carnis
1443 2116 1583 2186 appellat:
1594 2114 1645 2171 sed

126 2207 224 2273 scitur,
239 2224 295 2262 non
311 2212 354 2262 est
368 2207 450 2274 iacta,
467 2208 515 2262 sed
531 2214 606 2263 nata.
626 2210 764 2279 Loquitur
777 2218 872 2266 autern
887 2213 921 2267 de
963 2208 1065 2278 uliquis
1080 2225 1130 2263 cur
1149 2206 1251 2261 talibus
1266 2207 1308 2261 rel
1331 2205 1448 2261 dirersis
1467 2209 1564 2259 utatur
1578 2202 1653 2261 nemi

124 2297 229 2353 carnali
241 2296 401 2351 substantia
417 2316 422 2349 :
441 2297 501 2367 ipsa
524 2298 599 2352 enim
614 2299 688 2352 sacta
706 2306 757 2353 est.
779 2300 833 2355 Sed
848 2318 921 2356 nunc
964 2297 1188 2365 significationes
1204 2296 1315 2366 quidem
1329 2295 1468 2349 dictorum
1480 2293 1653 2351 manifestas

124 2402 181 2441 non
194 2384 396 2441 desubstnntia
412 2387 483 2455 ejus,
500 2386 553 2440 hoc
572 2395 615 2441 est
630 2388 752 2458 qualiter
772 2390 919 2447 exstiterit.
961 2387 1115 2440 secundum
1129 2386 1195 2456 quid
1210 2386 1377 2439 alterutrum
1401 2383 1512 2437 dicatur
1530 2388 1653 2453 apparet

125 2491 217 2529 sermo
226 2475 380 2545 peragitur,
392 2474 440 2529 sed
454 2474 527 2529 sicut
535 2476 657 2529 loannes
672 2477 755 2531 dicit:
767 2500 779 2525 a
796 2479 849 2542 Qui
859 2486 922 2549 post
962 2481 1023 2529 stus
1033 2475 1146 2545 quidem
1157 2473 1371 2528 meritoexiturn
1382 2477 1474 2526 ruent:
1488 2471 1653 2527 lorisenimr

124 2581 170 2619 me
186 2564 271 2629 venit,
289 2569 354 2617 ante
377 2580 422 2617 me
436 2564 525 2618 factus
548 2572 591 2618 est
608 2567 696 2631 (lueri.
713 2582 741 2623 n.
760 2589 771 2616 ι
794 2568 853 2621 Hoc
867 2576 918 2629 est,
962 2566 1059 2628 aneo,
1077 2564 1159 2618 sicuti
1174 2564 1221 2634 qni
1238 2568 1303 2617 sunt
1317 2570 1397 2616 extra
1413 2562 1521 2631 regales
1536 2560 1653 2616 aulasit

125 2651 647 2723 honorabilioratqueprobabilior:sic
657 2655 742 2708 etiam
754 2656 826 2711 liic·
842 2663 921 2713 tanto
963 2654 997 2707 lis
1006 2653 1139 2722 colligati.
1157 2659 1186 2706 et
1207 2653 1254 2722 qui
1274 2651 1379 2705 habent
1392 2651 1466 2721 apud
1482 2667 1580 2720 regem
1600 2666 1653 2722 pro

123 2741 233 2799 melior,
250 2740 350 2810 inquit,
365 2740 456 2793 iactus
466 2742 635 2809 estangelis.
650 2762 661 2793 r
680 2744 731 2798 hoc
744 2749 796 2805 est,
819 2746 920 2816 proba·
960 2742 1101 2813 aliquibus
1115 2740 1436 2810 ollensam:hujusrnodi
1450 2740 1553 2811 quippe
1568 2757 1586 2793 a
1596 2755 1653 2811 rega

114 2829 206 2887 bilior
233 2834 318 2899 atquc
331 2829 522 2900 precarios«
534 2835 640 2899 quanto
657 2832 756 2886 melius
771 2834 920 2889 haeredita-
961 2831 1029 2887 soris
1050 2833 1153 2887 exclusi
1174 2835 1241 2885 sunt
1257 2849 1261 2883 :
1284 2831 1332 2901 qui
1353 2846 1418 2884 vero
1436 2830 1557 2883 voluerit
1573 2829 1636 2885 istis

124 2919 164 2972 rit
174 2934 286 2973 nomen.
299 2937 313 2970 ι
331 2917 413 2973 Vides
422 2918 489 2987 quia
500 2918 537 2972 de
546 2935 579 2972 eo
589 2919 636 2988 qui
648 2922 850 2977 estsecundum
862 2941 921 2978 rar·
962 2921 1122 2992 impetrare,
1145 2937 1200 2975 non
1216 2920 1339 2991 primum
1349 2919 1423 2989 ipsos
1439 2919 1468 2972 in
1479 2919 1573 2972 aulam
1584 2918 1653 2989 regit

124 3024 188 3063 neni
205 3012 332 3061 versatur
350 3008 463 3061 serino?
479 3008 537 3062 lloc
551 3007 625 3061 enim
640 3025 753 3074 nornen,
764 3011 839 3065 Deus
854 3013 921 3066 ller-
962 3009 1047 3069 ducit,
1060 3010 1108 3063 scd
1122 3010 1181 3080 ipse
1196 3010 1264 3063 foris
1273 3008 1427 3078 egreditur,
1439 3006 1535 3076 ibique
1549 3006 1653 3063 cumei

123 3096 200 3162 burn,
215 3113 326 3166 semper
340 3095 511 3159 habuit‚n0n
522 3103 620 3167 postea
635 3099 919 3172 haereditavitNeqne
931 3087 1059 3151 Cmiscet
1072 3099 1277 3152 sermocinandi
1291 3097 1445 3166 negotium,
1458 3112 1547 3166 usque
1560 3096 1653 3151 dume

124 3192 222 3256 postea
237 3202 301 3239 cum
316 3184 351 3239 ab
364 3185 471 3255 angelis
486 3185 630 3241 meliorem
651 3193 761 3243 coristat
778 3190 916 3256 ellectum,
960 3193 1051 3241 rectos
1061 3187 1169 3244 reddat.
1186 3192 1215 3241 et
1229 3187 1328 3256 dignos
1341 3185 1445 3240 efficiat
1456 3202 1512 3255 quo
1528 3185 1604 3254 regis
1614 3201 1652 3239 ru

124 3275 236 3346 quando
259 3274 442 3329 mundatione
457 3291 508 3328 sua
535 3275 651 3331 abstulit
674 3283 771 3333 nostra
794 3287 916 3349 peccata,
961 3276 1124 3346 praesentari
1135 3281 1305 3330 mereantur.
1322 3276 1368 3328 Sic
1391 3275 1477 3328 etiam
1498 3274 1653 3329 Christus«

123 3365 172 3419 sed
185 3380 296 3435 semper
309 3363 409 3419 melior
429 3363 491 3428 tuit,
510 3368 538 3416 et
551 3381 607 3418 non
629 3366 720 3420 selum
746 3368 853 3425 melior.
870 3371 917 3423 sod
961 3382 1090 3436 egressus
1100 3366 1203 3435 quippe
1216 3365 1251 3419 ad
1267 3381 1327 3425 nos,
1339 3365 1392 3417 hoc
1406 3370 1458 3426 cst,
1474 3379 1590 3417 carnem
1604 3379 1653 3419 sun

122 3453 210 3508 etiarn
218 3453 475 3524 incomparabiliter
488 3453 588 3508 melior
605 3454 750 3509 universis.
768 3456 917 3513 Verumta-
959 3455 1112 3509 collocutus
1130 3454 1284 3517 nobiscum,
1311 3461 1449 3523 praecepta
1472 3451 1551 3506 nobis
1576 3452 1653 3523 Regi:

121 3559 188 3597 men
200 3542 236 3597 de
249 3558 283 3597 eo
299 3541 347 3613 qui
361 3549 404 3597 est
417 3542 571 3599 secundum
586 3560 699 3598 saniem
713 3545 915 3603 istndicuntur.
959 3544 1023 3605 tuit,
1039 3544 1121 3597 etsie
1137 3560 1186 3598 uos
1205 3562 1223 3597 a
1245 3543 1363 3612 timeatis
1383 3541 1540 3596 emundans
1562 3546 1592 3596 et
1614 3541 1653 3597 ad

123 3632 168 3686 Sic
182 3631 257 3686 enirn
273 3636 302 3685 et
316 3630 395 3686 nobis
405 3649 472 3686 usus
486 3637 537 3692 est,
554 3649 618 3686 cum
634 3633 668 3687 de
683 3640 784 3689 nutura
792 3635 916 3692 humana
959 3638 1132 3698 corirartens,
1149 3633 1178 3686 in
1193 3633 1286 3687 sillam
1303 3631 1425 3700 regalem
1439 3632 1515 3686 velut
1530 3631 1653 3687 mediato

120 3722 295 3786 disserimus,
312 3727 342 3776 et
355 3720 499 3791 fastigium
514 3721 647 3777 habentia
657 3723 799 3794 loquimur
807 3734 836 3779 et
850 3727 916 3780 sub-
960 3739 1021 3775 mus
1035 3722 1199 3775 introduxit.
1216 3723 1368 3791 Propterea
1382 3736 1448 3789 ergo
1472 3720 1579 3774 exitum
1601 3736 1653 3777 roe

122 3811 233 3865 missa:
255 3811 368 3881 quando
394 3812 469 3864 enim
496 3811 639 3867 dicimus:
659 3813 735 3866 Nihil
755 3818 798 3867 est
821 3815 914 3869 horno.
958 3811 1159 3865 incarnationis
1178 3812 1338 3864 {triventum
1360 3811 1465 3863 Paulus
1490 3818 1589 3863 autem
1610 3809 1653 3867 int

121 3904 198 3953 terra
210 3900 356 3966 esthemo,
372 3899 441 3953 cinis
455 3904 498 3953 est
512 3900 605 3959 homo,
629 3905 720 3956 toturn
737 3919 754 3955 a
767 3903 915 3958 deteriori·
958 3900 1086 3954 nominat
1100 3918 1131 3953 crs
1147 3901 1312 3969 metaphora
1325 3897 1565 3962 haeredilantiurn,
1578 3899 1653 3968 etim

121 3987 172 4042 bus
192 3989 382 4058 appellamus;
404 3988 516 4058 quando
541 4006 605 4043 rere
627 3990 774 4044 dicimus:
799 3992 915 4047 Mortale
957 3989 1044 4043 nundi
1060 3990 1090 4043 in
1113 3990 1207 4058 aliqua
1230 3988 1405 4059 possessione
1421 3987 1616 4047 sumentium:
1638 3987 1653 4043 d

119 4076 225 4131 animal
239 4077 323 4131 homo
338 4084 367 4130 et
381 4076 518 4131 rationale
536 4082 564 4131 et
579 4078 708 4148 supernis
722 4086 882 4149 cognatum.
898 4101 916 4136 a
958 4078 1053 4133 enirn:
1068 4098 1081 4130 ι
1095 4079 1198 4133 lterum
1215 4076 1369 4132 introducit
1380 4076 1604 4144 primogenitum
1617 4076 1650 4133 in

119 4164 281 4221 melioribus
296 4181 427 4219 vocamus
447 4165 626 4221 universum:
645 4168 685 4221 sic
705 4172 733 4222 et
754 4169 783 4223 in
802 4171 914 4225 Christo
957 4172 1108 4229 terrarum,
1121 4188 1133 4219 n
1146 4168 1198 4221 hoc
1213 4167 1363 4233 significat,
1378 4165 1478 4221 cumei
1490 4165 1647 4221 committit

118 4253 270 4325 aliquando
280 4253 434 4324 quidemab
443 4253 786 4326 inferioribusaliquando
793 4264 915 4314 autema
957 4261 1097 4311 terrarum
1114 4275 1119 4308 :
1136 4262 1203 4319 tunc
1218 4255 1292 4311 enim
1304 4260 1395 4310 totum
1413 4253 1509 4309 orbern
1524 4259 1608 4309 terrae
1623 4270 1653 4326 p<

117 4343 282 4399 melioribus
303 4342 428 4413 loquitur
449 4343 561 4408 Paulus,
579 4350 608 4396 et
622 4344 858 4415 dispensationem
868 4366 914 4404 eu·
955 4364 1020 4400 cum
1043 4346 1079 4401 ab
1102 4345 1239 4399 universis
1260 4351 1303 4398 est
1321 4344 1444 4413 spiritus.
1468 4344 1530 4398 Non
1556 4344 1593 4397 de
1616 4343 1653 4400 Dc

119 4431 912 4504 piensconlirmareetsirnplicemcomuiendarenaturam.
923 4407 1011 4490 Dista
1024 4436 1168 4499 dicuntur,
1180 4435 1228 4488 sed
1238 4435 1273 4488 de
1285 4450 1384 4488 earne:
1402 4432 1426 4485 si
1440 4431 1516 4487 enim
1531 4432 1561 4485 in
1576 4449 1653 4488 mun

122 4521 198 4578 «Cui
211 4523 288 4577 enim
301 4522 372 4577 dixit
379 4522 531 4593 aliquando
541 4523 706 4592 angelorum
719 4542 724 4576 z
738 4525 824 4581 Filius
835 4545 914 4583 cneus
954 4527 1036 4596 juxta
1045 4526 1192 4585 loannem,
1202 4529 1231 4577 st
1241 4523 1363 4577 mundus
1370 4539 1421 4592 per
1430 4521 1522 4592 ipsum
1537 4522 1630 4579 tirctus
1643 4539 1653 4579 r

121 4629 134 4661 a
150 4627 180 4665 es
191 4618 232 4673 tu,
249 4629 302 4681 ego
313 4611 397 4666 hodic
410 4611 495 4681 genui
506 4618 543 4666 te.
556 4633 567 4660 s
581 4613 615 4667 Et
630 4630 742 4668 rursum
755 4633 761 4667 :
773 4634 785 4661 «
798 4616 855 4687 Ego
866 4635 913 4673 ero
957 4615 1012 4669 alio
1025 4615 1107 4669 medo
1121 4611 1378 4671 introducitu1·.nisi
1392 4611 1547 4666 secundum
1555 4626 1653 4669 carnei

120 4698 227 4753 eilliin
242 4706 352 4769 patrem
367 4707 395 4756 et
413 4702 473 4771 ipse
487 4701 542 4755 erit
561 4702 631 4756 mihi
647 4703 677 4756 in
693 4704 801 4760 filium?
819 4732 830 4758 s
856 4708 915 4761 lloc
957 4701 1345 4770 adorenteumomnesangeli
1356 4701 1415 4755 Dei.
1426 4700 1562 4762 »Quoties
1570 4699 1650 4757 enim

118 4786 194 4840 enirn
210 4785 314 4858 absquo
329 4791 387 4844 ulla
396 4790 572 4851 dubitatione
593 4791 628 4846 de
643 4792 835 4849 incarnatione
852 4797 914 4850 l'ilii
955 4794 1085 4864 quaedam
1095 4792 1228 4847 stultiora
1237 4792 1363 4845 dicturus
1373 4787 1653 4861 est,praestititillapr

117 4874 221 4931 dicitur
236 4894 241 4927 :
258 4876 320 4931 ideo
334 4878 449 4933 verbum
463 4879 550 4934 futuri
568 4883 703 4951 temporis
718 4884 819 4953 posuit,
838 4902 914 4941 «ero
956 4888 985 4936 et
999 4883 1065 4937 facit
1078 4883 1127 4936 illa
1141 4880 1338 4951 susceptibilia,
1358 4879 1426 4932 dum
1445 4877 1512 4933 dicit
1532 4883 1647 4947 patrem

118 4964 159 5019 illi
173 4964 203 5020 in
221 4970 339 5035 patrem,
355 4971 384 5020 st
401 4966 462 5037 ipse
477 4969 533 5022 crit
552 4969 619 5023 mihi
635 4971 665 5024 in
685 4971 785 5025 filium.
804 4991 817 5025 n
833 4973 912 5035 Quod
956 4971 1070 5026 duxisse
1083 4971 1202 5025 Filium:
1217 4966 1653 5039 suponuscrnmdineratquian

119 5069 183 5109 rero
197 5053 277 5119 dixit,
288 5071 301 5101 a
313 5053 399 5109 Filius
415 5072 533 5111 meuses
543 5062 583 5120 tu,
594 5075 646 5128 ego
661 5060 743 5113 hodie
752 5061 912 5129 gannim»
957 5061 1108 5131 prophetas
1123 5059 1203 5113 rrobis
1218 5060 1327 5112 locutus
1342 5063 1394 5121 est,
1411 5057 1458 5111 sed
1475 5073 1525 5126 per
1533 5055 1554 5110 F
1555 5055 1653 5123 iliump

118 5150 214 5212 aperte
229 5142 397 5208 manifestat,
411 5145 485 5214 quod
500 5146 574 5200 idem
588 5148 689 5217 dequo
703 5148 767 5203 nit«
784 5166 832 5203 ero
845 5149 869 5202 ei
885 5150 913 5204 in
956 5148 1044 5201 Filius
1060 5147 1417 5218 melior-estangelis,quod
1427 5164 1461 5200 ex
1470 5146 1653 5215 ipsoargnmr

118 5238 227 5300 patrem
243 5252 257 5286 r
272 5249 305 5287 ex
320 5232 382 5303 ipsa
396 5234 519 5287 essentia
535 5236 626 5289 Patris
649 5236 686 5289 sit
702 5237 832 5307 garritus3
850 5238 912 5293 ideo
955 5238 1129 5292 estnomine.
1139 5238 1190 5291 llic
1200 5245 1295 5291 autem
1303 5240 1362 5306 jam
1372 5253 1404 5290 ex
1414 5235 1468 5289 alia
1479 5235 1579 5288 rerult
1589 5250 1653 5306 argi

118 5321 248 5387 presenti
262 5328 389 5391 tempore
403 5322 495 5391 posuit
509 5323 602 5383 hodie.
615 5325 682 5395 quia
691 5326 749 5378 Deo
759 5325 828 5381 nihil
845 5344 912 5396 prm
956 5326 1103 5380 deducere.
1113 5328 1150 5381 lix
1162 5344 1218 5397 qua
1231 5327 1304 5380 ista?
1316 5328 1353 5381 Ex
1368 5324 1531 5379 adoratione
1542 5324 1653 5379 videlic«

119 5407 233 5461 teritum
259 5411 301 5463 rel
328 5410 527 5477 saturantem,
554 5414 601 5467 sed
631 5430 743 5483 semper
764 5417 913 5485 praesentia
957 5420 1036 5468 tanto
1044 5434 1109 5469 eum
1126 5416 1268 5469 meliorem
1280 5416 1535 5476 essedemonstrat,
1549 5419 1653 5484 quana

118 5500 227 5549 cuncta.
245 5496 423 5552 Potestenim
437 5505 466 5553 ct
476 5502 630 5555 secundum
639 5518 752 5557 curnem
762 5503 815 5557 hoc
826 5503 912 5573 accipi
956 5521 1025 5557 num
1039 5505 1130 5559 serris
1144 5509 1254 5556 cunstat
1263 5522 1324 5558 esse
1334 5505 1493 5559 meliorem:
1505 5502 1651 5574 quomodo

118 5583 234 5647 dictum,
249 5583 317 5653 quia
329 5602 395 5640 caro
417 5588 607 5643 communicat
627 5589 783 5655 fluoribus,
798 5590 871 5646 sieut
885 5598 914 5645 st
956 5592 1433 5663 inquamdamdomurnintroducst
1439 5593 1653 5664 aliquempiam
