3772 6120
10 5600 13 5739 l

10 5748 14 5777 l

103 310 125 365 n
297 298 647 361 cannamomum
666 304 743 360 EPP.
764 304 872 360 PAULI
892 303 959 359 LlB.
981 305 1014 359 ll.
1031 335 1064 346 -
1083 304 1122 360 IN
1142 304 1252 360 EPIST.
1274 305 1285 361 l
1304 302 1353 359 AD
1373 304 1454 361 COR.
1481 300 1486 309 ’
1660 307 1694 362 90

101 459 120 504 et
133 451 161 503 illi
173 465 216 519 pro
229 464 330 518 magno
345 454 522 501 sacramento
533 447 659 516 ejusdem
668 445 772 500 Christi
781 431 889 499 bine-A
898 447 1310 513 treefficiaminin'udoiridonr
1319 448 1549 513 quemadmodum
1558 451 1692 516 scripturn

101 550 144 592 mot
153 554 240 608 aquom
254 538 441 607 profluentem
455 536 490 589 de
511 541 604 605 petra3
632 551 684 588 nos
698 534 764 604 quid
780 534 856 588 biba·
896 539 932 586 esi
946 536 1035 587 :Sedit
1039 538 1156 602 populns
1164 535 1333 587 ›reundueore
1343 540 1368 587 ei
1378 536 1692 598 bibere‚etsurreeerunt

99 645 140 681 nus
150 633 238 680 nonint
250 626 367 681 fideles:
384 625 407 677 si
422 625 545 695 speciem
560 623 698 676 risibilem
714 624 854 685 intendas
897 624 999 675 ludere.
1012 623 1082 675 Esus
1098 622 1199 692 eprippe
1214 629 1352 693 potusque
1363 623 1396 676 ad
1409 624 1505 677 ludum
1515 623 1634 695 impulit,
1654 626 1694 679 lu·

98 715 147 769 uliud
158 722 201 778 est;
212 714 235 768 si
248 713 456 783 intelligibilem
468 712 712 782 significationem,
725 712 855 766 eumdem
897 711 950 763 dus
960 711 995 764 nd
1003 710 1191 763 idololatriam
1199 711 1395 781 transmissi
1404 712 1536 766 vanitatis
1550 714 1632 784 culpa
1647 731 1693 768 ne·

96 813 163 874 potum
175 803 325 874 spiritalem
339 802 483 861 biberunt.
502 805 582 855 Petra
596 807 688 854 atticen
702 807 762 855 erat
778 802 855 855 Cleri·
897 816 1037 870 quaquam
1051 807 1131 853 caute
1148 800 1343 869 compescitur,
1360 801 1394 853 ab
1404 801 1551 871 iniquitate
1564 803 1692 872 protinus

94 893 241 962 dundenae
255 891 374 962 petrain
384 891 457 944 libro
469 890 520 943 Job
535 889 574 944 ita
584 890 696 959 legitur,
709 893 790 944 Petra
805 907 854 944 on·
895 905 975 942 meus
989 889 1102 943 incauta
1125 888 1283 953 devoratur,
1299 889 1448 943 Salomone
1465 897 1627 958 attestante,
1644 894 1690 962 qui

93 982 247 1048 lensundebai
258 982 332 1034 uiridi
339 983 412 1033 meos
420 979 685 1043 olecouaevioelicet
695 985 854 1049 petranunc
895 977 946 1032 uit:
960 980 1014 1044 (nn
1022 979 1127 1030 rnodica
1133 981 1247 1046 spernit,
1256 981 1395 1045 poeelaiine
1403 980 1504 1032 eleeidit
1519 981 1689 1048 (decliuem).

90 1071 191 1123 udusum
205 1076 307 1123 sanctae
322 1069 452 1122 Ecclesia
472 1067 526 1121 olci
540 1069 614 1121 rivos
626 1067 729 1132 fundit,
745 1068 812 1138 quia
825 1068 853 1121 in
896 1066 925 1120 Si
939 1067 1013 1119 enim
1029 1083 1126 1119 eunuc
1141 1083 1227 1136 parra
1247 1067 1416 1135 negligimus
1436 1067 1638 1123 insensibiliter
1651 1087 1692 1123 se·

88 1159 220 1229 eloquens
228 1156 589 1228 Dominuspnedicamenta
598 1155 737 1210 unctionis
748 1156 854 1211 intima
895 1155 979 1215 ducti,
996 1155 1133 1208 audenter
1147 1154 1233 1208 etiam
1253 1156 1361 1223 majora
1378 1163 1583 1225 perpetramus.
1602 1158 1692 1227 Neque

86 1253 200 1302 emanant.
210 1246 400 1317 Dehacpetra
410 1245 548 1299 oleirirus
555 1245 624 1298 exiit
641 1244 711 1298 liber
718 1245 852 1306 Matthaei,
894 1245 1382 1312 sorrricenrursieutqnidnnriliorum
1390 1245 1603 1310 foruiealisunt.
1615 1252 1639 1299 el
1650 1263 1691 1301 ce-

83 1335 135 1389 liber
145 1335 236 1399 ilorci,
252 1334 324 1388 liber
339 1336 430 1397 Lucae,
446 1333 516 1387 liber
540 1333 665 1387 loannis.
690 1335 722 1388 ln
736 1333 854 1387 dirersis
895 1333 1020 1385 ciderunt
1031 1334 1244 1397 nrtodieuipinli
1253 1333 1691 1388 irioroillialronn'nuni.llocillis

81 1425 144 1494 tuias
156 1423 251 1477 mundi
265 1422 394 1494 partibus
404 1422 478 1493 quod
489 1422 705 1492 praedicamenta
719 1421 854 1479 dedittot
896 1420 1062 1473 retributum
1069 1425 1121 1484 est,
1131 1420 1242 1490 quando
1250 1436 1314 1473 curn
1322 1420 1483 1474 lludianitis
1491 1422 1655 1477 mulieribus
1662 1441 1691 1478 se
1745 1462 1750 1469 -

77 1520 139 1582 petru
152 1512 208 1565 lucc
223 1528 274 1582 per
287 1527 338 1565 ore
348 1510 547 1582 Apostolorum
555 1510 682 1564 omnium
693 1510 852 1576 ruossano,
895 1509 1144 1562 commacularunt.
1166 1510 1211 1562 lro
1237 1509 1312 1562 enim
1327 1509 1377 1562 llei
1399 1510 1507 1563 exstitit
1518 1519 1616 1564 contra
1630 1512 1692 1565 illos

74 1602 138 1654 toties
152 1601 376 1670 ndhucdepetra
387 1599 503 1653 hacolei
514 1599 590 1652 risus
600 1598 736 1664 tunditur,
744 1599 854 1669 quoties
895 1615 956 1667 qum
971 1597 1149 1651 eerrrulatiooc
1165 1597 1283 1650 Phinees
1294 1598 1448 1651 sacerdotis
1463 1598 1592 1652 habentis
1602 1601 1692 1654 zelum
1752 1600 1755 1605 ’

72 1696 149 1742 sancto
157 1689 262 1759 Spiritu
279 1688 420 1758 ungendis
429 1686 570 1740 mentibus
579 1687 741 1741 auditorum
751 1703 853 1758 eaquae
896 1686 946 1739 llei
956 1686 1047 1755 sopita
1058 1692 1101 1738 est
1110 1702 1144 1738 nc
1154 1686 1248 1757 plures
1258 1694 1444 1740 morerentur.
1458 1689 1547 1756 ,l'epue
1559 1695 1692 1742 tertiemus

68 1778 90 1830 in
101 1777 174 1831 libris
180 1777 324 1830 veteribus
334 1777 369 1831 de.
378 1776 490 1830 Christo
496 1776 571 1829 dicta
581 1784 649 1830 sunt
657 1777 851 1846 explanantur,
863 1744 1122 1839 Bene-istanr,u·cae
1137 1776 1249 1843 peridem
1265 1763 1448 1832 lculaeeiuni.
1460 1782 1484 1828 ei
1496 1780 1692 1849 decipientibus

67 1875 87 1919 et
97 1867 144 1919 n'ri
158 1873 295 1920 vocantur
309 1866 374 1929 olei,
390 1865 457 1935 quia
470 1864 622 1918 decurrunt
640 1870 669 1918 ct
686 1872 805 1934 ungunt,
825 1865 853 1918 in
891 1866 1045 1931 perierunt.
1058 1863 1243 1917 lletralrentes
1254 1864 1288 1915 dc
1300 1864 1357 1917 Deo
1365 1865 1507 1918 Cluistunr
1518 1872 1640 1920 tenuisse
1653 1867 1692 1919 di-

65 1954 152 2025 quibus
168 1954 299 2025 quisquis
312 1954 443 2023 tingitur,
461 1953 586 2021 ungitur,
599 1953 725 2024 quisquis
734 1953 855 2022 tingitur
893 1959 1004 2018 cuirtur,
1024 1952 1223 2022 quiaChristus
1238 1959 1307 2013 erat,
1320 1953 1368 2024 qui
1382 1953 1416 2006 ad
1433 1955 1546 2024 Moysen
1562 1955 1692 2026 loqueba-

63 2042 168 2097 ioten'us
188 2043 396 2113 impinguatur.
413 2039 465 2095 Sed
486 2057 541 2095 nori
560 2045 592 2095 in
608 2043 738 2110 pilaribus
758 2058 853 2095 eorum
894 2045 949 2093 tur.
967 2041 1093 2110 Denique
1112 2058 1146 2094 ne
1169 2058 1219 2094 nos
1240 2042 1382 2095 incudem
1405 2060 1489 2096 causa
1505 2044 1689 2101 inveniamur.

62 2132 115 2185 boc
127 2136 212 2185 sensit
229 2133 310 2185 deus.
328 2129 433 2196 (duab.)
448 2130 514 2183 ldco
529 2129 581 2183 hoc
596 2129 675 2193 dixit,
696 2130 761 2199 quia
777 2147 853 2184 ecce·
893 2137 1053 2183 commonet
1063 2146 1097 2183 ne
1106 2130 1218 2183 diabolo
1227 2131 1374 2184 trudamur
1386 2150 1390 2184 :
1404 2133 1484 2201 cujus
1492 2140 1636 2203 serpentes
1645 2135 1692 2187 ha-

61 2231 129 2290 ptum
144 2221 316 2274 beneficium
330 2235 387 2272 non
401 2217 607 2272 intellexerunt.
625 2221 761 2273 Prostraii
776 2222 851 2273 enine
893 2215 959 2270 bent
973 2220 1110 2285 ligurum:
1128 2219 1174 2288 qui
1187 2236 1328 2289 nossupcr
1339 2237 1421 2273 omne
1431 2237 1521 2289 genus
1529 2229 1691 2291 serpentum

59 2315 114 2361 runt
130 2313 159 2362 in
174 2309 290 2361 deserto
303 2306 426 2375 Dignum
436 2312 527 2372 est,ut
541 2306 589 2376 qui
605 2322 708 2374 inagna
720 2323 853 2360 consecu-
894 2306 1000 2358 calcare
1023 2306 1188 2376 spiritaliter
1208 2308 1303 2377 jussit.
1321 2311 1413 2375 tlup.)
1442 2310 1503 2378 lpse
1519 2309 1594 2362 eninr
1608 2317 1692 2363 estet

59 2409 105 2451 tus.
116 2397 143 2450 in
156 2395 391 2466 parsisdisirdcns
405 2402 457 2456 est,
477 2410 533 2448 non
548 2395 638 2448 solum
654 2395 712 2449 haec
726 2411 781 2448 non
796 2396 853 2448 adi·
894 2395 1093 2464 prophetnrum
1110 2396 1193 2450 licus.
1214 2395 1262 2464 qni
1278 2396 1380 2464 populo
1397 2396 1502 2449 inlideli
1524 2397 1557 2450 od
1586 2397 1691 2464 signifi·

59 2486 182 2555 piscatur,
200 2483 516 2538 verumetiamamittat
531 2483 853 2553 etilla.Quomodoergo
893 2482 982 2536 canda
997 2489 1119 2552 peccaui,
1136 2500 1256 2553 quorum
1279 2501 1385 2538 veneno
1401 2484 1579 2538 invisibiliter
1593 2486 1692 2539 moric-

57 2574 178 2645 superius
194 2574 327 2626 hortatus
342 2579 386 2626 est
400 2572 435 2625 ad
451 2571 577 2637 ruolium,
594 2589 624 2625 se
639 2572 725 2625 etiam
740 2572 809 2625 dicit
824 2572 851 2625 id
894 2570 1005 2631 bantur,
1014 2571 1136 2625 risibiles
1145 2578 1288 2642 serpentes
1302 2572 1404 2643 quibus
1418 2573 1693 2627 aelmorerenturim-

57 2663 204 2724 elaborare,
228 2667 261 2715 ut
290 2662 325 2714 od
349 2661 565 2732 promissionem
587 2660 689 2730 dignus
713 2668 850 2727 occurrat,
893 2660 978 2726 misit,
986 2660 1106 2730 etplnga
1115 2661 1308 2714 emendatoria
1317 2668 1421 2715 mortes
1430 2662 1587 2716 animarum
1597 2663 1693 2716 morti·

58 2768 122 2805 nunc
135 2760 168 2804 ut
178 2750 256 2804 istud
264 2751 384 2820 exempli
392 2756 501 2803 terrore
509 2749 853 2818 constringet,acsuadeat
894 2748 1099 2818 buscorporurn
1110 2750 1249 2816 tigurunit.
1258 2752 1348 2819 ,leque
1360 2755 1692 2817 erreununmeriiis,sicul

57 2840 167 2906 ledeos,
198 2848 268 2892 tunc
295 2838 383 2892 simili
403 2838 485 2891 modo
515 2837 583 2892 dicit
608 2838 713 2891 donum
746 2838 795 2891 Dei
824 2844 853 2891 et
893 2839 1007 2906 quidone
1017 2855 1112 2892 arrnur.
1124 2841 1692 2906 erenenumerantur-tiderede.)llurrnurare

55 2929 167 2998 gratiam
181 2928 310 2992 sortitos,
328 2927 401 2980 sicut
414 2933 443 2980 ct
462 2943 523 2993 nos,
548 2933 576 2980 ct
592 2927 659 2997 quia
674 2925 852 2995 indiligentes
893 2932 935 2979 cst
949 2925 1019 2980 salsa
1038 2926 1073 2979 ud
1101 2926 1219 2980 irnicern
1248 2928 1456 2998 de'preepositis
1486 2935 1514 2980 ct
1538 2929 1693 2982 rectoribus

54 3024 78 3070 et
88 3017 252 3070 dubitantes
268 3016 303 3069 de
318 3015 369 3070 Dei
384 3015 541 3086 provisione
555 3015 679 3081 suerunt,
696 3021 851 3085 prostratos
893 3015 1123 3084 quer·i,quanturn
1139 3016 1174 3067 ad
1185 3024 1310 3068 mentem
1327 3016 1378 3070 loci
1394 3016 1524 3087 pertinet,
1542 3017 1608 3086 quia
1622 3018 1693 3071 solet

54 3123 108 3159 esse
130 3107 158 3159 in
176 3106 303 3170 deserto,
334 3112 367 3158 ut
394 3104 457 3158 ideo
480 3104 662 3175 semetipsum
682 3104 807 3173 dilligere
821 3121 850 3158 se
893 3120 1022 3156 murmur
1033 3103 1093 3156 sieri
1105 3110 1132 3155 et
1140 3104 1218 3174 justa
1227 3121 1260 3156 cx
1271 3106 1552 3173 redecimationem
1563 3107 1597 3158 ab
1608 3111 1693 3159 eeler-

54 3195 218 3255 ostenderet,
235 3211 272 3248 ne
287 3194 317 3246 in
334 3193 448 3246 illorum
463 3209 579 3247 numero
594 3192 776 3258 inveniretur,
789 3210 851 3263 pro·
892 3195 1038 3244 reuinctum.
1052 3193 1110 3244 lloc
1121 3198 1164 3245 cst
1173 3192 1202 3244 in
1215 3193 1306 3246 locum
1319 3194 1332 3246 J
1337 3193 1398 3246 uda>
1413 3200 1611 3247 concesserunt
1622 3195 1693 3247 anti·

55 3283 110 3337 inde
123 3282 342 3343 elaborandum,
358 3288 391 3336 ut
404 3281 448 3335 sui
463 3281 619 3335 imitatores
633 3282 795 3335 existerent.
892 3280 1016 3350 cipantes
1033 3281 1123 3339 illurn,
1133 3281 1324 3350 quiatraelens
1333 3282 1476 3335 Christum
1491 3283 1692 3336 exterminatus

84 3373 247 3425 lizeautern
260 3375 292 3424 in
300 3373 492 3438 fipnronostri
500 3372 689 3437 [armarentnt
699 3373 851 3423 rroeesinnes
892 3376 936 3422 cst
949 3369 984 3421 de
1000 3385 1117 3421 numero
1133 3371 1332 3439 Apostolorum
1347 3388 1364 3423 a
1374 3370 1469 3440 judice
1484 3371 1551 3424 Deo.
1569 3371 1623 3425 Per
1635 3371 1692 3425 hau

55 3461 232 3514 desiderantes
239 3463 318 3513 rizolo
325 3462 396 3512 sind
405 3464 431 3511 et
441 3461 487 3512 ilii
493 3458 851 3512 desideraveruntllicsen·
892 3457 1018 3528 exempla
1034 3458 1068 3510 ad
1077 3458 1274 3511 correctiorem
1283 3460 1425 3513 nosritaar
1433 3467 1572 3529 provocat,
1588 3467 1621 3513 ut
1635 3477 1692 3514 rno-

55 3565 94 3601 sus
102 3558 128 3602 et
134 3546 213 3602 'ratio
225 3564 313 3618 (paam
324 3564 409 3618 supra
420 3547 680 3615 memonrri.d'e¹quc
689 3549 850 3600 simulacris
892 3546 960 3599 nitis
974 3547 1035 3615 ejus
1049 3552 1099 3599 erut
1113 3547 1296 3617 pnerniumsi
1311 3547 1475 3601 obedientes
1489 3549 1691 3605 luerimusout

55 3641 281 3697 affirmationi
290 3638 406 3705 quidam
417 3639 542 3690 illorum.
554 3637 634 3689 Nunc
644 3635 849 3704 hostungitqui
891 3635 1103 3705 propensiorem
1116 3651 1227 3704 pernam
1243 3651 1401 3690 mereamur
1412 3637 1612 3690 inobedientes.
1629 3639 1690 3691 Non

55 3725 78 3778 iu
92 3726 175 3780 idolio
189 3725 389 3779 recumbentes
400 3723 539 3794 putabant
551 3740 608 3777 non
618 3740 678 3776 csse
693 3730 847 3793 peecatum.
891 3729 935 3777 est
949 3723 1023 3776 enim
1039 3721 1272 3791 arubiguumillos
1281 3732 1426 3792 peccantes
1434 3725 1691 3794 plussubjiciendos

55 3814 121 3867 Senot
133 3819 271 3883 scripturn
283 3819 321 3867 est
335 3814 430 3880 (deod.
440 3818 540 3879 xxxin:
556 3811 632 3866 Sedit
641 3816 760 3881 populus
773 3829 851 3866 nean·
890 3811 1049 3869 tormentis,
1067 3810 1167 3881 quibus
1184 3811 1360 3881 peccantium
1375 3829 1462 3882 poenae
1479 3814 1513 3865 ad
1529 3813 1581 3866 lroc
1597 3812 1691 3866 reluta

55 3903 146 3956 ducere
159 3909 184 3957 et
197 3904 297 3968 bibere,
309 3909 333 3955 el
346 3907 529 3955 surrexerant
540 3902 644 3955 ludere.
655 3902 728 3954 Ante
744 3901 849 3954 idolum
892 3906 958 3953 sunt
972 3887 1008 3952 ne
1022 3905 1177 3969 peccarent.
1194 3901 1255 3953 Here
1268 3906 1360 3953 aulem
1377 3904 1472 3953 orornia
1486 3903 1517 3953 in
1525 3903 1617 3968 figura
1630 3917 1691 3954 eori-

56 3992 152 4061 utique,
169 3998 275 4046 utnon
289 4009 320 4044 se
334 3990 481 4043 crederent
494 3989 793 4049 immunesacrimine,
803 3989 850 4060 qui
893 3990 1033 4056 u'apeomn
1049 3991 1107 4042 iliis
1124 4008 1132 4042 :
1146 3991 1249 4057 scripio
1263 3995 1328 4042 recol
1341 3995 1431 4042 aulem
1442 3991 1480 4042 ad
1494 3993 1688 4058 eorreptionem

56 4081 174 4134 inidalio
189 4080 380 4151 epulabantur
397 4098 402 4131 :
419 4095 483 4133 narn
499 4079 594 4150 Moyse
610 4078 639 4131 in
653 4084 748 4132 montc
759 4078 849 4148 posito
893 4082 1028 4141 nostram,
1046 4079 1076 4129 in.
1091 4094 1156 4144 quos
1168 4081 1407 4143 finessarulornm
1420 4079 1595 4131 dmenrrnnt.
1609 4078 1690 4131 Fines

56 4170 117 4238 apud
135 4171 237 4236 Deum
255 4170 406 4223 simulacro
420 4168 500 4222 rituli
514 4169 586 4222 sardo
601 4171 665 4237 post
679 4166 849 4219 oblationem
891 4166 1057 4219 sacellorum
1073 4182 1123 4218 nen
1150 4182 1257 4226 sunnis,
1275 4166 1339 4236 quia
1366 4172 1433 4219 tunc
1458 4167 1516 4219 huc
1541 4166 1603 4219 ideo
1619 4167 1689 4220 linctu

56 4256 233 4313 dedicationis
247 4274 342 4322 musa,
365 4258 432 4311 sedit
445 4259 562 4324 populus
579 4258 748 4309 rreouducoro
768 4260 791 4308 ei
812 4257 850 4307 in'-
892 4259 1046 4307 noscuntur
1061 4253 1356 4308 circaretributionem
1373 4255 1495 4319 illorum,
1511 4263 1543 4309 ut
1556 4254 1636 4308 nobis
1650 4273 1691 4307 es-

57 4347 337 4409 lereetrurrererunl
349 4347 451 4399 indere.
460 4344 643 4398 lleeclururia
652 4350 703 4409 cst,
715 4360 771 4413 qua
780 4360 882 4434 sem-D
892 4350 955 4395 sunt
968 4344 1105 4413 exemplo,
1115 4343 1162 4413 qui
1172 4347 1312 4413 postremo
1322 4344 1422 4396 szoculo
1439 4343 1526 4396 lirturi
1542 4344 1690 4395 eramusin

58 4450 99 4503 per
112 4435 255 4498 oblectati,
279 4434 309 4487 in
322 4433 373 4487 Dei
394 4432 477 4486 rebus
499 4432 625 4486 infideles
646 4431 751 4485 inventi
774 4437 848 4485 sunt.
892 4431 1057 4484 delerClrristi
1068 4451 1074 4498 ς
1087 4448 1136 4501 pro
1147 4432 1270 4485 utilitate
1285 4432 1359 4484 enirn
1373 4436 1557 4498 nostragesto
1569 4436 1643 4495 sunt,
1659 4437 1690 4483 ut

58 4525 149 4592 (deep.)
168 4524 291 4593 ideoque
312 4521 436 4585 instruit,
459 4538 493 4575 ne
510 4521 539 4574 in
559 4521 611 4575 hac
624 4520 780 4574 diffidentia
801 4538 852 4591 per
891 4520 913 4573 si
929 4527 1036 4572 terrore
1051 4521 1187 4573 horninin
1198 4521 1246 4573 llei
1256 4521 1357 4573 timore
1367 4518 1561 4583 manserimus,
1570 4518 1689 4586 gloriam

59 4625 193 4665 assensum
209 4611 326 4665 luxuriae
340 4611 408 4664 idoli
422 4609 586 4665 incidamus.
599 4609 636 4662 lix
650 4608 773 4662 vanitate
782 4626 848 4677 ergo
889 4607 945 4660 illis
954 4608 1122 4678 promissam
1138 4609 1318 4678 accipiamus.
1328 4607 1356 4660 Si
1374 4607 1690 4677 quorninusgcminabi-

59 4699 270 4771 uliniquitetem
280 4699 418 4764 ducimur,
434 4715 498 4752 curn
513 4699 591 4768 prius
603 4714 655 4767 per
670 4697 849 4750 lcriadelicta
889 4701 936 4749 tur
951 4696 1030 4749 nobis
1042 4714 1122 4766 [lierni
1135 4695 1425 4766 illorurn,quiamajor
1435 4695 1535 4749 notitia
1551 4695 1690 4767 legisplus

60 4786 208 4851 defluimus,
225 4794 322 4841 etusn
338 4787 849 4856 cunctalerigantenequaquampost
888 4784 1056 4838 sacitreum.
1088 4789 1180 4853 clap)
1203 4786 1277 4850 llaec,
1308 4785 1407 4855 inquit,
1434 4785 1529 4838 omnia
1548 4785 1576 4839 in
1600 4787 1690 4856 ligura

60 4878 235 4942 orurmittere,
262 4877 349 4929 etiarn
370 4876 500 4945 graviora
513 4875 674 4928 timeamus.
690 4876 764 4928 Nam
780 4874 847 4928 duur
888 4872 1089 4941 contingebant
1104 4873 1169 4937 inis,
1187 4872 1290 4943 scripta
1305 4881 1371 4927 sunt
1386 4881 1481 4927 autern
1500 4878 1614 4944 propter
1628 4891 1687 4927 nos.

62 4965 187 5019 moderari
196 4965 295 5034 lingua
308 4965 400 5025 etipsa
415 4963 498 5017 rerba
513 4964 631 5033 negligit
650 4980 728 5018 more
744 4963 848 5016 inolita
890 4961 957 5015 Ecce
971 4961 1030 5031 ipsc
1045 4961 1164 5033 apernit.
1178 4979 1228 5015 cur
1241 4962 1296 5016 illac
1311 4962 1410 5016 litterar
1425 4962 1598 5032 accipiantur
1611 4980 1629 5015 a
1643 4980 1685 5015 no.

61 5054 222 5109 amissionis
237 5062 329 5124 capta,
345 5053 436 5106 audax
451 5054 486 5106 ad
502 5052 584 5106 noxia
598 5052 765 5122 prorumpit.
775 5052 847 5105 llum
888 5048 940 5112 bis,
957 5056 985 5103 ct
1000 5050 1114 5103 cucilla
1130 5068 1225 5104 rerum
1241 5051 1320 5121 signa
1335 5053 1395 5121 jorn
1407 5068 1519 5106 necesse
1529 5067 1585 5104 non
1602 5051 1647 5116 sit,
1659 5063 1690 5105 ut

60 5143 118 5207 aule
132 5142 308 5198 incumbitur
320 5142 356 5196 ad
370 5142 494 5196 lenitatis
501 5140 779 5211 protinusinsaniam
787 5156 848 5210 pro·
889 5137 1071 5192 observentur
1090 5157 1107 5192 a
1121 5139 1210 5192 nolus.
1233 5140 1303 5194 Cum
1323 5141 1399 5195 enim
1419 5139 1610 5209 dicat,scripta
1624 5148 1690 5193 sunt

62 5230 137 5296 ditum
153 5248 277 5303 cumque
288 5248 369 5286 mens
385 5231 514 5300 subigere
529 5229 743 5284 delectationem
755 5227 847 5282 carnis
888 5234 1004 5298 propter
1017 5244 1078 5289 nos,
1094 5230 1190 5299 procul
1206 5229 1290 5282 dubio
1305 5230 1599 5298 dernonstrat,quunta
1609 5228 1689 5283 nobis

62 5322 148 5382 mouit.
157 5322 328 5392 plerumque
335 5321 405 5374 etad
412 5319 536 5391 perfidie
544 5318 682 5389 originem
689 5317 755 5372 ruit.
768 5316 846 5371 Unde
888 5331 955 5369 cura
970 5317 1088 5385 legende
1102 5325 1130 5372 ct
1144 5318 1336 5389 intelligenda,
1352 5325 1381 5371 et
1401 5318 1430 5370 in
1446 5322 1551 5388 quanta
1571 5318 1690 5373 auctori·

62 5403 115 5462 bore
128 5411 237 5464 Paulus
245 5408 336 5480 plebis
343 5408 504 5463 Israeliticae
518 5407 622 5460 danma
629 5405 847 5476 conspiciens,ut
888 5408 946 5457 tate
962 5405 1090 5458 habende
1104 5407 1169 5466 sint,
1192 5407 1386 5478 quiapropter
1408 5421 1458 5458 nos
1474 5406 1572 5476 utique
1587 5407 1690 5477 scripta

63 5492 266 5552 bominentiaab
279 5496 455 5550 auditoribus
471 5496 750 5565 malacompesceret,
767 5509 845 5546 cura·
887 5499 973 5551 sunt;
990 5509 1053 5546 curn
1063 5512 1126 5549 vero
1141 5496 1208 5549 dicit
1223 5498 1319 5564 liguria
1335 5494 1569 5571 nostnesuerunt.
1579 5500 1602 5548 et
1618 5500 1649 5548 in
1658 5499 1689 5564 fi-

63 5584 120 5640 snex
128 5583 847 5650 ommeuaasacnnarraredicenszneqneiaoulo
886 5597 959 5650 puro
973 5585 1166 5651 contingebant
1177 5587 1244 5649 illis,
1260 5583 1383 5638 ostendit
1393 5584 1453 5653 jam
1465 5599 1521 5636 non
1533 5599 1602 5653 opus
1616 5599 1685 5651 esse,
