3772 6120
117 276 192 357 1393
594 306 641 360 DE
661 306 768 361 Vl'l'llS
787 307 831 361 ET
850 305 1078 362 VlRTUTlBUS.
1096 336 1128 346 -
1148 307 1216 360 Lm.
1237 307 1288 361 111.
1693 302 1763 360 tabl

117 427 198 496 quod
209 426 334 481 deterius
348 432 392 481 ost
405 434 433 482 et
446 430 568 497 gravius,
588 429 793 495 in'rneudaciis,
809 431 838 484 in
849 430 1070 493 salsi-Amemus
1085 430 1246 484 comitatur.
1264 432 1423 484 Cavendum
1441 448 1562 502 numque
1576 437 1620 485 est
1633 429 1765 485 omnibus

116 515 236 583 tatibus,
252 516 281 570 in
296 515 491 581 derisionibus,
509 519 539 572 in
550 518 717 590 opprobriis,
733 520 763 573 in
777 519 925 573 ‹intractio-
967 521 1058 574 modis
1073 520 1262 584 mendacium,
1286 520 1343 573 sivo
1365 537 1416 591 pro
1436 522 1520 587 rnalo,
1541 521 1598 575 sive
1613 519 1698 574 etiam
1714 535 1765 590 pro

116 605 214 672 nibus,
223 605 253 659 in
262 605 512 672 susmrationibus,
524 608 553 661 in
564 607 818 673 maledictionibus
827 609 856 662 in
865 625 926 679 per·
967 609 1039 664 bono
1054 609 1172 680 prot'erri
1188 609 1324 674 rideatur,
1343 610 1409 679 quia
1421 626 1504 663 omno
1517 609 1694 664 mendacium
1708 624 1765 663 non

114 694 213 766 J'uriis,
230 701 259 747 et
273 694 302 749 in
317 694 369 749 hoc
390 696 465 766 quod
485 696 526 750 ait
546 697 684 768 propbeta
700 715 706 751 :
726 718 738 745 (ι
755 697 803 751 l'ae
818 697 866 768 qui
880 697 924 751 di·
967 703 1011 752 est
1025 715 1058 752 ex
1072 698 1140 764 Deo,
1154 697 1212 763 sed,
1231 697 1303 752 sicut
1318 698 1446 752 Salvator
1459 699 1508 763 ait,
1527 716 1541 751 a
1556 715 1574 752 a
1586 697 1661 752 malo
1675 702 1727 751 est.
1751 715 1763 747 r

116 784 303 838 euntmalum
315 783 430 849 bonnm,
447 791 476 838 et
485 784 590 839 bonum
602 785 708 840 malum
719 787 794 852 tlsot'.
812 802 839 851 r,
849 782 923 852 ‘ibba

116 877 149 928 et
161 877 264 928 caetera
277 873 321 927 his
344 874 447 928 similia
464 894 470 928 :
487 875 606 929 sollicite
622 875 697 929 enirn
712 875 866 929 cavendnm
881 880 925 929 est

116 978 178 1017 non
192 962 283 1016 solum
298 963 468 1033 aperueras
484 970 513 1018 et
521 961 679 1018 criminosis
689 963 864 1019 sermonibus
874 980 924 1035 pro
1002 967 1070 1020 Octo
1084 966 1276 1037 enimgenern
1294 972 1361 1021 sunt
1372 967 1521 1031 mendacii,
1538 971 1571 1021 nt
1584 971 1698 1020 sanctus
1707 967 1766 1020 llu-

119 1050 226 1122 quibus
241 1056 345 1105 nterim
357 1069 439 1122 paena
450 1053 610 1115 exsolvitur,
626 1053 674 1107 sed
686 1053 773 1107 etiam
784 1053 818 1106 ab
828 1053 925 1107 otiosis
965 1054 1096 1124 gustinus
1110 1056 1301 1127 episcopusin
1316 1055 1386 1109 libro
1402 1056 1436 1110 de
1450 1055 1595 1110 Mendacio
1613 1054 1690 1109 dicit.
1707 1055 1765 1122 Est,

120 1147 152 1194 ct
165 1139 274 1193 caeteris
288 1141 439 1211 supcrlluis
458 1140 546 1194 verbis
562 1142 728 1195 refrenanda
743 1147 785 1195 cst
803 1142 900 1211 lingua
916 1160 922 1194 :
967 1143 1068 1214 inquit,
1083 1145 1205 1214 primum
1226 1145 1345 1214 capitale
1368 1144 1545 1198 mendacium
1570 1144 1708 1215 longeque
1721 1142 1766 1197 tu-

120 1227 285 1283 sicutenim
301 1227 432 1282 talsitatis
446 1230 552 1284 crimen
567 1247 584 1284 a
605 1230 816 1301 proficientibus
839 1230 925 1301 perti·
966 1232 1110 1302 giendnm,
1127 1233 1202 1302 qnod
1220 1233 1252 1287 sit
1274 1233 1303 1287 in
1327 1233 1455 1287 doctrina
1472 1233 1624 1303 religionis
1641 1233 1677 1287 ad
1692 1232 1767 1304 quod

122 1317 269 1383 mescitur,
285 1318 327 1372 ita
341 1318 432 1372 otiosa
440 1317 524 1373 verba
538 1335 556 1372 a
570 1318 700 1390 perlectis
715 1320 781 1373 viris
790 1319 924 1373 vitantur.
967 1320 1145 1374 mendacium
1151 1320 1229 1374 nulla
1236 1320 1395 1375 conditione
1403 1321 1551 1391 quisquam
1562 1319 1646 1375 debet
1654 1319 1765 1387 adduci;

965 841 1031 895 Gar.
1042 841 1163 895 LXXIX.
1176 872 1209 881 -
1221 842 1257 895 lle
1267 842 1381 895 dr'rcrsr's
1392 843 1601 896 oicrrdcciornm
1609 842 1765 909 penatibus.

122 1407 198 1462 Nam
213 1407 294 1473 sicut,
308 1413 339 1461 ut
353 1408 393 1461 ait
404 1408 529 1477 qnidam,
542 1424 592 1479 pro
604 1408 693 1462 otioso
703 1408 786 1462 rerbo
797 1408 869 1463 ratio
880 1424 927 1479 po-
967 1408 1121 1462 secundum
1137 1414 1169 1462 ut
1184 1409 1307 1479 aliquem
1322 1408 1405 1463 laedat
1423 1409 1536 1479 injuste,
1554 1410 1628 1481 quod
1647 1409 1704 1463 tale
1724 1414 1768 1463 cst

122 1497 272 1567 nitur,pro
282 1497 926 1568 sermoneinjustopoenaexsolritur.Autenim
968 1502 997 1552 et
1011 1504 1042 1552 ut
1056 1497 1125 1551 nulli
1139 1498 1227 1569 prosit
1243 1504 1272 1552 et
1292 1497 1366 1552 obsit
1379 1498 1480 1556 alieni:
1499 1498 1616 1552 tertium
1638 1497 1711 1569 quod
1728 1497 1768 1553 ita

122 1586 232 1640 malum
243 1587 326 1653 tuate,
338 1585 579 1640 autbonummale
588 1586 753 1657 proferendo
763 1603 923 1657 peccamus:
968 1585 1082 1657 prodest
1097 1585 1179 1639 alteri
1192 1592 1225 1641 ut
1239 1586 1313 1641 obsit
1327 1586 1418 1652 alteri,
1440 1587 1567 1658 quamvis
1587 1602 1644 1641 non
1663 1585 1767 1640 adim·

123 1675 233 1729 malum
245 1677 318 1729 niele
334 1676 477 1746 loquimur
498 1676 610 1745 quando
629 1676 773 1746 quodlibet
787 1676 926 1746 flagitium
968 1674 1136 1728 munditiam
1152 1674 1225 1728 obsit
1239 1676 1429 1747 corporale1n3
1454 1682 1586 1746 quartum
1608 1675 1668 1729 sola
1688 1691 1768 1729 men-

123 1764 296 1836 persuadere
302 1781 450 1819 conamur:
458 1764 563 1818 bonum
573 1765 645 1818 renale
655 1765 804 1835 loquimur,
815 1765 927 1835 quando
935 1773 958 1833 Β
967 1762 1056 1817 tiendi
1065 1763 1235 1834 fallendique
1245 1764 1370 1830 libidine,
1384 1765 1457 1836 quod
1468 1781 1579 1819 merum
1590 1764 1768 1819 mendacium

122 1852 313 1924 quodcunque
325 1860 432 1908 rectum
451 1860 618 1924 arroganter
633 1854 818 1926 praedicamus
835 1873 840 1907 :
861 1870 927 1908 nam
968 1858 1025 1906 est:
1043 1852 1173 1923 quintum
1189 1853 1264 1924 quod
1276 1854 1445 1925 fitplacendi
1460 1854 1629 1925 cupiditatc3
1641 1851 1769 1923 seqnitur

123 1947 154 1996 et
167 1942 253 1996 corde
267 1943 340 1995 male
355 1943 505 2013 loquimur,
520 1944 631 2014 quando
646 1943 765 1999 interius
780 1943 927 2013 cogitatio·
968 1950 1078 1996 sextum
1086 1959 1186 2012 genus,
1200 1942 1275 2014 quod
1291 1948 1320 1997 et
1333 1943 1404 1997 nulli
1414 1943 1493 1997 obest
1504 1949 1533 1997 et
1544 1943 1658 2014 prodest
1671 1941 1766 2007 alieni,

121 2046 174 2086 nes
185 2032 285 2085 noxias
294 2031 465 2086 meditamur
477 2038 506 2086 et
515 2033 686 2103 cogitamus;
699 2033 796 2103 lingua
805 2033 878 2086 male
888 2032 928 2086 lo·
969 2035 1045 2089 velut
1059 2033 1083 2087 si
1098 2033 1238 2104 quispiam
1253 2034 1400 2105 pecuniam
1416 2033 1535 2102 alicujus
1548 2032 1654 2102 injuste
1665 2031 1768 2086 tollen·

124 2119 251 2191 quimur,
269 2121 380 2191 qnando
395 2138 445 2191 pro
460 2137 493 2174 eo
508 2122 583 2192 quod
596 2122 669 2175 male
684 2122 793 2192 agimus
806 2122 928 2191 flagella·
968 2123 1033 2177 dam
1049 2123 1149 2185 sciens
1161 2121 1208 2176 nbi
1220 2122 1257 2176 sit
1266 2123 1373 2176 nescire
1387 2139 1417 2176 se
1429 2121 1598 2188 mentiatur3
1615 2120 1767 2191 septimum

123 2225 199 2275 mur,
210 2215 240 2263 et
249 2225 474 2278 murmuramus,
486 2209 567 2264 tactis
578 2211 650 2265 male
656 2211 807 2281 loquimur,
815 2211 927 2280 quando
969 2211 1043 2282 quod
1057 2215 1086 2265 et
1100 2211 1169 2265 nulli
1185 2209 1265 2264 obest
1274 2214 1303 2263 et
1311 2209 1425 2280 prodest
1438 2210 1530 2274 alicui,
1542 2210 1620 2263 velut
1633 2209 1656 2263 si
1668 2209 1767 2262 nolens

122 2299 199 2355 male
215 2299 333 2351 virovido
347 2298 481 2369 exemplis
497 2299 600 2352 nostris
612 2300 681 2352 ulios
697 2300 732 2353 ad
747 2316 831 2370 prave
845 2315 929 2368 agen·
970 2300 1112 2354 hominem
1127 2300 1162 2353 ad
1177 2304 1295 2353 mortem
1311 2299 1459 2369 quesitum
1472 2298 1591 2370 prodere
1602 2295 1765 2375 mentiatur,

124 2387 195 2441 dnm
210 2386 396 2440 informamus
417 2407 425 2441 ,·
447 2386 577 2442 omnibus
596 2388 671 2441 enirn
691 2388 782 2442 modis
800 2388 928 2442 cavendae
969 2405 1025 2443 non
1040 2389 1129 2443 solum
1142 2389 1251 2457 justum
1268 2394 1352 2457 atque
1365 2387 1553 2451 innocentem,
1575 2386 1624 2439 sed
1645 2389 1767 2439 atreum

124 2476 411 2546 suntsuprascriptae
422 2476 577 2531 locutiones
587 2483 615 2530 et
626 2477 738 2543 similia,
752 2477 818 2548 quia
827 2477 851 2531 si
860 2493 927 2531 con·
970 2477 1017 2548 qui
1031 2494 1064 2530 ex
1079 2477 1241 2531 Christiana
1255 2476 1403 2546 disciplina
1415 2476 1461 2541 sit,
1479 2480 1511 2529 nt
1525 2491 1616 2545 neque
1631 2474 1665 2528 de
1675 2473 1768 2543 cujus-

125 2568 171 2617 tra
182 2562 296 2616 Domini
306 2570 523 2635 sanctorumque
532 2567 593 2634 ejus
604 2572 830 2636 praeceptumest,
838 2565 929 2620 otiosa
969 2582 1054 2637 quarn
1069 2564 1240 2619 correctione
1255 2564 1420 2635 desperetur
1433 2581 1523 2634 neque
1535 2563 1666 2634 cuiqnam
1681 2560 1768 2634 poeni·

126 2658 157 2705 et
171 2652 303 2706 scurrilia
317 2651 402 2706 verbu
418 2654 504 2707 ethis
519 2653 622 2707 similia
637 2654 714 2724 loqui
730 2655 804 2709 unde
819 2655 928 2708 dicente
968 2655 1045 2709 tandi
1058 2654 1151 2708 aditus
1165 2654 1378 2708 intercludatur.
1389 2654 1430 2708 De
1445 2653 1545 2724 quibus
1558 2651 1667 2707 duobus
1680 2667 1767 2720 gene·

126 2740 250 2794 Domino
263 2741 406 2795 reddenda
420 2747 463 2795 cst
483 2743 564 2809 vatio,
588 2748 693 2813 quanto
712 2744 801 2814 magis
821 2742 928 2814 perjuri
971 2743 1055 2809 ribus,
1073 2760 1134 2813 quae
1154 2743 1245 2797 solent
1263 2742 1366 2796 habere
1385 2758 1516 2812 magnam
1537 2740 1766 2806 controversiam,

123 2830 273 2895 falsitates,
286 2831 497 2885 maledictiones
512 2837 541 2886 et
551 2838 653 2886 caetera
666 2832 743 2898 talia,
764 2849 814 2903 pro
827 2831 929 2902 quibus
970 2833 1038 2886 satis
1049 2832 1240 2896 tractavimus,
1248 2839 1277 2886 et
1288 2832 1354 2902 quid
1365 2831 1445 2886 nobis
1454 2832 1577 2902 placeret
1583 2829 1767 2895 ostendimus,

124 2927 233 2976 eterna
248 2920 395 2991 plectenda
403 2922 557 2988 damnatio,
570 2921 646 2976 verbi
656 2921 747 2991 gratia
760 2939 765 2975 ;
780 2921 842 2975 «Dc
852 2921 928 2975 omni
969 2927 1002 2976 ut
1015 2921 1199 2992 suscipiendis
1212 2920 1498 2986 incommoditatibus,
1520 2936 1581 2992 quae
1600 2919 1716 2973 honeste
1736 2933 1769 2971 ac

124 3008 211 3063 verbo
226 3008 326 3074 otioso,
346 3029 357 3060 r
374 3009 414 3062 ait
433 3010 530 3064 mundi
552 3012 689 3077 Salvator,
716 3029 728 3063 v
751 3011 824 3081 qnod
841 3010 928 3064 locuti
938 3012 1079 3110 Gsortiter
1092 3012 1258 3077 tolerantur,
1273 3010 1334 3064 haec
1348 3008 1770 3080 quoqnegeneraderitentnra

124 3098 233 3153 fuerint
256 3098 384 3151 homines
407 3099 526 3153 reddent
551 3100 689 3154 rationein
715 3099 744 3153 in
763 3099 809 3153 dio
829 3099 929 3170 judicii
970 3100 1088 3159 sortibus
1099 3106 1128 3154 et
1142 3098 1271 3154 fidelibus
1290 3106 1319 3154 et
1341 3099 1486 3153 veracibus
1507 3098 1574 3152 viris
1597 3114 1629 3152 ao
1646 3096 1768 3152 seminis.

127 3186 354 3254 (bertrammi
368 3205 373 3239 :
389 3188 535 3242 »otiosum
547 3189 650 3260 quippe
666 3188 781 3242 verbnm
798 3195 841 3242 est
855 3188 929 3260 qnod
971 3191 1033 3245 Non
1049 3206 1116 3259 ergo
1127 3189 1321 3243 mentiendum
1336 3189 1473 3259 ‹piarenti
1487 3187 1535 3242 ubi
1550 3187 1587 3241 sit
1600 3187 1647 3259 qni
1662 3203 1692 3240 se
1704 3184 1769 3240 svdei

127 3292 179 3330 nec
189 3275 309 3330 dicentis
320 3293 371 3329 nec
382 3277 522 3331 audientis
532 3277 617 3332 babet
626 3278 787 3331 utilitatem.
799 3278 839 3331 llo
849 3294 929 3331 rnen-
970 3279 1127 3350 cujuspiam
1140 3276 1321 3341 commiserit,
1342 3277 1390 3330 scd
1404 3277 1503 3330 lortius
1517 3275 1744 3345 respondendum
1760 3291 1767 3328 ε
1782 3271 1793 3287 “

128 3365 217 3419 deciis
227 3365 304 3429 andi,
316 3365 417 3437 iuquit,
428 3367 557 3436 gravius:
572 3385 585 3419 u
597 3368 635 3422 Os
646 3367 720 3438 qnod
733 3367 869 3420 mentitur
883 3383 929 3420 oc·
971 3368 1029 3421 Nec
1043 3367 1168 3438 perdam,
1178 3382 1230 3419 nec
1244 3365 1374 3419 mentiar.
1384 3365 1461 3419 Fecit
1467 3365 1519 3417 lroc
1527 3364 1673 3434 episcopus
1683 3378 1770 3433 quon·

130 3452 198 3507 cidit
220 3453 345 3507 animam
369 3454 442 3523 (Sap.
466 3472 484 3520 r,
514 3454 564 3523 ll).
590 3475 603 3506 u
624 3456 664 3509 De
686 3454 928 3509 detractionibus:
971 3456 1036 3509 dam
1050 3455 1230 3524 Tagastensis
1244 3454 1376 3518 ecclesiae,
1389 3454 1499 3507 Firmus
1519 3451 1641 3510 nomine,
1663 3450 1771 3504 tirmior

133 3560 147 3596 a
159 3542 214 3607 Qui
224 3543 357 3609 detrabit,
371 3543 471 3614 inquit,
484 3544 699 3598 eradicabitur.»
712 3545 751 3597 De
760 3544 930 3598 maledictio·
971 3544 1131 3597 voluntate:
1149 3559 1216 3596 num
1230 3558 1292 3594 curn
1306 3540 1341 3594 ab
1357 3559 1389 3594 co
1404 3547 1577 3611 quaereretur
1590 3539 1673 3592 homo
1685 3538 1768 3607 jussu

131 3632 214 3687 nibus
227 3651 233 3684 ε
248 3631 368 3704 tueque
387 3633 517 3687 maledici
538 3650 656 3703 regnum
676 3632 726 3686 Dei
748 3630 932 3702 possidebunt
971 3631 1149 3702 imperatoris
1167 3647 1218 3701 per
1231 3630 1405 3701 apparitores
1420 3629 1454 3684 ab
1470 3646 1503 3683 eo
1517 3629 1617 3682 missos
1631 3642 1714 3698 quem
1733 3625 1768 3678 ad

133 3722 157 3790 tl
171 3723 234 3779 Gor.
250 3737 286 3789 vr,
301 3721 371 3787 10).»
385 3723 419 3776 Et
428 3728 528 3776 caetera
539 3723 608 3776 talia
622 3722 656 3775 de
675 3720 811 3774 similibus
829 3718 928 3774 verbis.
972 3719 1213 3790 seconiugientem
1220 3719 1365 3788 diligentia
1372 3727 1478 3789 quanta
1486 3713 1768 3791 poteratoccultabat‚

753 3867 758 3876 ,
974 3809 1119 3881 respondit
1133 3807 1322 3879 quaerentibus
1341 3824 1392 3862 nec
1412 3807 1527 3862 mentiri
1548 3821 1579 3859 se
1601 3819 1693 3877 posse,
1719 3819 1771 3858 nec

285 3867 349 3920 ΟΨ·
366 3865 513 3920 LXXVIII·
531 3896 563 3905 “
579 3866 615 3919 ⁶⁶
632 3865 781 3918 'nemim‘
974 3900 1115 3955 hominem
1129 3899 1265 3971 perdere;
1285 3915 1439 3970 passusque
1453 3904 1512 3953 tam
1530 3896 1620 3951 multa
1629 3898 1772 3950 tormenta

170 3990 262 4045 Omne
277 3990 353 4043 enim
368 3990 544 4044 mendacium
564 3995 613 4042 ant
632 3989 663 4042 sit
677 3987 869 4051 meditatione,
885 3990 935 4040 aut
975 3989 1099 4060 eorporis
1117 3989 1252 4055 (nondum
1271 3988 1346 4042 enirn
1371 3993 1453 4042 amnt
1478 3987 1662 4057 imperatores
1688 3981 1771 4037 Chri·

134 4080 366 4151 preeeipitationc,
381 4097 584 4150 nonnunquam
600 4080 679 4149 pejus
696 4083 739 4131 cst
758 4076 934 4131 mendacium
975 4079 1071 4140 stianit
1084 4077 1240 4149 permansit
1249 4077 1277 4130 in
1290 4077 1440 4130 sententia.
1453 4075 1558 4130 Deinde
1573 4074 1608 4128 ad
1623 4074 1773 4144 imperato·

135 4169 267 4224 meditari
283 4186 367 4239 quarn
387 4168 472 4239 loqui.
494 4169 565 4223 Nam
589 4167 731 4221 interdum
755 4165 872 4236 quisque
891 4164 935 4218 in·
976 4184 1035 4221 rein
1051 4166 1150 4221 ductus
1169 4181 1258 4236 usque
1273 4165 1342 4219 adeo
1356 4164 1492 4218 mirabilis
1509 4163 1649 4246 apparuit,
1666 4167 1699 4216 ut
1713 4160 1772 4232 ipse

134 4263 233 4313 cautus
249 4259 321 4312 solet
345 4275 378 4312 ex
403 4257 624 4328 praecipitatione
646 4255 722 4326 loqui
747 4254 933 4308 mendacium.
977 4255 1120 4309 hominem
1136 4254 1353 4324 [Fortchominil
1369 4249 1774 4324 quemsorvabatindulgentia

135 4347 265 4401 lleditari
277 4352 371 4400 autern
387 4362 442 4399 non
458 4351 552 4416 potest
567 4344 621 4398 nisi
637 4361 688 4415 per
702 4342 827 4397 studium
839 4358 933 4413 grave.
977 4340 1771 4415 [tornindulgentiamtsineultadifficultatetmpetraret.

135 4436 219 4506 Pejus
233 4452 300 4505 ergo
313 4435 360 4488 ille
375 4451 408 4487 ex
421 4434 514 4488 studio
532 4433 645 4487 mentiri
662 4431 835 4503 perhibetur3
852 4413 969 4502 quamD
980 4434 1052 4498 Quid
1076 4433 1129 4487 hoc
1151 4432 1212 4487 sieri
1232 4438 1324 4504 potest
1347 4431 1445 4485 fortius
1469 4437 1553 4500 atque
1576 4427 1774 4483 constantius?

134 4523 221 4594 isqui
237 4541 270 4577 ex
283 4523 503 4594 praecipitatione
518 4523 577 4576 sola
593 4523 738 4576 mentitur.
753 4522 938 4590 Summopcre
979 4524 1114 4579 Octavum
1134 4527 1177 4576 est
1190 4538 1279 4591 genus
1303 4521 1450 4586 mendacii,
1476 4520 1549 4591 qnod
1568 4523 1598 4572 et
1611 4516 1680 4572 nulli
1696 4515 1776 4571 obest

134 4612 289 4666 cavendum
301 4618 344 4666 est
354 4628 437 4666 ornne
448 4612 635 4673 mendacium,
650 4611 777 4680 quamvis
788 4610 938 4680 aliquando
980 4619 1008 4667 et
1018 4613 1109 4666 adhuc
1117 4612 1231 4683 prodest
1239 4616 1272 4666 nt
1280 4608 1642 4681 abimmunditiacorporali
1652 4607 1776 4678 aliquem

134 4702 171 4756 sit
185 4701 300 4771 aliquod
321 4701 459 4755 mendacii
478 4716 568 4771 genus
582 4700 670 4770 culpes
685 4700 805 4765 levioris,
823 4700 846 4752 si
862 4699 938 4769 quis·
980 4708 1101 4756 tueatur.
1119 4702 1151 4755 ln
1167 4700 1316 4754 bisantem
1332 4706 1394 4754 octo
1403 4698 1554 4770 generibus
1568 4703 1647 4752 tanto
1658 4696 1777 4767 quisque

135 4807 222 4863 quam
236 4807 287 4862 pro
302 4791 391 4845 salute
401 4790 547 4844 honnnum
558 4789 720 4852 mentiatur,
734 4789 783 4841 sed
799 4788 865 4858 quia
874 4786 940 4839 scri·
979 4791 1074 4844 minus
1083 4795 1179 4861 percat
1189 4805 1252 4843 curn
1265 4788 1409 4855 mentitur,
1419 4786 1695 4859 quantoemergitad
1704 4790 1778 4840 octa·

135 4885 218 4952 ptum
241 4884 285 4933 est
309 4899 314 4933 :
343 4900 357 4930 v
387 4881 424 4934 Os
444 4879 517 4950 qnod
536 4879 673 4932 incutitur
696 4877 797 4931 occidit
814 4876 939 4930 animam
980 4878 1269 4949 vum‚tantonmplius
1278 4883 1383 4949 quanto
1393 4877 1496 4947 mergit
1505 4876 1539 4930 ad
1554 4873 1778 4948 primquuis·

138 4971 216 5038 (Sap.
234 4986 251 5033 1,
268 4968 312 5033 ll)
325 4987 353 5037 ῃ
366 4975 394 5023 et
405 4988 410 5023 :
422 4989 433 5019 ι
445 4969 548 5023 Perdes
565 4985 613 5021 eos
626 4967 674 5038 qui
690 4967 843 5037 loquuntur
859 4981 939 5018 nien·
981 4969 1043 5039 quis
1053 4971 1147 5021 antem
1159 4984 1220 5021 esse
1230 4966 1438 5037 aliquodgenns
1448 4965 1586 5020 mendacii
1596 4963 1670 5034 quod
1680 4977 1778 5033 pecca-

139 5059 254 5113 dacium
271 5061 353 5125 (Prot.
368 5075 395 5122 v,
410 5059 446 5126 7).
467 5075 480 5110 n
498 5058 557 5110 Hoc
572 5073 683 5127 quoqne
699 5055 837 5110 ruendacii
851 5070 940 5125 genus
980 5062 1041 5112 turn
1051 5073 1107 5110 non
1119 5056 1156 5110 sit
1165 5057 1313 5126 putaverit,
1325 5052 1708 5127 decipietseipsumturpiter,
1715 5067 1780 5106 cum

139 5146 258 5219 perlecti
271 5146 320 5200 viri
335 5164 512 5218 summopere
527 5146 648 5216 sumunt,
667 5152 699 5199 nt
713 5162 764 5199 nec
780 5145 833 5199 vitu
849 5148 941 5217 cujus·
982 5148 1132 5201 honestum
1147 5164 1176 5200 se
1186 5146 1364 5216 deceptorem
1379 5145 1534 5199 arbitratur
1543 5143 1681 5208 aliorum3
1696 5156 1781 5211 graue

139 5235 210 5289 libet
231 5251 280 5305 pro
295 5234 513 5288 eorumtallacia
527 5235 830 5299 detendatur,nccsnae
841 5235 941 5289 animm
983 5235 1117 5307 [gravius]
1137 5242 1180 5289 est
1194 5235 1269 5289 enim
1284 5235 1470 5295 mendacium,
1495 5239 1525 5287 et
1543 5232 1619 5286 aliud
1638 5229 1783 5302 quodlibet

140 5329 262 5379 noceas!u
273 5323 340 5378 dnm
351 5330 483 5394 praestare
493 5324 623 5378 nituntur
633 5323 731 5377 alienae
742 5324 829 5389 carni,
847 5339 943 5392 qnam·
984 5331 1140 5397 peccatum,
1160 5324 1234 5396 quod
1249 5324 1343 5378 animo
1358 5325 1484 5378 nocentis
1499 5338 1583 5393 quam
1598 5319 1672 5392 quod
1687 5319 1782 5375 animo

140 5429 227 5485 quam
245 5413 299 5465 linc
318 5412 411 5483 ipsum
427 5413 532 5483 peccati
545 5429 635 5482 genus
655 5412 787 5466 facillime
803 5412 943 5466 credimus
985 5408 1531 5466 sulaenientisotncitur:anennullum
1538 5404 1783 5460 mendaciumsine

141 5501 273 5556 relaxari.
290 5501 362 5554 lianc
375 5501 398 5554 si
413 5499 543 5572 qualibet
560 5502 642 5572 culpa
664 5501 791 5570 sequenti
816 5501 944 5555 mercede
985 5506 1112 5573 peccato;
1125 5500 1260 5570 scriptum
1272 5497 1398 5553 estenim
1408 5516 1413 5550 :
1424 5494 1785 5566 (lequodnirattlaroccidit

142 5589 944 5662 purgatur,quantomagishaectacileabstergitur,quam
986 5585 1784 5654 antariani-,ctoreminereducturnnonesterlteo,seduraalo
