3772 6120
88 267 141 322 277
313 269 602 327 suhamitarum
622 269 659 326 ΙΝ
681 270 756 327 ΕΡΡ.
778 272 885 330 rituti
904 274 971 330 Llll.
990 278 1061 331 h'll'.
1080 309 1111 318 -
1132 278 1170 332 lh'
1191 278 1300 332 nrlsr.
1321 280 1369 333 ΛΙ)
1389 281 1516 336 liALAT.
1678 278 1731 337 ‘218

89 408 146 445 non
162 409 308 462 possemus
328 411 361 447 ex
381 395 450 464 legis
464 412 558 466 opere,
575 398 622 449 sed
643 398 745 452 Christi
764 399 819 452 ilde
837 401 1048 461 sal-Ascribere
1064 404 1135 455 coins
1149 423 1156 456 :
1170 407 1223 470 ipsi
1235 407 1307 455 cuim
1323 420 1391 456 rara
1405 406 1456 458 ileo
1467 406 1540 459 dccli
1551 409 1613 459 estis
1623 411 1653 458 ul
1663 406 1730 458 dlli-
1821 432 1822 435 =

88 482 157 543 rari,
174 481 349 536 credidimus
373 483 402 537 in
423 484 576 550 Christum,
594 491 626 539 ut
651 487 724 556 quod
745 489 789 540 lex
814 488 892 541 nobis
933 474 1127 556 paltr'r‘nvv'rcm
1141 493 1164 556 tl
1180 493 1265 544 Tlnsr.
1280 498 1326 552 ivl.

87 588 142 624 non
159 571 288 636 dederat,
308 572 378 625 tides
394 572 540 637 tribueret,
561 586 646 644 quam
668 575 840 630 habebamus
863 576 894 630 in
969 581 1081 646 l’roptrr
1096 582 1168 648 quod
1182 596 1214 632 rr
1228 582 1352 648 operibus
1374 584 1439 647 lepis
1460 598 1515 634 non
1529 583 1731 649 justificabitur

84 659 209 713 Christo.
227 659 346 723 Quodsi
362 662 524 717 recedentes
544 678 562 715 a
579 663 641 732 lege
664 663 692 717 in
715 681 771 734 qua
791 665 892 719 salvari
933 670 1106 720 ornaircaro.
1125 668 1586 738 (Hieron.)Nonjustilicabiturex
1601 669 1731 741 operibus
1789 732 1792 737 .

85 764 141 801 non
155 748 314 818 potuimus,
330 751 556 804 transcendimus
570 750 604 803 ad
616 750 710 813 tidem,
724 751 753 805 in
770 760 823 822 qua
835 768 891 807 non
934 756 1002 823 legis
1014 772 1079 808 raro
1088 756 1146 819 illa,
1156 756 1190 809 de
1206 772 1261 826 qna
1275 757 1425 811 scribitur:
1440 759 1535 812 orna-a
1549 774 1614 813 caro
1622 760 1727 826 senarii,

86 837 181 890 carnis
197 837 336 907 quaritur
357 838 542 903 circumcisio,
558 839 606 895 sed
621 840 713 894 cordis
726 857 797 910 puro
811 841 892 896 devo-
933 850 956 895 cl
971 847 1060 896 curnis
1070 847 1160 911 picria
1172 847 1230 912 rjus
1245 849 1326 912 qrrosr'
1344 850 1393 913 llos
1407 847 1467 913 frui
1483 848 1544 899 llso.
1571 848 1626 914 xa).
1643 845 1730 900 luati-

87 925 143 979 tio:
160 933 191 979 et
204 942 280 980 nunc
293 943 311 980 a
324 927 455 997 gentibus
476 928 631 983 recedendo
654 929 706 982 hoc
726 931 845 999 agimus,
861 937 893 984 ut
934 932 1033 985 ficator
1045 936 1139 985 autem
1156 948 1206 1002 per
1220 933 1303 986 iidem
1326 934 1392 987 lesu
1413 934 1516 988 Christi
1536 950 1600 988 coro
1624 921 1679 999 illa,
1696 934 1732 988 de

88 1015 260 1085 quicumque
271 1032 327 1069 non
337 1017 575 1082 estcircumcisus,
584 1018 748 1072 immundus
757 1019 795 1072 eit
807 1036 812 1070 :
825 1035 892 1088 ergo
933 1036 989 1090 qua
1011 1020 1040 1073 in
1060 1022 1273 1076 resurrectionis
1294 1022 1397 1076 dicitnr
1417 1029 1615 1078 sacramento:
1634 1026 1731 1077 Carnis

89 1103 157 1156 tides
173 1104 203 1156 in
220 1103 365 1158 Christum
382 1105 410 1158 in
426 1121 481 1175 qua
497 1121 547 1159 nos
561 1105 730 1176 putabamus
751 1114 816 1161 ante
835 1106 891 1161 sal·
932 1122 996 1161 coro
1010 1109 1110 1162 ridebit
1124 1113 1246 1163 relidere
1256 1112 1382 1175 licitiae.
1396 1113 1504 1178 nvl;sed
1515 1116 1543 1164 et
1553 1111 1730 1181 iuxtahumi-

88 1192 156 1247 vari.
168 1193 262 1261 magis
273 1193 379 1263 peccati
390 1201 434 1247 est
447 1194 586 1259 ministra,
602 1210 686 1265 quam
695 1196 891 1267 justitiaeque
932 1196 1029 1250 liorem
1046 1197 1227 1263 intellectum,
1239 1198 1439 1267 justificabitur
1455 1200 1596 1270 quondam
1617 1214 1650 1253 ex
1668 1201 1731 1271 lege

89 1280 178 1334 aufert
192 1281 437 1336 circumcisionem
450 1301 455 1335 :
470 1298 554 1354 quam
565 1284 613 1353 qui
624 1299 680 1337 non
697 1284 827 1338 habuerit
840 1284 891 1338 im·
932 1302 987 1339 non
1001 1286 1093 1339 omnis
1106 1286 1236 1348 caro,sed
1248 1291 1359 1340 tantum
1368 1287 1397 1341 hi
1408 1288 1536 1342 homines
1546 1288 1631 1359 quiin
1641 1287 1730 1343 Pala·

90 1371 329 1425 roundusest.Sed
337 1370 419 1437 absit,
429 1377 462 1425 ut
471 1372 544 1442 quod
555 1373 641 1426 semel
651 1372 775 1426 destruxi
786 1380 814 1427 et
824 1373 890 1428 scivi
932 1374 1006 1426 stina
1019 1380 1101 1428 erant
1113 1393 1117 1426 :
1131 1391 1206 1428 nunc
1217 1381 1312 1429 autem
1330 1392 1362 1429 ex
1378 1376 1432 1429 side
1443 1377 1547 1431 Christi
1560 1376 1732 1446 justificatur

90 1458 155 1512 milri
171 1475 230 1512 non
244 1459 392 1529 profuisse,
409 1476 521 1514 rursum
536 1460 684 1515 vindicem.
696 1461 788 1515 Semel
799 1478 816 1515 a
829 1462 891 1532 lege
932 1463 1023 1516 omnis
1030 1479 1095 1516 caro
1106 1482 1111 1515 :
1123 1464 1189 1517 dum
1201 1463 1321 1517 Ecclesia
1333 1466 1393 1535 ejus
1401 1465 1430 1518 in
1439 1471 1498 1519 toto
1509 1465 1575 1519 orbe
1584 1465 1733 1520 fundatur:

87 1548 235 1602 discedens
247 1548 304 1618 legi
318 1564 382 1602 sum
397 1554 535 1615 mortuus,
546 1555 578 1604 ut
590 1550 617 1603 in
631 1550 742 1604 Christo
757 1550 888 1614 viverem,
967 1552 1043 1618 orrod
1056 1555 1081 1604 rr'
1100 1558 1248 1620 qrrarcatcs
1263 1556 1419 1621 justificari
1436 1557 1467 1607 ia
1490 1554 1605 1618 Christo,
1624 1556 1732 1608 iareah·

88 1637 451 1707 cruciqueejusadsrxus,ot
460 1637 487 1691 in
498 1644 724 1692 novumrenatus
734 1638 888 1705 hominem,
930 1644 1064 1692 sterneret
1079 1641 1293 1707 apripeccatorrs
1309 1659 1317 1694 :
1335 1643 1464 1710 avenacia
1485 1641 1609 1695 Christus
1627 1645 1730 1710 pcccati

88 1725 138 1779 ide
150 1727 244 1795 magis
258 1743 344 1797 quam
359 1742 443 1780 carne
457 1725 649 1792 subsisterem,
661 1733 690 1780 et
704 1744 768 1780 cum
779 1728 891 1782 Christo
900 1719 1117 1781 Barinirtrrcrt?
1126 1729 1211 1781 Absit.
1225 1729 1328 1795 (hmb.)
1338 1729 1484 1793 Quomodo
1498 1729 1627 1784 Christus
1637 1736 1730 1801 potest

85 1814 234 1883 egrederer
251 1814 399 1880 emundo;
413 1816 486 1886 quod
497 1816 583 1869 semel
590 1815 708 1870 adorsus
715 1832 778 1870 sum
789 1821 888 1882 tene03
931 1816 1035 1885 peccati
1051 1815 1180 1870 minister
1195 1833 1265 1880 osse,
1283 1818 1330 1888 qui
1345 1818 1432 1872 donat
1447 1819 1582 1889 peccata?
1603 1818 1665 1872 ideo
1679 1818 1729 1873 ab·

88 1919 140 1956 non
152 1901 225 1956 mihi
240 1903 331 1973 gratis
346 1904 474 1959 Christus
489 1910 532 1958 est
551 1909 689 1969 mortuus,
707 1905 735 1958 in
760 1921 814 1975 quo
831 1904 890 1959 sru-
930 1907 976 1967 sit,
989 1904 1089 1973 inquit,
1102 1905 1150 1958 sed
1162 1905 1184 1958 si
1194 1906 1342 1975 justificari
1357 1907 1480 1961 volentes
1491 1907 1636 1978 perfidem
1648 1907 1730 1961 Chri·

87 2002 142 2046 stra
167 1991 287 2047 credidi.
303 1993 326 2046 si
354 1993 434 2063 potui
458 1991 563 2064 absque
588 1993 641 2047 lide
664 1995 726 2064 ejus
750 1995 778 2047 in
804 1994 889 2048 veteri
931 1993 977 2057 sti,
992 1993 1047 2062 legi
1062 1994 1208 2056 servimus,
1225 1995 1276 2048 sub
1291 2001 1404 2065 peccato
1413 2011 1464 2050 nos
1479 2012 1539 2050 esse
1553 1997 1728 2066 profitemur.

88 2083 147 2150 lege
161 2081 277 2134 salvari.
294 2080 413 2135 ¹trientes
427 2082 709 2152 autem,inquit,qaod
720 2099 776 2136 noa
782 2085 890 2150 justifi-
932 2082 999 2152 quia
1007 2081 1076 2135 tides
1087 2082 1359 2137 extrahlthominem
1371 2085 1457 2154 alege
1468 2084 1649 2155 utjustussit.
1658 2083 1731 2155 Ergo

88 2171 889 2239 ratrmbomocaopcrdtostroianisr'pcrdderrrlcsatlhristi.
932 2171 955 2224 si
970 2170 1070 2224 damus
1085 2187 1135 2224 nos
1150 2171 1214 2241 legi,
1232 2178 1390 2242 peccatores
1411 2173 1578 2237 invenimur,
1596 2173 1661 2243 quie
1682 2173 1729 2243 qui

90 2259 117 2312 dl
135 2275 185 2312 aar
202 2262 233 2312 iu
243 2260 352 2316 Christo
367 2260 430 2313 lesu
444 2260 621 2324 credidimus,
629 2265 659 2312 ot
662 2261 850 2326 justificemur
860 2263 890 2314 ln
932 2256 1137 2329 sublegesunt,
1148 2259 1200 2312 sub
1216 2260 1364 2313 maledicto
1378 2268 1453 2317 sunt.
1471 2261 1519 2314 sed
1534 2261 1557 2314 si
1577 2260 1617 2314 ita
1629 2266 1672 2314 est
1690 2261 1732 2315 ln·

90 2348 297 2413 rueclrrr'srim
312 2364 369 2402 non
384 2349 553 2416 exoperibus
573 2352 647 2415 lepis.
666 2348 754 2402 Aiunt
765 2348 889 2419 quidam,
933 2346 1002 2417 quit,
1014 2362 1076 2414 eruo
1091 2349 1326 2415 elrataspeccan·
1335 2351 1462 2402 mv'nr'stcr
1475 2353 1532 2402 est?
1544 2349 1635 2418 (hug.)
1651 2348 1731 2412 Quod

90 2436 224 2489 siveram
239 2436 339 2490 sithoc
348 2437 423 2507 quod
433 2436 537 2490 Paulus
551 2435 674 2491 atllrmat
691 2455 696 2489 :
714 2453 746 2490 ex
761 2436 891 2507 operibus
932 2436 1030 2505 utique
1046 2452 1100 2488 non
1116 2440 1233 2506 possunt
1247 2436 1348 2501 dicere,
1359 2437 1424 2507 quia
1433 2443 1461 2490 et
1474 2436 1528 2508 ipsi
1537 2437 1583 2507 qui
1598 2435 1731 2490 nolebant

91 2525 159 2595 legis
174 2526 320 2579 neminem
332 2525 481 2594 justificari
497 2544 502 2576 :
520 2526 568 2579 sed
584 2542 617 2578 ex
631 2525 685 2579 lide
699 2527 766 2580 lesu
776 2526 890 2591 Christi,
935 2523 987 2576 nisi
998 2523 1168 2577 circumcisis
1178 2524 1309 2594 gentibus
1322 2525 1397 2578 tradi
1411 2525 1592 2595 Evangelium
1606 2525 1635 2579 in
1649 2526 1730 2579 Chri-

92 2612 268 2683 patviarchas
282 2621 311 2666 et
327 2613 479 2683 prophetas
493 2621 522 2666 et
535 2621 646 2667 sanctos
660 2614 707 2683 qui
724 2622 789 2668 ante
811 2614 892 2668 Chri·
934 2620 978 2666 sto
990 2612 1167 2666 crediderant
1179 2631 1184 2665 :
1197 2618 1226 2667 et
1235 2613 1299 2667 ideo
1312 2613 1386 2683 quod
1401 2613 1469 2667 dicit
1479 2615 1564 2671 rosit,
1578 2630 1635 2668 uon
1644 2614 1729 2677 solus,

91 2703 123 2755 sti
137 2702 295 2755 adrentum
318 2701 433 2756 suerunt
454 2702 630 2772 imperfectos
644 2702 739 2756 tuisse.
756 2703 832 2766 Quos
846 2703 893 2756 ad·
934 2701 982 2755 sed
998 2718 1060 2755 cum
1079 2702 1148 2772 ipsis
1162 2701 1231 2757 dicit
1256 2720 1261 2754 :
1287 2700 1431 2757 Destrurit
1451 2708 1545 2757 autem
1571 2700 1732 2774 superbiam

92 2807 206 2845 monere
221 2790 366 2854 debemus,
384 2807 433 2844 eos
451 2790 495 2844 hic
518 2791 571 2844 dici
591 2791 732 2861 justitiam
747 2807 802 2846 non
825 2808 891 2845 con·
932 2790 1100 2860 gloriantem
1115 2791 1150 2843 de
1162 2791 1293 2861 operibus
1302 2789 1382 2861 legis,
1395 2807 1456 2873 quse
1466 2790 1572 2845 destrui
1583 2796 1611 2845 et
1618 2788 1733 2846 deberet

91 2887 210 2946 secutos,
227 2879 275 2950 qui
290 2885 402 2933 tantum
414 2894 447 2933 ex
461 2879 592 2949 operibus
603 2880 752 2950 justificari
767 2897 847 2950 posse
862 2897 892 2934 sc
934 2884 962 2933 et
976 2884 1078 2950 piasset,
1094 2894 1129 2933 ne
1142 2879 1235 2949 gratia
1249 2877 1313 2933 lldei
1330 2880 1472 2934 videretur
1489 2897 1545 2934 non
1561 2881 1728 2945 necessaria,

91 2969 208 3023 credunt
224 2987 230 3021 ε
248 2973 360 3022 sanctos
374 2975 470 3023 autem
485 2969 532 3039 qui
547 2969 703 3039 antiquitus
717 2969 840 3033 luerunt,
858 2986 890 3022 er
933 2968 956 3021 si
972 2983 1057 3039 opera
1070 2967 1140 3038 legis
1155 2968 1240 3022 etiam
1264 2969 1324 3022 sine
1346 2969 1395 3022 illa
1414 2969 1562 3038 justificari
1583 2969 1731 3023 crederen-

90 3057 921 3134 adeJustifimtoschristi,siquidemnbrahamvhlitdiem0
932 3063 987 3110 tur¹
1004 3057 1039 3110 Et
1058 3057 1121 3110 ideo
1137 3058 1333 3127 prevaricator
1352 3063 1404 3119 est,
1420 3058 1442 3110 si
1467 3072 1565 3111 rursus
1594 3056 1643 3111 illa
1665 3056 1730 3111 adi·

91 3146 194 3200 Christi
209 3153 239 3200 et
253 3146 363 3200 letatus
378 3153 422 3199 est
437 3149 525 3213 [Joarr.
542 3149 615 3208 vnrt;
636 3152 665 3199 et
679 3147 789 3218 Moyses
805 3148 891 3217 malo·
933 3147 1006 3212 licat,
1029 3146 1134 3212 dicens,
1152 3147 1225 3216 quod
1251 3161 1336 3216 opera
1355 3146 1425 3215 legis
1449 3146 1534 3200 etiam
1558 3145 1619 3199 sine
1640 3145 1733 3216 grstia

92 3250 133 3288 res
143 3232 777 3306 divitiasexistimavitthesauroAEgyptiorum
789 3235 892 3306 impro·
929 3234 1095 3305 justificant,
1105 3240 1136 3288 ut
1152 3234 1279 3288 Christus
1294 3234 1399 3306 peccati
1415 3234 1545 3289 minister
1558 3232 1728 3289 inveniatur.

92 3324 200 3392 mnam
209 3323 315 3377 Christi
325 3324 417 3389 (licor.
431 3328 480 3390 xr),
495 3323 647 3394 aspiciebat
657 3325 737 3380 enim
752 3325 781 3377 in
797 3340 891 3379 remu·
933 3324 964 3378 Si
972 3326 1046 3377 enim.
1056 3324 1310 3391 qurdrrhvrrr'lrec
1320 3327 1424 3377 itcrvrm
1439 3324 1549 3391 edifica,
1562 3325 1729 3392 prevarica-

93 3412 408 3467 nerationemzetlsaias
416 3411 892 3481 riditgloriamChristi,utJoannes
934 3418 1019 3465 loram
1049 3429 1089 3464 mr
1113 3415 1247 3466 rrnrstz'tao
1276 3411 1380 3481 (Δηώ.)
1405 3412 1570 3467 Absolutum
1598 3417 1639 3466 est
1667 3411 1733 3483 qula

92 3500 893 3571 erangehstacommemorat(Joan.rvrt;etludasdeom·
934 3501 1067 3554 accedens
1087 3500 1123 3554 ad
1143 3500 1286 3554 Christum
1311 3500 1445 3571 relinquit
1467 3501 1569 3572 legem,
1595 3500 1629 3554 de
1652 3514 1732 3555 servo

94 3589 894 3661 nibusgeneraliter:Forumonrre,inquitrorro'oscr'eatrs
935 3590 1009 3643 enirn
1036 3589 1067 3642 iit
1089 3588 1159 3641 libor
1174 3609 1179 3641 :
1197 3588 1271 3660 quod
1293 3590 1317 3643 sl
1339 3590 1442 3643 iterum
1460 3589 1558 3643 redeat
1574 3589 1609 3642 ad
1628 3589 1730 3659 legem,

93 3681 645 3748 aaaetomnlaquom'amlesurpopolum
657 3681 772 3733 deterre
787 3681 894 3748 AEpypti
935 3679 993 3748 ipso
1008 3678 1051 3731 sui
1068 3684 1212 3731 accusator
1225 3678 1329 3743 existit,
1347 3679 1413 3747 quia
1435 3679 1540 3731 iactum
1559 3692 1641 3731 suum
1664 3691 1731 3731 con·

94 3769 892 3837 armassemnaosecsqaiaonaadideruntpacidiana.
935 3766 1051 3820 demnat
1065 3767 1157 3833 (dap.)
1175 3765 1246 3829 Quid
1271 3783 1348 3835 crgo,
1371 3765 1437 3836 quia
1457 3752 1541 3818 tidem
1562 3765 1666 3819 Christi
1681 3780 1731 3836 op·

97 3857 218 3925 vande
225 3871 282 3910 non
289 3861 349 3910 tam
357 3856 426 3926 legis
433 3869 519 3926 opera
527 3856 706 3921 damnantur,
714 3869 798 3928 quam
807 3857 833 3909 hi
846 3858 893 3926 qul
939 3854 1116 3925 pugnabas,o
1128 3854 1222 3916 Paule,
1235 3861 1422 3924 anteaquam
1437 3869 1509 3907 nunc
1523 3853 1653 3918 adiilcas,
1663 3864 1732 3924 prve-

96 3952 207 4000 aarum
223 3961 258 4000 ex
273 3944 403 4016 operibus
421 3944 569 4015 justificari
584 3960 614 3999 se
629 3962 710 4016 posse
726 3946 870 4000 conilduat
886 3964 891 3998 :
939 3943 1120 3997 varicatorem
1134 3948 1163 3996 te
1177 3941 1407 3997 constituis?Sed
1421 3942 1500 3996 illam
1515 3959 1571 3995 non
1584 3941 1731 4008 destruxit,

96 4034 241 4089 Salrawre
250 4048 361 4105 quoque
369 4033 710 4105 addiscipulosloquente:
719 4035 896 4102 h'isr'sapcra
938 4033 1004 4104 quia
1014 4033 1120 4086 destrui
1131 4048 1187 4085 non
1197 4037 1299 4102 potest,
1312 4033 1384 4087 hanc
1393 4038 1488 4087 autem
1499 4030 1657 4103 superbiam
1668 4044 1733 4086 rere

97 4123 897 4192 bandccerr'tjustilr'ocartrcplvaqaomSerr'bcrvmetPho·
937 4122 1122 4188 destruxerat,
1136 4126 1352 4192 constanterque
1362 4120 1534 4188 destruebat,
1545 4120 1612 4192 quia
1627 4121 1734 4176 destrui

98 4216 251 4276 risaoravn,
262 4228 316 4265 uon
327 4213 470 4265 idtrabltis
480 4215 509 4265 ia
520 4226 634 4280 repham
647 4215 773 4266 calorum
787 4213 893 4279 (slletth.
938 4217 1055 4281 poterat.
1072 4211 1107 4265 Et
1120 4210 1184 4264 ideo
1197 4222 1254 4264 non
1269 4210 1315 4264 ille
1330 4210 1527 4283 prevaricator
1540 4214 1584 4265 est
1606 4210 1654 4281 qul
1673 4224 1732 4264 rem

99 4314 133 4355 a.
145 4300 390 4355 Considerandum
400 4300 429 4355 in
440 4300 491 4354 hoc
502 4301 561 4356 loco
570 4306 678 4370 quanta
687 4300 717 4354 in
724 4302 785 4372 lege
793 4314 895 4372 prace-
938 4316 1031 4353 reram
1039 4299 1417 4365 cumconareturdestruere,
1426 4306 1455 4354 et
1465 4304 1561 4370 postea
1567 4313 1663 4352 veram
1672 4312 1733 4353 esse

98 4390 511 4462 ptesint,quaeexplerenullus
522 4396 623 4461 queat3
636 4395 687 4445 eto
701 4390 842 4445 contrario
856 4389 897 4442 di·
907 4390 969 4448 Dac
983 4388 1090 4442 destrui
1105 4404 1161 4444 non
1177 4404 1257 4461 posse
1272 4392 1459 4459 cognosceret.
1475 4387 1569 4442 tenuit
1582 4398 1644 4440 eam
1657 4391 1689 4440 ut
1702 4386 1735 4440 in‘

98 4478 365 4550 cendum,qucedam
380 4478 449 4549 legis
464 4478 549 4534 etiam
564 4478 599 4532 ab
615 4479 658 4533 his
673 4478 743 4543 lieri,
755 4479 803 4549 qui
819 4478 897 4548 igno-
937 4494 970 4531 ca
984 4477 1171 4532 adificaretur
1186 4494 1192 4530 :
1208 4478 1257 4532 sed
1272 4476 1318 4532 illc
1333 4475 1528 4549 praevaricator
1542 4477 1595 4538 est,
1605 4474 1653 4545 qui
1668 4486 1740 4527 curnv

99 4576 161 4622 rent
173 4582 249 4632 eam,
265 4567 314 4621 sed
333 4566 395 4622 ideo
410 4583 467 4621 non
483 4567 632 4637 justificari
647 4574 809 4637 operatores
824 4567 894 4637 ejus,
937 4565 1105 4619 destruxerit
1124 4582 1184 4619 rem
1204 4565 1313 4627 falsam,
1329 4564 1395 4634 quia
1418 4563 1525 4617 destrui
1546 4550 1648 4632 potest]
1668 4576 1732 4616 eam

99 4657 164 4729 quia
183 4654 290 4728 absque
309 4655 363 4710 lide
386 4655 490 4711 Christi
516 4657 586 4710 flant
601 4672 606 4708 :
624 4654 701 4711 verbi
722 4656 824 4727 gratia,
840 4670 895 4709 non
937 4670 1034 4708 rursus
1045 4653 1173 4709 edificat.

98 4745 222 4800 dormire
231 4760 296 4800 cum
305 4745 364 4798 viro
377 4743 547 4800 dormitione
560 4744 698 4807 mulieris,
714 4760 771 4799 non
786 4744 895 4799 adulte·
974 4744 1026 4809 aaa
1040 4746 1114 4796 enim
1128 4758 1178 4811 per
1192 4743 1275 4810 quem
1291 4744 1344 4809 leqi
1356 4745 1483 4794 mortuas
1496 4746 1568 4806 sarit,
1584 4741 1677 4796 ulDeo
1689 4738 1733 4793 oi·

100 4845 170 4897 rare,
187 4846 246 4888 non
269 4844 378 4904 rapere,
397 4833 447 4888 sed
471 4833 560 4905 magis
577 4833 716 4888 honorare
737 4839 846 4904 patrem
868 4838 897 4887 et
937 4848 1007 4884 ram.
1028 4830 1132 4901 (hmb.)
1147 4831 1207 4885 lloc
1219 4829 1295 4891 dicit,
1314 4829 1381 4899 quia
1394 4844 1445 4901 per
1459 4830 1549 4899 legem
1568 4826 1634 4883 fidel
1657 4843 1733 4882 mor·

100 4930 219 4978 matrem
234 4927 264 4977 et
276 4926 386 4986 catera,
398 4938 459 4993 quae
469 4922 609 4994 imperata
618 4929 693 4987 sunt,
704 4922 804 4976 facere.
818 4921 897 4985 Quod
938 4926 1004 4975 tuus
1018 4925 1062 4975 est
1075 4919 1129 4991 legi
1139 4919 1243 4991 Moysis
1261 4918 1400 4972 :moritur
1414 4919 1491 4973 enim
1500 4918 1565 4988 legi,
1577 4918 1625 4989 qui
1634 4916 1734 4971 libera-

99 5012 169 5068 side
178 5010 286 5067 sanctis
295 5010 362 5064 viris
372 5010 451 5066 nobis
463 5010 590 5080 exempla
598 5010 777 5082 protulerint,
788 5008 897 5082 quodln
938 5015 985 5064 tur
1006 5009 1040 5064 ab
1059 5024 1100 5073 oa,
1118 5015 1146 5063 et
1160 5008 1227 5063 vivit
1248 5008 1316 5071 Deo,
1333 5009 1413 5078 cujus
1432 5008 1464 5062 tit
1482 5023 1578 5061 servus
1592 5011 1704 5076 emptus
1718 5020 1736 5057 a

100 5099 898 5172 legerenati,esquarlegistuerantperpetrarint,dicimus
939 5097 1060 5154 Christo.
1084 5099 1176 5167 (Aac.)
1192 5097 1334 5152 Mortuum
1361 5101 1456 5151 eutem
1479 5095 1584 5165 selegi
1608 5093 1685 5159 dicit,
1703 5098 1743 5149 ut·

101 5194 247 5259 quiajasto
257 5193 301 5243 ter
311 5204 365 5242 aon
379 5195 417 5242 ert
426 5193 524 5257 posita,
537 5191 583 5243 red
596 5192 713 5257 iniquis,
725 5195 749 5242 cl
763 5204 820 5242 aon
833 5189 897 5241 sob-
936 5189 996 5258 jam
1012 5186 1062 5241 sub
1079 5187 1139 5257 lege
1154 5200 1210 5240 non
1225 5192 1308 5249 esset,
1325 5186 1373 5240 sed
1387 5191 1483 5240 tamen
1497 5196 1547 5255 per
1560 5183 1662 5254 legem,
1677 5183 1735 5236 sire

101 5280 312 5349 ditir,imptiret
319 5263 514 5346 peccatoribus,
527 5281 723 5332 coritaruinctlr
737 5284 760 5331 rt
776 5280 899 5330 lirnium·
940 5276 1006 5348 quia
1018 5276 1131 5330 Judaeus
1141 5281 1210 5342 erat,
1220 5279 1248 5329 et
1256 5281 1392 5347 tanquam
1403 5274 1585 5346 paedagogum
1594 5272 1736 5343 legemac·

101 5371 142 5422 dtr
152 5369 179 5437 (1
195 5369 266 5423 lim,
278 5371 313 5436 r);
329 5367 379 5438 qui
393 5372 488 5421 autem
502 5383 519 5420 a
534 5364 592 5421 Deo
605 5367 704 5421 doctus
718 5367 765 5432 sit,
781 5381 837 5420 non
852 5367 899 5420 ha·
941 5370 1061 5437 ceperat,
1077 5365 1150 5419 sicut
1163 5370 1260 5435 postea
1274 5362 1434 5417 manifestat
1448 5379 1453 5414 ε
1471 5362 1523 5416 hoc
1537 5366 1632 5416 autem
1643 5360 1737 5431 agitur

102 5457 165 5512 bere
179 5466 246 5511 eum
264 5470 379 5511 necesse
394 5463 427 5510 ut
439 5457 540 5510 saltem
553 5455 588 5509 de
603 5455 740 5510 charitate
756 5456 897 5513 doceatur.
942 5472 991 5525 per
1002 5454 1194 5525 paedagogum,
1205 5458 1236 5506 ut
1249 5469 1305 5507 non
1320 5452 1357 5505 sit
1370 5451 1543 5505 necessarius
1556 5450 1735 5522 paedagogus,

104 5544 189 5601 halo
201 5545 328 5600 dicatam
337 5546 374 5599 De
388 5546 521 5600 charitate
531 5550 623 5599 arram
639 5561 692 5600 non
711 5546 901 5598 acccachaoco
942 5543 1015 5597 sicut
1024 5541 1167 5615 prrubera
1177 5542 1302 5597 nutritur
1313 5539 1413 5605 intans,
1427 5541 1522 5610 utjam
1534 5538 1665 5593 uberibus
1679 5551 1735 5590 non

617 5760 628 5788 Ι
