3772 6120
77 301 150 361 13³7
548 303 594 359 DE
613 304 721 361 VlTllS
741 305 785 361 ΕΤ
803 305 1027 361 VIRTUTIBUS.
1049 336 1081 347 -
1101 306 1169 363 LlB.
1191 307 1241 364 111.
1646 311 1718 373 ¹³38

71 431 265 495 committant,
281 430 324 484 vel
338 429 366 483 in
382 429 505 499 flagitiis,
530 431 572 484 vel
588 430 617 484 in
642 428 819 497 facinoribus,
834 431 876 484 vel
885 432 962 492 Aest
972 430 1136 501 supersilios
1149 431 1238 485 Adam
1255 448 1272 485 a
1288 432 1333 486 die
1349 432 1439 486 exitus
1454 433 1595 489 daventre
1619 437 1718 492 matn's

72 520 104 575 in
114 518 284 585 homicidiis,
299 520 342 573 vel
357 518 386 573 in
411 519 518 573 nefario
540 520 706 590 cujusquam
722 519 877 590 impietatis
917 535 1013 573 eorum
1025 535 1113 589 usque
1123 518 1234 574 indiem
1245 522 1395 592 sepulturae
1406 521 1434 576 in
1446 526 1564 576 matrem
1578 514 1714 595 omniurn,

73 624 182 674 errore,
191 608 351 678 sedmagna
360 607 481 679 Spiritus
490 608 622 678 largitate
636 608 824 663 necessarium
835 612 877 662 est
917 606 1002 662 etiam
1016 608 1069 661 hoc
1092 607 1199 662 malurn
1217 609 1415 664 miserabiliter
1431 608 1579 681 reperitur.
1595 594 1717 687 Ideoqiie

72 697 236 770 opprimere
244 695 380 769 quidquid
395 696 426 750 in
434 696 474 750 eis
486 701 578 767 potest
588 701 638 751 aut
651 698 744 768 potuit
756 696 876 751 carnalis
917 695 1003 751 sobrii
1020 696 1117 761 simus,
1145 703 1229 769 atque
1256 699 1447 770 intelligamus
1471 700 1544 754 hanc
1573 701 1658 756 vitam
1680 701 1716 758 de

71 784 225 841 delectatio
239 783 473 839 dominari'l'unc
483 784 579 855 itaque
586 784 877 856 dictavitiadeputan·
918 785 1085 857 peccatoillo
1101 786 1184 841 nimis
1207 787 1313 842 nefario
1329 788 1402 859 quod
1417 788 1447 843 in
1462 788 1592 860 paradiso
1617 797 1716 867 perpe·

73 874 112 929 da
127 879 204 940 sunt,
216 888 281 929 cnm
291 873 342 928 llei
357 890 453 928 amore
467 874 625 940 vincuntur,
639 890 722 946 quem
731 874 785 929 nisi
801 874 876 929 Deus
917 880 1023 929 tratum
1035 881 1086 941 est,
1102 876 1204 931 factam
1221 876 1302 931 nobis
1321 893 1381 931 esse
1404 877 1543 949 penalem
1554 883 1715 955 ;totumque

75 962 136 1034 ipse
152 979 210 1017 non
226 961 322 1028 donat,
334 978 385 1016 nec
399 962 482 1017 aliter
494 963 548 1017 nisi
563 979 613 1034 per
630 950 814 1018 mediatorim
824 963 876 1018 Dei
918 964 992 1034 quod
1002 962 1147 1018 nobiscum
1158 966 1250 1036 agitur
1274 982 1329 1020 non
1353 965 1496 1038 pertinere
1515 965 1571 1021 nisi
1586 950 1715 1024 ad'iiovi

75 1050 264 1105 ethommum
272 1051 367 1105 lesum
376 1051 518 1106 Christum
522 1052 678 1122 quisaetus
688 1053 875 1124 estpartieeps
917 1053 1210 1109 saecuhhaercditatem
1218 1071 1327 1121 novam
1339 1062 1371 1111 ut
1381 1055 1426 1110 hm
1435 1056 1718 1129 p1gnoreacceptorl

75 1138 329 1194 mortalitatisnost
318 1145 344 1194 tr
346 1158 377 1201 in
382 1145 412 1194 ut
422 1140 708 1213 nospartierpesfacer
709 1147 737 1196 et
747 1141 876 1195 divinita·
917 1143 966 1198 lud
982 1144 1063 1214 cujus
1078 1143 1180 1214 pignus
1194 1150 1237 1199 est
1251 1161 1301 1199 suo
1315 1149 1441 1216 tempore
1459 1161 1677 1219 consequamur.

75 1229 194 1285 tissuae.
211 1229 439 1285 verumtatem
433 1247 462 1284 in
485 1230 562 1301 gran
574 1231 642 1302 jugo
662 1231 736 1302 quod
753 1230 876 1303 positum

715 1487 858 1562 LIBER
885 1488 1080 1563 PRIMUS.

435 1639 509 1707 (Victa
524 1640 598 1693 inter
613 1639 699 1709 Opera
712 1640 876 1708 Hatitparii,
894 1638 1059 1707 Patrolania
1076 1644 1146 1694 tonte
1160 1640 1211 1700 ut,
1227 1643 1277 1695 coi.
1287 1636 1362 1711 657.)

682 1926 825 2000 LIBER
853 1925 1115 2001 SECUNDUS.

745 2082 820 2150 <rra
834 2082 901 2138 tua
918 2084 968 2137 aa.
981 2079 1054 2150 aaa.)

710 2380 856 2454 LIBER
881 2379 1095 2454 TERTIUS.

381 2647 570 2705 PRAEFATlO
885 2649 908 2709 Β
919 2663 984 2703 nem
994 2648 1238 2719 dignissimosesse
1249 2653 1348 2714 morte,
1362 2648 1390 2703 id
1400 2654 1452 2714 est,
1464 2653 1600 2720 perpetua
1616 2651 1717 2718 morte,

105 2737 879 2810 Demortalibuspeccatisaccriminibuseorumquepoe·
920 2737 980 2793 sine
994 2738 1128 2806 remedio,
1141 2745 1231 2794 morte
1245 2739 1304 2794 sine
1318 2738 1383 2793 tine.
1400 2738 1471 2793 Nam
1483 2741 1512 2793 et
1532 2737 1567 2792 de
1591 2734 1718 2792 mortali·

70 2827 205 2884 nitudine
229 2833 257 2881 et
268 2826 467 2895 satisfactione,
496 2843 545 2882 seu
556 2827 590 2882 de
609 2834 671 2882 octo
681 2827 878 2899 principalium
919 2825 1140 2882 buscriminibus
1150 2827 1224 2882 idem
1232 2826 1416 2899 Apostolusin
1427 2826 1552 2898 Epistola
1559 2827 1593 2881 ad
1603 2820 1718 2882 Galatas

72 2918 210 2973 vitiorum
220 2916 337 2987 origine,
355 2916 509 2983 vexatione,
523 2916 646 2988 judiciis,
662 2916 874 2988 objectionibus,
918 2916 1058 2988 loquitur:
1071 2938 1083 2968 ι
1095 2915 1243 2972 Manifesta
1254 2922 1348 2972 autem
1368 2921 1436 2971 sunt
1447 2931 1533 2987 opera
1542 2915 1644 2983 carnis,
1656 2914 1717 2986 quai

75 3006 278 3077 remediisque,
293 3022 345 3062 nec
359 3021 416 3059 non
430 3009 459 3060 et
472 3006 507 3060 de
521 3021 614 3077 pugna
628 3006 764 3060 virtutum
780 3012 878 3061 contra
918 3011 984 3061 sunt
996 3005 1166 3072 :fornicatiu
1180 3005 1369 3071 immunditia,
1381 3005 1502 3071 luxuria,
1514 3004 1653 3059 idolorum
1662 3019 1719 3059 ser-

76 3095 210 3152 vitiorum
225 3094 476 3167 impugnationem,
491 3095 534 3148 vel
550 3094 756 3165 quibusmodis
771 3095 877 3165 cogita·
919 3094 1001 3160 vitus,
1010 3095 1151 3163 veneficia,
1165 3094 1327 3162 inimicitia,
1344 3094 1547 3162 contentiones,
1564 3092 1720 3149 tumulatio·

74 3186 162 3252 done,
174 3184 316 3238 locutione
324 3183 878 3256 etopereperpetranturpeccata,tertius
919 3201 978 3251 nea,
1000 3184 1058 3251 irae,
1075 3184 1150 3250 rixa,
1162 3184 1361 3250 dissensiones,
1377 3189 1468 3251 sectae,
1487 3182 1600 3249 invidia,
1630 3181 1718 3238 ebric-

76 3275 131 3340 hic,
148 3273 735 3345 largienteDomino,exdictissanctorum
761 3273 878 3329 Patrum
919 3279 1002 3339 tates,
1026 3274 1243 3329 comessationes
1267 3279 1295 3329 et
1316 3273 1361 3328 his
1386 3272 1499 3340 similia,
1520 3289 1582 3343 quae
1597 3270 1716 3344 praedico

74 3364 237 3429 defloratus,
253 3368 284 3416 ut
310 3362 338 3417 in
366 3363 481 3433 prologo
501 3364 586 3433 hujus
622 3361 747 3435 opusculi
771 3361 878 3434 praefati
919 3362 1005 3429 vobis,
1023 3363 1094 3416 sicut
1113 3363 1238 3433 praedixi,
1255 3363 1388 3435 quoniam
1407 3360 1455 3434 qi1i
1464 3360 1533 3416 talia
1553 3366 1642 3432 agunt
1670 3376 1716 3416 re·

75 3466 180 3520 summ,
196 3451 310 3506 inchoat
334 3451 454 3507 libellus.
475 3451 542 3507 'l'uis
559 3451 646 3523 igitur
663 3452 772 3506 meritis
787 3451 877 3524 preci·
916 3467 1006 3523 gnum
1024 3451 1143 3506 Deincn
1169 3456 1377 3522 consequentur
1407 3451 1474 3517 (dal.
1505 3447 1717 3520 v,19);inon

76 3540 181 3614 busque
202 3540 353 3608 animatus,
370 3540 574 3596 studiosissime
598 3543 691 3607 Pater,
709 3540 761 3595 etsi
776 3557 833 3595 non
846 3546 878 3596 ut
918 3540 992 3595 enim
1001 3540 1078 3606 dixit,
1097 3540 1144 3611 qui
1158 3541 1227 3595 talia
1239 3543 1366 3610 egerunt,
1383 3554 1503 3609 regnum
1516 3538 1567 3594 Dei
1584 3553 1640 3592 non
1655 3553 1718 3593 con·

79 3631 174 3697 debeo,
186 3635 282 3685 tamen
298 3635 382 3702 prout
395 3635 502 3701 potero,
517 3631 575 3686 Deo
599 3631 717 3696 favente,
733 3629 877 3703 preceptis
917 3629 1005 3685 secuti
1019 3635 1094 3694 sunt,
1112 3629 1160 3683 sed
1176 3632 1225 3698 qui
1239 3631 1308 3682 talia
1322 3632 1419 3696 apunt,
1435 3628 1479 3683 vel
1499 3627 1548 3699 qui
1563 3627 1591 3682 in
1605 3627 1718 3700 hisper-

78 3721 130 3776 tuis
141 3719 305 3775 satisfacere
322 3719 468 3774 humiliter
481 3718 607 3775 studebo.
918 3725 1049 3773 severant
1063 3716 1236 3783 criminibus,
1253 3717 1425 3785 neptunalici
1439 3732 1495 3771 non
1509 3721 1716 3785 consequantur.

918 3805 1720 3881 Multideniqnesuprascriptaetsimiliaperpetraverunt

80 3863 211 3920 arvial.
225 3892 258 3904 -
273 3864 310 3919 De
330 3864 461 3931 prouidus
480 3863 698 3931 mortalibusque
713 3863 877 3931 praeniissa
916 3897 1042 3963 crimina
1059 3902 1088 3952 et
1102 3903 1168 3952 ante
1191 3901 1311 3952 mortem
1329 3893 1582 3970 perpoenitenqjam
1601 3898 1630 3949 et
1643 3894 1718 3950 0130.

103 3953 279 4010 criminibus
295 3966 443 4019 eorumque
452 3951 624 4020 penitudine
638 3956 661 4004 et
676 3952 875 4019 satisfactione.
869 3942 1050 4058 ‚cmosyna’s
1072 3991 1101 4042 e
1089 3985 1174 4041 alia
1194 3985 1268 4041 bona
1282 4001 1367 4058 opem
1390 3986 1614 4056 expurgavemnt
1630 3999 1673 4051 ea,
1689 3986 1720 4039 et

101 4080 176 4145 Quae
202 4081 268 4132 sunt
278 4082 372 4131 autem
386 4076 522 4147 graviaet
510 4075 661 4130 tmortalia
675 4082 788 4148 peccata
805 4078 876 4132 Pau·
916 4076 1098 4148 postmodum
1107 4075 1142 4131 ad
1151 4090 1269 4146 regnum
1276 4075 1329 4130 Dei
1342 4077 1539 4146 pervenerunt,
1551 4076 1580 4127 et
1594 4070 1719 4144 quotidie

67 4163 637 4241 hispraedicatoregregiusinEpistolaad
655 4166 798 4220 Romanos
812 4181 877 4221 eum
917 4165 1061 4238 pervenire
1085 4171 1239 4221 merentur.
1265 4164 1300 4220 Et
1321 4164 1350 4219 in
1377 4163 1501 4236 Epistola
1525 4162 1561 4217 ad
1584 4162 1718 4234 Ephesios

62 4254 875 4323 nefandissimanotaretcriminasubdendomanifestavit,
917 4255 993 4311 idem
1001 4257 1151 4328 Apostolus
1165 4255 1199 4310 de
1224 4254 1344 4326 peccatis
1365 4251 1557 4308 criminalibus
1576 4251 1650 4307 inter
1664 4267 1718 4308 cae-

60 4344 171 4404 dicens
187 4363 193 4399 :
213 4345 369 4417 ‹Repletos
392 4344 468 4399 omni
483 4344 641 4416 iniquitate,
655 4345 772 4413 malitia,
789 4346 877 4400 fomi-
918 4351 980 4400 tera
994 4345 1047 4400 ait:
1059 4344 1239 4401 «Fornicatio
1250 4349 1344 4399 autem
1360 4349 1409 4398 aut
1424 4342 1513 4397 omnis
1527 4341 1716 4409 immunditia,

56 4437 197 4502 catione,
209 4435 333 4502 avaritia,
354 4433 492 4506 nequitia,
518 4435 616 4505 plenos
630 4435 744 4502 invidia,
760 4434 877 4490 hanrici·
919 4440 969 4491 aut
993 4434 1119 4501 avaritia,
1143 4451 1194 4489 nec
1215 4434 1377 4488 nominetur
1395 4432 1423 4486 in
1442 4430 1528 4497 vobis,
1552 4430 1625 4486 sicut
1638 4430 1719 4498 decet

54 4525 126 4593 dio,
147 4525 338 4592 contentione,
353 4525 426 4591 dolo,
442 4524 628 4595 malignitate,
643 4542 820 4591 susurrones,
832 4525 879 4581 de·
918 4529 1028 4579 sanems
1040 4525 1141 4594 (Eplns.
1158 4540 1184 4588 u,
1202 4522 1239 4593 3).
1259 4542 1271 4574 n
1288 4522 1323 4577 Et
1351 4521 1532 4593 paulopost:
1554 4518 1620 4575 llaec
1640 4519 1717 4575 enim

54 4615 327 4681 trecanensium
347 4613 473 4681 odibiles,
490 4615 714 4680 contumeliosos,
731 4613 876 4688 superbos,
919 4615 1026 4680 scitote,
1045 4612 1118 4685 quod
1132 4611 1223 4666 omnis
1234 4610 1385 4666 fornicator
1405 4615 1455 4665 aut
1479 4608 1652 4676 immundus,
1668 4612 1719 4665 aut

50 4708 175 4770 elatos,
186 4703 345 4757 inventores
353 4703 501 4770 malorum,
510 4703 736 4775 parentibusnon
747 4703 878 4759 obedien·
918 4720 1028 4770 avarus,
1048 4702 1122 4773 quod
1132 4706 1175 4757 est
1189 4700 1329 4756 idolorum
1343 4699 1472 4765 servitus,
1488 4714 1544 4752 non
1565 4697 1651 4753 habet
1663 4697 1718 4754 ha-

50 4798 121 4863 tes,
141 4793 318 4865 insipientes,
333 4792 542 4864 incompositos
565 4793 625 4848 sine
636 4793 796 4862 affectione,
813 4792 877 4848 abs·
918 4792 1105 4848 reditatemin
1120 4807 1206 4862 regno
1218 4789 1322 4846 Christi
1336 4794 1364 4843 et
1378 4787 1429 4843 Dei
1446 4787 1524 4855 (ibid.
1537 4789 1574 4857 v).
1588 4805 1601 4840 a
1617 4786 1717 4842 Dahoc

48 4899 125 4959 que
143 4881 259 4949 foedere,
276 4882 336 4936 sine
351 4881 551 4949 misericordia,
575 4883 623 4953 qui
650 4900 713 4937 curn
737 4883 877 4955 justitiam
918 4882 1001 4938 etin
1028 4881 1152 4953 Epistola
1175 4881 1210 4936 ad
1235 4879 1414 4935 Colossenses
1433 4875 1564 4948 precepit
1600 4875 1714 4930 dicens:¹

49 4969 121 5033 Dei
133 4972 343 5044 cognovissent
370 4988 427 5027 non
447 4971 645 5027 intellexerunt
673 4972 805 5044 quoniam
829 4972 877 5044 qui
920 4972 1116 5027 «Mortificate
1132 4969 1259 5026 membra
1271 4973 1373 5034 restra
1389 4983 1449 5039 quae
1465 4969 1532 5021 sunt
1553 4980 1639 5037 super
1658 4969 1717 5021 ter·

51 5065 143 5121 talia
154 5061 510 5134 aguntdignisuntmortc,
527 5078 582 5115 non
596 5062 687 5116 solum
707 5062 755 5132 qui
773 5061 879 5116 faciunt
919 5078 979 5115 ram
990 5060 1116 5115 fornica
1098 5066 1212 5126 ionem
1241 5056 1460 5123 immunditiam,
1476 5054 1632 5123 libidinem,
1649 5069 1718 5109 con·

51 5170 113 5222 ea,
132 5152 185 5207 sed
212 5152 297 5205 etiam
326 5152 374 5223 qui
403 5166 506 5206 consen
508 5151 581 5206 tiunt
606 5150 771 5205 facientibus
788 5152 876 5220 (Boni.
919 5149 1119 5222 cupiscentiam
1139 5149 1243 5204 malam
1255 5153 1284 5203 et
1297 5146 1453 5211 avantiam
1471 5161 1532 5217 quae
1547 5148 1591 5199 est
1604 5142 1718 5199 simula·

56 5261 84 5313 ι
106 5243 168 5301 ‘llll
186 5239 460 5296 »Considerate
408 5259 447 5313 igi
449 5246 495 5295 ur
509 5257 573 5294 eum
589 5223 664 5294 binni
689 5240 791 5294 timore
812 5240 878 5312 qnia
919 5257 1030 5295 crorum
1047 5239 1176 5303 servitus,
1191 5233 1568 5310 propterquaevenitiraltei
1593 5230 1718 5304 superfl-

55 5334 119 5407 qui
137 5329 339 5403 suprascripta
352 5335 380 5384 et
389 5330 432 5384 his
451 5331 555 5385 similia
570 5347 619 5402 pei
620 5336 740 5402 patrant
758 5330 800 5383 vel
814 5345 877 5384 eon·
917 5330 970 5384 lios
984 5328 1187 5383 incredulitatis
1212 5327 1320 5390 (tfflalass
1343 5339 1381 5389 nr,
1401 5325 1435 5394 5).
1454 5323 1509 5377 »Is
1531 5322 1635 5376 etenim
1651 5336 1716 5394 apo-

61 5421 213 5487 sentiunt,
229 5419 357 5485 crimina,
379 5419 433 5473 nisi
449 5424 514 5474 ante
529 5419 633 5473 exilum
650 5419 711 5473 vite
731 5435 781 5491 per
790 5434 877 5490 poem-
917 5419 1005 5474 stolus
1015 5419 1116 5473 dilecto
1131 5416 1265 5488 discipulo
1280 5431 1331 5470 suo
1340 5413 1487 5470 Timotheo
1504 5410 1539 5467 ab
1553 5409 1716 5467 hominibus

63 5511 196 5567 tentiam
206 5516 234 5565 et
244 5512 602 5582 eleemosynascteternqne
618 5526 703 5580 opera
718 5509 791 5562 hona
805 5507 876 5562 redi·
918 5508 965 5579 qui
991 5506 1123 5580 gravibus
1149 5513 1230 5560 erunt
1253 5505 1328 5559 titiis
1356 5502 1466 5570 irretiti,
1480 5502 1509 5556 in
1534 5502 1656 5557 secunda
1680 5501 1715 5557 ad

68 5601 182 5661 merim
196 5617 230 5657 aa
243 5600 398 5658 secundum
408 5599 482 5657 beati
498 5599 578 5657 Pauli
600 5598 719 5673 apostoli
738 5597 876 5656 definitio·
918 5597 1048 5654 eumdem
1064 5596 1230 5670 discipulum
1241 5594 1366 5672 Epistola
1381 5593 1513 5673 praecepit
1525 5592 1668 5651 declinare
1676 5590 1717 5650 di.
