3772 6120
131 261 181 317 iss
425 265 455 316 li.
478 264 612 318 usuam
633 265 747 320 unum
767 267 934 321 nactust.
956 265 1116 320 MOGUNT.
1138 263 1286 318 erutum
1306 264 1397 317 PARS
1417 241 1488 318 111.'
1581 222 1587 233 ι
1713 264 1765 317 tto

130 391 197 461 quid
207 390 237 446 bi
251 399 422 451 mereantur,
435 391 482 460 qui
499 390 570 443 muti
588 392 707 460 apostoli
723 393 925 462 prouidentiam
935 399 956 452 Α
965 393 1084 463 guendis
1095 392 1169 446 uitiis
1182 408 1238 445 non
1249 391 1367 443 inclinat
1379 407 1384 441 :
1398 387 1458 440 sine
1469 385 1553 439 dubio
1565 386 1641 441 enirn
1653 387 1767 457 prodest

128 479 321 550 neglexerunt.
337 479 392 546 Epo
406 485 499 532 arctam
521 480 700 533 libentissimo
717 485 885 548 impendam,
903 487 927 535 et
969 482 993 534 ci
1005 482 1052 552 qui
1072 480 1222 551 corripitur
1240 484 1273 532 ut
1287 477 1460 536 emendetur,
1477 475 1500 528 si
1512 476 1676 546 praepositus
1702 475 1766 530 ideo

127 567 365 638 superimpendar
378 581 429 634 pro
443 569 592 620 orrirnobus
610 572 714 625 sostris.
734 570 814 623 Nunc
830 577 927 641 aperte
968 569 1062 624 oblata
1078 569 1189 634 refutet,
1202 573 1235 621 ut
1248 567 1334 621 libere
1350 570 1459 636 arguat.
1472 565 1644 618 firrreoeuim
1656 567 1765 632 nesorio

128 656 258 710 allectum
280 660 310 710 et
332 653 509 721 charitatem,
535 671 619 726 quam
643 657 717 710 circa
731 675 779 712 eos
807 659 927 714 babebat
968 675 1032 712 cirin
1047 675 1152 712 vertero.
1166 673 1221 710 tion
1237 659 1394 725 qrralcsoolo
1409 657 1551 707 inueniam
1562 670 1616 706 vos.
1626 653 1765 717 Quoniam

127 743 259 810 ostendit,
274 741 387 816 quando
400 758 457 798 non
472 744 563 799 solum
574 761 626 798 sua
640 762 690 815 pro
708 747 748 800 eis
762 748 925 818 impendere
967 763 1024 800 sion
1039 761 1135 799 omnes
1150 745 1242 799 irdhuc
1256 760 1326 814 quos
1341 743 1370 796 in
1389 743 1481 813 prima
1505 742 1628 813 Epistola
1650 742 1765 813 corripit

126 838 256 904 peratum
270 847 301 886 se
314 831 391 898 dicit,
416 838 445 886 et
466 834 631 903 propensius
647 835 817 904 impendere,
830 837 878 890 sed
897 843 926 891 et
958 835 1185 909 ‘emendaverant
1194 850 1233 898 se,
1245 833 1274 886 in
1285 830 1764 902 quibusfuerantvitiisreprehensi,

126 921 249 994 seipsum
270 936 321 993 pro
345 919 436 976 salute
459 920 618 976 animarum
632 906 826 978 eorumetiam
842 927 923 991 mori,
967 924 1029 978 ideo
1044 940 1108 976 cum
1127 920 1464 977 auctoritatemltrideri
1480 920 1571 973 iturus
1594 919 1630 973 ad
1645 919 1718 983 illos,
1735 924 1767 972 ut

125 1009 236 1065 sicutet
249 1008 393 1082 apostolus
408 1009 530 1064 loannes
545 1010 630 1065 dicit:
648 1011 926 1084 Quiaexemplosal-
967 1013 1057 1067 territi
1080 1012 1266 1081 corrigantur,
1292 1017 1324 1063 ut
1347 1010 1417 1063 tales
1442 1009 1504 1062 illos
1518 1008 1652 1071 inveniat,
1668 1008 1766 1078 quales

124 1097 229 1154 sutoris
242 1114 294 1170 pro
307 1097 564 1169 fratribusinquit,
580 1099 665 1154 etiam
683 1101 793 1155 aninras
815 1107 926 1156 nostras
965 1102 1078 1155 rultfit
1092 1118 1137 1168 epo
1152 1099 1524 1166 inorniarooobis,quolern
1539 1098 1766 1151 ueneratuslloc

124 1185 259 1243 debemus
271 1203 385 1259 ponere.
400 1187 543 1256 bicetptus
556 1204 601 1242 cos
615 1191 742 1256 dilapsas,
755 1192 923 1245 minusdiii·
965 1189 1042 1255 dicit,
1060 1196 1091 1243 ut
1109 1189 1180 1242 tales
1200 1205 1230 1242 se
1259 1186 1411 1258 praebeant,
1435 1192 1466 1240 ut
1480 1185 1628 1240 conveniat
1645 1186 1687 1240 eis
1701 1202 1765 1239 curn

87 1327 88 1330 ,
124 1276 436 1345 par.Prorocateosad
451 1291 587 1343 amorem,
603 1277 670 1347 quia
683 1277 736 1349 ipsi
762 1278 824 1348 plus
843 1279 923 1333 illum
965 1279 1108 1349 Apostolo‚
1129 1282 1161 1331 ut
1175 1276 1293 1331 invicem
1319 1276 1515 1346 congaudeant
1527 1275 1580 1328 sibi
1595 1293 1601 1328 ι
1619 1274 1666 1328 ille
1689 1275 1764 1328 enim

124 1364 260 1421 deberent
268 1365 395 1437 diligere,
405 1364 525 1419 maxime
535 1380 674 1436 perquem
685 1366 844 1421 didicerunt
850 1367 923 1421 riam
965 1367 1071 1422 inuenit
1085 1367 1207 1437 aliquem
1218 1367 1331 1438 qualem
1346 1381 1401 1418 non
1412 1365 1480 1429 vult,
1493 1364 1540 1435 qui
1557 1381 1587 1418 se
1596 1364 1682 1417 talem
1700 1363 1768 1417 facit

124 1454 232 1520 salutis,
248 1469 398 1526 perquem
412 1453 541 1525 acquisiti
557 1459 623 1508 sunt
638 1455 705 1520 Deo,
716 1472 748 1509 ex
760 1456 923 1510 inlidisfacti
965 1462 997 1509 ut
1011 1455 1151 1509 discordet
1166 1453 1200 1507 ab
1216 1455 1274 1508 illo.
1288 1454 1325 1507 ffe
1335 1456 1405 1521 sorte
1414 1456 1439 1506 si
1442 1455 1555 1506 utinter
1564 1469 1608 1507 uos
1618 1455 1767 1506 contentio-

124 1542 231 1610 iideles‚
247 1548 276 1598 et
291 1559 324 1597 ex
339 1542 538 1598 contaminatis
551 1543 701 1614 purificati.
723 1545 775 1600 Sed
798 1552 860 1611 osio,
878 1562 923 1614 epo
965 1561 1021 1609 nes,
1037 1547 1236 1607 retardationes,
1253 1545 1452 1605 animositates,
1470 1543 1661 1606 dissensiones,
1676 1543 1766 1594 detro-

123 1647 169 1686 uos
180 1647 237 1687 non
250 1635 377 1701 praecum
389 1634 435 1687 sed
444 1647 506 1687 cum
516 1648 598 1687 assem
609 1635 845 1699 astutus‚dotoros
855 1638 920 1703 cepi.
965 1635 1073 1695 clionee,
1094 1634 1310 1695 aestimationes,
1333 1633 1498 1699 inflationes,
1515 1631 1668 1683 seditiones.
1685 1629 1766 1683 Nunc

124 1719 226 1776 Omnia
239 1736 301 1793 qum
319 1724 434 1791 possent
448 1736 482 1776 cx
496 1720 611 1775 adverso
628 1722 746 1792 proponi
765 1739 821 1776 non
836 1709 1074 1787 tacet,Be1-r0res
1086 1719 1232 1781 memorat,
1251 1736 1321 1790 quos
1334 1719 1363 1772 in
1380 1719 1524 1789 superiore
1535 1718 1659 1789 Epistola
1673 1735 1766 1789 repre·

124 1814 158 1864 ut
171 1825 202 1865 se
215 1815 317 1880 purget
331 1826 381 1881 per
391 1809 502 1876 omnia3
524 1810 592 1880 quia
602 1809 672 1865 nihil
687 1827 737 1881 per
750 1811 923 1866 circumven·
964 1810 1071 1875 headit,
1088 1809 1199 1880 quando
1210 1808 1336 1878 personis
1348 1808 1504 1861 deferentes
1515 1813 1544 1861 et
1553 1807 1675 1861 alterum
1683 1808 1764 1861 alteri

123 1899 230 1954 tionem
240 1898 300 1969 egit
307 1898 382 1970 apud
397 1915 455 1963 eos,
471 1898 558 1953 sedin
573 1899 761 1971 simplicitate,
770 1901 856 1954 semel
871 1900 923 1955 sibi
965 1904 1158 1970 praeponentes
1173 1897 1386 1951 dissidebantad
1396 1897 1523 1950 inlicem.
1532 1898 1570 1951 .l'e
1581 1901 1763 1961 turoneum

124 1987 306 2060 prospiciens,
322 1987 366 2042 his
379 1987 482 2059 duplici
497 2002 620 2058 genem
646 1994 720 2042 utet
739 1990 814 2060 apud
834 1990 924 2064 Deum
964 1987 1722 2055 omero,trumitietrnelterisopuduos,etliuprammuttos
1733 2002 1765 2038 er
1792 1984 1795 1989 ’

14 2056 17 2068 ’
95 2104 99 2111 ·
124 2075 277 2148 providerit
290 2075 340 2141 cis,
352 2082 382 2130 et
395 2076 441 2130 bic
451 2092 566 2131 censum
576 2076 690 2131 illorum
699 2094 755 2132 non
766 2082 920 2149 quereret:
965 2078 1008 2131 bis
1023 2080 1073 2145 qui
1082 2080 1372 2145 aritepeceooernnt,et
1385 2091 1440 2128 riou
1451 2080 1564 2142 eperunt
1573 2077 1762 2143 penitentialis

68 2166 71 2171 “
124 2163 281 2220 sibieutem
294 2165 347 2220 hoc
356 2164 485 2220 sufficere
497 2165 571 2236 quod
590 2181 608 2219 a
626 2165 684 2220 Deo
698 2167 866 2237 promissum
881 2173 924 2222 est
964 2181 1046 2234 super
1067 2165 1250 2218 immund-itia
1273 2169 1298 2217 et
1316 2166 1509 2231 [ortticotione
1533 2169 1557 2216 ct
1576 2164 1763 2231 impudicitia,

123 2252 922 2325 infuturumForteenimsuspicarenturideoillumcon·
964 2258 1205 2323 quornpesserunt.
1215 2254 1436 2323 Hocpraemonet
1445 2257 1538 2306 utnon
1547 2251 1766 2306 illostalesinre-

124 2342 280 2415 tempsisse,
293 2343 360 2414 quia
373 2358 459 2415 parra
481 2348 564 2397 erant
581 2360 644 2415 quae
666 2344 866 2409 offerebantur,
892 2350 924 2398 ut
965 2341 1766 2414 nint,qualesduduminreaerat,cumvitiisdirersisope·

124 2432 921 2505 majoraconsequerentur;utcircumspiciensmeritasua,
966 2448 1029 2485 rum
1044 2431 1264 2491 immundorum,
1281 2430 1322 2484 rel
1337 2430 1427 2500 magis
1442 2430 1597 2492 nominum,
1611 2429 1766 2500 quiaomne

125 2535 182 2575 non
196 2521 345 2592 pecuniam
366 2520 512 2586 refutaret,
528 2520 578 2575 sed
602 2538 751 2576 numerum
777 2505 924 2593 indignum
965 2537 1035 2591 opus
1045 2520 1105 2574 sine
1115 2520 1232 2573 crimine
1242 2525 1293 2585 est,
1303 2519 1352 2572 sed
1363 2519 1578 2572 inordinationis
1588 2534 1690 2572 nomen
1700 2518 1767 2571 facit

125 2606 178 2663 sibi
196 2608 339 2663 aestimms
357 2614 559 2663 contemneret.
581 2610 718 2679 Numquid
731 2626 781 2678 per
801 2614 924 2680 aliquem
965 2609 1160 2663 crimen:tunc
1172 2609 1246 2662 enirn
1261 2613 1304 2661 est
1319 2607 1457 2671 illicitum,
1473 2624 1537 2661 cum
1548 2608 1763 2678 aliterfrtquam

126 2699 252 2763 illorum,
277 2713 342 2765 quos
366 2700 432 2751 misi
453 2698 490 2751 od
510 2713 565 2758 cos.
589 2701 760 2752 circumveni
781 2706 842 2754 sos?
866 2700 925 2753 Hoc
967 2714 1129 2752 concessum
1146 2703 1197 2751 est.
1216 2697 1274 2751 lllis
1288 2714 1355 2768 ergo
1370 2695 1559 2768 peccantibus.
1577 2713 1607 2749 se
1621 2695 1766 2750 humiliari

126 2789 178 2851 eet,
189 2784 264 2855 quod
278 2783 356 2850 dicit,
368 2786 435 2855 quia
444 2801 513 2856 quos
522 2785 607 2852 misit,
621 2786 738 2841 uonillis
748 2788 800 2841 hoc
809 2788 923 2842 intima·
965 2787 1042 2851 dicit,
1061 2787 1125 2857 quia
1137 2786 1244 2856 incipit,
1262 2792 1293 2839 ut
1312 2786 1375 2856 pius
1389 2792 1478 2856 pater,
1500 2791 1613 2856 peccata
1643 2785 1765 2838 filiorum

126 2878 203 2942 runt,
220 2872 286 2929 utsi
300 2873 412 2940 vellent,
432 2879 562 2944 pacatum
576 2874 679 2929 habere
689 2877 864 2946 Apostolum,
880 2876 924 2930 di·
965 2875 1239 2939 deflare.Quiscnim
1249 2881 1394 2945 paternon
1404 2872 1602 2945 gaudeatbene
1617 2873 1766 2944 agentibus

124 2977 211 3033 wem
237 2962 425 3035 quantitatem
453 2979 578 3034 personia
605 2963 680 3018 illius
700 2965 842 3029 offerrent,
858 2966 925 3037 quia
965 2964 1133 3019 filiislsicut
1146 2965 1249 3018 iterum
1265 2963 1587 3041 necesseycstlugeatmi
1602 2979 1687 3032 prave
1703 2980 1764 3015 rer-

126 3051 190 3108 ideo
202 3051 341 3106 noluisset
353 3051 489 3123 accipere,
506 3053 573 3124 quia
587 3052 681 3108 minus
701 3069 785 3124 quani
808 3054 955 3133 dignump
965 3058 1072 3106 sentur.
1087 3052 1151 3106 Ideo
1163 3052 1304 3117 admonet,
1321 3058 1353 3106 ut
1367 3052 1390 3105 si
1406 3052 1454 3122 qui
1465 3051 1671 3122 preteritarum
1679 3050 1764 3105 forni-

126 3147 189 3196 erat
201 3139 387 3196 offerebatur:
401 3141 475 3211 quod
485 3141 671 3212 compositum
685 3143 811 3214 Apostoli
821 3145 926 3199 astutia
966 3141 1118 3207 cationum,
1135 3147 1184 3195 aut
1200 3141 1316 3204 ulterius
1326 3140 1571 3196 immunditiae.rel
1582 3139 1764 3210 impudicitia·

126 3228 326 3300 intelligerent,
334 3234 367 3286 ut
376 3230 452 3301 quod
458 3231 525 3302 egit,
538 3247 594 3285 non
602 3246 653 3302 per
659 3237 860 3303 contemptum,
875 3233 925 3287 sed
966 3247 1023 3285 non
1035 3237 1154 3300 egerunt
1166 3230 1370 3301 peonitentiam,
1379 3229 1762 3300 sicutquidamquossignifl·

126 3333 177 3390 per
195 3317 343 3374 auaritiam
363 3320 452 3390 egisse
475 3318 652 3391 probaretur.
669 3321 770 3388 flopaui
787 3323 880 3375 fitam
900 3327 925 3376 et
966 3324 1012 3373 eat
1026 3319 1399 3389 nonegissemuncagerqnt,
1418 3318 1639 3372 utrenienssine
1647 3317 1763 3372 tristitia

126 3408 193 3461 misi
202 3422 264 3462 mm
278 3409 327 3462 illo
341 3409 476 3476 fratrem,
487 3410 618 3477 nunquid
631 3409 707 3463 Titus
717 3426 763 3467 eos
774 3413 925 3464 circumce-
966 3415 1040 3462 esset
1055 3425 1118 3462 curn
1133 3408 1182 3461 eis.
1195 3408 1265 3462 Cum
1276 3407 1350 3462 enirn
1361 3407 1437 3471 dicit,
1449 3408 1481 3461 Et
1493 3411 1602 3474 lapsam
1616 3410 1718 3461 snrsltos
1733 3423 1765 3460 ea·

127 3498 287 3551 ns'ttnonns
295 3497 492 3566 eodemsps'ritu
500 3498 722 3553 ambulavimus?
731 3514 821 3554 nonne
827 3501 926 3553 iisdem
966 3497 1064 3566 bisqui
1071 3502 1135 3550 anto
1144 3503 1332 3565 peccauerunt,
1341 3502 1365 3550 ot
1376 3513 1431 3550 non
1441 3501 1554 3567 eperunt
1560 3499 1761 3564 penitentiam,

126 3584 269 3654 oestiqis's?
282 3585 419 3656 Apertum
429 3586 546 3656 estquis
555 3584 667 3657 quando
680 3585 715 3640 ab
729 3587 774 3640 his
788 3603 858 3658 quos
872 3586 925 3641 mi·
967 3585 1067 3657 probat
1074 3585 1209 3657 quosdam
1221 3602 1254 3638 ex
1264 3585 1309 3639 his
1315 3585 1404 3655 egisse
1414 3585 1618 3656 poenitentiam,
1628 3584 1763 3655 quosdam

126 3673 165 3729 sit
186 3672 258 3728 nibil
272 3673 329 3729 tale
348 3675 465 3741 dictum,
485 3680 537 3729 aut
550 3673 654 3730 factum
674 3681 727 3740 est,
752 3691 810 3730 una
827 3692 925 3730 eorum
966 3674 1138 3743 nonagisse:
1157 3674 1230 3744 quod
1245 3673 1400 3728 Noratiano
1418 3673 1565 3727 adversum
1577 3677 1628 3738 est,
1638 3673 1686 3744 qui
1695 3672 1765 3725 dicit

23 3787 25 3793 ·
126 3762 267 3818 sententie
281 3761 417 3835 probatur
428 3764 457 3819 in
469 3762 551 3831 bono,
569 3765 681 3818 exclusa
695 3764 853 3836 suspicione
862 3773 925 3820 aaa>
965 3761 1148 3818 fornicatores
1162 3778 1303 3833 nonposse
1313 3761 1658 3833 peragerepoenitentiam‚
1676 3766 1706 3815 et
1718 3778 1763 3814 re-

126 3851 323 3908 ciseicerum
334 3856 442 3922 putatis
451 3854 524 3921 pared
537 3869 694 3908 orassemus
711 3870 759 3908 aas
770 3855 847 3922 opud
859 3858 924 3908 eost
965 3851 1020 3922 cipi
1035 3851 1064 3906 in
1080 3851 1315 3905 communionem.
1328 3851 1380 3905 Hic
1393 3850 1494 3921 probat
1503 3849 1653 3920 peregisse,
1671 3866 1703 3903 ac
1713 3867 1764 3920 per

127 3939 187 3995 Hoc
200 3945 252 4007 est,
269 3940 345 4012 quod
359 3940 445 3999 dicit:
464 3941 539 3996 Olim
553 3941 589 3996 de
603 3940 684 3996 nobis
693 3941 838 4007 dubitatis,
851 3942 925 3996 arbi·
965 3940 1018 3994 boc
1031 3946 1157 4011 receptos
1173 3957 1232 3994 esse
1247 3940 1276 3994 in
1297 3957 1364 4010 pace
1379 3939 1517 3997 Ecclesiae.
1533 3939 1602 3993 Tres
1621 3955 1688 4008 ergo
1705 3938 1762 3992 for·

68 4021 70 4025 ’
125 4031 235 4082 uanus
258 4027 327 4098 quie
349 4043 407 4083 non
430 4027 596 4099 simpliciter
619 4045 736 4100 agarum
754 4029 919 4085 vobiscum:
965 4045 1025 4083 mas
1040 4035 1218 4100 pcccatorum
1234 4027 1342 4098 probat,
1361 4045 1424 4082 cum
1439 4027 1654 4082 fornicationem
1670 4034 1698 4080 et
1713 4027 1763 4079 im-

127 4115 394 4188 apseudoapostolis
405 4115 480 4170 enim
487 4116 710 4187 exagitabantur,
724 4117 922 4189 quiarolentcs
963 4117 1137 4189 pudicitiam,
1154 4123 1183 4171 et
1196 4117 1405 4171 immunditiam
1419 4117 1554 4172 nominat.

125 4203 280 4277 depraedari
295 4221 352 4271 eos,
364 4204 594 4275 tergiversatione
603 4206 656 4261 hoc
666 4221 749 4276 agere
756 4207 921 4278 Apostolum

126 4291 299 4350 asserebant.
307 4294 406 4349 doram
419 4295 470 4349 fleo
484 4297 516 4348 in
533 4293 639 4349 cbristo
655 4297 806 4364 loquimur.
820 4297 920 4352 Ouinio
1260 4259 1376 4315 CAPUT
1389 4260 1465 4315 xm·

125 4389 228 4449 cutem,
235 4383 401 4449 charissimi,
411 4387 524 4452 propter
530 4383 746 4452 edificationem.
765 4383 871 4456 (Greg.)
883 4386 954 4452 Exn
968 4387 1108 4454 Vituperat
1121 4387 1140 4440 Α
1143 4388 1263 4455 postolos
1272 4385 1439 4439 adherentes
1449 4385 1586 4453 prophetis
1593 4386 1681 4452 fatris,
1689 4402 1757 4439 corrr-

125 4472 183 4529 peo
197 4472 274 4529 enim
296 4487 391 4527 cmm
414 4471 472 4527 pes,
486 4471 621 4545 loquitur,
642 4472 691 4545 qui
716 4473 921 4544 ppaedjcatjonis
998 4458 1153 4511 mandando
1170 4461 1341 4525 persistentes
1357 4459 1388 4510 in
1407 4471 1472 4510 uera
1486 4458 1638 4510 doctrino:
1658 4457 1708 4509 sub
1723 4459 1756 4522 fi·

125 4560 251 4629 verbum,
266 4566 295 4616 et
316 4560 391 4633 quod
406 4560 509 4633 accipit
529 4560 670 4632 intelligit,
687 4567 717 4616 et
739 4562 848 4634 placere
871 4579 922 4634 per
998 4543 1060 4581 mm
1072 4530 1189 4596 mitur
1202 4529 1343 4604 mmm

124 4649 630 4722 maducanonhominibusqnaerit,
645 4650 922 4723 audiantquodscri·
998 4652 1062 4705 Ecce
1081 4653 1160 4705 tertio
1181 4651 1229 4705 troc
1247 4653 1325 4704 eonio
1346 4651 1382 4704 cd
1403 4667 1457 4705 uos.
1482 4649 1601 4718 (Amba.)
1624 4650 1759 4722 Superius

124 4744 205 4809 ptum
222 4744 264 4792 est
281 4756 288 4791 ε
310 4739 485 4794 Abominatio
499 4741 613 4795 Domini
628 4745 667 4794 est
679 4742 770 4795 omnis
783 4756 920 4809 arrepens
962 4744 1150 4811 preparatum
1170 4756 1201 4794 se
1215 4739 1294 4805 dixit,
1310 4755 1385 4794 nunc
1402 4739 1462 4808 jam
1482 4746 1641 4794 venturum.
1659 4741 1692 4794 Iu
1716 4755 1761 4792 ore

124 4828 213 4894 (Pron.
229 4830 299 4895 xri),
308 4825 375 4899 quia
388 4826 517 4883 videlicet
529 4829 597 4883 dum
608 4829 637 4883 in
648 4827 792 4884 rerboIlei
801 4828 921 4900 gloriam
962 4830 1084 4883 duorum
1099 4832 1141 4882 oet
1157 4831 1246 4882 trium
1262 4832 1372 4882 testium
1384 4829 1468 4882 stabit
1482 4845 1561 4883 omne
1570 4829 1693 4883 verbum.
1704 4829 1762 4895 Hoc

123 4913 377 4987 propriumquaerit
387 4915 434 4986 jus
454 4916 548 4972 dantis
568 4917 684 4985 invadit,
698 4933 820 4988 eumque
844 4917 920 4973 laudi
962 4917 1117 4973 secundum
1127 4917 1218 4988 legem
1233 4916 1313 4983 dixit,
1325 4921 1358 4971 ut
1367 4917 1470 4988 aliquis
1479 4917 1596 4981 duobus,
1614 4917 1761 4972 auttribus

121 5019 180 5060 suae
194 5009 362 5076 postponere
371 5020 549 5077 nequaquem
559 5005 669 5072 metuit,
679 5006 816 5077 aquohoc
827 5005 919 5078 ipsum
960 5005 1088 5073 testibus,
1097 5011 1147 5061 aut
1153 5011 1299 5077 purgetur,
1309 5012 1359 5060 aut
1365 5008 1577 5071 condemnetur,
1585 5007 1625 5060 ita
1631 5006 1693 5060 ethi
1702 5011 1761 5060 ter-

121 5092 195 5164 quod
210 5093 306 5150 laudat
320 5093 431 5165 accipit.
448 5095 568 5167 (Ambe.)
588 5095 632 5150 Sic
646 5094 709 5150 illos
727 5094 805 5167 cupit
822 5111 919 5150 verum
961 5095 1001 5150 tio
1011 5095 1132 5150 adventu
1140 5095 1266 5166 Apostoli
1276 5100 1308 5149 ut
1317 5095 1429 5166 purgati
1445 5095 1624 5150 inveniantur
1634 5111 1758 5148 commo-

121 5189 150 5234 ct
167 5180 237 5236 bene
256 5182 291 5236 dc
310 5199 340 5237 se
354 5183 468 5249 sentire,
480 5188 513 5237 ut
522 5190 551 5237 et
565 5183 673 5238 ratione
683 5188 712 5238 et
722 5183 919 5240 testificatione
961 5190 1017 5239 net.
1034 5185 1156 5240 Prudiri
1173 5188 1248 5238 enirn
1265 5190 1289 5237 et
1303 5186 1432 5254 predico,
1452 5190 1484 5237 ut
1502 5200 1621 5253 presens
1641 5185 1715 5238 oobis
1734 5190 1757 5237 rt

120 5268 249 5324 satisillis
257 5269 350 5331 faciat.
359 5271 487 5342 quianon
493 5277 526 5324 ut
536 5271 589 5326 sibi
601 5272 690 5343 prosit
701 5274 786 5327 talem
800 5289 830 5327 sc
845 5289 916 5345 prae·
960 5275 1135 5328 rsirrrcabseas
1148 5274 1284 5328 scribolu's
1292 5276 1342 5341 quui
1348 5278 1606 5342 anteposuerant,
1617 5278 1642 5326 et
1654 5276 1756 5327 ceteris

119 5359 175 5424 bet,
191 5358 241 5412 sed
251 5364 283 5413 ut
296 5359 509 5414 edificationem
520 5375 616 5413 eorum
627 5361 754 5431 perficiat
764 5378 770 5428 ;
781 5367 814 5415 ut
823 5361 865 5416 vel
875 5361 916 5416 sic
957 5364 1095 5415 erunibus.
1106 5362 1242 5427 moniam
1250 5365 1495 5428 sr'oeneroiterum,
1504 5378 1559 5416 non
1566 5361 1754 5431 parcamPrl-

118 5463 243 5502 amorem
258 5447 370 5502 illorum
386 5448 460 5500 circa
473 5464 503 5502 se
517 5455 657 5518 provocet,
673 5449 740 5503 dum
751 5465 807 5504 non
816 5457 915 5520 gasat
956 5450 1021 5504 dein
1031 5466 1060 5503 se
1075 5449 1216 5520 significat
1229 5449 1332 5505 dixisse
1341 5456 1517 5521 presentem,
1534 5455 1567 5504 ut
1579 5449 1752 5520 corrigerent

117 5535 363 5599 censumillorum,
380 5537 618 5591 etauctoritatem
643 5537 788 5608 potcstatis
816 5537 844 5590 in
866 5554 912 5592 ar·
955 5555 993 5606 se,
1007 5555 1042 5592 ne
1057 5555 1120 5592 cum
1136 5538 1242 5608 pudore
1261 5539 1486 5609 corriperentur:
1513 5544 1542 5593 et
1561 5555 1635 5593 nuuc
1650 5539 1753 5593 iterum
