3786 6128
153 245 227 302 rias
652 249 759 307 nmen
777 251 825 308 oe
844 251 970 308 escars
988 214 1194 319 cremnos,
1216 255 1293 312 erc.
1723 268 1792 326 riso

150 387 223 441 crgo
236 371 311 443 qnod
324 360 454 427 sacerdos
469 373 560 440 offert,
577 375 697 445 populus
720 376 804 432 debet
818 393 909 439 orare,
924 380 985 438 utA
999 384 1027 433 et
1043 379 1211 434 manducate
1226 398 1259 436 ex
1274 398 1307 437 eo
1322 399 1428 438 omnes.
1445 385 1607 443 »Similiter
1619 396 1648 445 et
1659 391 1694 446 da
1707 392 1793 449 calice

150 462 285 516 sacerdos
319 461 493 517 exaudiatur.
519 464 611 534 Atque
640 466 766 520 omnium
793 473 954 522 nostrorum
995 467 1087 521 dixit:
1104 469 1224 537 Accipite
1248 476 1272 524 et
1294 473 1375 527 bibite
1398 492 1430 528 ee
1453 476 1501 530 hoc
1522 493 1625 533 omnes.
1648 481 1682 535 Et
1701 499 1790 554 quan·

149 551 214 605 dies
228 551 256 605 in
270 568 337 623 paee
353 551 547 624 disponantur,
564 552 658 623 sicque
667 554 702 608 ab
716 562 822 609 aeterna
836 557 954 610 damna·
995 555 1031 609 do
1046 557 1141 611 oculos
1156 559 1191 611 ad
1208 560 1309 614 coelum
1324 562 1425 617 levarit
1446 570 1474 619 et
1497 565 1574 621 Patri
1594 571 1702 639 gratias
1723 580 1789 643 egit,

149 639 231 695 tione
245 641 407 712 eripiamur.
425 643 465 696 De
489 658 546 712 qua
569 643 706 697 Dominus
727 651 823 699 noster
845 646 874 699 in
899 647 954 699 hnc
995 661 1046 698 nos
1061 644 1090 698 in
1102 646 1154 700 hoc
1165 647 1269 712 docuit,
1283 652 1356 720 quod
1369 668 1421 706 nos
1431 653 1544 709 Patrem
1559 673 1670 729 semper
1684 663 1791 733 suppli-

151 729 253 784 mundi
277 730 402 785 dicturus
426 732 481 785 erit
503 731 618 802 impiis:
639 752 650 782 ι
673 734 723 799 lte,
747 734 899 799 maledicti,
925 735 954 788 in
995 734 1370 798 caredebemus,utilletam
1382 757 1515 812 magnum
1526 756 1791 823 sacramentumper

149 818 247 887 ignem
266 825 411 883 eternum,
435 826 486 874 etc.
506 822 612 879 tllcttlr.
628 838 691 886 xxv,
704 820 758 889 lt).
779 842 789 872 ι
809 823 842 876 Ει
857 823 893 876 ad
917 822 952 876 il·
995 838 1095 877 manns
1108 830 1218 880 nostms
1232 829 1365 897 perticere
1381 831 1521 901 dignetur.
1539 835 1574 888 Et
1596 853 1659 891 cum
1675 840 1789 909 diceret,

149 908 210 962 lum
224 924 338 979 gregem
350 909 502 963 electorum
518 926 633 964 suorum
649 927 699 981 per
709 913 824 979 angelos
839 916 950 966 sanctos
995 913 1050 965 laec
1077 917 1288 984 quotiescunque
1320 919 1446 985 feceritis,
1484 939 1515 976 ur
1547 928 1602 978 arrei
1630 934 1792 984 ascensoriam

147 998 295 1052 numerari
304 1014 474 1065 mereamur,
484 999 528 1053 cui
538 998 664 1054 dicturus
674 1000 745 1054 erit:
760 1019 773 1052 (ι
785 1001 894 1066 Venite,
905 1000 952 1054 be·
992 1001 1107 1067 scudetis,
1123 1003 1209 1071 jussit
1233 1020 1284 1059 nos
1306 1005 1381 1060 illius
1404 1010 1542 1079 passionis
1561 1028 1645 1083 quam
1669 1033 1720 1087 pro
1739 1035 1790 1073 no-

148 1087 256 1141 nedicti
267 1087 359 1142 Patris
370 1088 434 1152 mei,
448 1088 581 1159 percipite
598 1089 799 1161 regnumquod
813 1089 890 1143 vobis
900 1107 950 1160 pa·
992 1087 1035 1142 bis
1049 1090 1184 1146 sustinuit
1203 1093 1299 1148 sedulo
1325 1112 1464 1152 memores
1479 1116 1550 1163 esse,
1567 1107 1596 1156 ct
1616 1105 1737 1162 maxime
1758 1124 1791 1162 eo

148 1182 246 1231 ratum
260 1183 302 1230 est
317 1176 352 1230 ab
367 1177 474 1247 origine
490 1178 587 1232 mnndi
598 1179 693 1240 (ibid,
710 1195 734 1232 c.
752 1177 807 1246 34).
827 1197 838 1229 ι
855 1178 952 1249 Sequi·
992 1182 1129 1248 ternpore,
1157 1181 1269 1250 quando
1295 1184 1347 1237 hoc
1373 1195 1579 1244 sacramentum
1605 1192 1788 1263 celebramus,

147 1270 214 1320 tur:
232 1265 345 1330 ·Quam
359 1265 539 1331 oblationem,
554 1271 586 1320 tn
600 1266 685 1333 Deus,
697 1266 726 1322 in
735 1266 950 1338 omnibusque·
992 1267 1110 1338 ejusque
1123 1268 1321 1326 misericordiae
1335 1279 1420 1345 atque
1434 1276 1552 1333 bonitati
1574 1297 1625 1336 nos
1646 1300 1789 1340 commen·

148 1371 250 1409 sumus
264 1354 948 1426 benedictam,ascriptam,ratamrationahilem,
991 1354 1100 1411 damus.
1134 1359 1207 1412 lincis
1241 1366 1265 1414 et
1295 1378 1426 1418 incertiores
1453 1383 1559 1431 secretus,
1589 1372 1711 1439 Doctrine,
1742 1391 1790 1429 nos

148 1444 408 1516 acceptabilemque
432 1445 523 1499 tacere
545 1445 678 1515 digneris,
696 1451 727 1500 ut
750 1445 829 1500 nobis
850 1462 950 1518 corpus
993 1447 1036 1498 tui
1049 1450 1131 1512 serui,
1147 1450 1193 1501 sed
1210 1455 1235 1503 ct
1249 1451 1322 1517 pleln
1338 1456 1387 1504 tuo
1410 1459 1514 1517 sarecto,
1539 1458 1642 1513 Cluasti
1661 1462 1728 1516 Filii
1747 1467 1790 1518 tui

148 1537 181 1587 et
195 1533 309 1603 sanguis
323 1535 373 1588 liat
386 1534 559 1588 dilectissimi
575 1534 638 1588 Filii
662 1535 703 1588 tui
724 1535 835 1589 Domini
860 1535 950 1589 nostri
991 1534 1106 1588 Domini
1121 1537 1169 1590 liei
1185 1541 1282 1591 riustri.
1300 1539 1359 1594 lloc
1381 1558 1411 1595 se
1433 1545 1561 1599 sacerdos
1584 1547 1682 1604 secisse
1703 1552 1789 1622 prosi-

148 1622 219 1676 Jesu
233 1622 345 1685 Christi,
364 1641 378 1674 ι
390 1629 419 1677 et
433 1627 543 1677 caetera.
561 1623 707 1694 Supplicat
726 1624 855 1678 sacerdos
869 1629 902 1678 ut
915 1624 949 1677 il·
991 1626 1068 1677 tetur
1081 1625 1155 1695 quod
1169 1625 1221 1679 sibi
1232 1627 1555 1701 aDominoimperatum
1571 1641 1623 1690 est.
1632 1638 1699 1692 Ideo
1713 1641 1788 1696 enim

124 1752 129 1757 .
148 1711 209 1766 larn
226 1710 395 1766 oblationem
412 1729 497 1783 quam
514 1712 573 1783 ipsc
587 1729 638 1783 pro
652 1730 682 1767 sc
697 1713 778 1767 ollert
792 1718 821 1767 et
835 1728 885 1783 pro
900 1698 1045 1784 po-Bipsi
1056 1714 1214 1768 sacerdotes
1230 1715 1280 1769 filii
1293 1716 1343 1770 Dei
1357 1718 1469 1773 Domini
1484 1721 1614 1779 videlicet
1626 1726 1692 1781 lesu
1707 1729 1788 1783 Chri·

149 1800 229 1872 pnlo,
246 1801 422 1872 omnipotens
437 1802 522 1855 Pater
533 1801 666 1871 dignetur
679 1802 803 1873 accipere
818 1801 948 1856 benedic·
991 1800 1027 1853 sti
1044 1800 1165 1856 fideliter
1181 1820 1318 1859 memores
1328 1823 1389 1861 esse
1403 1808 1513 1875 debent,
1530 1813 1596 1883 quia
1605 1814 1658 1885 ipsi
1672 1817 1788 1873 missam

148 1896 245 1956 ctamf.
260 1894 289 1944 et
302 1890 406 1944 habere
420 1891 580 1962 ascriptam,
596 1891 649 1945 hoc
664 1897 708 1945 est
720 1891 902 1961 assignatam,
918 1897 950 1946 ut
990 1888 1142 1956 celebrant,
1160 1897 1187 1945 et
1210 1894 1378 1949 sacrificium
1400 1897 1521 1954 offerunt
1535 1902 1639 1957 Christi
1661 1908 1788 1979 exemplo

148 1978 205 2032 sibi
218 1979 336 2049 placeat.
348 1979 459 2044 Ratam,
472 1979 524 2034 hoc
538 1984 590 2045 est,
603 1980 768 2049 judicatam,
784 1987 816 2034 ut
834 1981 948 2051 dignam
990 1976 1137 2047 instructi;
1153 1985 1182 2034 et
1191 1982 1262 2036 scire
1273 1982 1377 2037 debent
1386 1986 1452 2055 quid
1461 1988 1612 2055 celebrant,
1624 1994 1691 2064 quia
1701 1997 1789 2052 stulta

147 2066 229 2121 illam
237 2068 344 2139 judicet
357 2068 385 2122 in
399 2074 547 2140 conspectu
559 2069 720 2123 snoollerri.
732 2069 946 2139 Rationabilem,
990 2068 1142 2137 postulatio
1158 2076 1201 2123 est
1215 2071 1238 2125 si
1253 2073 1377 2142 postulat
1396 2075 1459 2145 quis
1481 2079 1555 2147 quod
1579 2082 1679 2137 nescit.
1705 2084 1788 2141 Plebs
1842 2082 1845 2089 ’

147 2156 180 2211 id
199 2162 252 2221 est,
266 2159 345 2227 justa
360 2157 467 2212 ratione
486 2158 597 2229 plenam
620 2157 711 2212 facere
726 2159 867 2229 dignetur,
883 2159 949 2230 quia
989 2168 1087 2210 sancte
1101 2157 1163 2212 ideo
1178 2159 1262 2213 simul
1281 2161 1442 2217 meminisse
1462 2165 1554 2233 debet,
1571 2169 1638 2240 quia
1659 2173 1787 2229 Christus

147 2251 218 2300 tunc
233 2246 272 2300 illi
283 2253 327 2301 est
344 2246 532 2318 acceptabilis.
549 2248 663 2302 sirecte
682 2248 828 2302 credentes
842 2265 893 2319 pro
904 2250 949 2318 ju·
989 2259 1046 2297 non
1056 2244 1147 2298 SOlum
1162 2262 1212 2316 pro
1228 2248 1417 2303 SssCQPdOtibUS
1432 2267 1529 2321 Passus
1544 2260 1596 2319 est,
1613 2257 1662 2311 sed
1684 2265 1710 2313 el
1735 2277 1787 2331 pro

147 2342 194 2389 sta
209 2335 319 2390 ratione
328 2337 480 2390 ollerimus.
493 2337 604 2391 lustum
616 2343 659 2391 est
669 2337 811 2408 postulare
824 2345 857 2391 ut
870 2337 947 2391 illam
989 2331 1069 2402 plebe
1083 2351 1089 2397 3
1107 2340 1203 2388 sancia
1219 2335 1281 2389 ideo
1299 2335 1411 2405 dicitur,
1428 2339 1494 2411 quia
1516 2343 1572 2396 fide
1594 2361 1626 2399 ac
1647 2344 1786 2418 baptismo

146 2423 330 2490 oblationem,
339 2443 422 2495 quum
430 2441 480 2479 nos
488 2426 695 2480 rationabiliter
701 2427 853 2489 ollerimus,
864 2426 948 2482 Pater
989 2420 1095 2476 Christi
1109 2430 1240 2494 percepto
1256 2426 1428 2481 sanctificata
1443 2435 1494 2483 est.
1505 2431 1586 2486 Modo
1600 2432 1704 2490 indicat
1719 2437 1786 2509 quid

147 2514 327 2586 omnipotens
336 2515 536 2570 sanctificando
553 2515 606 2569 sibi
630 2515 829 2586 acceptabilem
854 2515 946 2581 iaciat,
988 2511 1149 2566 meminisse
1162 2512 1273 2580 debent,
1285 2513 1311 2568 id
1324 2522 1375 2577 est,
1390 2522 1448 2571 tam
1459 2517 1547 2575 bsssstffl
1561 2523 1707 2592 passionis,
1720 2543 1785 2582 nec·

148 2603 182 2657 ct
201 2606 280 2658 nobis
304 2620 400 2672 eorpus
424 2610 448 2657 et
470 2607 584 2672 resipuit
611 2609 660 2671 p'ut
684 2606 857 2658 dilectissimi
882 2606 948 2658 Frht
989 2616 1045 2653 non
1060 2606 1089 2654 et
1100 2600 1134 2654 ab
1149 2602 1246 2656 int'eris
1262 2605 1482 2672 resurrectionis,
1494 2608 1541 2662 sed
1554 2610 1617 2665 etin
1627 2613 1711 2668 coelos
1723 2616 1785 2686 glo-

147 2695 193 2747 lui
207 2694 322 2747 Domini
337 2696 426 2747 nostr-t
438 2695 501 2747 Jcsrc
522 2694 634 2749 t'luisti.
652 2693 724 2757 Quia
738 2693 815 2747 Patri
829 2693 947 2747 dilectus
988 2687 1069 2743 ricsae
1084 2690 1263 2757 ascensionis
1279 2692 1382 2748 Christi
1400 2695 1513 2765 quidem
1529 2699 1582 2753 Fili
1596 2700 1656 2754 Dei.
1674 2704 1785 2760 Passio-

147 2786 193 2836 cst
206 2780 303 2841 Filius,
319 2781 391 2836 sicut
407 2781 466 2853 ipse
481 2782 566 2836 Pater
578 2787 698 2836 testatus
714 2788 757 2835 cst
771 2783 805 2836 dc
819 2782 888 2836 coelo
903 2782 946 2837 di·
988 2777 1031 2830 nis
1047 2776 1174 2832 videlicet
1189 2780 1250 2848 ejus
1264 2797 1403 2836 memores
1418 2799 1479 2838 esse
1490 2785 1633 2850 debemus,
1650 2792 1717 2861 quia
1727 2795 1784 2864 pati

147 2886 215 2925 cens
233 2888 239 2922 ς
259 2870 341 2925 «Hie,
354 2875 396 2924 est
414 2870 502 2924 Filius
515 2887 595 2924 meus
613 2871 740 2929 dilectus,
759 2889 771 2923 a
788 2876 816 2925 et
835 2877 944 2926 cetera,
987 2864 1175 2935 dignatusest
1190 2884 1240 2938 pro
1255 2869 1344 2923 nobis
1357 2870 1580 2930 Resurrectionis
1593 2878 1655 2947 ejus
1668 2879 1703 2933 ab
1717 2881 1785 2937 inie-

149 2978 161 3009 ι
178 2958 239 3014 Nos
253 2958 351 3030 utique
363 2976 427 3014 eum
438 2959 555 3030 diligere
565 2959 709 3025 debemus
721 2959 787 3030 quia
796 2959 855 3030 ipse
870 2960 947 3030 prior
987 2953 1035 3019 ris,
1048 2955 1114 3025 quia
1125 2956 1314 3027 aninnejustoe
1324 2958 1359 3011 ab
1368 2959 1465 3015 inferis
1484 2980 1535 3034 per
1551 2968 1784 3025 resurrectionem

145 3047 248 3103 dilexit
258 3064 320 3113 nos,
335 3053 363 3102 ct
373 3064 471 3120 passus
481 3056 525 3102 est
533 3065 583 3120 pro
594 3048 684 3102 nobis.
698 3067 710 3100 ι
722 3079 754 3090 -
766 3066 779 3100 e
792 3048 846 3113 Qui
856 3019 975 3120 pridieC
987 3043 1048 3112 ejus
1059 3043 1184 3099 liberata
1193 3052 1268 3100 sunt.
1277 3046 1466 3119 Gloriosaeque
1476 3051 1607 3108 similiter
1615 3059 1784 3115 ascensionis

145 3154 231 3209 quam
248 3143 393 3207 pateretur
407 3137 513 3208 aceepit
526 3154 626 3208 panem
644 3137 673 3191 in
688 3143 798 3192 sanetas
815 3155 847 3192 ac
861 3154 945 3192 rene·
986 3132 1048 3201 ejus
1063 3149 1200 3188 memores
1219 3150 1279 3188 esse
1298 3135 1448 3204 debffiss'usl
1470 3140 1537 3210 quia
1559 3158 1659 3214 corpus
1682 3146 1783 3203 huma·

143 3224 250 3280 rabiles
265 3243 366 3280 inanes
382 3243 457 3283 suas.
476 3226 591 3280 elevatis
606 3226 692 3279 oeulis
707 3225 736 3280 in
751 3227 851 3281 cadum
867 3226 902 3281 ad
917 3233 945 3281 te
987 3236 1055 3275 num
1069 3223 1143 3292 quod
1155 3229 1347 3294 assumpserat
1358 3227 1488 3295 junctum
1503 3230 1653 3300 divinitati,
1669 3235 1729 3291 sine
1744 3239 1785 3293 ul-

142 3314 236 3369 mum
261 3315 374 3369 patrem
400 3331 483 3368 suum
510 3315 740 3386 omnipotentem,
766 3315 818 3370 tibi
838 3317 945 3387 gratias
986 3307 1040 3363 lius
1055 3310 1320 3383 adJuton'opropria
1335 3316 1483 3385 majestate
1495 3321 1617 3389 portarit
1631 3322 1781 3379 incolum.

142 3419 233 3475 agens
248 3403 399 3469 benedixit,
411 3403 504 3474 fregit,
516 3404 594 3458 dedit
609 3404 752 3475 discipulis
767 3405 826 3458 suis
839 3405 942 3460 dicens:
987 3398 1052 3452 ldco
1066 3398 1186 3453 diximus
1200 3401 1260 3455 sine
1276 3401 1361 3456 ullius
1385 3403 1535 3474 adiutorio,
1553 3415 1586 3463 ut
1606 3410 1784 3483 intelligatur

140 3491 271 3563 Aoeipite
285 3498 314 3547 et
328 3493 495 3547 manducate
511 3510 543 3547 ex
558 3493 610 3547 hoc
624 3509 730 3557 omnes,
745 3493 798 3547 hoc
813 3498 856 3547 ost
870 3494 945 3549 enim
987 3502 1042 3540 non
1056 3487 1202 3542 hominum
1223 3505 1274 3543 nec
1287 3491 1462 3559 angelorum,
1482 3512 1532 3549 uec
1546 3498 1630 3553 ullius
1648 3507 1783 3557 creaturae

141 3596 247 3652 corpus
261 3597 366 3635 menni.
384 3582 475 3636 Simili
497 3581 580 3636 modo
602 3587 783 3653 posteaquam
804 3588 945 3638 coenatum
986 3575 1111 3629 vehi0u¹0
1125 3577 1282 3631 &testudine
1303 3578 1332 3631 in
1347 3580 1458 3643 coelum,
1473 3585 1522 3637 scd
1543 3602 1560 3638 a
1580 3587 1672 3641 Petris
1693 3592 1783 3661 maje-

140 3676 196 3737 ρει,
207 3670 347 3742 accipiens
362 3670 474 3725 ethunc
484 3671 648 3742 praeclarum
661 3671 774 3725 calicem
790 3671 819 3725 in
834 3678 945 3728 sanctas
986 3670 1057 3718 state
1073 3665 1196 3718 elevatus
1214 3671 1265 3733 est,
1282 3666 1316 3720 de
1331 3684 1386 3737 quo
1402 3670 1461 3740 ipse
1475 3671 1546 3726 dixit
1566 3674 1594 3727 in
1610 3675 1781 3747 Evangelio:

140 3775 174 3814 ac
189 3759 365 3814 venerabiles
380 3776 480 3814 manus
492 3776 567 3824 siras,
584 3760 653 3814 item
668 3759 719 3813 tihi
733 3760 840 3830 gratias
858 3778 945 3831 agens
987 3753 1292 3822 ‘EgOGlpflterflssum
1304 3760 1782 3834 sumunt-‹Ollbrimuspraeclarae

138 3847 299 3913 benedixit,
313 3848 390 3902 dedit
401 3848 544 3921 discipulis
555 3849 613 3903 suis
623 3848 726 3907 dicens,
736 3850 852 3920 accipite
863 3856 892 3904 et
903 3850 945 3904 bi·
985 3841 1126 3910 malsssmti
1141 3849 1196 3896 ῑῦῑθ
1211 3843 1245 3896 de
1264 3845 1322 3898 tuis
1342 3844 1424 3900 d0¹¹i⁸
1444 3864 1476 3901 ²10
1498 3848 1581 3916 datis,
1598 3852 1718 3909 h08tistm
1733 3872 1784 3927 pu·

138 3936 200 3993 bitg
215 3954 251 3991 01
265 3937 319 3991 ἢθη
334 3954 431 3992 omnes
447 3956 452 3990 :
471 3938 522 3991 Hic
546 3944 589 3992 est
612 3938 687 3992 enim
710 3939 781 3992 calix
799 3940 944 4010 sanguinis
985 3946 1055 3990 iarn,
1071 3929 1192 3984 hostiam
1206 3939 1342 3997 sanctam,
1360 3934 1480 3990 hostiam
1495 3936 1714 4009 immaculatam,
1731 3962 1781 4016 pa·

137 4021 279 4081 meineri
295 4031 324 4081 et
334 4027 431 4081 eterni
445 4028 617 4082 Testamenti
629 4028 794 4099 mysterium
805 4029 880 4093 ndei,
896 4028 944 4100 qui
984 4036 1049 4074 nem
1063 4027 1192 4075 sasseium
1206 4027 1268 4076 utae
1283 4027 1403 4089 aetemae,
1417 4031 1446 4079 et
1463 4027 1576 4083 calicem
1596 4031 1694 4087 salutis
1717 4050 1782 4105 per·

134 4132 192 4187 pro
210 4113 294 4169 robis
308 4120 337 4169 et
350 4133 401 4187 pro
416 4116 513 4170 multis
527 4115 688 4170 effundetur
703 4116 734 4170 iu
748 4117 942 4171 remissionem
983 4114 1084 4180 petuae·
1101 4110 1123 4165 0
1138 4110 1266 4176 Domine,
1283 4112 1408 4167 munium
1425 4132 1564 4172 memores
1585 4137 1671 4192 supra
1693 4123 1781 4179 dicta·

132 4203 942 4277 omniumpeccatorum.Hrecquotiescunquefeceritisin
984 4214 1047 4252 rum
1071 4197 1228 4278 bonitatum
1251 4208 1364 4256 tuarum
1392 4204 1535 4261 offerimus
1562 4213 1617 4263 tuae
1639 4213 1782 4282 maiestati

131 4292 198 4347 mei
213 4292 381 4347 memoriam
397 4294 514 4348 iacietis.
525 4294 624 4358 »Quod
634 4294 854 4349 intermisimus:
870 4313 883 4346 a
894 4295 942 4365 qui
983 4287 1104 4341 hostiam
1119 4304 1229 4359 puram,
1245 4309 1256 4339 s
1273 4291 1324 4345 hoc
1343 4298 1387 4346 cst
1400 4294 1483 4349 eorde
1498 4313 1576 4366 pulo,
1594 4299 1661 4369 quia
1678 4318 1782 4371 purum

126 4380 232 4455 pridie
249 4398 334 4452 quam
350 4388 503 4454 pateretur,
523 4384 601 4438 »hoc
611 4388 662 4450 est,
680 4383 769 4455 pridie
784 4399 869 4453 quam
883 4383 943 4455 ipse
985 4381 1029 4430 cst
1043 4393 1143 4448 corpus
1154 4383 1246 4445 tuum,
1258 4380 1331 4450 quod
1346 4382 1380 4436 de
1395 4382 1448 4437 hoc
1463 4401 1535 4455 pane
1554 4388 1614 4441 sieri
1630 4390 1779 4446 credimus.

124 4486 242 4544 passus
257 4472 465 4543 estpronobis,
482 4472 571 4526 voluit
592 4473 703 4526 tradere
727 4471 871 4543 discipulis
885 4473 943 4527 suis
984 4468 1108 4521 Hostiam
1141 4474 1275 4531 sanctam,
1307 4470 1373 4540 qnia
1388 4532 1391 4537 ,
1406 4476 1437 4527 ιιι
1469 4475 1648 4531 sanctificasti
1680 4495 1781 4552 corpus

122 4559 268 4631 eorporis
277 4560 321 4614 sui
333 4562 510 4632 mysterium,
520 4568 552 4615 ut
563 4562 603 4616 illi
615 4561 760 4616 traderent
772 4562 861 4615 nobis.
874 4562 944 4626 Quis
983 4559 1064 4608 tuum
1075 4556 1186 4625 (111de
1197 4556 1781 4633 ¹10fl¹iss0ffiinDe¹1mssSSUfflpssisstbsstssunc

120 4664 268 4719 unquam
281 4649 415 4716 erederet,
433 4651 507 4721 quod
523 4650 604 4721 panis
618 4650 646 4704 in
673 4667 786 4704 carnem
805 4651 944 4721 potuisset
984 4643 1127 4697 sanctifica
1155 4643 1229 4698 hunc
1247 4662 1349 4715 punem
1378 4652 1410 4701 ut
1428 4663 1527 4719 corpus
1552 4656 1632 4705 tuum
1653 4655 1712 4709 fiai.
1730 4659 1781 4713 HO-

120 4736 282 4803 conserti,
299 4738 343 4792 vol
356 4738 450 4793 sinum
465 4739 495 4793 in
509 4739 684 4809 sanguinem,
700 4738 754 4792 nisi
775 4739 833 4809 ipse
846 4740 943 4793 Salva·
984 4735 1068 4786 stiam
1082 4736 1304 4798 irruneeutetum,
1321 4735 1386 4805 quia
1406 4740 1437 4791 tu
1458 4737 1519 4792 sine
1542 4742 1652 4796 macula
1675 4746 1781 4815 peccati

120 4832 183 4881 tor
198 4825 318 4891 diceret,
336 4827 382 4897 qui
398 4844 499 4898 panem
515 4834 544 4881 et
557 4827 653 4881 vinum
666 4826 779 4893 crearit,
796 4834 825 4880 et
848 4827 945 4881 omnis
985 4837 1083 4892 passus
1107 4838 1137 4874 es
1159 4838 1209 4893 pro
1233 4823 1323 4877 nobis
1345 4826 1448 4879 l’cucm
1471 4834 1599 4883 secretum
1624 4834 1684 4887 cita
1707 4841 1781 4890 ater·

120 4932 169 4971 ex
182 4913 373 4969 nihilosecit?
384 4914 490 4970 facilius
507 4922 550 4970 cest
564 4915 670 4986 aliquid
685 4932 717 4969 ex
733 4915 827 4986 aliquo
841 4915 941 4982 fircera,
986 4927 1034 4974 teir,
1053 4910 1119 4981 quia
1133 4911 1214 4981 penis
1237 4912 1369 4979 vivesse,
1385 4914 1433 4983 qni
1457 4916 1491 4970 dc
1513 4918 1582 4973 coelo
1601 4920 1779 4991 descendisti,

123 5020 228 5077 quam
244 5004 340 5057 omnia
353 5021 387 5058 ex
401 5004 489 5059 nihilo
504 5022 608 5059 creare.
626 5005 688 5075 lpse
714 5005 843 5059 Salvator
856 5004 945 5058 soluit
985 5005 1013 5053 et
1027 5016 1128 5070 corpus
1138 5006 1218 5054 tuum
1232 5000 1260 5054 in
1270 5001 1323 5056 hoc
1332 5018 1403 5072 pane
1412 5020 1429 5057 a
1438 5010 1466 5060 te
1478 5008 1650 5065 sanctificato
1668 5028 1719 5066 nos
1733 5029 1780 5068 ac·

123 5108 245 5163 corpus
261 5091 416 5148 humanum
432 5094 583 5165 suscipere,
603 5100 631 5147 et
646 5094 788 5147 hominem
804 5094 942 5147 Dcocon-
984 5089 1075 5159 cipere
1090 5088 1210 5154 soluisti,
1226 5095 1254 5143 et
1274 5107 1324 5161 per
1350 5093 1464 5148 calicem
1487 5097 1624 5167 passionis
1651 5104 1707 5155 tuae
1729 5118 1780 5157 nos

118 5182 270 5252 jungere,
287 5188 319 5236 ut
333 5197 407 5237 nnus
427 5184 508 5238 lieret
521 5184 659 5238 mediator
673 5183 724 5237 Dei
748 5187 776 5236 et
797 5181 943 5236 hominum
984 5177 1150 5249 sanguinem
1176 5184 1257 5232 tunm
1284 5196 1395 5235 sumere
1424 5183 1545 5239 voluisti.
1569 5186 1611 5240 Tu
1639 5190 1780 5246 sanctifica

123 5268 226 5326 homo
238 5269 367 5325 Christus
377 5272 467 5328 Jesus.
485 5273 603 5344 Ipseque
617 5271 705 5326 voluit
717 5288 768 5342 per
777 5287 828 5324 nos
842 5287 944 5341 panem
985 5266 1056 5320 hanc
1066 5266 1196 5330 hostiam,
1205 5272 1237 5321 ut
1255 5266 1335 5322 nobis
1346 5285 1446 5340 corpus
1457 5278 1538 5326 tuum
1549 5279 1577 5327 et
1586 5277 1701 5346 sanguis
1715 5284 1780 5335 tuus

128 5364 167 5414 et
181 5357 284 5411 vinum
299 5358 393 5414 ollerri
405 5360 458 5415 sibi
472 5367 501 5416 et
510 5361 545 5415 ab
555 5361 616 5433 ipso
628 5359 761 5414 divinitus
775 5359 941 5424 consecrari,
985 5357 1043 5410 siat.
1058 5374 1071 5407 c
1084 5355 1175 5426 Supra
1183 5369 1243 5426 quae
1254 5356 1375 5427 propitio
1385 5374 1417 5412 ac
1431 5376 1530 5415 sereno
1542 5364 1619 5418 vultu
1641 5367 1780 5438 respicere

129 5451 166 5501 ct
182 5443 299 5499 fidelem
314 5449 449 5518 populum
463 5449 683 5504 crederererum
699 5462 760 5500 esse
776 5445 944 5517 mysterium
985 5444 1118 5516 digneris.
1141 5462 1154 5496 ι
1171 5445 1230 5499 Hoc
1240 5444 1473 5516 deprecamurut‚
1485 5450 1683 5524 Pntersancte,
1696 5472 1781 5529 super

131 5531 218 5607 quod
234 5532 295 5604 ipse
306 5536 574 5610 tradiditdiscipulis
585 5538 644 5592 suis
661 5536 756 5591 dicens
771 5551 804 5589 :a
822 5534 945 5606 Accipite
985 5534 1060 5587 dona
1073 5549 1089 5586 a
1102 5531 1182 5587 nobis
1203 5532 1302 5588 oilerta
1325 5534 1414 5603 [Ferte
1437 5537 1541 5609 oblata]
1560 5541 1607 5611 pio
1626 5547 1656 5598 et
1678 5544 1780 5602 blando
