3772 6120
117 288 149 344 ¹5
358 318 365 333 ·
420 288 451 340 B.
472 285 608 341 lthBth
627 282 743 339 naum
761 281 920 338 raculae
938 281 1100 338 MOGUNT.
1121 279 1269 338 OPERUM
1287 281 1380 336 PARS
1398 280 1448 336 ΙΙΙ.
1719 280 1752 332 lb

152 412 288 480 Naaqaid
294 409 560 480 Petninscrncifisms
572 415 610 463 est
617 425 669 479 pro
678 408 772 462 nobis?
787 404 946 468 ldeoaseA
955 406 1115 460 latriaiion
1129 409 1161 460 in
1175 409 1313 475 sapientia
1322 406 1406 467 verbi,
1420 409 1451 457 at
1462 419 1516 457 nott
1527 409 1673 457 evacuetur
1683 418 1754 456 orna

117 499 210 572 acepit,
218 516 255 555 ne
263 498 333 554 sorte
342 497 613 570 putareturaliorum
622 497 685 552 ideo
693 497 815 551 refutare
823 511 916 567 perso-
956 496 1070 550 Christi.
1080 494 1152 558 Quia
1159 493 1318 565 praedicatio
1329 491 1664 561 Christiauanonindiget
1672 506 1752 561 pom·

118 583 913 656 nasutsuamcomrnendaret.SienirnChristuspronobis,
957 601 993 655 pa
1011 589 1041 638 et
1058 582 1135 643 cultu
1153 582 1301 645 sermonis,
1317 582 1436 651 ideoque
1455 580 1607 651 piscatores
1626 579 1755 633 homines

119 677 220 751 inquit,
229 683 358 733 mortum
367 682 419 742 cst,
428 673 914 746 quomodogratiamejusetbeneh-
956 672 1079 743 inspienti
1095 671 1174 726 electi
1189 676 1255 725 sunt
1269 671 1316 741 qui
1331 670 1562 739 evangelizarent,
1577 674 1608 722 ut
1622 669 1755 722 doctrinm

118 768 193 823 cium
204 765 365 822 hominibus
375 764 548 835 imputamus
558 765 661 834 adejus
670 763 916 834 injuriamtlnno-
955 761 1058 815 veritas
1071 760 1132 831 ipsa
1152 776 1182 813 sc
1202 759 1412 813 commendaret
1431 764 1502 812 teste
1518 757 1630 823 virtute,
1651 774 1686 811 ne
1709 757 1756 810 ho·

118 860 194 911 miae
207 857 292 910 Pauli
300 855 436 922 baptizati
445 857 527 908 estis?
539 853 568 907 Si
582 853 727 907 credentes
741 852 801 917 hoc,
811 850 912 921 inquit,
955 849 1064 903 minum
1079 849 1203 903 versutia
1219 853 1246 902 et
1260 848 1402 902 caliditate
1418 848 1549 901 humanae
1558 846 1702 917 sapientia
1713 863 1756 900 ae·

119 944 149 999 in
162 943 304 997 Cluistum
314 940 498 1012 baptizamur,
507 946 540 995 ut
551 941 580 995 in
589 941 703 995 nomine
713 941 774 1009 ejus
782 939 915 1009 justifice-
955 937 1106 1008 captabiles
1119 938 1289 994 siderentur,
1305 953 1361 990 non
1376 937 1501 997 scribite,
1518 934 1590 989 sicut
1604 934 1756 1005 disciplinae

119 1046 193 1096 mur,
205 1030 272 1102 quid
286 1036 329 1084 cst
342 1035 374 1084 ut
386 1028 451 1084 ndei
464 1030 549 1100 hans
559 1029 687 1084 homines
697 1028 778 1083 nobis
788 1034 915 1082 auctores
956 1026 991 1080 ab
1006 1026 1166 1081 hominibus
1175 1026 1303 1083 lineatae,
1316 1025 1344 1079 in
1359 1025 1460 1096 quibus
1473 1041 1528 1078 non
1538 1024 1620 1085 ratio,
1632 1040 1687 1077 non
1699 1023 1754 1075 vir-

119 1120 264 1187 faciamus,
288 1119 469 1173 immemores
495 1124 592 1189 coeptee
612 1117 804 1173 credulitatis?
826 1116 917 1186 (stup.)
956 1120 1011 1182 tus,
1028 1115 1077 1170 sed
1090 1115 1239 1169 verborum
1253 1114 1388 1186 quaeritur
1401 1113 1575 1184 compositio,
1592 1129 1624 1166 ac
1639 1130 1689 1183 per
1704 1113 1755 1166 hoe

119 1209 192 1264 Nam
206 1205 393 1262 dividentibus
407 1206 461 1260 sibi
475 1206 626 1261 Ecclesiam
640 1212 668 1260 et
677 1211 771 1277 partes
781 1206 871 1258 facero
881 1203 915 1257 de
955 1204 1075 1274 gloriam
1090 1221 1170 1259 suam
1186 1204 1296 1275 quaerit,
1308 1203 1356 1274 qui
1366 1203 1451 1257 sidem
1462 1201 1565 1256 Christi
1577 1200 1668 1255 serbis
1678 1217 1756 1254 exor-

119 1296 229 1352 unitate
243 1293 409 1350 conantibus
428 1294 588 1365 parturiens
600 1289 730 1365 parrulos
744 1299 836 1348 mater
849 1293 916 1346 aba·
958 1309 1025 1347 nare
1034 1293 1095 1347 vult
1104 1311 1109 1346 :
1119 1293 1250 1349 obscurat
1258 1293 1334 1349 enim
1348 1291 1425 1346 illam
1435 1290 1583 1362 splendore
1595 1289 1753 1347 verborum.

122 1384 190 1440 ritas
197 1383 367 1454 inApostolo
375 1383 602 1454 exponitviscera
612 1399 672 1449 sua,
680 1382 835 1437 conscindit
846 1398 916 1452 quo·
957 1387 1059 1437 utnon
1073 1382 1122 1436 illa
1136 1383 1184 1437 sed
1198 1383 1258 1453 ipso
1272 1381 1411 1435 laudetur.
1424 1380 1469 1434 Sic
1483 1385 1511 1433 et
1529 1378 1754 1450 pseudoapostoli

121 1473 271 1528 dammodo
285 1470 376 1524 verbis
385 1470 473 1526 ubera
482 1488 542 1538 sua,
556 1472 649 1543 plorat
660 1472 742 1536 tilios,
756 1487 826 1542 quos
841 1471 917 1524 ridet
958 1488 994 1542 ne
1009 1472 1088 1526 stulti
1103 1472 1265 1525 riderentur
1275 1468 1459 1541 prudentibus
1471 1468 1569 1522 mundi
1579 1467 1609 1521 in
1618 1466 1756 1538 sapientia

119 1562 222 1629 efferri,
237 1565 348 1615 revocat
363 1560 399 1615 ad
417 1576 505 1616 unum
520 1577 622 1616 nornen
636 1560 745 1632 eosqui
760 1561 851 1615 multa
865 1576 916 1613 no·
958 1560 1105 1615 hominum
1121 1559 1263 1614 Christum
1278 1557 1466 1629 predicabant
1481 1557 1585 1626 duplici
1598 1572 1713 1626 genere,
1726 1560 1757 1607 ul

119 1650 197 1705 mina
215 1649 269 1705 sibi
283 1649 382 1722 {iacere
400 1649 539 1716 volebant,
559 1650 670 1721 repellit
687 1649 722 1704 ab
739 1665 835 1704 amore
854 1664 915 1714 suo,
959 1649 1126 1719 eloquentiae
1140 1648 1295 1709 studerent,
1313 1652 1342 1701 et
1355 1663 1388 1700 ea
1408 1663 1469 1717 epra
1489 1646 1610 1699 rnundns
1629 1645 1658 1698 in
1677 1643 1759 1697 nobis

120 1744 153 1793 ut
167 1739 294 1793 Christus
308 1745 428 1803 ametur,
445 1743 474 1792 et
486 1738 554 1792 dicit
570 1756 576 1791 :
592 1739 728 1807 ll'aaqaid
746 1740 851 1793 Paulas
864 1753 916 1806 pro
927 1711 950 1775 B
960 1738 1046 1792 stulta
1061 1737 1170 1808 judicat
1189 1736 1334 1801 erimrent,
1350 1742 1382 1789 ut
1402 1751 1492 1806 neque
1512 1734 1688 1788 incamatum
1708 1733 1758 1786 Dei

120 1829 194 1882 robis
209 1830 359 1895 crucifixas
373 1832 419 1893 est,
436 1833 487 1881 aut
502 1830 534 1881 in
553 1830 664 1882 sicinina
682 1830 766 1882 Pauli
785 1828 919 1895 baptisati
959 1827 1048 1880 lilium
1064 1830 1092 1880 et
1106 1826 1140 1879 de
1155 1825 1261 1896 virgine
1281 1829 1378 1879 iratum
1398 1824 1540 1883 docerent,
1557 1839 1648 1892 neque
1667 1821 1760 1874 cerritis

122 1919 204 1970 estis?
222 1915 288 1987 quid
308 1915 384 1981 dicit,
408 1916 471 1969 nolo
492 1916 548 1969 mei
569 1915 638 1981 sitis,
662 1921 694 1970 ut
714 1931 825 1970 mecum
845 1914 915 1980 sitis,
959 1914 1083 1970 futuram
1097 1913 1340 1976 resurrectionem,
1352 1912 1417 1984 quia
1428 1911 1526 1966 mundi
1536 1911 1610 1966 istud
1621 1909 1757 1980 sapientia

122 2021 232 2059 mecum
246 2009 335 2060 estote
351 2023 357 2057 ε
375 2021 471 2059 omnes
487 2004 561 2059 illius
577 2021 683 2070 sumus,
702 2004 749 2076 qui
769 2020 820 2075 pro
838 2002 918 2058 nobis
960 2010 989 2058 et
1011 2004 1083 2058 ratio
1105 2005 1223 2057 stultum
1246 2002 1376 2067 astituat,
1397 2017 1467 2071 quos
1485 2000 1626 2070 reprobat.
1643 2000 1682 2054 ,l'c
1700 2015 1759 2052 cea-

122 2100 260 2160 mortuus,
277 2093 391 2167 quipro
404 2092 485 2148 nobis
498 2093 645 2148 crucifixus
658 2099 710 2147 est.
961 2098 1066 2158 raetiae,
1082 2091 1184 2163 inquit,
1199 2107 1269 2146 orna
1284 2091 1397 2146 Christi.
1414 2088 1486 2153 Quia
1506 2089 1554 2160 qui
1573 2089 1602 2142 in
1622 2087 1759 2158 sapientia

157 2182 269 2239 Gratias
283 2199 333 2251 apo
348 2185 401 2237 Deo
411 2184 483 2251 qaod
492 2186 630 2237 nerninem
639 2188 760 2236 restrum
771 2183 918 2250 baptizavi,
960 2180 1083 2234 hominis
1097 2180 1239 2235 Christum
1254 2177 1412 2246 anmmtiat,
1427 2184 1513 2249 tregat
1527 2178 1675 2231 veritatem
1691 2192 1760 2246 prae·

124 2273 181 2325 nisi
189 2271 319 2340 Crispum
327 2276 351 2325 ct
362 2271 471 2336 Gaiam,
485 2288 519 2325 na
528 2274 591 2340 qais
600 2271 756 2339 dicatquod
765 2272 795 2324 in
808 2273 919 2323 stantiae
960 2269 1117 2333 dicationis,
1133 2269 1205 2323 sicut
1218 2285 1303 2340 supra
1319 2267 1482 2322 rnenrorari.

123 2376 181 2414 vireo
196 2360 331 2429 baptizati
345 2362 417 2414 estis.
429 2361 573 2429 baptizari
586 2364 680 2413 autem
689 2365 714 2413 et
722 2358 865 2427 Stephana
875 2358 919 2411 eta
1001 2360 1114 2413 l'erbmn
1128 2361 1202 2412 enim
1216 2360 1307 2412 crescis
1320 2357 1499 2426 pereuntibus
1512 2358 1620 2424 peridem
1636 2358 1756 2409 stultitia

122 2453 364 2511 acaemetarum
388 2451 476 2502 nescio
499 2451 524 2501 si
547 2464 627 2517 quern
650 2450 742 2501 aliam
768 2447 917 2514 baptizavi.
960 2453 1007 2501 est.
1025 2445 1205 2501 Manifestum
1220 2451 1262 2500 est
1283 2445 1348 2516 epula
1367 2445 1468 2515 quibus
1487 2460 1554 2498 crux
1569 2444 1673 2498 Christi
1693 2445 1759 2497 stul-

125 2536 243 2607 (Amor.)
256 2536 367 2590 Gratias
387 2536 447 2606 agit
466 2536 524 2590 Deo
544 2536 610 2606 quia
629 2552 685 2590 iton
707 2535 810 2589 multos
824 2552 857 2588 ex
875 2535 920 2587 his
960 2536 1023 2589 titia
1037 2542 1088 2601 est,
1101 2535 1131 2589 in
1146 2535 1303 2606 perditione
1313 2540 1388 2597 sunt,
1400 2533 1500 2587 inferni
1514 2534 1590 2587 enim
1604 2540 1694 2587 morte
1705 2550 1758 2587 riori

123 2623 282 2695 baptizavit,
298 2623 395 2694 nequi
410 2640 489 2677 error
502 2623 553 2679 sub
568 2624 620 2677 hac
635 2641 665 2677 rc
680 2628 810 2694 caeperat,
825 2640 858 2676 ax
873 2639 920 2676 uo-
961 2632 1027 2678 sunt
1040 2624 1138 2696 erepti.
1154 2626 1203 2678 llis
1217 2630 1310 2678 aretem
1324 2626 1374 2693 qui
1387 2625 1458 2677 salci
1469 2626 1541 2690 nicia
1550 2625 1641 2675 virtus
1651 2624 1701 2676 bei
1709 2628 1755 2676 est.

124 2711 269 2783 mineejus
280 2717 353 2766 esset
367 2711 396 2765 in
409 2712 547 2782 plurimis,
558 2728 609 2783 per
623 2712 675 2766 hoc
692 2712 785 2782 arguit
799 2728 919 2781 arguen-
960 2714 1024 2767 Non
1041 2719 1084 2767 est
1104 2712 1252 2767 obscurum
1274 2713 1340 2784 quia
1353 2712 1397 2765 his
1412 2711 1459 2781 qui
1473 2712 1592 2765 credunt
1606 2711 1655 2764 Dei
1670 2711 1757 2764 virtus

124 2799 185 2865 dos,
201 2804 230 2853 et
242 2798 415 2870 baptizantes
434 2806 463 2854 et
481 2799 645 2870 baptizatos
662 2800 709 2870 qui
731 2801 766 2854 ad
786 2800 920 2870 injuriam
960 2808 1013 2865 est,
1033 2801 1151 2855 credunt
1173 2801 1248 2855 enim
1271 2817 1327 2854 rien
1346 2800 1539 2854 infirmitatem
1564 2817 1624 2854 esse
1648 2816 1757 2853 erucem

125 2886 277 2942 Salvatoris
291 2886 467 2958 baptismatis
482 2889 543 2958 ejus
556 2888 677 2958 gratiam
691 2887 852 2941 hominibus
870 2888 919 2942 de·
961 2890 1074 2951 Christi,
1090 2891 1138 2943 sed
1153 2890 1303 2956 virtutem,
1319 2888 1509 2959 intelligentes
1523 2895 1643 2944 irionem
1658 2890 1758 2943 rictam

125 2975 272 3047 putabant,
281 2975 337 3030 illis
345 2975 586 3032 dissimulantibus
593 2976 690 3046 gloriae
696 2993 789 3031 causa.
800 2977 828 3032 Si
845 2977 920 3031 enim
961 2978 990 3033 in
1000 2996 1081 3033 cruce
1091 2980 1171 3048 cujus
1180 2979 1293 3047 signum
1304 2978 1350 3048 qui
1362 2977 1475 3045 habent,
1485 2978 1551 3031 salvi
1563 2985 1638 3045 suat,
1650 2980 1716 3048 (luia
1724 2977 1758 3030 ab

126 3070 208 3119 amnt
219 3063 375 3119 sicutnunc
386 3065 536 3120 Novatiani
550 3070 579 3119 et
592 3065 751 3132 Uenetiam,
766 3066 814 3136 qui
829 3064 921 3137 bapti·
931 3037 1009 3122 Cilla
1023 3068 1113 3122 teneri
1128 3084 1183 3122 non
1197 3073 1322 3139 possunt.
1339 3068 1481 3136 Scriptum
1492 3073 1530 3121 est
1540 3084 1571 3120 eir
1577 3070 1613 3120 im
1627 3067 1655 3120 in
1667 3067 1756 3120 lsaia:

127 3169 220 3208 smum
232 3152 285 3207 sibi
297 3152 448 3221 vindicant,
460 3171 477 3208 a
491 3155 594 3209 nostris
605 3153 760 3225 baptizatos
773 3154 923 3225 reproban-
962 3159 1079 3212 Perdant
1094 3160 1259 3226 sapientiam
1275 3158 1454 3225 sapientiam,
1469 3162 1492 3210 et
1509 3158 1678 3210 intelteetean.
1688 3170 1760 3224 prn-

126 3248 179 3309 teS,
195 3247 224 3296 et
236 3240 368 3312 baptizati
383 3241 418 3295 ab
433 3242 476 3296 his
494 3243 652 3313 gloriantur
672 3244 701 3297 in
720 3244 845 3314 personis
863 3244 923 3297 illo·
963 3249 1088 3300 dentiam
1106 3246 1261 3316 reprobabo.
1279 3244 1375 3299 Perdit
1395 3243 1561 3315 sapientiam
1580 3244 1758 3315 sapientium.

45 3398 56 3417 ι
127 3330 471 3401 rum.1)eniqueacmisti
485 3332 598 3386 norrrine
612 3331 742 3396 abdicati,
752 3332 923 3387 Novatianos
964 3352 1020 3390 non
1030 3352 1110 3389 suam
1120 3334 1148 3388 in
1159 3334 1200 3388 eis
1210 3333 1476 3405 sapientiamperdit
1485 3339 1513 3387 et
1523 3333 1663 3405 reprobat,
1676 3351 1760 3404 quam

127 3426 157 3475 ct
176 3418 347 3476 Donatianos
370 3420 462 3474 vocari
483 3437 513 3475 sc
532 3421 697 3490 gloriantur.
722 3421 836 3492 Crispus
856 3438 923 3492 ergo
963 3424 1023 3496 ipse
1032 3424 1154 3485 donarit,
1166 3423 1215 3477 sed
1225 3440 1309 3493 quam
1320 3422 1373 3476 sibi
1384 3428 1517 3493 arrogant
1527 3422 1573 3493 qui
1585 3440 1640 3476 nen
1657 3422 1761 3476 babent

127 3508 250 3564 ctGaius
258 3508 396 3562 Corinthii
409 3516 485 3573 sunt,
495 3510 568 3580 quod
580 3510 616 3564 ad
627 3510 820 3564 testimonium
835 3510 924 3564 nomi·
964 3513 1051 3584 ipsius
1059 3531 1064 3565 :
1072 3513 1138 3567 dum
1151 3529 1211 3582 epum
1220 3511 1268 3565 illa
1278 3517 1363 3582 negat
1373 3528 1453 3582 posse
1463 3512 1523 3566 heri
1532 3512 1600 3566 facit
1611 3530 1616 3563 :
1629 3518 1659 3566 et
1668 3527 1761 3582 repra-

128 3602 187 3663 nat,
204 3595 270 3668 quia
284 3596 324 3649 sic
336 3595 469 3667 baptizati
482 3603 548 3652 sunt
562 3596 596 3651 ab
611 3599 753 3668 Apostolo,
770 3603 803 3651 ut
816 3597 921 3652 nullam
963 3601 1012 3656 bat
1030 3601 1202 3655 intellectum
1222 3601 1411 3672 prudentium,
1429 3601 1540 3672 quarrdo
1558 3601 1658 3666 Deurn,
1677 3616 1759 3671 quem

129 3670 169 3739 illi
182 3683 302 3755 gloriam
316 3700 349 3738 er
364 3684 416 3738 hac
430 3702 514 3741 causa
528 3686 648 3739 dandam
665 3685 847 3740 addiscerent.
865 3687 924 3741 Sta·
964 3691 1136 3746 incuriosum
1147 3689 1252 3756 dicunt,
1270 3706 1433 3760 aggressum
1446 3689 1589 3759 probaton
1601 3707 1662 3760 quae
1675 3691 1760 3744 stulta

129 3774 228 3846 9¹18ssae
242 3777 337 3827 autem
351 3773 451 3829 dOmUS
459 3774 595 3847 Primififfl
605 3780 671 3829 8¹1¹st
681 3774 802 3839 Achaia),
812 3776 883 3829 Sicut
894 3775 924 3829 ill
964 3784 1073 3852 putemt,
1090 3785 1122 3833 ut
1135 3779 1185 3832 Dei
1201 3778 1276 3833 lilius
1286 3779 1449 3833 incarnatus
1458 3778 1492 3831 de
1501 3778 1608 3848 virgine
1618 3779 1775 3845 crucifige-¹

129 3867 272 3933 postrema
285 3867 364 3933 parte
378 3863 507 3934 Epistola
521 3863 669 3933 signifieat,
685 3863 786 3935 quibus
800 3865 925 3919 testimo·
966 3875 1044 3923 retur
1059 3885 1110 3941 pro
1120 3869 1245 3922 humana
1255 3868 1354 3935 salute,
1367 3856 1441 3938 'equod
1452 3867 1557 3921 hictum
1566 3885 1630 3921 sere
1640 3874 1760 3921 testatur

129 3951 208 4007 nium
222 3951 281 4015 dat,
291 3951 364 4019 quod
379 3951 408 4005 in
420 3952 608 4007 ministerium
621 3953 724 4007 sanctis
735 3970 764 4007 sc
776 3954 925 4009 constitue-
966 3959 1078 4023 virtute,
1095 3975 1150 4012 non
1174 3956 1275 4011 serbis.
1304 3959 1353 4011 tbi
1374 3960 1499 4026 septiens?
1514 3958 1563 4009 nbi
1586 3958 1694 4010 scriba?
1713 3957 1761 4009 nbi

129 4047 203 4095 rant.
223 4039 288 4097 Non
304 4042 380 4095 anim
402 4044 480 4094 rnisit
503 4057 545 4094 me
565 4041 691 4095 Cliristus
710 4043 859 4111 baptisare,
879 4046 925 4097 sed
966 4050 1135 4115 conquisitor
1149 4048 1233 4115 iterius
1247 4047 1359 4099 samii?
1373 4045 1424 4097 llis
1438 4044 1519 4098 dictis
1534 4049 1592 4098 tam
1608 4043 1636 4097 in
1649 4044 1759 4098 luilaeos

128 4133 326 4198 macerarere.
336 4128 474 4193 Quoniam
485 4130 577 4199 majus
587 4134 629 4183 cst
638 4130 827 4199 evangelizare
839 4147 924 4201 quam
965 4152 1049 4206 quam
1064 4135 1091 4189 in
1108 4134 1226 4204 gentiles
1240 4132 1390 4198 invehitur,
1403 4131 1505 4202 quiact
1515 4132 1676 4187 ludaeorum
1691 4130 1758 4185 scri-

129 4216 279 4288 bapfiznre,
294 4217 358 4272 ideo
372 4233 428 4271 non
443 4233 472 4272 se
488 4217 605 4272 missum
623 4217 765 4289 baptizare
784 4219 860 4275 dicit.
875 4219 924 4273 sed
964 4223 1016 4285 bie,
1031 4230 1060 4277 ct
1073 4223 1143 4293 legis
1156 4223 1284 4276 doctores
1302 4220 1393 4276 Deum
1413 4220 1501 4275 tihum
1521 4221 1623 4275 habere
1642 4221 1759 4274 stultum

129 4307 329 4377 evangelizare,
345 4305 411 4378 quia
428 4305 457 4360 in
478 4307 607 4379 episcopo
629 4307 755 4362 omnium
775 4308 925 4363 ordinatio·
964 4318 1067 4385 putant
1081 4310 1272 4367 credi.·Simili
1287 4309 1371 4364 modo
1385 4315 1414 4364 et
1425 4314 1524 4380 gentes
1539 4310 1615 4364 istud
1628 4309 1696 4363 risui
1710 4309 1760 4361 ‹le-

128 4411 197 4450 num
210 4396 332 4467 ebgnitas
346 4401 397 4463 est,
414 4400 498 4466 caput
511 4401 553 4449 est
567 4395 641 4449 enim
654 4403 820 4451 caeterorum
834 4415 923 4452 mem·
965 4407 1074 4474 putant.
1089 4400 1144 4456 Sed
1159 4399 1257 4466 iudaei,
1275 4399 1341 4470 quia
1355 4399 1407 4453 hoc
1421 4416 1477 4454 non
1487 4406 1545 4453 tam
1556 4404 1651 4470 aperte
1660 4399 1690 4451 in
1699 4398 1760 4466 lege

128 4482 253 4540 brorum.
272 4487 326 4540 Per
340 4485 415 4556 quod
429 4485 514 4540 etiam
533 4484 595 4539 illos
615 4485 753 4552 humiliat,
770 4486 870 4558 quibus
883 4487 924 4542 illi
965 4491 1153 4562 significatum
1164 4494 1215 4551 est,
1226 4488 1356 4543 diffidunt
1366 4505 1372 4540 τ
1383 4487 1502 4558 gentiles
1512 4505 1576 4542 sero
1588 4487 1654 4558 quia
1663 4485 1761 4541 rrrundi

131 4575 251 4629 multum
262 4574 376 4642 dabant,
385 4581 534 4646 propterca
549 4574 622 4645 quod
636 4574 671 4627 ab
684 4575 740 4628 illis
753 4575 865 4631 fueram
878 4576 925 4631 ba-
965 4580 1037 4634 ratio
1047 4596 1103 4633 non
1117 4577 1192 4633 istud
1207 4576 1323 4648 recipit,
1339 4577 1410 4631 nihil
1424 4577 1501 4631 enim
1515 4577 1582 4631 dicit
1600 4593 1681 4648 possa
1701 4575 1760 4629 lieri

131 4661 236 4732 ptizati,
246 4666 278 4715 ut
291 4680 324 4716 ex
337 4680 370 4717 eo
381 4664 485 4718 scirent
493 4679 549 4718 non
560 4679 693 4733 magnum
703 4681 763 4718 esse
772 4663 922 4735 baptizare
965 4669 1025 4723 sine
1040 4667 1244 4734 commistione,
1259 4665 1378 4721 stultum
1385 4666 1523 4736 judicant.
1536 4665 1762 4736 Consprisitorta·

131 4749 198 4821 quia
211 4765 268 4803 lion
282 4751 374 4805 omnis
388 4752 435 4822 qui
449 4752 573 4823 baptizat
587 4752 704 4807 idoneus
712 4758 756 4807 est
766 4758 794 4806 et
809 4770 925 4825 evange·
966 4774 1031 4812 men
1046 4756 1139 4812 saculi
1153 4756 1198 4810 hic
1213 4760 1265 4820 est,
1283 4755 1331 4826 qui
1346 4754 1603 4810 constellationibus
1622 4754 1668 4824 agi
1682 4770 1762 4807 mun·

130 4838 225 4905 lizarc,
243 4839 328 4894 verba
341 4839 417 4893 carim
432 4841 569 4895 solemnia
583 4847 649 4896 sunt
667 4858 728 4912 quse
747 4843 878 4898 dicuntur
896 4843 925 4897 in
966 4847 1033 4901 dum
1048 4851 1077 4900 et
1091 4844 1237 4900 duodecim
1252 4845 1339 4916 signis
1359 4849 1437 4900 ortus
1455 4850 1484 4898 et
1502 4860 1615 4898 occasus
1634 4842 1695 4896 sieri
1712 4842 1761 4895 de·

132 4927 308 4998 baptismate.
331 4928 456 4999 Denique
484 4930 626 4999 apostolus
645 4931 745 4986 Petrus
766 4933 925 4988 credentem
966 4933 1562 4996 cemitcalculis,nihilomninosinehorum
1572 4936 1764 5002 motaputans

132 5016 293 5071 Cornelium
313 5034 377 5072 cum
400 5017 457 5072 suis
473 5017 558 5088 jussit
577 5016 719 5090 baptizari¹
730 5021 800 5090 (ilat.
823 5023 860 5087 xl,
875 5038 926 5076 nec
967 5025 1028 5078 fieri
1043 5041 1133 5096 posse.
1150 5024 1373 5080 Nonncstaltam
1384 5026 1447 5090 {ecit
1457 5024 1701 5092 Deirssapienliam
1713 5021 1763 5075 lne-

133 5105 265 5176 diguatus
279 5106 468 5162 estministris
477 5106 634 5163 astantibus
644 5109 696 5165 hoc
705 5127 775 5182 opus
786 5110 890 5176 faceret
903 5111 926 5164 si
961 5116 1011 5184 jas
1025 5117 1143 5169 inartdi?
1159 5114 1254 5168 Stulta
1268 5112 1341 5167 iacta
1350 5116 1393 5167 est
1402 5111 1541 5182 sapientia
1554 5111 1639 5181 hujus
1653 5108 1762 5183 mundi.

54 5210 57 5215 ·
132 5195 208 5250 enirn
221 5195 383 5261 defuissent,
397 5195 457 5268 ipse
474 5196 526 5250 hoc
543 5197 646 5268 egisset
665 5200 830 5255 necessitate
848 5218 925 5255 com·
966 5208 1070 5274 putans
1085 5203 1159 5257 eninr
1174 5220 1204 5257 sc
1218 5218 1316 5273 sapore
1325 5200 1438 5255 inventa
1447 5206 1490 5254 est
1499 5199 1671 5272 imprudens.
1683 5197 1762 5262 Quod

134 5284 238 5354 pulsus.
254 5285 365 5350 Quanto
378 5302 445 5357 orgo
461 5285 561 5340 melior
575 5285 618 5340 his
634 5285 679 5351 sit,
696 5304 766 5358 quos
787 5288 826 5343 illi
845 5306 925 5345 rene·
966 5292 1042 5347 enim
1054 5291 1224 5364 impossibile
1232 5288 1379 5360 judicabat
1386 5288 1518 5361 possibile
1527 5288 1701 5344 declaratum
1709 5291 1761 5348 est,

133 5372 278 5440 rabuntur,
295 5375 426 5441 ostendit,
442 5380 471 5430 et
486 5391 542 5429 non
559 5380 656 5430 tamen
675 5375 727 5430 hoc
746 5378 853 5433 nomini
874 5397 926 5436 auo
967 5381 1057 5436 Deum
1068 5380 1239 5436 incuriosum
1249 5378 1402 5434 estimans.
1415 5379 1465 5434 Est
1477 5377 1584 5449 aliquid
1593 5378 1645 5432 hac
1654 5391 1763 5431 asscre-

133 5459 245 5517 decemi
258 5462 397 5534 permisit,
412 5463 503 5518 sciens
521 5464 707 5535 periculosum
728 5481 788 5521 esse
806 5469 924 5538 gloriam
966 5469 1075 5525 ratione
1089 5470 1212 5536 stultius,
1227 5472 1260 5522 ut
1271 5467 1369 5523 iecisse
1382 5468 1493 5522 dicatur
1510 5466 1649 5521 mundum
1671 5470 1700 5520 et
1718 5481 1765 5519 cu-

130 5547 182 5605 llei
195 5551 301 5608 nomini
311 5552 433 5607 hominis
442 5552 581 5608 vindicare
591 5570 597 5605 ε
606 5558 649 5608 est
660 5548 735 5609 enim
747 5557 827 5625 quasi
840 5556 926 5612 idolo
967 5575 1028 5614 ram
1042 5559 1104 5629 ejus
1117 5560 1173 5616 non
1187 5556 1293 5629 agera?
1307 5557 1341 5611 ad
1358 5555 1426 5627 quid
1441 5555 1515 5623 iecit,
1527 5554 1618 5610 sinon
1632 5554 1667 5610 ad
1682 5552 1761 5608 illum
