3772 6120
29 4218 33 4225 ·
120 4208 135 4244 C

130 279 392 293 —u-—n—

133 294 391 309 ——ae—

343 419 666 516 BEATI
708 421 1134 519 RABANI
1180 419 1551 519 MAURI

474 592 672 648 FULDBNSIS
686 592 838 648 ABBATIS
852 593 897 648 ΕΤ
911 592 1120 648 MOGUNTINI
1134 591 1415 648 ARCHIBPISCOPI

132 724 232 853 DE
290 722 479 854 ltili
553 721 831 855 BEBTAE
897 721 1181 855 litllllAE
1245 723 1761 860 MuGDhiAEitAE

485 925 544 997 BT
570 923 781 999 SORORIS
806 921 921 994 BJUS
947 921 1148 994 SANCTAE
1175 922 1407 996 MARTHAE.

378 1077 561 1142 (Moniiiiieiits
575 1077 675 1130 iutdits
689 1091 739 1128 sier
754 1076 906 1144 t’apcstotat
919 1074 951 1128 de
963 1076 1052 1128 sainte
1067 1074 1217 1128 diodeleinc
1231 1089 1264 1126 en
1280 1075 1422 1133 Prii-iaie.
1440 1077 1509 1145 etc.)

424 1308 624 1364 PROLOGUS.
932 1311 1049 1370 Acruce
1060 1307 1188 1361 Christus
1196 1306 1316 1360 Matrem
1326 1304 1581 1376 Virginemvirgini
1592 1308 1762 1361 commenda-

163 1396 337 1451 Dulcissimie
352 1396 500 1452 dilectricis
515 1398 629 1464 Christi,
647 1405 675 1452 et
688 1416 704 1452 a
715 1399 826 1453 Christo
836 1398 925 1472 pluri-
965 1395 1014 1450 vit.
1030 1397 1103 1450 Vere
1117 1395 1220 1460 felices,
1243 1410 1339 1448 revera
1356 1393 1443 1457 beati,
1469 1393 1574 1464 quibus
1589 1400 1651 1448 tami
1663 1395 1761 1466 magni·

127 1501 206 1539 mum
220 1486 337 1550 dilectae,
353 1502 417 1539 com
431 1503 542 1540 summa
560 1489 718 1542 reverentia
736 1489 922 1549 nominandae,
965 1486 1060 1549 licum,
1079 1490 1139 1538 tam
1158 1483 1333 1554 praeclarum,
1354 1489 1414 1536 tam
1434 1483 1549 1537 evidens
1573 1483 1760 1539 testimonium

125 1572 295 1628 beatissimae
314 1575 409 1629 Mariae
427 1576 606 1644 Magdelenae,
626 1577 711 1630 vitam
728 1578 923 1648 contemplati-
965 1573 1106 1644 perhibuit
1115 1579 1243 1627 sanctum
1252 1572 1442 1642 iii-angelium.
1453 1572 1497 1626 hd
1508 1573 1586 1643 quod
1597 1573 1761 1628 enucleatius

126 1679 199 1727 vam,
226 1679 277 1716 nec
295 1680 354 1717 non
371 1669 400 1717 et
418 1664 546 1733 gloriosa
570 1665 672 1719 sororis
693 1667 763 1737 ejus,
789 1665 923 1721 ministrae
964 1663 1177 1728 ostendendum,
1203 1677 1294 1732 operae
1317 1662 1439 1731 pretium
1463 1661 1576 1715 aestimo
1601 1661 1761 1717 multifarias

125 1751 239 1814 Christi,
256 1752 383 1816 hlarthir,
401 1753 485 1806 vitam
500 1754 655 1821 scrivanio,
671 1755 784 1821 scilicet,
801 1760 829 1808 et
844 1772 924 1810 vene·
964 1751 1198 1822 evangelistarum
1224 1749 1379 1820 categorias
1401 1761 1412 1789 0
1429 1749 1532 1821 quibus
1553 1751 1584 1804 in
1606 1750 1658 1804 hoc
1675 1751 1760 1822 ipsum

125 1838 223 1893 rabilis
232 1839 327 1894 fratris
337 1857 433 1894 aarum
444 1842 550 1908 Lazari,
563 1843 724 1909 amicitiam,
735 1849 764 1896 et
777 1860 828 1914 pei·
841 1845 923 1900 cliii-
964 1844 1128 1907 consonant,
1145 1854 1291 1904 enarrare3
1308 1854 1340 1906 ao
1355 1839 1466 1899 deinde,
1484 1855 1547 1909 que
1560 1845 1627 1910 post
1641 1840 1760 1894 Salvam

125 1935 201 1983 stum
213 1929 457 1991 resurrectionem,
473 1946 528 1984 non
544 1948 577 1984 ex
592 1933 792 1986 modernorum
805 1931 818 1972 Ι
833 1933 921 1986 tradi·
963 1927 1002 1982 ris
1016 1929 1218 1991 ascensionem,
1234 1927 1308 1981 circa
1323 1928 1384 1997 ejus
1399 1927 1506 1981 amicos
1518 1933 1604 1997 gesta
1623 1936 1698 1989 sunt.
1714 1946 1760 1985 no-

122 2017 200 2072 tione
212 2034 303 2088 nuper
316 2018 468 2079 inventam.
488 2020 593 2074 scilicet
612 2037 644 2075 ex
660 2027 781 2093 quatuor
797 2022 921 2092 Evange-
963 2016 1006 2070 bis
1021 2024 1115 2088 patres
1129 2016 1218 2070 nostri
1232 2016 1420 2079 tradiderunt,
1436 2017 1509 2070 etin
1524 2017 1586 2071 suis
1600 2019 1685 2072 etiam
1700 2020 1759 2073 reli·

124 2106 225 2161 liorum
239 2107 408 2162 authenticis
418 2109 596 2175 testimoniis,
605 2111 665 2181 jam
675 2110 741 2164 olim
757 2110 792 2164 ab
802 2110 879 2181 ipsis,
890 2116 923 2165 ut
962 2112 1085 2176 querunt
1099 2105 1220 2177 scriptis,
1245 2104 1317 2175 stylo
1341 2105 1433 2158 veraci
1455 2105 1609 2163 disserere.
1634 2107 1712 2171 Quod
1731 2116 1759 2162 ut

123 2195 164 2251 ita
178 2197 280 2257 dicam.
297 2197 361 2251 fidei
376 2202 478 2252 nostrie
493 2199 653 2269 crepundiis
666 2199 775 2270 publice
791 2198 922 2269 praedica-
962 2194 1096 2265 liquidius
1111 2210 1324 2265 prosequamur,
1337 2195 1421 2264 paulo
1432 2195 1517 2249 altius
1527 2202 1689 2266 repetentes
1698 2198 1758 2267 quid

123 2291 192 2344 tam,
206 2285 251 2356 pie
266 2285 355 2339 credit
369 2293 397 2340 et
415 2287 482 2340 colit
492 2287 638 2354 catholica,
648 2304 698 2359 per
707 2294 798 2342 totum
814 2288 920 2353 orbem,
963 2285 997 2338 de
1011 2300 1109 2337 eorum
1124 2283 1231 2353 origine
1245 2289 1274 2335 et
1287 2299 1400 2352 genere,
1412 2284 1479 2353 quid
1490 2285 1525 2337 de
1540 2291 1607 2338 ortu
1618 2291 1647 2339 et
1657 2286 1758 2340 institu-

123 2375 253 2429 Ecclesia.
268 2375 330 2429 Non
345 2375 433 2444 igitur
447 2376 563 2430 humani
579 2376 636 2430 oris
650 2377 758 2446 indiget
772 2377 920 2448 praeconio,
963 2373 1048 2438 tione,
1065 2372 1181 2442 quidde
1195 2371 1334 2425 industria
1355 2376 1384 2425 et
1403 2372 1497 2426 indole
1514 2379 1626 2427 veteres
1651 2382 1757 2429 nariam

123 2480 185 2535 quie
198 2469 257 2518 tam
271 2464 372 2519 divinis
387 2465 508 2519 oraculis
522 2471 566 2519 est
574 2466 729 2536 approbata
738 2467 856 2521 dovotio.
870 2467 923 2533 Oui
964 2461 1096 2526 historiae,
1114 2460 1310 2533 compendiose
1332 2461 1436 2514 referre
1449 2461 1628 2527 conabimur,
1649 2464 1684 2517 ad
1704 2465 1756 2519 lau·

122 2554 199 2606 tiabat
210 2569 292 2606 aures
305 2555 449 2620 audiendi,
462 2556 559 2607 nudi'ot
575 2557 644 2623 quid
655 2556 778 2624 Spiritus
788 2558 861 2609 di'cat
877 2556 923 2609 Er·
964 2551 1028 2604 dem
1036 2550 1149 2604 Domini
1157 2549 1321 2614 SalvatoriS‚
1338 2556 1367 2604 et
1377 2550 1515 2604 honorem
1525 2551 1684 2622 etgloriam
1695 2555 1757 2608 ami·

122 2642 333 2708 clesii‘sttdottti.
350 2659 384 2707 ιιι,
408 2643 455 2696 ti:
480 2644 560 2711 apoc.
587 2661 614 2709 ιι,
643 2642 695 2709 lit,
716 2662 767 2714 per
792 2661 822 2697 os
845 2629 1060 2698 beatchorum
1075 2641 1145 2709 ejus.

122 2728 796 2800 ioannisevangelistae,(lomagnitudineamoris
807 2733 841 2786 de
852 2733 922 2786 mul·
963 2739 1028 2791 Cio.
1044 2738 1066 2791 1.
1084 2768 1116 2777 -
1134 2738 1183 2791 tibi
1197 2741 1221 2790 et
1240 2753 1272 2790 ca
1290 2753 1344 2804 qna
1363 2741 1494 2806 prosapta
1516 2742 1581 2791 noti
1598 2747 1665 2794 sarit
1681 2744 1756 2795 aiiiici

122 2816 243 2870 titudine
263 2816 472 2887 familiaritatis,
500 2820 535 2873 dc
558 2820 731 2875 abundantia
755 2821 919 2883 dulcedinis,
1052 2807 1214 2873 salvabitis,
1230 2809 1322 2862 Morio
1336 2811 1360 2860 ti
1376 2809 1499 2862 Multus
1513 2815 1538 2862 tl
1552 2812 1676 2865 Mariba·

122 2921 184 2975 qua
200 2905 415 2975 interglorioseo
429 2908 552 2977 Virginis
568 2909 671 2963 Filium
685 2915 713 2963 et
729 2911 790 2980 ejus
804 2910 918 2976 amicas,
998 2908 1030 2960 ln
1047 2905 1189 2960 territorio
1209 2905 1454 2975 ierosolymitano,
1481 2906 1510 2959 iii
1531 2914 1630 2962 monte
1653 2909 1752 2974 Oliveti,

121 2994 259 3047 Martham
275 3000 304 3047 et
317 2995 445 3056 Mariam.
465 3003 493 3050 et
511 2997 628 3050 tratrem
651 3014 749 3051 earum
772 2999 919 3059 Lazarum,
963 2994 1122 3065 quindecim
1137 2993 1235 3047 stadiis
1248 3010 1265 3047 a
1279 2999 1373 3047 salicto
1386 2997 1496 3048 civitate
1511 2994 1534 3060 d,
1552 3004 1655 3052 contra
1673 3005 1755 3053 ortum

122 3087 222 3136 mutuo
235 3081 408 3136 versabatur.
425 3085 508 3138 iuxta
523 3085 592 3139 illud
614 3105 619 3138 :
646 3087 700 3152 tipo
721 3088 865 3153 detinentes
880 3104 921 3141 me
963 3084 1038 3150 solis,
1048 3084 1104 3137 sita
1111 3089 1155 3138 est
1163 3083 1309 3149 Bethania,
1322 3084 1581 3140 nominatissimum
1594 3089 1672 3158 apud
1682 3105 1755 3143 evan·

122 3172 311 3239 di'tiqoffiroc.
335 3189 389 3234 viii,
417 3173 470 3241 17).
493 3176 638 3241 Diti'qebat,
663 3174 763 3245 inquit,
785 3175 921 3229 Dominus
962 3173 1077 3243 galistus
1090 3173 1235 3227 castellum
1255 3186 1268 3216 a
1292 3173 1387 3228 Mariae
1409 3174 1594 3245 Magdalenae,
1621 3178 1716 3232 Lazari
1732 3188 1756 3232 et

121 3261 203 3316 lesus
217 3263 357 3316 Martiam
371 3268 395 3315 et
405 3278 524 3315 sororem
535 3266 593 3330 rjus
608 3263 728 3316 Maiiam
743 3269 766 3316 et
782 3265 921 3318 Meuium
963 3262 1079 3316 hlarthae
1092 3261 1111 3327 l,
1136 3261 1248 3316 Domini
1271 3262 1423 3316 Salvatoris
1445 3263 1607 3334 frequentia
1629 3267 1754 3338 corporali

120 3351 214 3414 (toan.
231 3365 268 3416 xi,
287 3350 324 3414 bt.
346 3351 400 3405 lior
423 3357 460 3404 est
479 3354 668 3404 testimonium
692 3352 766 3421 quod
779 3353 922 3421 perhibuit
963 3350 1169 3405 nobilissimum
1179 3353 1269 3416 (toan.
1293 3367 1330 3417 xi,
1354 3352 1379 3420 t)
1401 3364 1425 3415 e,
1443 3353 1576 3424 hospitiis
1595 3356 1753 3421 dedicatum,

119 3440 239 3492 locanes
255 3439 346 3510 (ioan.
370 3457 388 3502 l,
413 3438 515 3510 taut),
532 3440 606 3511 quod
622 3440 765 3510 porhibuit
780 3441 826 3494 ille
841 3443 921 3494 disci·
963 3440 1095 3494 conviviis
1109 3439 1227 3505 celebre,
1249 3440 1392 3493 miraculis
1415 3441 1534 3507 illustre,
1556 3444 1688 3515 lacrymis
1705 3463 1754 3499 nic·

118 3530 204 3595 preliis
219 3545 298 3596 quem
312 3545 369 3599 pra
382 3529 489 3582 caeteris
502 3531 632 3596 iii'li'qebut
653 3530 734 3583 Jesus
753 3532 843 3595 (tonia.
863 3546 919 3596 xxi,
963 3545 1105 3583 livorosum
1121 3529 1209 3599 [idest
1226 3528 1431 3599 memorabile].
1447 3532 1629 3600 processione
1642 3535 1755 3605 magnifi-

120 3616 155 3682 ΙΙ.
171 3617 226 3670 Hoc
247 3623 285 3670 est
310 3619 498 3670 testim-ontulit
518 3618 591 3687 quod
612 3616 755 3688 perhibuit
777 3619 920 3688 apostolus
962 3634 1035 3682 cum,
1061 3617 1187 3688 vestigiis
1205 3617 1324 3687 insigne,
1352 3620 1514 3672 ascensione
1537 3622 1700 3691 spectabile.
1723 3624 1753 3677 Bi

119 3707 261 3773 quisupra
269 3711 362 3774 pectus
376 3705 488 3760 Domini
499 3709 528 3760 in
540 3723 615 3761 cuno
626 3709 751 3760 recubuit
761 3709 851 3771 (toan.
862 3724 917 3773 iiiii,
961 3706 1013 3760 hoc
1029 3706 1181 3776 municipio
1196 3713 1259 3760 orta
1270 3713 1313 3760 est
1326 3706 1494 3762 venerabilis
1508 3709 1625 3780 hospita
1638 3719 1667 3765 et
1682 3713 1752 3766 devo-

120 3790 171 3858 25;
197 3810 254 3861 xiii,
279 3793 341 3863 20);
368 3796 443 3866 quod
467 3796 609 3866 perhibuit
628 3796 800 3865 evangelista
822 3796 866 3849 cui
886 3796 920 3850 de
961 3795 1070 3849 tissima
1080 3794 1210 3849 ministra
1222 3795 1285 3850 Filii
1299 3795 1349 3849 Dei
1364 3796 1476 3851 Domini
1494 3801 1586 3853 nostri
1601 3801 1668 3855 Jesu
1683 3801 1752 3855 Chri·

587 3935 671 3981 NOTAE
692 3937 878 3982 Purissiitiin
902 3939 941 3982 DX
964 3937 1083 3982 BABANO
1104 3938 1280 3983 DESUHPTAE.

155 4051 251 4104 ³Duie
269 4051 329 4105 istae
349 4052 467 4106 Domino
486 4053 594 4106 dilectio.
613 4070 733 4115 sororeS,
756 4053 826 4106 duas
847 4053 1005 4120 vitasCVl,
1020 4059 1092 4124 part.
1107 4069 1126 4120 1,
1143 4056 1194 4109 col.
1209 4055 1268 4110 176.

118 4120 289 4245 spiritualem
306 4121 407 4192 quibus
422 4123 451 4176 iii
467 4123 597 4193 praesenti
609 4130 707 4177 sancta
716 4131 860 4177 exercetur
871 4125 918 4179 Ec·
993 4128 1144 4179 οΟιιειιιιιιι
1152 4125 1398 4208 antiquidicebant
1406 4128 1542 4197 oppidum
1551 4128 1612 4182 loeo
1622 4128 1748 4182 altissimo

147 4192 214 4257 esia,
226 4192 421 4246 demonstrant
437 4212 442 4246 :
460 4194 572 4248 Martha
582 4194 695 4264 quidem
704 4196 851 4255 actualem,
862 4212 919 4266 qua
958 4196 1053 4262 situm,
1065 4200 1147 4269 cujus
1163 4197 1361 4252 diminutivum
1376 4199 1523 4252 castellum
1534 4207 1586 4253 est.
1600 4201 1711 4263 liuban,
1722 4201 1748 4252 dr-

120 4263 246 4333 proximo
256 4264 285 4317 in
296 4264 434 4318 charitate
444 4265 599 4331 sociamur;
611 4265 699 4319 Maria
712 4282 776 4319 vero
791 4272 917 4321 conteni·
961 4267 1099 4334 Ctiivcrso,
1115 4267 1162 4321 lib.
1180 4286 1232 4331 xiv,
1249 4285 1309 4340 cap.
1323 4270 1351 4322 l.

118 4335 262 4404 plativam,
283 4352 339 4405 qua
354 4336 382 4389 iii
404 4336 454 4390 Dei
478 4353 573 4391 amore
596 4337 779 4407 suspiramus.
800 4339 915 4399 liuban,
994 4337 1004 4378 t
1019 4338 1155 4393 Bethania
1168 4345 1229 4394 erat
1244 4341 1338 4393 villula
1352 4341 1409 4394 sive
1423 4341 1521 4394 civitas
1536 4342 1566 4395 in
1579 4342 1667 4395 latere
1680 4355 1746 4394 mon·

120 4406 224 4459 llomi't.
236 4409 268 4459 iii
279 4409 429 4474 Arriimpt„
446 4424 478 4460 cii
491 4410 561 4462 llcda
577 4411 608 4461 iii
621 4410 731 4472 Lucam,
745 4407 792 4461 lib.
804 4423 841 4474 ιιι,
856 4426 916 4479 cap.
959 4409 996 4463 tis
1006 4410 1117 4475 Oliveti,
1135 4411 1215 4481 quasi
1230 4411 1328 4465 stadiis
1343 4411 1500 4481 quindecim
1517 4411 1554 4465 ab
1569 4412 1743 4470 Hierusalem,

122 4477 165 4535 10.
180 4482 200 4529 t.
218 4478 268 4542 ΙΙΙ,
285 4479 388 4532 Hamil.
401 4481 430 4532 in
446 4480 584 4548 issinnpt.
601 4485 622 4532 t.
638 4479 671 4532 V.
959 4481 1032 4534 sicut
1046 4482 1168 4535 ioannes
1188 4482 1359 4552 evangelista
1378 4482 1549 4546 manifestat,
1570 4482 1618 4537 ubi
1637 4484 1743 4537 Lazarus

156 4546 391 4613 ιἸΙιιιίιιίιοιιιιιιῃ
407 4549 434 4603 id
450 4555 493 4604 est
511 4551 698 4604 recentiorum
715 4569 720 4602 :
739 4550 841 4604 locutio
862 4551 917 4605 lia·
959 4552 1109 4606 suscitatus
1123 4560 1166 4606 est
1180 4569 1197 4605 a
1212 4554 1339 4607 mortuis.
1356 4555 1470 4618 haeai,
1489 4558 1519 4607 i'n
1536 4557 1645 4620 itattti,
1657 4554 1701 4607 lib.
1713 4568 1741 4615 vi,

121 4616 192 4671 bano
207 4618 363 4674 familiaris
376 4651 408 4659 —
419 4622 527 4675 Harum
542 4623 685 4676 civitatum
701 4628 849 4692 utramque
860 4639 918 4675 mo
958 4638 1018 4692 cap.
1034 4623 1078 4687 m,
1095 4626 1210 4677 calteria
1228 4628 1258 4678 iii
1272 4627 1370 4689 altura,
1387 4624 1434 4677 lib.
1451 4642 1489 4689 ιιι,
1509 4642 1571 4696 cap.
1594 4626 1638 4681 ll.
1661 4632 1681 4679 t.
1700 4623 1740 4677 ΙΙΙ.

119 4688 214 4743 deruis
234 4690 407 4759 temporibus
425 4692 530 4763 absque
552 4709 697 4746 murorum
715 4692 822 4747 ambitu
844 4709 914 4747 esse.
958 4693 1095 4749 Bethania
1107 4694 1173 4748 villa
1192 4695 1313 4749 secundo
1332 4695 1367 4748 ab
1383 4696 1455 4749 AElia
1472 4696 1605 4750 milliario
1620 4696 1648 4750 in
1668 4697 1740 4749 latere

119 4762 224 4815 aaran.
238 4761 387 4815 Coiiiiiieiit.
406 4766 436 4816 iii
449 4765 556 4828 Marti,
571 4763 618 4818 lib.
635 4781 662 4828 ii,
679 4780 739 4834 cap.
756 4765 782 4817 l.
799 4793 831 4803 —
847 4765 917 4817 Mul·
959 4766 1061 4819 montis
1084 4766 1194 4832 Oliveti,
1220 4767 1268 4820 ubi
1288 4767 1416 4820 Salvator
1435 4768 1574 4821 Lazarum
1600 4765 1737 4821 suscitavit.

119 4838 180 4886 tum
193 4832 287 4887 dolere
303 4838 422 4904 poterat,
438 4835 588 4888 modernos
608 4834 756 4905 providens
777 4834 914 4888 Christus.
959 4835 1066 4889 Rabani
1080 4839 1112 4890 dc
1127 4838 1265 4904 Universa,
1282 4837 1329 4890 lib.
1345 4856 1398 4904 xiv,
1413 4854 1474 4909 cap.
1490 4839 1579 4892 l.-a
1594 4837 1737 4892 blillian'im

119 4905 236 4962 Ratun,
254 4906 285 4957 dc
299 4908 426 4958 Passione
446 4907 568 4959 Doiiiini.
588 4936 618 4946 —
638 4906 766 4958 Tlicsnnr.
788 4907 914 4959 illiccdot.
958 4906 1034 4960 inille
1060 4906 1188 4979 passibus
1211 4910 1389 4963 terminatur.
1413 4909 1553 4976 Stadium,
1574 4918 1670 4964 octava
1687 4921 1736 4978 para

120 4977 220 5031 noviss.
238 4991 256 5028 a
270 4977 298 5028 ll.
316 4977 403 5035 Penio,
419 4982 440 5029 t.
458 4977 503 5039 lV,
517 4982 587 5047 part.
605 4994 631 5036 ι,
648 4994 675 5047 p.
693 4977 735 5030 tl.
959 4977 1084 5032 milliarii
1097 4986 1148 5045 est,
1159 4985 1288 5034 constans
1299 4979 1427 5050 passibus
1436 4986 1550 5034 eentum
1564 4981 1661 5052 viginti
1672 4978 1735 5049 quin·

155 5047 346 5113 aestimatas,
365 5064 382 5099 a
396 5053 561 5113 anteponere,
578 5049 620 5100 vel
644 5051 827 5115 cotepoiv'mra
844 5068 850 5102 :
867 5065 917 5102 seu
958 5051 1088 5118 quelloc
1096 5051 1219 5121 primum
1227 5052 1373 5105 Herculem
1381 5051 1625 5112 statuissedieunt,
1635 5061 1735 5118 eumque

120 5116 280 5185 praedicare,
296 5118 411 5185 docere;
424 5118 507 5183 unde,
522 5122 681 5186 ratrporiar,
693 5118 768 5172 idem
779 5118 847 5173 mihi
857 5135 916 5175 esse
957 5136 990 5173 eo
1004 5121 1094 5192 spatio
1105 5122 1281 5190 terminasse,
1296 5123 1368 5193 quod
1383 5123 1444 5192 ipse
1454 5121 1505 5176 sub
1516 5140 1573 5178 uno
1581 5122 1677 5194 spiritu
1685 5133 1735 5174 coi·

119 5186 230 5240 videtur
243 5191 458 5243 acdocumciito.
956 5190 1075 5256 fecisset,
1106 5209 1137 5246 ac
1161 5193 1277 5264 proinde
1300 5194 1422 5248 stadium
1444 5194 1622 5264 appellasset,
1647 5189 1733 5263 quoin

155 5255 285 5313 dSancto
303 5261 462 5331 appellatur
479 5263 577 5314 ciuitas
602 5261 776 5316 Hierusalem
800 5267 916 5333 propter
956 5262 1042 5316 finem
1058 5263 1233 5334 respirasset,
1250 5265 1388 5335 simulque
1408 5267 1542 5319 stetisset.
1562 5287 1572 5316 i
1590 5264 1669 5325 ibid..
1685 5276 1731 5329 cap·

117 5327 255 5396 templum
268 5336 298 5384 et
311 5338 408 5385 sancta
423 5338 594 5393 sanctorum,
615 5339 644 5387 ct
658 5332 692 5386 ob
707 5333 915 5387 distinctionem
955 5334 1000 5388 ti.
1023 5337 1082 5388 Vide
1098 5337 1197 5389 ttcdain
1214 5339 1242 5389 iii
1256 5338 1330 5395 liic..
1348 5335 1443 5399 libri,
1460 5352 1521 5407 cap.
1538 5336 1583 5401 it,
1598 5344 1618 5390 t.
1635 5335 1680 5389 ΙΙΙ.

118 5395 237 5450 aliarum
247 5399 369 5465 urbium,
382 5403 411 5456 in
421 5403 522 5473 quibus
532 5403 784 5458 idolacolebantur.
796 5407 911 5469 Babae„
990 5417 1005 5457 a
1019 5405 1156 5459 Bethania
1170 5423 1265 5477 quam,
1278 5408 1481 5478 lerosolymam
1494 5415 1637 5473 venturus,
1654 5403 1732 5463 Salva·

118 5469 149 5519 iri
164 5469 323 5523 Mortalia.
339 5488 394 5535 ιιιι,
410 5490 470 5544 cap.
491 5474 536 5535 ti,
556 5491 587 5528 en
609 5477 678 5529 [tacta
694 5479 724 5529 iii
739 5477 847 5533 nitet..
864 5475 911 5529 lib.
954 5480 1000 5529 tor
1009 5477 1163 5547 praesentiae
1173 5495 1231 5533 suae
1240 5478 1402 5548 dignatione
1411 5478 1580 5534 sublimavit.
1599 5474 1696 5535 musii
1708 5476 1730 5523 it

117 5552 153 5599 iv,
169 5553 230 5609 cap.
246 5539 291 5599 ai.
307 5548 328 5595 t.
342 5543 391 5597 ΙΙΙ.
407 5544 476 5598 Vide
500 5544 712 5617 Hieronymum,
734 5546 867 5601 iledibiae.
891 5553 911 5605 t.
955 5548 1061 5614 Metti,
1078 5547 1156 5608 ibid..
1173 5551 1294 5606 inuida.
1311 5555 1331 5603 t.
1348 5550 1397 5604 ΙΙΙ.
