3772 6120
119 298 152 354 81
417 299 449 353 B.
472 296 607 352 annam
627 294 744 349 tinum
765 294 932 349 ARL'HlEl’.
953 294 1116 350 MOGUN'l'.
1138 295 1286 350 OPERUM
1304 295 1396 350 PARS
1415 295 1465 350 111.
1726 294 1761 349 88

119 420 211 474 cordis
226 421 269 475 sui
281 418 478 475 indeflexibilis
492 419 528 471 sit
542 416 690 485 dirigenda
705 415 917 486 perspicacitas:
928 417 1053 476 Aaerem
1067 433 1186 470 vacuum
1206 423 1235 470 et
1251 416 1373 483 inanem,
1397 418 1505 488 aliquos
1527 424 1622 472 tamen
1643 418 1671 470 in
1693 433 1760 470 aere

118 526 175 563 non
198 510 287 564 currit
309 510 338 562 in
359 509 506 570 incertum,
527 505 593 575 quia
617 504 780 557 obliviscens
800 521 833 556 ea
854 521 915 574 quie
956 504 1758 576 verberare:etquiahaeccertaminumgencrasuperare·

118 599 274 669 posteriora
287 603 362 661 sunt,
379 595 504 650 extendit
516 610 546 647 se
563 593 599 647 ad
617 592 798 659 destinatum,
820 609 915 662 perse·
956 600 1010 656 rat,
1027 600 1055 647 et
1069 594 1174 647 ditatus
1191 595 1343 648 multarum
1358 611 1525 648 coronarum
1545 594 1693 666 stipendiis
1713 594 1759 647 in-

119 702 208 757 quens
215 685 251 740 ab
257 685 385 739 bravium
395 699 523 754 supernae
535 681 688 736 vocationis
700 681 751 734 Dei
764 681 793 734 in
805 681 915 735 Christo
956 681 1080 747 cedebat,
1093 699 1149 736 non
1163 683 1304 736 immerito
1317 682 1507 737 robustiorum
1519 683 1645 737 hostium
1658 682 1762 753 incipit

118 775 185 829 Jesu
199 791 255 845 quo
269 770 688 844 semperdirigenssuaementis
699 768 916 834 obtutum‚etad
956 769 1049 824 suirire
1064 771 1227 835 luctamina,
1244 788 1276 824 ac
1290 771 1429 841 prioribus
1447 771 1556 826 aemulis
1574 772 1759 842 triumphatis

119 880 185 918 eum
193 863 269 916 omni
277 861 369 915 cordis
382 860 577 931 properatione
590 859 725 912 festinans.
736 875 800 911 cum
815 859 917 913 liducia
957 875 1020 912 cum
1035 859 1137 913 fiducia
1150 860 1305 930 proclamat
1319 865 1347 913 et
1360 860 1447 913 dicit:
1468 862 1533 913 Janr
1551 876 1607 913 aon
1623 865 1661 913 cst
1680 861 1759 914 aobir

119 948 311 1023 proclamabat
327 968 332 1002 :
349 951 455 1004 honora
469 964 584 1016 aaoaera
598 950 708 1013 certari,
727 963 841 1000 mirsam
856 964 916 1001 coa·
958 950 1113 1001 colluctatio
1124 949 1377 1002 adacrstrscarncra
1393 954 1417 1001 ct
1428 949 1760 1015 sanguinariascdadacr-

119 1042 268 1104 sarrraceni,
285 1040 366 1106 fidem
389 1040 509 1093 seniori:
532 1040 560 1089 et
580 1036 647 1106 quia
666 1052 695 1088 se
716 1040 833 1089 noverat
855 1042 918 1105 post
958 1052 1004 1088 sas
1016 1039 1200 1104 principat-us,
1213 1037 1343 1090 adiiciant
1348 1041 1498 1104 potestates,
1510 1039 1640 1090 aduersus
1657 1039 1760 1091 errandi

120 1127 235 1195 odorem
257 1132 465 1197 unguentorum
487 1124 590 1178 Christi
613 1125 721 1195 perpati
742 1124 917 1178 conscientia
959 1126 1761 1193 rectorcstracbraramharant,carricaspiritalianeqar'tia·

119 1216 266 1271 devotione
277 1214 488 1285 infatigabiliter
499 1213 655 1267 cucurrisse
669 1218 698 1266 ot
705 1212 839 1282 spiritalis
853 1229 918 1282 ago-
958 1215 989 1266 in
1003 1213 1150 1265 caelestibus
1165 1213 1269 1281 (Epiros.
1286 1215 1334 1280 rr).

121 1305 164 1360 nis
178 1310 331 1369 certamen,
347 1303 438 1356 carnis
446 1301 629 1370 castigatione
641 1301 748 1366 vicisse,
765 1318 828 1354 cunr
845 1300 917 1354 sidu-
1276 1354 1429 1408 CAPUTX

121 1394 166 1448 cia
179 1391 264 1447 infert
279 1410 285 1444 ε
301 1393 332 1444 de
346 1395 439 1445 cetero
453 1394 570 1459 reposita
584 1396 621 1443 cst
639 1391 710 1442 inihi
724 1405 825 1443 corona
835 1391 919 1458 jasti-
1407 1396 1416 1408 ·
1434 1395 1439 1406 ·

123 1485 175 1547 tia,
191 1496 275 1550 qaam
290 1480 382 1533 reddet
402 1480 474 1531 mibi
497 1480 628 1531 donnaus
648 1481 679 1530 in
698 1480 750 1530 illa
768 1478 811 1530 die
824 1481 919 1544 justas
960 1475 1091 1544 Reprobat
1104 1475 1245 1544 Apostolus
1261 1479 1459 1544 participantes
1479 1494 1511 1530 ce
1529 1479 1619 1541 idolis,
1641 1484 1665 1531 et
1686 1481 1759 1533 docet

117 1571 213 1637 jum,
229 1575 263 1622 ut
276 1573 305 1622 e,
318 1566 397 1621 nobis
413 1582 523 1637 quoque
533 1565 656 1619 similem
668 1582 746 1635 spem
761 1565 920 1619 retributio,
1007 1548 1714 1615 qnorrradoatendnrnsitiisqaainnnolaataridolis.

123 1657 167 1711 nis
179 1656 311 1727 aperiret,
331 1656 354 1709 si
373 1655 402 1708 in
421 1671 511 1724 agone
524 1669 622 1707 cursus
640 1653 722 1707 istius
736 1654 840 1708 imitari
856 1671 919 1709 eum
997 1652 1065 1706 Nolo
1080 1655 1155 1706 enim
1168 1668 1213 1705 aas
1223 1655 1362 1719 iqaorare.
1374 1656 1485 1720 fratres,
1497 1658 1564 1722 qnia
1571 1660 1664 1722 patres
1671 1659 1763 1708 nostri

123 1745 250 1811 velimus,
272 1749 300 1797 et
313 1744 435 1814 adjecit:
452 1743 514 1797 ll'oa
528 1745 616 1796 saluar
631 1748 724 1796 autem
740 1743 820 1807 railn',
835 1745 881 1796 sed
896 1749 919 1796 ct
930 1729 1054 1795 Bornrrcs
1069 1742 1118 1794 trib
1133 1742 1203 1795 arabe
1216 1743 1342 1809 fuerant,
1351 1748 1474 1795 ctomncs
1485 1758 1535 1810 per·
1550 1758 1627 1795 marc
1641 1747 1762 1796 transic-

124 1833 251 1886 ornnr'bar
263 1835 314 1901 qai
326 1834 449 1899 diliguat
464 1832 613 1885 adoratam
622 1834 689 1899 rjais,
706 1830 855 1900 participes
871 1847 921 1884 nos
962 1835 1040 1893 rant,
1057 1835 1082 1882 ct
1097 1845 1189 1883 carries
1203 1832 1235 1882 in
1250 1831 1340 1896 Moyse
1349 1831 1482 1898 baptizati
1491 1836 1567 1893 sient,
1576 1834 1606 1884 ia
1617 1832 1688 1884 arabe
1701 1835 1765 1884 etin

124 1937 233 1975 coronae
243 1936 300 1975 sure
313 1921 342 1974 in
357 1920 402 1974 die
414 1920 513 1990 judicii
532 1918 591 1972 sore
606 1920 800 1989 pronuntians,
817 1920 840 1972 si
856 1919 921 1973 dili·
963 1921 1048 1970 inari.
1060 1917 1221 1970 ludaeorum
1231 1919 1358 1987 exemplo
1373 1918 1421 1988 qui
1431 1918 1604 1988 negligentia
1614 1935 1666 1972 sua
1678 1920 1765 1974 allen·

123 2015 222 2081 gentes
243 2009 393 2063 adventum
413 2008 527 2075 curisti,
550 2025 606 2062 non
627 2008 706 2061 illum
723 2013 846 2074 tantum,
874 2009 921 2079 qui
963 2006 1074 2070 derunt,
1091 2005 1224 2060 sollicitos
1243 2023 1293 2059 nos
1312 2007 1371 2060 vult
1390 2024 1459 2072 esse,
1482 2007 1600 2078 ideoque
1617 2007 1669 2061 sub
1689 2008 1765 2063 nube

125 2098 211 2152 etiam
231 2097 391 2152 nolentibus
414 2096 569 2168 apparebit,
592 2098 641 2150 sed
660 2097 746 2150 etiam
765 2097 848 2162 hunc,
874 2098 922 2168 qui
964 2094 1031 2148 dicit
1045 2094 1283 2164 illossuisse,quia
1295 2095 1765 2167 omniaquacgestasuntinligura

125 2187 250 2258 quotidie
264 2187 294 2240 in
315 2187 419 2240 sanctis
439 2186 596 2240 committat
614 2185 761 2240 animabus
777 2185 922 2240 victoriam
964 2183 1052 2236 nostri
1066 2182 1219 2236 factasunt
1237 2190 1269 2237 ut
1285 2184 1411 2238 veritatis
1430 2191 1532 2238 nostrie
1552 2185 1594 2238 illi
1613 2184 1765 2240 habuerint

125 2275 921 2345 certaminis,castigationecorporisacquiramus.Dequo
965 2271 1115 2342 imaginem
1138 2290 1143 2323 :
1164 2273 1283 2326 contecti
1304 2273 1379 2326 enim
1402 2272 1476 2327 nube
1496 2281 1525 2326 et
1542 2273 1576 2326 ab
1595 2273 1764 2329 adversariis

125 2363 423 2418 adrentuDominusin
433 2363 583 2432 Evangelio
599 2381 604 2415 :
623 2364 685 2430 Epo,
698 2363 799 2433 inquit,
811 2365 922 2417 etl’atcr
964 2361 1022 2413 suis
1036 2361 1214 2431 tutipreostiti
1225 2363 1293 2415 dum
1304 2379 1320 2414 a
1331 2361 1537 2415 morteliberati
1546 2369 1621 2428 sunt,
1628 2362 1763 2433 baptizati

125 2468 201 2506 ineas
220 2455 360 2506 coaternus
381 2458 405 2505 ct
424 2455 595 2505 onerationem
617 2453 692 2520 apud
710 2469 772 2505 enin
790 2455 923 2520 faciemus
963 2448 1104 2504 dicuntur.
1119 2450 1177 2504 Illis
1191 2450 1277 2514 enim,
1293 2450 1321 2502 id
1337 2456 1388 2511 cst,
1404 2451 1542 2521 AEgpptiis
1556 2451 1585 2504 in
1600 2452 1671 2505 mari
1685 2468 1763 2506 mor-

127 2542 304 2608 (Joaa.xrv);
320 2540 466 2593 etiterum
484 2558 490 2592 ε
510 2541 572 2593 Ecce
592 2557 638 2607 epo
659 2546 699 2593 sto
717 2542 754 2593 ad
772 2544 883 2605 ostiam,
898 2546 924 2594 et
963 2539 1030 2605 tuis,
1047 2539 1115 2592 dum
1123 2539 1162 2603 hi,
1174 2539 1244 2592 duce
1254 2539 1359 2609 Moyse,
1371 2538 1491 2593 feliciter
1503 2546 1659 2598 transeunt.
1672 2541 1763 2611 erepti

123 2631 213 2697 palso.
228 2628 260 2684 Si
274 2631 335 2698 qais
345 2630 467 2681 audierit
481 2644 569 2681 carcar
579 2644 669 2682 incarn
682 2634 706 2682 ct
721 2633 864 2697 aperuerit
874 2632 922 2696 ja·
964 2627 1697 2698 suntamorte,quodpraestatbaptismum,nonenim
1707 2629 1763 2683 illis

125 2732 224 2783 naara,
240 2717 360 2770 introibo
374 2717 412 2769 ad
422 2718 514 2777 illam,
529 2722 552 2769 et
567 2718 673 2770 canabo
683 2733 743 2770 carn
761 2720 855 2777 iliaci
870 2721 923 2786 ipsc
965 2715 1605 2787 praeteritamalaimputatasunt,sedpermare
1615 2723 1763 2789 etpernu-

126 2821 232 2858 mecara
247 2807 337 2873 (apoc.
353 2807 401 2872 ιιι).
422 2805 480 2857 Nec
497 2810 592 2857 tamen
610 2820 728 2874 agonem
743 2821 840 2860 cursus
858 2812 923 2858 tan·
965 2802 1027 2856 bem
1033 2803 1173 2874 purificati
1181 2804 1403 2873 praeparatisunt
1413 2805 1448 2858 ad
1462 2806 1652 2876 accipiendam
1661 2806 1763 2876 legem,

125 2892 272 2946 tummodo
296 2909 504 2947 consummasse
526 2909 556 2944 se
581 2892 721 2955 describit,
746 2909 809 2946 cum
828 2893 920 2947 dicit:
965 2891 1764 2949 etsormamsuturisacramentinostridtornnescoracem

125 2979 157 3037 Si
170 2997 263 3048 carro,
284 2997 340 3035 aon
357 2985 437 3051 quati
456 2985 487 3035 ia
509 2984 654 3048 incertam,
676 2982 748 3051 quod
767 2981 925 3052 specialiter
964 2996 1052 3034 escam
1066 2983 1221 3048 spiritalem
1236 2982 1360 3037 ederunt.
1381 2988 1405 3035 ct
1422 2999 1514 3036 ornnes
1530 2985 1653 3036 citandam
1666 2990 1763 3052 potam

127 3074 237 3124 tantum
251 3069 372 3124 refertur
385 3071 420 3123 ad
431 3071 614 3125 intentionem
629 3070 731 3123 mentis
745 3077 773 3123 et
787 3070 924 3124 servorem
935 3044 1120 3137 capicitatem
1134 3069 1274 3128 dicernat.
1289 3071 1416 3123 bibebant
1426 3077 1517 3124 anteat.
1528 3073 1560 3124 de
1569 3074 1694 3139 spiritali
1704 3090 1765 3126 roa-

126 3158 241 3230 spiritus
256 3159 309 3225 sui,
326 3159 375 3230 qui
392 3166 451 3212 toto
473 3159 615 3213 Christum
637 3158 808 3229 sequebatur
825 3159 924 3212 ardore
965 3161 1088 3225 scqncatr'
1101 3162 1223 3225 carpetra
1235 3177 1243 3211 .·
1251 3164 1330 3226 petra
1340 3164 1430 3212 cratein
1443 3165 1502 3211 erat
1513 3161 1647 3213 (laris-ras.
1658 3161 1763 3223 (Amba

126 3263 190 3302 cum
204 3263 307 3317 sponsa
320 3246 472 3301 decantans
488 3266 493 3299 :
512 3250 571 3301 Post
587 3253 610 3301 le
622 3251 654 3301 ia
672 3248 781 3300 odorem
796 3263 922 3314 arrprrca-
964 3246 1069 3299 Manna
1083 3249 1223 3316 ctaquam
1240 3262 1301 3316 qua
1316 3247 1397 3300 lluxit
1411 3247 1446 3299 dc
1461 3255 1541 3325 petra
1553 3248 1610 3302 hac
1623 3248 1691 3303 dicit
1705 3251 1764 3320 spi-

126 3341 339 3390 toramtaorant
350 3338 506 3395 carri-inus:
519 3336 658 3389 etiterum
676 3353 681 3388 :
699 3337 923 3389 ,lilliaritan-iraa
964 3333 1069 3401 citello,
1084 3333 1152 3404 quia
1164 3350 1221 3387 non
1239 3335 1337 3389 muudi
1355 3334 1416 3406 lego
1431 3343 1529 3405 parata
1546 3344 1625 3402 sunt3
1647 3338 1695 3391 sed
1711 3340 1765 3392 vir-

48 3447 53 3465 ·
126 3440 186 3477 *raca
198 3429 257 3492 post
273 3430 296 3478 te
311 3443 319 3477 :
335 3424 384 3477 sed
401 3424 486 3477 etiam
501 3424 577 3477 aliud
586 3424 790 3478 colluctationis
796 3441 922 3493 geuusse
963 3428 1025 3476 tute
1040 3422 1090 3476 Dei
1100 3423 1160 3475 sine
1175 3424 1379 3478 elementorum
1395 3424 1591 3478 commixtione
1607 3425 1764 3497 adtempus

125 3511 223 3566 vicisse
234 3517 356 3567 testatur
368 3512 463 3565 dicens
480 3531 485 3564 :
502 3514 549 3567 Sic
560 3528 653 3580 papno
668 3529 724 3565 non
739 3516 819 3580 qnasi
833 3529 921 3567 aerem
964 3517 1067 3571 creata,
1080 3510 1213 3565 habentia
1223 3512 1251 3565 in
1262 3530 1291 3565 se
1306 3514 1425 3581 liguram
1435 3513 1522 3565 futuri
1538 3515 1675 3584 mysterii,
1688 3516 1762 3585 quod

124 3602 280 3667 turbarant,
292 3602 552 3669 sedcastipocorpas
565 3603 922 3670 aromaetserritatisabji·
964 3617 1039 3655 nunc
1060 3616 1111 3653 nos
1134 3600 1271 3654 sumimus
1295 3601 1325 3654 iu
1345 3602 1641 3655 commemorationem
1658 3603 1764 3659 Christi

124 3692 174 3754 cia,
191 3690 266 3760 quod
279 3689 391 3761 proprie
406 3689 442 3743 ad
458 3689 636 3743 coutinentia
650 3689 761 3743 dolores
780 3695 808 3742 ct
825 3707 923 3760 corpo·
964 3688 1087 3743 Domini.
1103 3688 1168 3743 ldco
1182 3696 1211 3742 et
1229 3689 1310 3759 panis
1329 3690 1493 3758 angelorum
1511 3689 1601 3744 dictus
1623 3697 1674 3757 est,
1697 3693 1765 3763 quia

124 3778 184 3832 rale
194 3778 346 3848 jejunium,
369 3785 454 3849 atque
476 3777 656 3833 afflictionem
678 3777 769 3831 carnis
792 3779 921 3848 pertinet,
964 3776 1137 3846 virtuteque
1152 3777 1245 3846 angeli
1260 3776 1417 3831 subsistunt
1431 3783 1541 3830 creatus
1553 3785 1605 3845 est,
1618 3779 1669 3832 hoc
1678 3779 1764 3848 signi-

124 3882 176 3937 per
189 3867 262 3921 hanc
272 3883 302 3920 se
317 3866 440 3938 pugilem
449 3868 599 3937 quemdam
609 3875 756 3921 strenuum
768 3884 824 3921 suae
833 3867 924 3920 carnis
965 3865 1061 3927 baras,
1078 3866 1190 3936 quiade
1204 3867 1426 3920 calisrcnturus
1441 3870 1510 3925 erat,
1531 3867 1579 3936 qui
1598 3867 1765 3938 spiritaliter

126 3971 186 4009 esse
205 3954 373 4022 describens,
389 3972 440 4009 nec
455 3955 484 4008 in
495 3972 598 4009 canum
618 3956 750 4009 adversus
771 3972 832 4009 earn
854 3956 924 4009 ictus
965 3961 1100 4024 pasceret.
1111 3955 1621 4025 UndeetrnannaprimumDominico
1632 3956 1765 4012 dievenit

125 4043 304 4097 continentiae
321 4043 476 4096 exercuisse
498 4043 658 4113 designans,
681 4045 729 4097 sed
748 4045 922 4115 triumphum
964 4043 999 4096 dc
1017 4043 1085 4096 calo
1105 4044 1139 4096 ad
1159 4045 1337 4097 saturitatem
1363 4044 1456 4114 populi
1486 4062 1491 4095 :
1523 4060 1643 4113 sequens
1668 4052 1765 4100 tamen

124 4146 227 4202 pugnae
246 4131 462 4184 mortificatione
482 4131 524 4184 sui
545 4133 668 4202 corporis
686 4133 847 4203 acquisisse,
868 4150 923 4203 quo
965 4138 1044 4202 petra
1060 4132 1202 4199 dictaest,
1219 4149 1280 4202 quaa
1296 4132 1464 4201 intelligitur
1483 4133 1611 4186 Christus
1626 4149 1686 4186 csse
1699 4152 1704 4185 :
1716 4134 1764 4187 ubi

124 4217 296 4284 verberibus,
325 4219 503 4273 continentiae
530 4220 722 4290 castigatione,
748 4221 922 4292 jejuniorum
966 4221 1041 4273 enim
1059 4219 1207 4274 deficiebat
1225 4221 1381 4274 humanum
1405 4222 1445 4274 eis
1470 4222 1645 4291 suffragium,
1666 4222 1767 4278 adorat

124 4307 266 4379 gressibus
278 4308 356 4374 eliso,
370 4308 467 4362 victori
480 4308 591 4379 spiritui
603 4309 824 4363 immortalitatis
841 4326 921 4363 coro·
965 4309 1107 4363 Christus:
1119 4309 1183 4363 ideo
1195 4308 1373 4380 sequebatur,
1387 4315 1418 4363 ut
1429 4310 1476 4363 ubi
1487 4311 1633 4364 defecisset
1642 4311 1690 4364 illc
1702 4311 1766 4365 sub-

125 4413 191 4451 nam
205 4403 234 4451 et
252 4397 470 4468 incorruptionis
485 4396 604 4451 contulit
623 4398 755 4469 palmam.
777 4397 861 4451 Vides
880 4359 954 4451 len
965 4398 1080 4464 reniret,
1096 4415 1147 4452 nec
1160 4398 1235 4451 enim
1251 4404 1331 4468 petra
1345 4415 1446 4468 aquam
1458 4399 1545 4459 dedit,
1561 4400 1610 4452 scd
1624 4399 1762 4455 Cluistus.

123 4486 255 4555 gitimum
269 4486 475 4541 colluctationis
490 4486 626 4541 ordinem.
645 4492 674 4539 et
687 4485 857 4556 spiritalium
865 4502 924 4540 cer·
963 4486 1041 4540 blare
1052 4486 1178 4540 Rubrum
1193 4486 1333 4556 significat
1347 4487 1527 4557 baptismum,
1545 4489 1654 4558 Moyses
1664 4489 1766 4542 ductor

123 4574 264 4628 taminum
290 4576 489 4646 contemplaris
515 4583 660 4637 eventum,
687 4575 924 4645 quemadmodum
963 4574 1763 4646 permarcRubrumsignisrcattlhristum,populustrans·

124 4662 232 4715 athleta
246 4661 350 4716 Christi
369 4664 487 4734 adeptus
501 4664 535 4717 de
554 4663 728 4717 rebellatrice
743 4678 826 4716 carno
840 4663 923 4716 ricto
964 4662 1024 4716 iens
1039 4662 1179 4732 siguificat
1194 4662 1298 4725 fideles,
1320 4679 1395 4716 mors
1412 4664 1607 4734 :Egyptiorum
1623 4664 1764 4731 sigmiticat

85 4800 90 4807 .
125 4749 197 4803 riam
210 4749 353 4815 citiorum,
373 4751 423 4819 illa
441 4751 566 4821 subjecta
583 4752 789 4824 quodammodo
806 4751 923 4821 pedibus
964 4749 1144 4804 abolitionem
1158 4758 1345 4821 peccatorum.
1358 4752 1764 4822 Nunquidnoneademercde·

41 4844 49 4859 ‘
124 4837 192 4902 suis,
209 4845 241 4891 ut
253 4836 380 4892 sublimis
394 4839 593 4909 triumphator,
609 4842 759 4904 invehitur,
777 4840 922 4895 etidcirco
964 4839 1032 4892 bant
1046 4855 1097 4909 per
1111 4856 1181 4909 quos
1195 4841 1253 4894 laec
1271 4840 1353 4909 sigma
1370 4841 1609 4906 monstrabantur,
1630 4858 1681 4911 per
1694 4859 1764 4912 quos

124 4942 181 4980 non
195 4926 284 4981 currit
295 4927 325 4981 in
339 4926 487 4993 incertum,
498 4930 563 4999 quia
577 4930 734 4984 considebat
748 4929 845 4983 urbem
861 4946 923 4983 san·
963 4945 997 4982 ca
1012 4945 1074 4998 qua
1083 4928 1222 4982 eredimus
1237 4930 1403 5000 prophetata
1413 4928 1692 4999 praenuntiabantur?
1707 4931 1765 4985 Uti-

124 5016 364 5072 ctamlemsalem
376 5016 517 5070 calestcm
528 5036 556 5070 se
568 5019 696 5087 protinus
711 5019 920 5089 ingressurum,
964 5034 1017 5087 que
1032 5016 1192 5080 credebant,
1209 5019 1257 5072 scd
1272 5018 1312 5072 illi
1328 5026 1454 5081 ventura,
1466 5035 1517 5071 nos
1532 5024 1627 5072 autem
1643 5019 1762 5073 venisse.

85 5100 90 5114 '
124 5104 164 5158 sie
185 5112 294 5176 pugnat
312 5104 431 5176 jejuniis
451 5105 557 5159 scilicet
578 5112 606 5158 et
626 5107 777 5161 afflictione
806 5106 920 5165 carnali,
964 5106 1029 5160 ldeo
1044 5113 1072 5159 et
1086 5107 1125 5160 sic
1139 5106 1188 5169 ait,
1200 5109 1324 5160 eltrudem
1338 5112 1432 5175 potitur
1448 5109 1603 5175 spiritalem.
1623 5108 1763 5171 biberunt,

125 5208 181 5248 uon
194 5193 274 5264 quasi
288 5208 383 5248 aerem
399 5193 557 5255 verberans,
574 5194 602 5247 id
622 5199 673 5257 est,
694 5212 750 5249 non
772 5195 800 5249 in
819 5211 922 5249 vanum
963 5195 1011 5249 sed
1026 5195 1181 5265 spiritalem
1199 5195 1340 5262 eumdem,
1352 5211 1417 5248 nam
1431 5195 1605 5266 corporalem
1614 5211 1670 5249 nou
1686 5212 1764 5250 eum-

119 5281 196 5336 ictus
212 5282 392 5337 continentia¹
411 5283 567 5354 porrigens,
588 5300 639 5354 per
657 5300 726 5353 quos
744 5301 800 5338 non
827 5300 922 5338 aerem
963 5284 1037 5337 decu.
1054 5284 1125 5347 Quid
1140 5285 1215 5338 enim
1239 5285 1278 5338 illi
1303 5283 1443 5350 biberunt,
1465 5285 1591 5338 lribcbaat
1611 5291 1705 5338 αιιιιιιι
1731 5287 1763 5339 de

124 5387 251 5437 vacuum,
267 5370 317 5425 sed
329 5370 392 5424 illos
406 5371 522 5441 spiritus
537 5372 623 5442 quiin
634 5381 831 5435 accersantur,
842 5372 922 5427 casti-
962 5376 1086 5442 spiritali
1097 5376 1270 5441 consequenti
1280 5378 1415 5441 carpetra,
1423 5378 1501 5441 petra
1509 5378 1602 5426 autern
1611 5379 1670 5426 erat
1684 5374 1763 5427 t'bri-

123 5459 237 5531 gatione
259 5458 303 5514 stri
325 5461 450 5530 corporis
467 5460 632 5516 verberabat
651 5479 657 5513 :
681 5461 728 5531 qui
748 5463 825 5516 enim
843 5461 920 5528 dicit,
963 5467 1029 5516 atas.
1042 5460 1141 5515 Videte
1152 5478 1218 5531 ergo
1229 5460 1628 5531 tidemanentesignavariata,
1636 5461 1674 5515 ibi
1681 5467 1761 5532 petra

126 5558 181 5603 aaa
196 5552 277 5617 quati
291 5560 382 5603 acerra
396 5551 551 5611 cerbaans,
563 5549 686 5605 ostendit
698 5567 728 5604 se
738 5550 851 5605 tamem
866 5566 922 5604 non
964 5550 1101 5615 Christus,
1117 5550 1197 5604 nobis
1207 5550 1335 5604 Christus
1344 5551 1418 5621 quod
1432 5551 1461 5606 in
1476 5550 1558 5604 altari
1568 5550 1619 5603 Dei
1634 5551 1758 5621 ponitur.
