3772 6120
145 282 191 339 tel
348 277 640 337 manturanen
657 280 698 335 IN
715 280 794 339 ΕΡΡ.
815 279 923 337 unum
940 279 1010 337 uls.
1030 277 1145 337 m-
1157 279 1197 337 IN
1215 278 1328 339 EPIST.
1347 268 1372 339 11
1387 280 1436 339 tu
1454 278 1577 339 THESS.
1729 285 1781 345 558

139 405 350 472 promissionem
365 404 457 468 (llebr.
470 406 519 472 xi),
535 403 593 475 Deo
614 404 723 459 scilicet
744 405 778 459 de
792 404 872 458 nobis
887 420 947 457 mc·
954 407 1062 473 Asuvi)
1080 403 1177 459 :Sicut
1192 407 1224 459 in
1237 405 1537 460 diebuslloedueebant
1546 422 1645 463 urerer
1657 413 1684 465 et
1697 408 1784 465 nube·

135 492 189 551 lius
203 492 275 562 quid
291 492 478 551 deliberante.
494 499 525 547 ut
536 509 571 547 ne
593 493 653 548 sine
668 494 748 547 nobis
768 510 945 547 consumma·
985 495 1062 557 buret,
1078 499 1102 546 cl
1122 498 1229 561 repente
1250 497 1324 548 eruit
1345 496 1484 548 diluuium
1503 499 1527 549 ct
1548 499 1615 551 tulit
1628 512 1731 564 omnes,
1745 501 1785 557 sic

134 590 244 641 rentur,
263 581 415 652 exquibus
440 588 518 652 patet
541 582 676 653 quoniam
701 600 765 638 cum
781 583 836 637 illis
849 589 879 635 et
892 581 944 653 ipsi
984 584 1181 637 ereturleenius
1195 583 1263 636 Filii
1277 584 1408 648 hominis,
1426 582 1527 657 quibus
1540 583 1717 643 sermonibus
1731 602 1784 663 ap·

135 669 243 724 habent
258 671 466 724 consummari:
484 671 680 740 sedquoniam
697 678 760 743 post
773 671 878 726 Christi
893 670 944 725 ud·
985 669 1120 741 probatur
1134 671 1164 725 in
1177 671 1232 725 sine
1255 671 1353 725 mundi
1376 672 1480 727 multos
1499 673 1574 731 vivos
1596 680 1625 731 et
1645 673 1738 733 cdhu
1754 674 1785 733 in

132 766 254 813 sentum
269 758 326 813 ista
339 758 489 825 scribebat,
502 760 537 814 ad
548 760 759 815 distinctionem
773 761 885 815 illorum
895 760 944 829 qui
984 758 1152 831 corporibus
1166 760 1358 833 reperiendos.
1369 761 1522 832 Sequitur:
1541 766 1674 833 injussu,
1684 766 1716 819 in
1725 781 1785 821 uoce

128 864 191 903 non
207 847 394 905 erediderunt
406 849 560 915 Christum,
576 849 633 903 ista
647 850 727 915 dixit,
740 867 773 905 eo
788 850 862 920 quod
874 848 944 919 justi
985 849 1147 919 erchunqeli
1154 855 1180 902 et
1194 853 1301 904 rivertui
1311 856 1456 919 rerurqent
1466 854 1563 921 primi,
1572 858 1599 907 et
1610 851 1786 911 merentem

125 936 183 1007 qui
198 942 272 991 ante
288 937 442 993 advean
459 939 521 1007 ejus
541 938 666 1003 suerunt,
682 942 821 1008 quantum
844 936 946 991 attinet
986 937 1114 995 Salvator
1127 937 1252 1011 loquitur
1264 938 1296 993 iu
1307 938 1476 1011 Evangelio:
1492 940 1582 995 llediu
1597 945 1692 997 autem
1709 947 1785 1001 nocte

123 1024 168 1081 ad
182 1025 419 1089 eos,seeundun1
441 1025 586 1097 preprium
612 1031 725 1098 tempus
747 1025 946 1081 laboraverunt
986 1043 1099 1097 sporum
1110 1030 1183 1081 uenit
1198 1028 1302 1095 (leid),
1319 1027 1367 1099 qui
1380 1027 1479 1101 utique
1489 1027 1612 1085 viventes
1625 1029 1656 1087 iu
1668 1047 1785 1107 corpore

119 1122 162 1171 et
174 1119 300 1186 propter
313 1115 642 1185 boeiustnrationecum
652 1115 708 1171 illis
718 1113 943 1186 disputabantur.
986 1115 1187 1186 deprehendet,
1203 1116 1316 1187 quando
1331 1122 1415 1173 crunt
1429 1118 1484 1171 due
1502 1119 1535 1171 in
1549 1120 1614 1175 lecto
1631 1134 1698 1186 uno,
1710 1136 1784 1179 nnus

120 1202 284 1271 (Hieron.)
298 1204 381 1269 Quod
394 1210 491 1261 autern
515 1205 629 1274 quidum
643 1204 820 1274 interrogant
834 1203 869 1257 de
880 1203 943 1269 hoc,
985 1211 1153 1269 mactentur,
1173 1210 1197 1261 et
1216 1208 1293 1261 elius
1317 1208 1493 1277 relinquetur
1508 1225 1516 1259 .·
1532 1212 1556 1261 el
1570 1208 1632 1265 dua
1645 1211 1783 1279 molentes,

116 1292 213 1364 quod
228 1292 301 1349 dicit
314 1293 457 1364 apostolis
479 1293 508 1349 in
521 1292 644 1349 adrervtu
660 1293 772 1349 Domini
793 1291 944 1349 Salvatoris
987 1309 1045 1349 uno
1057 1300 1247 1349 msunuluret
1260 1297 1320 1351 alic
1330 1297 1506 1367 relinquetur
1517 1296 1786 1373 (Metth.xxrv),qui·

117 1381 197 1452 rapi
217 1381 359 1452 quosdam
384 1382 507 1439 viventes
531 1382 640 1437 obviam
665 1382 694 1437 in
711 1381 841 1450 nubibus,
858 1381 899 1437 itu
913 1386 946 1437 ut
986 1381 1038 1439 bus
1052 1382 1136 1439 dictis
1151 1383 1309 1439 ostenditur
1322 1383 1416 1439 medio
1430 1383 1520 1440 noctis
1533 1385 1640 1443 securis
1655 1386 1786 1445 omuibus

119 1486 192 1529 non
204 1471 417 1541 praeveniantur
425 1471 460 1525 ab
470 1471 514 1527 his
527 1471 576 1543 qui
591 1472 621 1526 iu
636 1472 747 1527 Christo
756 1471 943 1536 dormierunt,
986 1471 1259 1527 consummationem
1271 1472 1373 1530 mundi
1385 1489 1447 1529 esse
1462 1477 1621 1543 venturam,
1633 1475 1713 1533 utait
1725 1476 1787 1535 Dri-

113 1560 295 1630 uoluntque
310 1576 392 1616 nosse
408 1567 504 1615 unum
520 1560 560 1615 sic
575 1567 725 1617 occurrant
738 1561 768 1617 in
781 1559 945 1632 corporibus
983 1560 1106 1631 genesin
1116 1560 1200 1617 tertio
1210 1561 1352 1619 volumine
1364 1562 1530 1617 euellenda
1536 1579 1585 1617 nos
1595 1566 1646 1633 qui
1655 1566 1785 1631 uiuimus,

118 1654 164 1705 ot
187 1664 250 1705 nou
277 1655 345 1703 ante
367 1649 536 1716 moriantur,
568 1666 633 1706 oum
648 1656 677 1705 et
690 1649 827 1705 Dominus
849 1656 946 1704 noster
985 1653 1035 1718 qui
1047 1653 1151 1719 reliqui
1163 1666 1270 1717 turtius,
1285 1654 1444 1706 siruuleunv
1458 1653 1517 1705 illis
1531 1666 1677 1723 rapiemur
1689 1654 1720 1708 in
1734 1669 1788 1709 nu-

121 1744 273 1795 nonnus
288 1738 335 1804 sit,
346 1743 381 1793 et·
396 1738 489 1793 Enoch
503 1745 587 1809 atque
605 1739 680 1793 Elias
700 1739 857 1793 secundum
870 1740 946 1810 Apo·
956 1739 1064 1801 Bbidus
1080 1740 1188 1793 obviem
1207 1741 1324 1794 llornino
1344 1743 1375 1794 in
1398 1755 1471 1805 ecre,
1487 1745 1512 1794 ct
1534 1743 1574 1795 itu
1595 1756 1701 1810 semper
1723 1758 1787 1797 cum

120 1826 271 1899 alypsin
285 1827 402 1883 loannis
420 1827 550 1883 morituri
565 1845 626 1883 esse
640 1829 780 1892 dicamur,
790 1845 826 1883 ne
841 1827 948 1882 scilicet
986 1827 1104 1882 llonvino
1115 1830 1231 1883 ericius.
1243 1828 1283 1883 De
1294 1845 1349 1899 quo
1360 1827 1487 1899 quamvis
1502 1828 1631 1901 superior
1643 1830 1739 1887 Aeacii
1747 1830 1789 1888 di-

122 1915 216 1975 uibus
230 1916 273 1971 sit
284 1916 335 1986 qui
350 1932 406 1970 nou
419 1917 575 1987 gustaverit
588 1924 719 1983 mortem,
736 1917 789 1971 hoo
803 1934 836 1973 ex
858 1917 947 1988 ipsius
987 1915 1111 1986 sputatio
1121 1916 1232 1986 plenius
1241 1917 1392 1985 ventilarit,
1401 1921 1497 1971 minen
1511 1917 1662 1974 dicendum
1672 1919 1788 1993 estquid

123 2004 385 2061 munneutialoei
400 2005 465 2061 seiri
478 2011 580 2077 potest.
597 2007 679 2070 Quod
693 2006 784 2063 sancti
798 2006 848 2077 qui
862 2006 947 2061 inad-
987 2003 1115 2061 rideatur
1142 2004 1214 2071 aliis,
1243 2004 1389 2063 Theodoro
1412 2004 1550 2072 videlicet,
1569 2007 1744 2079 Appollinnri
1758 2013 1788 2065 et

124 2102 227 2149 ventu
242 2094 397 2149 salvatoris
411 2094 443 2150 in
463 2111 580 2166 corpore
601 2095 708 2152 luerint
722 2095 900 2166 deprehensi,
916 2095 946 2150 in
987 2092 1118 2160 Diodoro,
1136 2094 1184 2165 qui
1201 2110 1286 2149 unam
1300 2100 1458 2166 sequuntur
1469 2094 1650 2163 seutentiam,
1666 2113 1788 2171 quorum

124 2182 244 2241 iisderu
258 2182 422 2254 corporibus
436 2190 586 2239 occurram
600 2184 635 2251 ei,
650 2184 691 2241 ita
704 2189 800 2239 tamen
815 2190 848 2240 ut
856 2184 946 2255 inglo-
986 2181 1124 2239 Diodorvrs
1135 2183 1195 2239 brac
1205 2183 1330 2255 scripsit:
1340 2183 1476 2239 Residnos
1486 2188 1571 2255 etque
1577 2183 1702 2241 viventes
1710 2186 1786 2242 Pau-

127 2270 217 2328 rium
230 2277 261 2329 et
272 2279 439 2342 corruptum
461 2277 491 2329 et
513 2274 642 2339 mortale,
660 2273 752 2344 gloria
765 2279 795 2329 et
817 2273 945 2327 incorru-
986 2270 1030 2327 lus
1044 2272 1188 2343 apostolus
1201 2278 1289 2339 vocat,
1305 2289 1362 2327 non
1375 2271 1450 2345 quod
1465 2272 1532 2326 velit
1544 2271 1664 2343 intelligi
1676 2280 1705 2329 et
1717 2291 1748 2331 se
1758 2279 1787 2331 et

130 2360 238 2433 ptiune
251 2366 283 2419 et
296 2361 511 2417 immortalitate
524 2369 661 2427 mutetur,
673 2370 702 2417 et
717 2362 812 2433 qualia
826 2378 947 2434 corpora
985 2360 1056 2415 alios
1070 2360 1283 2417 resurrectionis
1298 2360 1328 2417 iu
1341 2377 1457 2435 corpore
1467 2360 1657 2435 reperiendos,
1670 2362 1721 2417 sed
1734 2379 1787 2419 nos

133 2456 308 2505 sanmuro
321 2450 387 2513 sint,
406 2451 434 2505 in
448 2452 533 2507 talem
556 2451 744 2509 substantiam
768 2452 854 2506 etiam
869 2451 944 2505 vive·
985 2449 1065 2516 dixit,
1079 2467 1131 2522 pro
1145 2466 1188 2515 co,
1197 2450 1272 2522 quod
1281 2456 1324 2504 cst
1334 2451 1437 2520 justos,
1446 2450 1609 2523 dequorum
1624 2456 1713 2523 etego
1722 2468 1786 2507 sum

132 2553 208 2593 rum
223 2556 343 2610 corpora
355 2539 600 2595 uandormantur.
608 2541 688 2597 Unde
696 2541 765 2596 dicit
778 2540 808 2595 in
817 2540 874 2595 alio
885 2542 945 2596 loco
986 2554 1104 2593 numero
1114 2558 1120 2594 :
1132 2538 1187 2611 ipsi
1197 2539 1273 2595 uum
1286 2539 1432 2609 rapientur
1441 2538 1550 2595 obviam
1560 2539 1682 2607 Christo,
1691 2544 1720 2595 et
1729 2556 1787 2598 non

134 2628 310 2698 Apostolus:
327 2631 441 2698 Propter
455 2632 529 2698 quod
551 2634 683 2687 nolumus
697 2633 825 2698 spoliari,
841 2632 887 2685 sui
900 2646 946 2685 su·
986 2632 1155 2698 peccatores.
1170 2628 1302 2683 Viventes
1320 2632 1416 2683 autem
1428 2644 1485 2683 non
1504 2628 1587 2699 juxta
1600 2628 1787 2701 tropologiam

131 2719 300 2782 potentini,
316 2721 348 2773 ut
361 2719 539 2773 asserentur·
550 2723 664 2774 viver-tute
676 2719 753 2773 lnce
763 2722 820 2775 uite
836 2720 943 2782 (llCor.
986 2722 1098 2771 amotos
1111 2717 1274 2788 accipimus,
1282 2716 1329 2788 qui
1338 2722 1453 2788 peccato
1463 2733 1521 2773 non
1534 2715 1639 2772 merted
1653 2718 1787 2785 suntsed

140 2808 234 2873 vtae
247 2805 463 2877 scilieeteorpua
472 2806 614 2863 abanime
627 2808 840 2873 deseratur,sad
849 2808 946 2863 anima
986 2822 1085 2861 omnes
1099 2822 1170 2876 quos
1191 2806 1220 2861 in
1234 2822 1351 2878 corpore
1364 2806 1515 2862 adveniens
1530 2805 1658 2863 Christus
1670 2806 1787 2865 invene·

136 2890 290 2951 habitante
303 2895 334 2950 iu
348 2912 474 2966 corpore,
485 2898 536 2951 fiat
543 2896 690 2968 mclytum,
705 2897 779 2968 quod
787 2897 946 2967 anteingle-
985 2894 1042 2962 rit3
1057 2895 1167 2965 quodve
1180 2894 1318 2966 sequitur,
1334 2912 1389 2951 non
1400 2898 1600 2966 preveniemus
1608 2912 1651 2951 eos
1664 2898 1715 2967 qui
1724 2898 1787 2953 dor·

135 2982 219 3037 rium
231 2983 294 3039 fuit.
309 2984 350 3040 De
360 2985 455 3041 Enoch
467 2992 564 3041 autem
587 2991 617 3041 et
639 2986 700 3041 Elia
718 3003 789 3056 quos
813 2991 945 3041 venurros
987 2989 1122 3047 inierunt,
1143 3000 1324 3056 nequequam
1338 2984 1373 3039 ad
1397 2989 1566 3056 peccatores,
1582 2983 1632 3040 sed
1644 2985 1682 3041 ud
1692 2985 1786 3058 justos

133 3069 326 3144 Apocalypsis
338 3073 434 3139 resen,
449 3079 479 3129 et
490 3091 552 3129 esse
562 3074 725 3141 morituros,
735 3092 792 3130 uon
807 3081 850 3131 est
863 3074 975 3158 isdusfl
984 3072 1090 3128 referre
1105 3072 1250 3141 debemus,
1264 3073 1439 3146 nequeenim
1449 3078 1609 3145 peccatores
1623 3089 1688 3129 cum
1698 3072 1786 3145 justis

137 3161 279 3233 tmpona
290 3161 626 3233 deprehendemus
636 3164 684 3219 ille
694 3164 944 3235 liberautspirita-
984 3161 1013 3219 iu
1026 3161 1075 3215 illa
1090 3162 1294 3217 resurreetione
1303 3160 1446 3217 habebunt
1455 3162 1704 3234 portionemNem
1718 3163 1785 3237 Epi·

133 3244 208 3306 tier
228 3250 428 3321 intelligendus
451 3251 498 3313 sit,
521 3258 553 3307 ut
579 3269 631 3309 nos
653 3254 836 3320 assumamus,
852 3258 902 3307 aut
918 3251 942 3309 si
983 3251 1062 3306 stolae
1072 3251 1153 3307 Pauli
1162 3251 1465 3307 adThessalonicenses
1475 3251 1574 3323 prima
1583 3251 1787 3331 expositionem

133 3339 283 3397 emnem
291 3340 438 3411 sequimur
449 3341 742 3412 interpretationem,l
745 3342 852 3397 udaieis
862 3342 943 3399 labu-
983 3339 1098 3405 taciens,
1111 3346 1176 3412 post
1187 3340 1278 3395 multa
1289 3357 1350 3411 quae
1363 3340 1439 3395 vario
1454 3339 1641 3413 prudentique
1655 3357 1785 3399 sermone

136 3418 180 3483 lis
189 3428 422 3500 aequimodam
436 3429 482 3495 sit,
499 3435 532 3487 ut
545 3447 658 3485 rursum
672 3431 826 3487 aedificetur
841 3431 944 3487 liieru-
983 3428 1128 3496 disseruit,
1142 3429 1202 3484 haec
1216 3428 1321 3495 muttit,
1333 3429 1367 3483 de
1381 3428 1483 3500 quibus
1496 3429 1567 3485 nulli
1578 3429 1695 3487 dubium
1705 3436 1787 3489 estet

135 3516 228 3571 wem
252 3524 283 3572 et
306 3518 404 3573 hostiae
428 3520 584 3574 offeruntur
605 3520 764 3591 intemplo,
781 3526 809 3574 et
823 3519 943 3590 spiritali
983 3518 1134 3573 Aebutium
1162 3519 1296 3590 pleraque
1323 3517 1424 3575 libasse
1440 3537 1447 3573 :
1463 3518 1531 3591 quid
1552 3524 1596 3574 est
1619 3535 1685 3593 ergo
1710 3520 1786 3593 quod

138 3605 221 3661 enlm
241 3606 393 3662 imvuinute
425 3609 551 3663 caradas
583 3608 731 3663 obtineant
751 3609 941 3665 carentomus.
984 3606 1112 3661 scribunt
1126 3606 1420 3663 Thessalonicensibus
1434 3606 1463 3661 in
1477 3606 1561 3661 verbo
1573 3607 1625 3662 Dei
1638 3607 1742 3663 Paulus
1756 3613 1786 3664 et

144 3694 437 3763 (ilioquuamobrem
447 3696 516 3752 illud
526 3698 600 3766 quod
610 3698 646 3751 de
654 3697 858 3753 resurrectione
869 3698 944 3756 Pau·
984 3695 1114 3751 Silvanus
1126 3702 1155 3751 et
1168 3695 1342 3761 Timotheus,
1357 3712 1404 3749 nos
1419 3699 1468 3765 qiii
1481 3698 1611 3763 uiuimus,
1619 3698 1669 3765 qui
1679 3698 1786 3753 culdei

141 3777 188 3839 lus
199 3783 236 3840 ad
248 3784 411 3841 Corinthios
424 3785 550 3855 loquitur
564 3786 763 3856 italegendum
776 3792 834 3841 est:
845 3788 943 3842 Divinos
983 3800 1081 3839 suenus
1091 3787 1123 3840 in
1136 3786 1257 3839 urlwntu
1271 3785 1385 3837 Domini
1400 3799 1455 3837 non
1468 3787 1665 3853 preveniemus
1679 3799 1721 3839 cos
1734 3785 1786 3855 qui

142 3873 255 3940 wien
268 3875 449 3940 dorvnietnus,
465 3890 522 3929 nen
546 3892 638 3930 evortes
665 3882 757 3931 cutem
782 3878 943 3931 innnutebi·
984 3875 1173 3940 dcv-mierum,
1190 3872 1317 3943 quisunt
1328 3871 1376 3927 isti
1395 3871 1443 3943 qui
1453 3870 1577 3929 viventes
1590 3870 1786 3947 talialoquun·

144 3960 261 4027 nrami
287 3962 365 4019 enim
392 3979 490 4017 omnes
513 3963 543 4019 in
570 3965 660 4021 Adam
680 3964 849 4031 moriuntur,
870 3970 899 4021 et
912 3964 942 4019 in
986 3961 1051 4017 turt
1070 3961 1172 4033 Utique
1186 3961 1291 4019 Paulus
1305 3977 1362 4017 non
1376 3960 1411 4017 eb
1427 3959 1588 4019 hominibus
1607 3977 1659 4017 uec
1671 3962 1785 4039 perbo-

147 4058 234 4106 uerte
255 4050 390 4107 dormtio
413 4057 466 4117 est,
481 4068 580 4109 onmes
602 4069 671 4123 ergo
693 4054 867 4109 dormiemus
884 4053 943 4109 eive
984 4050 1084 4117 mines,
1098 4050 1260 4122 Apostolus,
1274 4055 1304 4107 at
1315 4049 1497 4107 chunanus
1511 4051 1587 4107 titius
1609 4052 1671 4125 ejus
1684 4051 1715 4108 iu
1728 4051 1785 4111 fide

150 4137 309 4197 munuum.
330 4139 438 4195 Dormit
461 4146 558 4197 eutem
568 4143 651 4212 juxta
665 4141 769 4197 idioma
783 4143 943 4213 Scriptura·
984 4139 1157 4207 Timotheus,
1172 4146 1202 4197 et
1213 4140 1342 4195 Silvanus
1357 4139 1406 4210 qui
1419 4139 1474 4195 illis
1489 4145 1586 4198 eratet
1599 4141 1746 4197 affatione
1755 4145 1788 4199 et

152 4240 216 4293 rure,
229 4228 279 4299 qui
300 4236 430 4285 mortuus
448 4235 501 4294 est,
526 4246 576 4301 spe
595 4231 809 4289 resurrectionis
830 4230 942 4297 tumre,
984 4228 1135 4285 virtutibus
1161 4230 1319 4302 copulatus,
1342 4235 1371 4285 et
1395 4229 1448 4285 hoc
1470 4246 1528 4287 oon
1546 4231 1638 4287 solum
1660 4230 1718 4301 illi,
1735 4230 1786 4287 sed

153 4317 290 4388 cuisque
303 4317 352 4388 qui
365 4318 480 4383 dormit,
497 4319 596 4391 utique
618 4320 846 4391 exspergiscitur,
864 4320 890 4375 si
903 4326 944 4375 ta-
985 4317 1145 4389 quieunque
1160 4319 1240 4375 Pauli
1256 4324 1285 4375 et
1298 4318 1416 4375 seientia
1430 4324 1459 4375 et
1480 4319 1691 4375 couversatione
1704 4319 1786 4377 simi·

156 4418 209 4461 nen
224 4422 281 4461 non
294 4405 389 4463 subita
399 4422 467 4463 eum
479 4408 521 4463 vis
531 4409 630 4464 mortis
642 4409 812 4480 oppresserit
826 4415 855 4464 et
869 4424 945 4465 mors
955 4407 1020 4475 Diis
1035 4413 1087 4474 est,
1103 4408 1197 4465 dicere
1215 4410 1432 4479 potestrvosqui
1446 4409 1576 4471 uiuimus,
1592 4423 1712 4480 quorum
1722 4424 1784 4465 cor·

157 4506 242 4551 mne
255 4494 342 4551 tuerit
354 4496 499 4566 copulata·
515 4514 637 4568 cumque
652 4514 749 4553 ovnrres
762 4498 802 4553 ita
820 4497 943 4553 dormie-
984 4512 1037 4568 pus
1052 4504 1196 4554 mortuum
1207 4503 1259 4563 est,
1266 4502 1382 4569 propter
1389 4500 1546 4568 peccatum,
1560 4494 1676 4567 spiritus
1687 4501 1785 4553 nutem

157 4578 202 4637 tint
212 4583 275 4654 lege
289 4590 409 4651 natura,
424 4585 477 4640 soli
487 4587 577 4642 sancti
594 4592 622 4643 et
631 4587 727 4643 tinima
739 4593 769 4643 et
783 4604 899 4659 corpore
912 4586 943 4641 in
984 4585 1042 4641 vite
1053 4592 1168 4657 propter
1179 4586 1331 4657 justitient,
1349 4590 1378 4640 et
1396 4599 1518 4656 quorum
1535 4582 1705 4639 mortificata
1718 4591 1786 4643 sunt

157 4670 241 4727 num
252 4672 440 4729 mutabuntur
456 4694 461 4728 :
479 4675 562 4731 itaut
576 4676 748 4747 incorruptio
763 4677 890 4733 omnium
900 4693 944 4733 re·
983 4673 1111 4729 membre
1120 4692 1205 4747 super
1216 4681 1332 4740 terram,
1349 4673 1390 4729 ita
1403 4679 1435 4729 ut
1458 4687 1638 4745 nequaquam
1657 4674 1785 4747 concupi·

156 4761 318 4831 numnam
326 4762 374 4828 sit,
381 4762 474 4833 glorie
483 4772 569 4835 atque
579 4765 699 4821 mutatio
711 4765 824 4837 proprie
833 4772 943 4821 surreio
983 4769 1045 4819 seat
1055 4768 1153 4819 contin
1165 4763 1297 4834 spiritum
1311 4778 1386 4828 caro,
1402 4761 1427 4817 si
1448 4760 1526 4819 min
1538 4761 1631 4819 adhuc
1644 4762 1787 4821 desideret

155 4861 214 4905 ran.
225 4850 364 4922 Quodque
376 4853 595 4923 sequiturJuvta
612 4854 732 4919 Grecos,
746 4855 776 4909 in
791 4859 896 4921 ammo,
912 4855 942 4910 in
982 4868 1048 4909 euro
1062 4852 1138 4918 vivit,
1153 4851 1261 4923 etquis
1275 4851 1341 4907 vivit
1354 4850 1507 4919 desiderat,
1518 4857 1548 4907 et
1560 4868 1618 4909 uon
1631 4858 1785 4911 suntmor·

154 4933 200 4993 itta
210 4939 295 5007 oculi,
310 4946 465 5013 utrumque
479 4943 556 4998 enim
570 4944 682 5014 legitur,
699 4950 729 5001 et
749 4944 838 4999 nostri
852 4945 942 5000 inter·
982 4940 1089 4997 titicata
1099 4940 1227 4997 membra
1238 4940 1314 4997 illius
1324 4956 1410 5012 super
1420 4946 1544 5010 tenam3
1560 4941 1636 5014 quod
1647 4940 1673 4995 si
1687 4941 1785 4999 morti·

153 5028 243 5095 ΜΕ
254 5034 325 5085 suut
344 5029 376 5085 in
399 5038 543 5089 momento
558 5038 586 5087 et
608 5032 638 5087 in
660 5033 727 5099 ictu,
743 5033 800 5088 sive
818 5033 848 5088 in
863 5037 941 5088 motu
983 5030 1154 5097 hmtasunt,
1176 5045 1356 5102 nequequam
1381 5036 1481 5087 contra
1505 5029 1638 5104 spiritum
1651 5030 1784 5103 concupi-

81 5148 83 5153 .
151 5116 264 5175 osuiu
274 5118 446 5189 explanavit,
459 5122 561 5191 juncta
573 5122 658 5178 simul
673 5122 799 5177 omnium
813 5137 940 5179 resurre-
982 5125 1074 5183 scunt,
1084 5135 1147 5190 quas
1159 5118 1375 5175 mortificatione
1382 5118 1428 5175 sui
1435 5119 1599 5191 hujusmodi
1611 5117 1784 5175 desiderium

149 5204 232 5263 ribus
244 5207 393 5280 rapientur
401 5208 512 5265 obviam
524 5211 644 5275 Christo,
654 5211 703 5265 sed
717 5226 765 5265 eos
780 5226 851 5281 quos
865 5226 941 5265 mors
983 5207 1174 5279 perdiderunt.
1185 5208 1264 5263 Sicut
1272 5208 1367 5279 igitur,
1375 5209 1425 5280 qui
1440 5208 1498 5263 vita
1510 5222 1626 5263 mruere
1639 5206 1782 5282 prasenti,

147 5292 308 5353 Mverit
319 5296 426 5353 Verum
442 5299 508 5370 quid
523 5300 578 5355 ista
592 5299 724 5373 perquiro
739 5306 768 5355 et
781 5299 941 5371 apostolicis
983 5304 1012 5351 at
1025 5297 1060 5351 ad
1073 5297 1191 5351 mehora
1203 5298 1333 5352 translati
1347 5303 1423 5364 sunt,
1440 5297 1530 5367 magis
1548 5296 1646 5350 vivunt
1656 5296 1785 5369 deposito

145 5382 222 5441 dees
246 5386 422 5442 catumeum
445 5388 518 5445 faeie
543 5407 608 5445 eum
634 5389 695 5461 ipse
714 5389 941 5445 manifestissime
983 5386 1082 5441 rnortis
1095 5403 1220 5456 corpore,
1238 5392 1267 5440 et
1277 5386 1411 5442 vitiorum
1425 5374 1552 5440 omniurn
1566 5385 1727 5455 incentivis;
1744 5387 1785 5440 sic

140 5472 255 5540 nibet,
271 5478 322 5544 qui
337 5479 444 5531 residui
457 5483 600 5533 surrentin
612 5481 732 5534 udecrrtn
747 5480 860 5534 Deretini
869 5498 876 5542 ;
893 5478 942 5550 qui
985 5476 1033 5547 qui
1046 5475 1291 5530 mortificationem
1306 5476 1373 5530 Jesu
1392 5475 1421 5529 in
1441 5490 1557 5546 corpore
1572 5492 1622 5531 suo
1637 5475 1785 5530 circumfe-

138 5561 199 5621 ἀ
208 5568 309 5625 men
319 5564 431 5625 undu
439 5566 531 5625 serbis
540 5567 660 5627 uenus
667 5568 822 5629 salvatoris
833 5567 940 5636 wuith.
984 5572 1053 5623 runt
1067 5571 1097 5622 et
1109 5580 1289 5640 nequaquam
1301 5564 1398 5622 vivunt
1408 5565 1492 5637 juxta
1503 5581 1629 5634 caraem
1643 5563 1694 5620 sed
1701 5566 1785 5636 juxta
