3772 6120
115 219 178 279 1611
503 224 677 280 ceantur.
698 256 730 266 -
752 224 878 281 SEC‘l'lO
897 224 920 279 l.
938 222 1108 278 mautarn
1127 223 1174 278 DE
1192 224 1368 283 latreusis,
1685 221 1754 282 ltill

149 347 216 412 Quae
230 349 384 403 Salvatoris
394 350 481 419 pollet
491 349 597 403 honore
608 350 663 421 pio.
925 350 951 410 Α
993 349 1051 404 lloc
1060 348 1149 404 altare
1159 354 1224 404 tene
1234 353 1319 420 atque
1325 349 1422 420 juvato
1433 367 1524 421 preco.

113 437 237 508 Virginis
248 438 293 491 hic
303 439 402 492 matris
412 439 571 492 conduntur
581 456 796 498 munerasacra.
956 437 1034 502 Quod
1048 437 1100 492 tibi
1115 438 1325 509 virginibusque
1350 439 1437 493 sacris
1454 445 1578 495 erectum
1599 447 1709 497 constat
1726 448 1755 496 et

150 527 219 592 Quae
234 527 384 581 Dominum
397 527 494 580 mundi
505 528 593 582 edidit
602 545 635 583 ex
648 535 740 584 utero.
992 528 1109 598 Semper
1117 527 1252 582 utadsitis
1264 528 1309 581 hic
1317 527 1444 598 precibus
1455 530 1559 600 populi.
1652 532 1753 602 [optat

116 617 254 671 llartinus
267 617 379 687 presul,
392 616 475 670 simul
486 616 531 670 hic
542 615 671 688 Sabaque
681 618 807 672 eremita.
957 615 1059 669 Cecilia
1070 615 1115 669 hic
1125 622 1246 681 inaurat,
1257 615 1335 687 virgo
1345 619 1448 688 Agnes,
1457 625 1565 690 rnattyr
1575 620 1694 690 Agatha.

152 705 914 778 PrincepsetPetrusparitermartyrqueEmeramnus.
993 704 1080 759 Lioba
1089 711 1118 758 et
1127 706 1277 759 Anastasia
1287 708 1438 761 acluliana
1448 708 1540 764 simul.

119 795 157 848 En
166 795 181 847 J
184 810 233 847 esu
245 791 348 846 Christi
362 793 437 863 picto
448 793 576 846 consistit
587 794 689 864 imago,

152 883 184 938 ln
195 898 286 953 capsae
296 883 406 952 gremio
416 888 550 952 quattuor
559 888 588 936 et
596 899 755 953 procerum.

117 973 217 1026 Petrus
227 988 291 1026 cum
303 971 389 1025 Paulo
400 970 575 1024 sanctissima
584 972 661 1042 rirgo
671 973 769 1036 Maria,

152 1062 188 1116 Et
200 1060 320 1115 Michael
331 1060 460 1131 princeps
468 1066 543 1113 recte
553 1065 652 1115 tenent
661 1061 761 1115 latera.

119 1150 178 1205 Hoc
189 1166 268 1221 opus,
288 1149 340 1204 hoc
349 1149 453 1204 etenim
464 1149 545 1220 jussu
555 1149 674 1204 corilecit
683 1149 819 1207 isanbert.

154 1240 213 1293 Hoc
224 1238 353 1310 Rodulph
365 1239 455 1309 pictor
462 1245 523 1292 arte
533 1254 675 1309 manuque
684 1238 771 1293 dedit.

116 1325 262 1382 Ambobus
273 1326 402 1382 Christus
412 1332 539 1398 regnatu
548 1328 635 1382 redde
649 1327 787 1399 polorum.
1151 1331 1245 1386 cxvl.
1263 1362 1296 1372 -
1312 1335 1345 1387 ln
1360 1336 1456 1402 quinto
1469 1339 1569 1389 attare.

154 1416 223 1484 Hoc,
235 1431 333 1470 omnes
342 1415 441 1482 sancti,
454 1415 560 1488 poscite
568 1433 615 1470 ros
625 1414 763 1488 precibus.

1154 830 1235 884 CXV.
1251 861 1283 871 -
1301 833 1333 886 ln.
1347 838 1446 901 pirario
1460 836 1559 887 altere

960 937 1117 991 praecursor
1126 937 1247 1004 Domini,
1262 945 1376 995 saceret
1385 940 1652 1012 Baptistaloannes,

995 1029 1114 1080 Sanctus
1122 1027 1264 1092 Callistus,
1275 1035 1303 1083 et
1313 1028 1463 1095 Fabianus,
1475 1036 1569 1085 ovant.

961 1112 1037 1178 Quos
1047 1121 1088 1180 tu,
1103 1116 1213 1170 Christe
1223 1117 1308 1184 Deus,
1320 1117 1405 1173 facias
1415 1135 1465 1174 nos
1474 1120 1528 1174 rite
1534 1121 1634 1190 jurare

996 1204 1066 1258 Cum
1078 1204 1205 1276 precibus
1215 1207 1302 1261 sacris
1312 1213 1397 1279 atque
1407 1207 1486 1264 honis
1496 1209 1614 1264 meritis.

962 1455 1101 1512 Martinus
1110 1459 1221 1528 presul,
1233 1458 1339 1514 Britius
1348 1460 1488 1515 consessor
1496 1462 1635 1526 ebuliens,

195 1542 251 1595 CX.
264 1571 296 1581 -
313 1543 407 1595 Versus
421 1544 450 1595 in
463 1542 539 1595 theca
552 1543 698 1610 It'wtlyelt't'
707 1543 864 1609 corrserr‘ptrf.
997 1546 1116 1601 Sanctus
1126 1547 1285 1602 Germanus
1293 1548 1494 1620 Remigiusque
1504 1550 1577 1621 pius.

119 1649 200 1704 Hanc
207 1648 317 1702 thecam
328 1648 363 1702 ad
372 1648 485 1703 laudern
498 1648 601 1703 Christi
609 1648 648 1703 sie
658 1647 876 1717 conderejussit,
930 1616 1115 1705 BGWSODUS
1125 1652 1197 1707 Papa
1207 1637 1261 1700 hies
1275 1643 1388 1692 sanctus
1398 1638 1565 1693 Benedictus
1571 1644 1600 1694 et
1611 1636 1707 1703 abbas,

156 1737 289 1792 Rabanus
298 1739 410 1808 praesul,
423 1754 519 1792 sersus
529 1738 625 1808 etipse
635 1738 696 1791 Dei.
998 1723 1108 1778 Oruant
1116 1725 1188 1778 hanc
1197 1743 1277 1780 aram
1287 1734 1372 1797 atque
1378 1727 1626 1799 jusantprccibus.

119 1825 153 1882 ln
166 1843 222 1897 quo
233 1833 262 1880 ct
270 1826 452 1897 Evangelium
460 1831 590 1880 sanctum
600 1831 727 1896 gestetur
736 1827 861 1890 honeste,

964 1849 1144 1905 exult-ra
1158 1853 1216 1905 altu
1227 1855 1337 1905 ecclesia
1348 1854 1396 1906 isti
1405 1868 1508 1906 rcrsns.
1520 1855 1553 1908 ln
1559 1855 1653 1923 prium
1662 1856 1761 1908 altera

159 1915 278 1980 Quando
288 1915 412 1970 lectums
423 1916 476 1970 hoc
483 1915 617 1970 diaconus
628 1916 690 1970 erit.

965 1974 1043 2029 Hanc
1052 1975 1139 2028 adem
1150 1991 1258 2029 sacram
1269 1975 1389 2030 Michael
1399 1977 1585 2047 archangelus
1595 1983 1686 2039 ornat.

486 2041 557 2096 (ffl-
970 2069 972 2072 ’
1000 2063 1126 2135 Protegit
1135 2070 1164 2117 et
1171 2070 1272 2129 serrat,
1284 2065 1399 2136 adjurat
1408 2071 1493 2136 atque
1503 2065 1572 2137 piat.

122 2148 275 2221 Presbyter
285 2153 314 2202 et
323 2155 432 2219 martyr
442 2148 556 2214 Christi,
567 2148 720 2214 Theodule,
728 2163 886 2220 precamur,
965 2153 1018 2208 llic
1027 2153 1083 2208 Leo
1095 2171 1168 2226 papa
1182 2160 1287 2220 manet,
1299 2154 1344 2209 hic
1357 2154 1536 2210 Marcellinus
1546 2160 1575 2209 et
1590 2154 1692 2218 almus,

159 2237 213 2303 Qui
224 2238 253 2292 in
264 2237 340 2291 coehs
349 2237 455 2308 ganda
464 2254 529 2292 cum
540 2236 621 2292 sociis
632 2237 745 2309 pariter,
862 2231 866 2234 ’
1002 2243 1099 2298 Praxis
1108 2249 1136 2297 et
1147 2243 1273 2314 Eugenia
1283 2243 1328 2298 hic
1338 2244 1458 2299 aderunt
1468 2242 1606 2316 precibus.

120 2326 230 2382 Artitici
242 2332 274 2381 ut
283 2326 394 2382 reniam
404 2343 502 2398 poscas
512 2332 541 2381 et
550 2328 625 2382 dona
632 2327 741 2392 salutis,

158 2415 258 2471 Gratia
268 2416 342 2488 quod
354 2415 459 2470 Christi
465 2416 554 2470 saltet
564 2433 628 2471 eum
638 2432 702 2470 arce
709 2415 775 2488 poli.
1133 2369 1256 2425 CXVHI'
1269 2401 1301 2410 ”
1320 2373 1352 2425 1¹²
1367 2372 1483 2425 3ωυίάο
1496 2373 1595 2425 ‘mm'

966 2477 1035 2531 Ecce
1049 2475 1209 2547 Dionysius,
1222 2481 1332 2548 martyr
1343 2477 1512 2532 Laurentius
1520 2482 1614 2550 atque,

122 2539 259 2597 Cim-⁸
270 2541 303 2595 1η
317 2542 435 2595 Ecclesia
446 2544 610 2595 circumterit
623 2543 695 2611 quod
708 2543 814 2594 dicitur
826 2540 925 2607 dlirrpa
1001 2564 1083 2620 pitus
1091 2570 1120 2620 et
1128 2564 1253 2620 Albanus
1263 2565 1338 2620 hunc
1347 2565 1461 2621 timpum
1472 2567 1604 2623 retinent·

167 2612 198 2665 hi
209 2624 303 2666 cerates
317 2617 382 2666 sant
397 2615 546 2681 conscripti
552 2617 637 2682 juata
646 2615 693 2681 pri
697 2628 772 2665 uncm
782 2615 882 2666 altore.
966 2655 1047 2710 Hune
1057 2659 1140 2709 ornat
1150 2654 1259 2709 meritis
1269 2661 1378 2728 mmm
1388 2655 1547 2711 Bonifacius
1556 2656 1648 2713 almus

1652 2698 1659 2721 1

124 2719 304 2774 Hancaulam
315 2719 452 2774 Dominus
467 2719 595 2774 Salvator
605 2725 751 2774 consecrat
760 2719 829 2790 ipse,
1002 2745 1072 2799 Cum
1083 2743 1212 2815 precibus
1221 2744 1308 2799 sacris
1318 2745 1449 2816 huncque
1460 2745 1651 2800 Sebastianus·

161 2809 249 2879 Cujus
260 2808 691 2880 hacarapignorasacratenet.
1390 2858 1393 2863 Ι
1430 2855 1436 2865 ⁶

124 2896 246 2951 sanctus
255 2897 413 2951 Alexander
426 2914 498 2968 pap,
511 2898 565 2963 hic,
577 2897 707 2953 Urbanus
716 2904 745 2951 et
755 2896 856 2957 almus,
931 2875 953 2934 c
1165 2852 1260 2907 cxlx.
1274 2882 1306 2893 -
1322 2853 1355 2906 lu
1371 2858 1450 2906 tertre
1464 2856 1563 2908 altare.

162 2986 317 3053 cornelius,
330 2986 423 3041 sixtus
433 2987 613 3041 sacralocant
622 2987 720 3058 spolia.
968 2975 1108 3041 Quattuor
1118 2993 1184 3047 ereo
1194 2976 1246 3030 riri
1256 2977 1405 3048 scriptores
1414 2976 1468 3032 rite
1476 2976 1597 3050 probati,

125 3074 194 3140 Hos,
207 3074 351 3129 Theodute
358 3092 438 3130 sacer
443 3082 551 3146 martyr
562 3082 591 3130 et
600 3075 747 3149 presbyter
757 3075 840 3140 alme,
1004 3065 1099 3120 Sancti
1109 3064 1251 3137 Evangelii
1262 3066 1320 3120 haec
1330 3066 1393 3120 loca
1402 3073 1500 3123 sancta
1509 3073 1616 3123 tenent.

160 3165 246 3219 Juxta
255 3170 336 3218 tuum
344 3179 444 3235 corpus
456 3164 501 3218 hic
510 3165 614 3220 habeas
625 3165 725 3219 socios.

128 3252 184 3318 Qui
204 3254 338 3325 populum
355 3254 455 3323 juvent
477 3254 616 3325 precibus,
637 3255 803 3326 placentque
820 3253 930 3307 Tonan-

161 3343 199 3398 Ut
208 3343 328 3397 famulos
338 3359 450 3412 semper
460 3349 590 3413 protegat
601 3343 660 3414 ipsc
669 3359 744 3397 suos.
846 3340 927 3413 [tem

969 3192 1050 3246 CXX.
1072 3190 1133 3233 -b
1154 3193 1188 3246 In
1208 3194 1331 3262 sepulcro
1352 3195 1442 3246 soracti
1469 3193 1600 3248 llaecdnlt
1620 3196 1766 3264 ramam.

969 3293 1093 3366 Corpora
1103 3299 1265 3350 sanctorum
1276 3312 1326 3365 pro
1336 3293 1440 3348 Christi
1450 3294 1565 3350 nomine
1575 3294 1660 3366 passi,

1004 3384 1058 3448 Qui
1069 3384 1166 3438 luxum
1177 3383 1276 3437 mundi
1288 3399 1420 3454 spernere
1432 3390 1643 3439 consueverant.

305 3467 403 3521 CXIII.
421 3498 453 3507 -
469 3469 501 3520 ln
516 3469 632 3521 rorando
651 3471 750 3522 altura
968 3471 1098 3526 Pluribus
1106 3488 1169 3525 ecce
1180 3471 1248 3526 locis
1259 3471 1488 3525 veneranturritc
1497 3471 1617 3542 sepulta.

1003 3560 1059 3630 lpsi
1074 3560 1195 3614 aderunt
1205 3558 1278 3630 parti
1292 3564 1336 3612 sat
1345 3549 1474 3630 precibus
1484 3557 1589 3631 populi.

968 3648 1092 3714 Quorum
1102 3648 1259 3720 precipuus
1267 3648 1429 3703 Theodulus
1438 3653 1581 3719 martyrol
1593 3648 1693 3714 alrnus,

1003 3739 1080 3810 Papa
1089 3754 1153 3791 cum
1163 3736 1321 3791 Menandro
1332 3753 1429 3807 passus
1439 3736 1468 3790 in
1478 3737 1570 3791 ltalia.

968 3827 1029 3883 lluc
1039 3826 1130 3881 Caroli
1140 3825 1244 3881 ascitus
1253 3825 1346 3879 studio
1357 3831 1442 3896 atque
1451 3825 1589 3880 adductus
1598 3825 1634 3880 ab
1644 3825 1713 3883 urbe

1003 3915 1140 3979 Romana,
1151 3915 1197 3968 hic
1206 3914 1303 3969 multis
1313 3920 1414 3986 pausat
1423 3915 1458 3969 ad
1468 3913 1613 3970 auxilium.

325 3985 420 4039 CXW·
438 4015 470 4024 “·
490 3987 522 4039 ¹²²
538 3987 731 4039 '‘''21'0‘113‘17'0
970 4004 1024 4059 Sed
1035 4003 1111 4058 sario
1121 4008 1222 4056 erentu
1233 4001 1407 4074 consumpsit
1417 4003 1530 4056 ssaruma
1540 4002 1660 4058 netltnda

128 4092 214 4146 Alma
221 4090 273 4146 Dei
281 4091 411 4162 genitrix,
419 4090 597 4146 sanctissima
610 4089 794 4160 singultaria,
1005 4094 1124 4148 Domata
1135 4093 1194 4146 hac
1203 4097 1314 4157 cuncta,
1324 4096 1437 4161 tegmen
1447 4097 1477 4146 et
1486 4091 1614 4148 Ecclesiae
1625 4110 1631 4146 :

126 3591 257 3662 Principe
266 3607 330 3645 cum
343 3593 426 3646 Petro
436 3591 508 3645 hanc
518 3607 597 3645 aram
606 3592 749 3663 Pauloque
759 3592 903 3661 magistro,

162 3673 277 3735 Andrea
287 3686 315 3735 et
326 3682 339 3735 J
342 3680 411 3734 acob
421 3686 510 3734 certus
520 3680 688 3752 apostolicus

127 3769 229 3835 Ornat,
241 3777 318 3824 amat
327 3770 448 3825 multum
458 3769 567 3824 meritis
577 3774 724 3824 consonat
731 3773 760 3823 et
768 3768 859 3823 almis.

164 3859 333 3930 Deretisque
343 3864 419 3914 astat
428 3858 473 3913 hic
481 3858 609 3932 precibus
619 3859 724 3932 populi.

620 4243 775 4299 SCHOLIA
794 4243 1062 4302 CllRISTOPHORl
1081 4243 1262 4310 unowem.

163 4399 175 4425 ¹
197 4387 327 4458 Quinque
350 4387 556 4514 epigrammata
578 4388 662 4458 hujus
685 4386 807 4441 ecclesie
827 4388 1068 4451 lronoriDrennat
1080 4389 1107 4443 in
1124 4386 1247 4445 Ecclesia
1258 4387 1350 4440 cultus
1364 4393 1392 4440 ot
1401 4388 1544 4443 veneratio
1560 4405 1575 4439 r
1595 4390 1667 4444 Non.
1686 4391 1762 4446 Maii.

125 4458 203 4523 data,
220 4464 304 4529 atque
317 4460 346 4514 in
386 4461 501 4513 'emetes
515 4459 682 4513 transmissa
696 4464 770 4512 sunt.
789 4459 836 4513 llst
850 4460 924 4514 enim
966 4460 1071 4514 Narrat
1082 4459 1136 4516 hic.
1146 4475 1203 4512 non
1212 4457 1324 4511 obvium
1334 4457 1400 4510 alibi
1416 4457 1505 4522 facile,
1522 4458 1654 4514 Rabanus
1672 4461 1763 4517 Theo-

125 4529 156 4583 iu
172 4529 297 4600 Spirensi
313 4530 425 4585 dioecesi
438 4530 524 4585 situm
545 4530 693 4599 Clingense
711 4531 922 4598 monasterium,
966 4531 1023 4586 duli
1038 4547 1163 4602 corpusa
1177 4529 1276 4583 Carolo
1288 4529 1389 4598 Magno
1398 4529 1567 4584 translatum
1578 4530 1667 4586 Roma
1676 4548 1709 4586 ex
1718 4532 1765 4596 rla

124 4600 175 4654 sed
185 4600 921 4673 pristinonrutatocolorealiaquelacie.Trithemius,
965 4603 1145 4658 Numentana
1160 4601 1188 4654 in
1206 4600 1396 4658 Germaniam.
1416 4615 1452 4652 an
1473 4607 1501 4654 et
1520 4601 1549 4655 ia
1568 4602 1763 4673 Mogontinam

126 4670 924 4741 HimaugiensiChronicomdarrnumtlemiridcelaudat
964 4673 1114 4727 ‹liecesim
1136 4672 1190 4725 Sed
1214 4670 1346 4740 martyris
1367 4671 1542 4733 memoriam,
1568 4680 1597 4728 et
1617 4675 1762 4730 ecclesiam

124 4742 161 4796 ob
175 4742 288 4796 virtutis
299 4750 328 4796 et
342 4744 487 4814 sapientire
498 4744 611 4801 tamam.
629 4759 685 4813 qua
699 4748 759 4797 tota
773 4745 925 4798 Germania
964 4745 1085 4816 desuper
1091 4743 1244 4806 conditam,
1257 4739 1378 4794 llammis
1390 4742 1518 4796 incendio
1538 4760 1574 4799 ue
1584 4744 1760 4810 labefactata,

124 4813 237 4878 claruit,
248 4814 430 4868 adelbertum
442 4814 571 4869 abbatem
579 4815 736 4884 Clingensis
748 4815 921 4879 monasterii,
964 4816 1000 4869 ab
1015 4833 1045 4869 se
1054 4815 1193 4869 restituta.
1205 4819 1233 4866 et
1243 4828 1343 4866 noram
1358 4813 1475 4883 mart-pri
1485 4760 1580 4868 sedern
1593 4832 1657 4871 cum
1671 4816 1762 4889 elogio

123 4900 157 4938 ex
174 4884 330 4955 Hirsaugiar
343 4886 513 4940 monasterio
523 4886 597 4939 istud
610 4894 753 4941 evocatum
776 4887 810 4941 Et
820 4887 924 4956 Cliagm
965 4903 1095 4941 uersuum
1110 4885 1282 4938 collocatam.
1299 4884 1336 4937 Es
1351 4889 1508 4956 martyrum
1522 4886 1599 4940 Actis
1614 4885 1642 4941 in
1657 4894 1762 4960 marty·

123 4956 329 5010 monasterium
360 4959 595 5024 (Cttnperm‘inster
613 4957 672 5026 ipse
691 4958 783 5026 secat)
802 4957 925 5011 celebrat
965 4958 1071 5028 rologio
1081 4955 1197 5010 Nothen‘
1208 4954 1237 5007 id
1247 4961 1407 5025 excerptum
1426 4955 1597 5021 notabiliter,
1616 4959 1690 5028 quod
1709 4958 1760 5014 Sa·

121 5027 247 5094 aliquam
262 5026 358 5081 multis
372 5027 440 5082 loeis
457 5046 462 5080 :
479 5028 514 5081 ad
530 5044 636 5081 annum
648 5025 728 5091 1041,
741 5045 789 5082 seu
800 5028 923 5081 fraterno
964 5029 1068 5093 verina,
1094 5027 1225 5096 religiosa
1238 5025 1352 5091 femina,
1365 5026 1497 5096 colligens
1512 5026 1624 5081 beatum
1639 5029 1760 5085 Alexan-

122 5097 229 5153 toedere
239 5099 432 5169 hirsaugiensi
444 5099 616 5159 adunatum;
634 5099 736 5153 iterum
750 5099 784 5152 ad
799 5098 879 5159 test.
895 5104 925 5154 et
964 5099 1045 5154 drum
1056 5106 1141 5169 atque
1152 5096 1296 5151 urentium
1306 5097 1335 5150 in
1346 5113 1401 5151 uno
1410 5115 1439 5150 se
1452 5098 1547 5163 rutero,
1557 5105 1684 5154 sanctum
1695 5117 1760 5158 vero

122 5170 339 5240 spanheimensi
351 5171 504 5235 Chronico,
517 5169 638 5241 denique
650 5175 747 5224 narrat
757 5186 831 5225 anno
847 5171 920 5234 t-ttt.
963 5167 1293 5238 'l'heodulumseparatirn
1302 5167 1330 5221 in
1339 5116 1560 5240 alterodiligenti
1571 5171 1759 5236 accuratione,

122 5241 280 5311 apsimari
299 5241 422 5295 instituti
443 5242 541 5311 regula
559 5242 587 5295 S.
614 5241 754 5295 Benedicti
774 5241 922 5295 descivisse
962 5239 1176 5295 commendavit.
1191 5238 1303 5294 Utinam
1319 5238 1403 5307 hujus
1418 5241 1550 5322 martyris
1560 5241 1719 5298 abstrusam
1733 5252 1763 5301 ct

120 5311 159 5366 ad
174 5312 502 5372 Canonicossaeculares.
520 5328 622 5382 magno
641 5312 714 5366 malo
737 5311 853 5373 abbatis,
893 5311 921 5366 ui
962 5313 1107 5373 latentem,
1120 5318 1152 5366 ut
1161 5317 1287 5383 apparet,
1299 5326 1373 5364 nunc
1384 5327 1557 5376 memoriam,
1571 5330 1634 5369 cum
1645 5314 1761 5372 llabano

121 5388 202 5437 metu
231 5383 378 5438 severioris
403 5383 555 5456 disciplina
577 5382 724 5437 Canonicie
748 5399 848 5438 manus
871 5330 921 5436 de·
963 5399 1097 5438 renotare
1112 5382 1202 5440 liceat.
1217 5387 1247 5434 et
1260 5380 1364 5436 sanctis
1373 5382 1413 5434 eis
1427 5382 1580 5451 liminibus,
1595 5392 1646 5441 aut
1659 5388 1758 5443 saltem

120 5453 215 5508 derat.
963 5454 1095 5526 vestigiis.
1112 5451 1232 5507 aulsolri!

158 5523 472 5593 balaamitarum
489 5531 520 5582 ct
535 5522 672 5582 mauruli
695 5529 851 5594 martyrum
871 5538 920 5596 pa·

312 5625 448 5690 Parnon.
461 5624 552 5691 cxll.
1561 5630 1601 5693 32
