3772 6120
69 273 137 333 {673
557 274 777 334 ciamus·
793 276 919 336 sarno
932 279 989 340 ·111.
1009 279 1214 338 ΕΡῙΤΑΡΗΙΑ.
1405 293 1411 308 ·
1634 277 1703 338 tuti

103 401 236 474 Perlegst
248 403 323 458 hunc
336 402 460 467 titulum,
476 399 572 456 omnia
584 401 679 474 sicque
694 401 771 458 sciet.
872 422 899 484 Α
1068 404 1171 456 XV.-
1184 415 1362 457 scissemus
1380 414 1548 455 wrosssos.

68 491 141 562 Ergo
155 491 370 547 walachfredus
383 491 541 560 tumulatus
555 495 631 545 sorte
649 490 777 563 quiescit,

104 579 256 652 Presbyter
269 586 299 635 et
309 580 473 644 monachus,
484 579 597 650 ingenio
612 579 658 635 hic
671 580 789 636 validus.

67 666 161 723 Abbss
174 668 293 724 eoenobii
307 669 401 740 hujus,
416 673 565 740 custosque
579 668 679 733 tidelis,

104 757 156 813 Hie
170 757 263 812 fuerat
271 763 352 813 ceute
364 758 499 828 dogmata
508 774 589 812 sacra
600 757 706 829 legens.

68 846 141 901 Nam
155 846 251 902 docuit
263 847 377 912 multos,
395 852 550 902 metrorum
562 847 627 917 jure
640 847 763 919 perituss

104 935 225 990 Dictasit
238 952 344 1002 versus,
361 952 445 1007 prosa
457 935 593 991 facundus
608 942 678 991 erat.

68 1023 194 1080 Inritans
207 1024 347 1081 instanter
360 1030 425 1080 or'es
439 1025 475 1079 ad
486 1042 589 1097 pascua
604 1025 697 1097 Regis,

104 1112 254 1169 Distribuit
267 1113 378 1169 dulcem
390 1113 525 1170 fratribus
538 1130 586 1169 ore
600 1115 698 1170 salem.

67 1201 193 1258 Moribus
208 1202 268 1275 ipse
278 1203 392 1276 probus,
403 1204 540 1259 virtutum
552 1204 680 1277 exempla
692 1202 816 1277 reliquit.

104 1291 255 1364 DisoIpuIIs
269 1298 374 1359 pastor,
390 1292 479 1365 plebis
492 1297 522 1348 et
534 1293 627 1348 almus
641 1309 731 1347 amor.
909 1289 1073 1377 Ingrediens
1088 1288 1214 1362 quisquis
1224 1290 1297 1344 hanc
1310 1289 1399 1346 edem
1411 1289 1466 1345 rite
1475 1288 1591 1356 revisas,

68 1380 145 1436 llors
154 1382 215 1437 Iera
228 1382 277 1437 sed
284 1383 418 1453 juvenem
433 1381 498 1437 hinc
512 1380 616 1454 rapuit,
628 1381 819 1452 damnumque
827 1381 869 1436 ie-
945 1381 1066 1436 Noseere
1078 1385 1107 1434 te
1121 1377 1209 1434 libeat
1221 1379 1289 1451 quid
1302 1378 1411 1435 tumulo
1425 1379 1479 1434 hoc
1490 1378 1587 1435 lateat.

746 1469 837 1542 [rebat
907 1470 1024 1526 Femina
1037 1469 1083 1524 hic
1096 1473 1197 1541 pausat
1211 1468 1339 1540 Augusta
1353 1473 1382 1524 et
1395 1468 1497 1525 nobilis
1511 1474 1585 1537 ortu,

104 1557 210 1623 Multis,
226 1558 275 1613 sed
290 1558 419 1614 Christus
433 1560 508 1614 hunc
520 1560 588 1616 tulit
600 1560 636 1616 ad
652 1561 783 1632 Superos.
946 1558 1123 1629 lrmingards
1135 1557 1181 1613 cui
1195 1574 1299 1612 nornen
1313 1562 1375 1613 erat
1384 1557 1519 1613 deditum.

68 1644 203 1718 Quisquis
218 1647 293 1703 huno
306 1647 421 1702 titulum
431 1648 600 1720 recitas,pro
610 1649 663 1703 hoc
675 1665 757 1720 posco
772 1646 869 1702 tldeles
910 1648 977 1712 Qus
987 1647 1039 1702 hoc
1051 1663 1121 1719 opus
1137 1646 1273 1719 incipiens
1288 1648 1334 1704 hio
1347 1649 1442 1704 sulam
1457 1648 1577 1706 condere
1588 1649 1674 1721 iussit

104 1734 201 1790 Funde
216 1752 312 1808 preces
327 1736 448 1803 Christo,
460 1737 554 1808 sicque
570 1737 662 1809 places
677 1737 806 1791 Domino.
944 1734 988 1789 Ad
998 1734 1103 1790 Christi
1114 1734 1227 1789 laudem
1242 1740 1327 1807 atque
1339 1736 1383 1792 sui
1393 1737 1531 1809 requiem.

910 1822 983 1878 Nam
999 1823 1047 1894 pia
1060 1821 1204 1894 relliquias
1218 1827 1380 1879 sanctorum
1394 1840 1428 1879 ex
1440 1823 1511 1881 urbe
1525 1831 1672 1898 receptans

944 1911 1081 1977 Romans,
1096 1911 1151 1965 huc
1163 1911 1240 1966 rexit
1252 1910 1353 1984 hicque
1365 1912 1468 1968 locavit
1482 1930 1540 1981 eas,

68 1975 121 2031 Hic
132 1977 210 2047 jacet
222 1976 346 2033 inclusus
357 1978 535 2033 hdalhardus
549 1977 777 2057 nominekdictus,
910 2001 1040 2073 Ipsorum
1053 2005 1166 2073 caperet
1178 2000 1287 2056 merigis
1301 2007 1335 2056 ut
1343 2001 1448 2073 gaudja
1459 2001 1533 2068 vige,

106 2066 185 2122 Unus
199 2066 234 2122 de
248 2067 332 2134 clero,
345 2084 422 2124 mors
435 2067 496 2122 fera
504 2084 588 2140 quem
605 2068 708 2140 rapuit.
947 2090 1046 2146 Delicti
1057 2107 1091 2145 Μ
1101 2089 1211 2145 ,eniam
1227 2089 1384 2162 perciperet
1397 2089 1535 2161 precibus.

69 2154 252 2210 Hartnandus
265 2156 381 2211 titulum
395 2172 480 2227 quem
494 2156 619 2212 condidit
630 2156 690 2230 ipse
704 2155 852 2228 precando,
912 2181 995 2236 083oe
1010 2193 1177 2233 conversans
1185 2176 1329 2231 mundana
1344 2177 1402 2232 hm
1413 2176 1520 2248 gaudia
1532 2177 1646 2249 sprevit,

106 2245 159 2299 (lui
174 2244 249 2301 dicat
262 2245 350 2302 lector
365 2265 371 2299 ε
389 2246 431 2302 Tu
446 2245 591 2312 miserere,
607 2247 692 2301 Deus.
947 2266 1122 2340 Pauperibus
1136 2267 1217 2338 mg,
1230 2264 1362 2327 omnibus
1375 2264 1543 2338 ambonis·

69 2381 871 2437 XII.-srrrsrnruu1ssussar1rurssrrsnrsrnosscnr
912 2357 1050 2458 N⁰bflil⁰s
1060 2355 1138 2456 Vffitg
1154 2355 1217 2456 §¹55⁸
1230 2355 1359 2457 0¹0¹¹¹Pl³
1372 2354 1487 2427 reliquit

947 2446 1102 2512 Virtutum,
1116 2445 1231 2501 sibimet
1244 2461 1361 2517 premia
1374 2445 1438 2499 lats
1450 2459 1562 2516 parans.

939 2552 1104 2607 aequoque
1123 2536 1193 2591 dum
1212 2534 1337 2607 expleret
1351 2533 1476 2604 juvenile
1494 2532 1540 2589 hic
1558 2538 1671 2605 tempus
1684 2540 1715 2591 et

946 2625 1064 2679 Mature
1074 2624 1166 2680 aetatis
1181 2623 1328 2694 inciperet,
1341 2623 1401 2693 jam
1417 2620 1496 2677 obiit.
1571 2622 1680 2694 [annos

911 2711 1054 2783 Linquens
1068 2727 1157 2783 regna
1169 2710 1222 2767 soli
1234 2709 1392 2783 penetrarit
1405 2726 1493 2781 regna
1505 2709 1646 2782 polorum,

948 2801 1020 2855 Cum
1034 2799 1147 2856 Christo
1161 2804 1190 2854 et
1203 2798 1307 2854 sanctis
1315 2798 1423 2870 gaudis
1436 2814 1502 2852 vera
1516 2802 1626 2853 tenens.

335 2901 412 2953 xln.
425 2913 610 2955 -arusnsm
915 2889 994 2944 Hanc
1007 2905 1076 2960 rogo
1089 2893 1131 2955 tu,
1147 2887 1245 2956 lector,
1260 2887 1427 2943 commenda
1439 2886 1494 2943 rite
1506 2883 1627 2943 Tonanti

949 2977 1077 3033 Assiduis
1092 2976 1231 3049 precibus,
1246 2976 1376 3033 Christus
1385 2993 1448 3032 eam
1461 2982 1494 3031 ut
1503 2974 1616 3032 habeat.

864 3055 872 3083 ’
915 3067 987 3122 Cum
1003 3083 1058 3140 quo
1072 3065 1250 3137 congaudens
1263 3065 1338 3120 vivat
1352 3065 1472 3120 feliciter
1484 3065 1547 3137 ipss

883 3152 906 3214 G
951 3153 1094 3228 Angelicis
1106 3171 1218 3226 semper
1227 3154 1317 3210 mixta
1325 3154 1409 3210 beata
1421 3152 1523 3209 choris.
1630 3168 1633 3172 ⁴

916 3246 974 3302 Has
988 3262 1040 3318 ego
1055 3244 1188 3300 Rabanus
1202 3244 1307 3299 conieci
1321 3243 1446 3299 versibus
1460 3243 1538 3309 odas,

951 3335 991 3391 Ex
1005 3333 1083 3390 obitu
1097 3339 1225 3400 rnoestus,
1245 3349 1279 3388 ex
1294 3332 1391 3404 requie
1405 3338 1435 3387 et
1446 3332 1603 3404 gratulans.

909 538 1016 595 Nobilis
1031 557 1091 596 esse
1101 541 1178 612 jacet
1190 541 1332 596 tumulata
1344 539 1389 594 hic
1404 537 1509 610 lentina
1523 537 1656 611 Wrglrid,

945 629 1036 694 Quam
1045 631 1117 685 Saxo
1127 635 1212 703 atque
1220 629 1348 701 Thuring
1355 629 1481 701 gaudent
1491 627 1596 685 habere
1603 644 1704 702 genas.

910 717 975 773 llaec
986 735 1098 791 quoque
1107 718 1270 791 conjugium
1278 717 1378 774 sortita
1388 734 1420 773 ac
1429 717 1547 790 pignora
1556 717 1704 792 prompsit,

943 807 979 862 Et
993 814 1056 879 post
1069 807 1151 863 busta
1164 807 1237 862 riri·
1253 823 1348 863 nonna
1360 807 1453 862 dicata
1467 808 1526 864 Deo
1540 814 1592 863 est.

907 896 979 951 Nam
993 896 1108 952 titulum
1122 896 1206 952 scribi
1220 898 1295 953 huuc
1309 897 1370 966 ejus
1385 913 1496 968 quoque
1510 895 1570 952 illia
1583 896 1658 961 iecit,

943 986 1085 1054 Theofrid,
1100 1004 1161 1058 quse
1171 985 1255 1043 matri
1266 988 1386 1059 jungere
1400 985 1485 1042 funus
1498 990 1585 1042 amat.

1038 1155 1111 1207 XVI.
1124 1181 1155 1194 -
1169 1166 1344 1207 arrrsrsrus
1356 1155 1583 1208 bmurrsssurs.

226 1869 275 1920 xl.
287 1895 319 1906 -
337 1880 519 1921 snrrnrnruu
536 1881 709 1921 sarmium

70 2500 191 2557 Noricus
207 2517 240 2555 er
249 2500 376 2574 patribus
389 2518 441 2572 ego
453 2518 518 2556 sum
532 2500 715 2556 Germanicus
728 2501 816 2568 exsul,
914 2537 938 2591 Η

107 2589 387 2661 Waseoniagenitus,
398 2590 544 2663 presbyter
561 2597 590 2646 et
605 2592 770 2657 monachus,

70 2680 98 2735 N
99 2696 183 2735 omen
192 2679 271 2753 sique
286 2696 381 2735 meum
390 2681 493 2752 quaeris
507 2684 540 2736 tu
551 2682 647 2749 lector,
658 2682 785 2744 honeste,

108 2768 236 2824 isanbert
247 2767 333 2836 dicor,
350 2769 395 2824 cui
410 2769 554 2838 miserere,
569 2771 653 2827 Deus.

70 3012 192 3070 Noricus
206 3029 239 3068 ex
252 3030 355 3086 genere
369 3015 479 3070 fueram
497 3020 582 3086 atque
599 3013 784 3086 Aquitanicus
797 3019 862 3070 ortu

109 3102 228 3158 Francis
238 3119 339 3175 meque
353 3103 433 3172 aluit,
450 3120 538 3175 quove
551 3103 593 3158 fui
607 3105 770 3160 monachus.

71 3193 192 3248 Fanum
201 3208 247 3247 me
262 3191 369 3247 clarum
378 3190 486 3248 dudum
500 3192 595 3247 dixere
610 3200 750 3266 parentes,

109 3281 209 3337 Mortis
219 3297 293 3337 nunc
308 3281 418 3337 tumulo
432 3281 543 3337 vincula
552 3282 616 3337 dira
627 3289 770 3354 premunt.

341 3413 608 3466 XIV'-mus⁰⁸u‘
916 3471 992 3526 obiit
1007 3473 1099 3525 aalma
1109 3470 1292 3538 Imisaarda
1303 3468 1470 3536 imperatris
1481 3466 1717 3523 uaesanae·

72 3527 178 3586 Norica
190 3528 282 3601 prima
299 3544 400 3601 parens
415 3528 516 3597 hierar,
534 3528 687 3602 AquitanIs
700 3536 801 3595 mater,
945 3533 1156 3589 Iscarsclionss
1177 3544 1289 3591 secar,
1315 3531 1470 3586 indictione
1496 3543 1554 3594 xrs,
1575 3541 1627 3583 xur
1648 3528 1715 3584 Kal.

110 3617 232 3673 Francia
246 3634 291 3672 me
301 3619 405 3690 rapuit,
418 3618 565 3690 presbyter
579 3624 665 3692 atque
673 3619 730 3674 suq-
945 3596 1110 3711 Affillfvffi
1122 3595 1169 3649 dic
1180 3597 1342 3652 Pararcsos.
1356 3593 1618 3662 necessarimm,
1632 3593 1660 3646 st
1671 3604 1715 3646 rc.

73 3707 130 3774 Qui
143 3706 198 3762 sisi
211 3708 365 3763 monachus
380 3707 509 3764 isanbert
526 3707 639 3763 nomine
653 3708 754 3769 dictus,
946 3672 1041 3726 mm
1065 3669 1183 3724 mm·

112 3797 200 3868 Cujus
213 3801 255 3864 tu,
270 3797 367 3863 lector,
379 3802 440 3852 esto
454 3814 564 3852 memor
576 3796 715 3871 precibus.
788 3859 792 3866 ¹

74 3886 145 3941 Ecce
158 3885 219 3952 tibi,
238 3890 271 3940 ut
284 3891 404 3958 peteras,
422 3885 573 3958 conscripsi
589 3891 736 3958 promptus
750 3901 856 3945 amore.

111 3974 215 4029 Versus
230 3974 266 4028 ad
280 3975 432 4042 tumulum,
447 3974 535 4030 dulcis
546 3974 645 4042 amice,
661 3981 742 4030 tuum
759 3992 767 4030 :
917 3978 969 4034 Hic
979 3979 1056 4050 jacet
1068 3976 1188 4050 insignis
1196 3977 1248 4044 vir,
1258 3976 1372 4033 nomine
1385 3975 1480 4043 Tutin,
1496 3976 1640 4031 humatus.

72 4062 234 4135 Tripliciter
243 4063 365 4118 condens
376 4063 502 4131 titulum,
516 4063 690 4135 Trinumque
707 4063 856 4135 precando,
953 4067 1103 4140 Complens
1111 4083 1300 4133 communem,
1312 4071 1388 4122 sorte
1396 4071 1522 4134 vocante,
1534 4063 1624 4133 diem3

71 4174 81 4197 ι
112 4151 192 4215 Quod
207 4157 235 4206 te
247 4159 393 4208 conservet
404 4169 532 4209 summus
545 4152 580 4207 ab
594 4169 658 4208 arce
673 4153 756 4208 Deus.
917 4157 983 4212 Alta
994 4157 1133 4212 clarorum
1147 4155 1196 4228 qui
1205 4160 1289 4211 natus
1299 4155 1387 4228 stirpe
1401 4160 1562 4227 pareutum,

72 4239 118 4295 'l'u
128 4246 305 4297 memoresto
319 4242 375 4299 mei
385 4258 449 4298 curn
463 4242 540 4298 rivas
554 4259 640 4298 sanus
649 4241 679 4297 in
693 4241 770 4309 orbe,
953 4247 1030 4302 llere
1044 4232 1121 4301 o'rnni
1139 4261 1268 4318 proceres
1281 4244 1464 4317 aequiparavit
1477 4261 1554 4300 avos.

112 4328 180 4384 Post
194 4328 278 4386 funus
290 4336 384 4387 tecum
399 4337 432 4387 ut
444 4331 525 4387 laetus
539 4332 575 4387 ad
589 4336 667 4387 sstra
680 4337 785 4403 petam.
917 4334 1044 4406 Ingenio,
1061 4334 1210 4407 probitate,
1224 4332 1279 4387 nde
1291 4332 1425 4404 verbique
1438 4331 1538 4388 decore

1088 3837 1177 3890 xvn.
1189 3862 1222 3874 -
1237 3846 1420 3888 anstasius
1435 3846 1544 3886 rurist.

572 4509 728 4565 sononia
747 4509 1015 4568 CHRISTOPHORI
1035 4512 1216 4568 BROWERI.

77 4659 210 4716 Fuldensi
224 4660 403 4715 monasteriis
417 4661 560 4716 educatus.
570 4662 612 4716 De
644 4678 681 4716 uo
694 4666 764 4717 tom.
776 4662 813 4718 Vl
823 4663 1101 4735 hnnrimInganlis
1109 4664 1217 4790 reqins,
1225 4665 1326 4737 conjux
1333 4664 1459 4721 Letharii
1473 4663 1717 4748 impvenersbilis

75 4732 128 4804 tiq.
141 4732 217 4786 Leet.
234 4748 268 4786 ex
281 4730 398 4786 diversis
412 4733 502 4786 multa
514 4732 627 4804 collegit
663 4733 774 4789 enricus
794 4733 876 4789 Cani-
918 4741 947 4791 et
959 4736 1017 4792 Deo
1027 4741 1141 4808 accepts
1160 4735 1432 4792 rlismatrons.s1tt
1444 4753 1543 4809 priscis
1554 4736 1717 4810 diplomatis

75 4803 144 4868 sius,
166 4807 195 4857 et
212 4803 241 4857 in
257 4802 354 4873 Antiq.
370 4802 462 4869 Fuld,
483 4802 532 4858 lib.
548 4821 565 4870 r,
582 4804 665 4859 laude
678 4820 743 4860 eum
756 4822 808 4859 sua
825 4820 876 4877 pro
917 4822 1020 4862 nomen
1038 4807 1125 4863 etism
1149 4807 1336 4879 imperatricis
1351 4807 1481 4880 praelerre
1495 4807 1713 4864 observavimus.

74 4873 178 4929 merito
187 4874 581 4930 cohonestavimus.Creatum
595 4874 725 4930 abbatem
735 4877 832 4931 volunt
846 4876 876 4930 in
919 4878 1005 4933 Porro
1019 4878 1188 4950 lrmingardi
1197 4880 1331 4950 Augusta
1340 4878 1369 4933 in
1380 4877 1524 4950 praenobili
1537 4877 1652 4933 Alsatici
1662 4877 1715 4934 soli

74 4945 173 5000 ordine
188 4945 395 5014 duodecimum,
403 4962 477 5001 anno
490 4947 595 5001 Christi
605 4947 656 5003 stt
667 4945 768 5002 obiisse
779 4948 808 5002 in
816 4949 875 5003 Au·
917 4950 1058 5020 virginum
1068 4948 1713 5022 monasterio,quodEhrinsteiniumsppellaat,

72 5017 131 5088 gis,
149 5032 204 5087 quo
218 5017 271 5071 hoc
287 5017 462 5088 epitaphium
480 5019 678 5073 transmissum
688 5035 735 5072 an.
751 5018 814 5082 849,
831 5035 876 5074 re·
917 5022 1061 5092 sepultura
1069 5021 1197 5076 obvenit:
1212 5020 1241 5075 id
1251 5038 1317 5076 vero
1327 5021 1530 5077 monasterium
1540 5019 1716 5091 Hirmingar·

95 5087 191 5142 'minis
205 5088 249 5143 sui
264 5095 376 5156 octavo;
393 5095 425 5144 ut
439 5090 558 5145 lodocus
572 5088 784 5155 Mezuemsnib.
799 5090 834 5146 de
844 5090 876 5145 il·
917 5092 970 5159 dis,
986 5109 1056 5147 uror
1079 5091 1210 5148 Ludovici
1229 5092 1282 5155 Pii,
1309 5093 1384 5147 circs
1407 5109 1514 5148 annum
1533 5090 1645 5146 Domini
1661 5090 1714 5148 sis

84 5157 293 5214 ustribusVIris
303 5160 332 5215 S.
344 5159 428 5227 Galli,
441 5177 474 5215 ex
485 5162 646 5217 Hermanno
661 5162 876 5227 contrectato
915 5163 988 5218 felici
999 5163 1106 5235 origine
1117 5162 1385 5232 beasse;Lotharius
1394 5169 1490 5219 autern
1503 5167 1533 5217 et
1541 5162 1602 5233 ejus
1611 5163 1716 5234 conjux

72 5229 141 5285 cuit.
916 5233 1477 5306 lrmingsrdismultisopibuscumulasse
1486 5232 1715 5290 scribitur.llnde

109 5317 122 5340 ²
132 5301 295 5372 Repetitum
306 5300 341 5356 ab
351 5302 452 5357 ultima
462 5303 686 5359 Christianorum
694 5304 872 5376 antiquitate,
915 5305 1043 5361 Bruschii
1057 5305 1159 5378 placita
1168 5305 1197 5360 in
1206 5306 1333 5377 catalogo
1347 5304 1594 5377 Argentinensium
1609 5304 1715 5378 episeo-

73 5389 176 5428 nouuae
190 5371 355 5429 vocabulum
365 5373 495 5428 Patribus
509 5380 664 5446 usurpatur
698 5392 729 5430 ro
743 5376 794 5431 reli
816 5375 875 5432 ‘osa
934 5394 1016 5432 orum
1030 5393 1087 5432 non
1101 5376 1268 5443 dissimules,
1282 5377 1404 5450 quicum
1419 5375 1544 5433 Letharii
1552 5376 1657 5450 regirua
1664 5377 1714 5435 ui·-

72 5450 278 5525 etconsecrsta
291 5445 349 5501 Deo
362 5444 520 5500 semina:id
534 5445 610 5529 quod
623 5393 702 5502 valde
715 5446 789 5529 algui
810 5463 874 5503 can-
915 5394 1172 5530 guitparthencuis
1182 5448 1331 5521 originem,
1347 5449 1421 5531 bano
1434 5453 1464 5504 st
1483 5447 1572 5504 tiliam
1585 5446 1714 5522 ejusdem
1798 5496 1801 5501 .

73 5520 120 5571 ter
129 5515 158 5570 S.
175 5516 290 5572 Hieron.
308 5532 353 5588 ep.
368 5515 413 5581 ll,
430 5516 466 5571 sd
480 5515 685 5571 Eustochium:
707 5519 872 5575 bluntorum
914 5535 1036 5574 nominis
1050 5518 1089 5574 ibi
1107 5519 1261 5575 tumulatas
1283 5536 1348 5577 acce
1368 5525 1399 5575 rt.
1416 5519 1472 5577 Sed
1490 5519 1646 5576 auscrdtem
1667 5520 1714 5578 hie

72 5591 195 5657 experts
223 5586 410 5654 dominatum,
425 5587 570 5642 viduitatis
594 5588 746 5659 praetemnt
761 5588 874 5644 liberta·
914 5589 1004 5660 magis
1027 5590 1201 5656 recentioris,
1221 5591 1296 5646 haud
1315 5608 1350 5648 vu
1381 5590 1438 5647 sris
1464 5596 1537 5647 notae
1559 5591 1711 5675 scriptoris,

72 5662 143 5711 tem.
159 5658 249 5712 Castae
263 5664 398 5712 vocantur
412 5664 441 5712 et
454 5675 564 5713 nonnae.
580 5659 710 5714 Consule.
915 5660 1055 5715 Francisci
1069 5660 1251 5715 Guillimanni
1269 5662 1396 5730 arbitrio,
1408 5679 1492 5735 quem
1506 5663 1592 5717 adeas
1604 5662 1670 5718 hcet
1682 5660 1713 5715 la

109 5727 217 5783 bPlane
226 5728 403 5784 consentiens
412 5729 875 5803 huicepitaphioReginonisChro·
915 5731 1294 5804 Hasonenrgentoiatensis
1303 5730 1712 5809 Ecclesiaeepiscoporieesimo

72 5797 168 5856 nieou.
181 5801 287 5857 «Anno
296 5799 449 5859 Dominica
458 5801 664 5860 laoamatiouis
677 5803 727 5861 851
744 5800 875 5861 obiitlle·
914 5819 982 5861 uuo.

194 5900 439 5981 Pamoncxu.
1555 5904 1600 5964 u
