3772 6120
119 261 192 319 talc
842 257 1034 315 EPISTOLAE.
1688 262 1759 321 tttt

117 385 281 440 cubuerunt
287 389 387 454 sponte
402 382 556 452 patiuntur.
575 382 657 453 Siqui
669 388 764 438 autem
770 382 917 454 captivita-
929 385 974 442 Λα
991 381 1046 449 lt).
1066 403 1077 435 r
1095 383 1129 438 Et
1141 397 1253 436 rursus:
1268 401 1280 435 r
1293 382 1363 449 ¹Vos,
1387 385 1476 456 nquit,
1486 385 1598 453 iratres,
1608 388 1758 458 prescien-

115 479 177 529 tem
185 488 266 527 suam
272 476 400 542 gevnunt,
408 474 437 524 et
445 470 605 540 judicantes
617 473 782 544 semetipsos
789 473 822 527 ad
830 471 916 527 raise-
960 490 972 524 r
988 475 1032 526 tes
1045 471 1193 537 custodite,
1211 486 1246 526 ne
1269 471 1299 526 in
1313 471 1508 544 insipientium
1523 491 1649 531 errorem
1662 480 1757 534 uana

116 562 269 618 ricordiam
288 560 338 615 Dei
354 564 462 613 mutato
484 560 566 613 cordo
591 560 764 632 confugiunt,
780 578 836 616 non
855 560 917 615 sine
960 560 1063 615 «ducti
1077 559 1240 616 excidatisa
1260 561 1375 634 propria
1394 562 1538 619 firmitate.
1554 564 1677 623 Crescite
1692 581 1757 622 vero

117 651 221 725 spiritu
236 649 337 705 divinae
352 648 541 703 miserationis
557 650 608 704 hoc
630 649 746 706 iaciunt.
759 652 825 705 Haec
841 650 916 705 enirn
960 666 974 702 a
989 647 1018 702 in
1032 649 1125 724 gratia
1134 654 1163 704 et
1172 649 1332 720 cognitione
1341 650 1455 707 Domini
1465 653 1554 708 nostri
1567 658 1596 709 et
1604 654 1757 711 Salvatoris

117 740 240 796 mutatio
255 739 376 793 dextere
403 737 518 805 Excelsi,
540 739 587 809 qui
603 739 760 794 innumeris
770 739 855 811 lapsis
869 739 918 793 dat
960 737 1054 792 «lesu
1081 738 1185 793 Christi
1215 741 1256 807 (ll
1267 742 1339 793 Patr.
1365 738 1514 810 111,17).»
1539 741 1612 799 Hinc
1630 743 1760 800 etiamet

119 827 316 903 poenitentiam
330 832 362 880 ut
376 826 569 897 resipiscente
583 827 685 882 diaboli
698 828 816 900 laqueis,
836 844 918 898 aquo
958 825 1079 880 loannes
1092 827 1120 882 in
1128 827 1296 899 Apocalypsi
1311 844 1363 883 sua
1374 829 1496 902 scripsit,
1507 830 1602 887 dicens
1618 832 1758 889 :voratio

119 918 222 991 captivi
237 915 408 971 tenebantur
432 915 467 969 ad
493 915 580 987 ipsius
606 917 788 972 voluntatem.
805 916 918 972 Nemini
962 914 1063 970 «vobis
1073 921 1102 971 et
1110 933 1163 987 pax
1178 916 1214 971 ab
1223 933 1256 972 eo
1269 910 1318 989 qui
1338 924 1391 986 est,
1407 918 1455 992 qui
1471 924 1541 988 erat,
1557 920 1643 993 etqui
1657 928 1758 978 ventu·

120 1011 218 1063 autem
234 1007 309 1062 Deus
323 1004 508 1078 correptionis
522 1005 627 1059 adimit
651 1005 733 1072 viam,
753 1023 805 1061 nec
819 1023 918 1078 quern·
961 1020 975 1057 s
991 1021 1039 1058 rus
1046 1010 1269 1077 est,etaseptem
1279 1005 1424 1079 spiritibus
1432 1007 1480 1080 qui
1493 1007 1523 1064 in
1537 1011 1757 1084 conspectaque

121 1113 208 1169 quam
222 1095 288 1151 boni
296 1093 482 1167 possibilitate
490 1093 635 1165 dispoliat:
650 1094 716 1166 quia
726 1095 775 1165 qui
785 1111 815 1149 se
829 1111 847 1148 a
861 1095 919 1150 Deo
961 1098 1064 1159 «sunt,
1076 1098 1105 1148 et
1116 1110 1134 1147 a
1148 1095 1214 1150 Jesu
1238 1094 1359 1164 Christo,
1375 1096 1424 1169 qui
1438 1102 1483 1152 est
1490 1097 1571 1154 testis
1584 1097 1686 1166 fidelis,
1698 1098 1758 1171 pri-

121 1185 233 1251 avertit,
249 1184 308 1257 ipse
327 1189 356 1237 et
371 1184 439 1238 vella
451 1183 525 1254 quod
540 1182 644 1238 bonum
658 1189 703 1238 est
715 1190 745 1238 et
765 1200 847 1255 posse
866 1181 920 1238 sibi
963 1200 976 1235 a
993 1182 1152 1253 mogenitus
1170 1190 1358 1250 mortuorum,
1375 1190 1404 1241 et
1413 1186 1545 1260 princeps
1554 1204 1654 1259 regum
1664 1192 1756 1258 terre,
1865 1200 1869 1216 ·

121 1273 246 1331 sustulit.
263 1274 325 1328 Non
337 1278 380 1327 est
393 1288 460 1342 orgo
470 1287 654 1343 consequens,
674 1272 747 1327 sieut
760 1277 861 1343 putant
871 1271 919 1344 qui
963 1289 976 1322 «
986 1271 1034 1341 qui
1048 1271 1147 1326 dilexit
1159 1289 1219 1339 nos,
1236 1278 1264 1328 et
1277 1273 1345 1329 lavit
1359 1290 1410 1329 nos
1424 1291 1442 1330 a
1466 1275 1589 1348 peccatis
1609 1276 1714 1333 nostris
1727 1275 1759 1333 iu

120 1363 192 1419 talia
208 1361 353 1433 objiciunt,
376 1366 408 1415 ut
430 1362 504 1415 Deus
530 1360 630 1432 quibus
645 1360 840 1432 poenitentiam
862 1377 919 1416 non
962 1360 1130 1435 «sanguine
1143 1378 1195 1415 suo
1218 1361 1311 1433 (Apoc.
1331 1375 1351 1429 1,
1364 1360 1402 1434 l).
1422 1382 1433 1414 r
1450 1363 1582 1423 Liberum
1596 1365 1672 1422 enim
1687 1364 1759 1422 arbi.

121 1451 233 1507 dederit
245 1448 466 1523 resipiscentiam
480 1449 637 1515 abstulerit,
649 1453 678 1504 et
688 1466 757 1521 quos
773 1466 829 1504 non
842 1449 919 1503 leva·
960 1448 1047 1503 trium
1060 1448 1167 1504 homini
1180 1450 1277 1504 datum
1287 1450 1382 1505 nullus
1396 1451 1450 1506 rite
1463 1453 1580 1509 credens
1592 1470 1697 1526 negare
1710 1471 1759 1526 po·

120 1539 372 1595 vitalliserit:eum
384 1538 461 1592 aliud
469 1536 651 1592 sitinsontem
662 1537 752 1609 egisse
763 1537 791 1593 in
800 1536 916 1601 crimen,
960 1541 1016 1591 test
1035 1557 1041 1591 :
1059 1538 1108 1592 sed
1135 1538 1158 1592 si
1181 1539 1215 1593 ad
1245 1539 1374 1595 ellectum
1395 1539 1462 1594 boni
1486 1541 1578 1613 operis
1600 1542 1757 1615 pertigerit,

120 1630 197 1702 quod
209 1628 332 1682 alienum
356 1640 399 1682 est
427 1627 525 1691 nDeo,
543 1627 620 1681 alind
644 1626 793 1681 criminoso
808 1626 918 1681 veniam
960 1626 1087 1681 muneris
1096 1632 1139 1682 est
1153 1627 1252 1698 gratiae
1262 1627 1393 1683 Dei2ubi
1401 1633 1496 1687 autem
1506 1629 1618 1699 dicitur,
1630 1631 1694 1687 Noli
1707 1632 1760 1688 hoo

120 1736 178 1775 non
192 1718 313 1784 dedisse,
330 1717 404 1788 quod
420 1717 454 1771 de
476 1716 630 1788 peccatoris
645 1720 689 1770 est
706 1716 817 1771 merito.
836 1735 847 1767 r
865 1698 991 1771 SedBet
1008 1714 1065 1769 noli
1073 1715 1152 1784 illud,
1161 1715 1244 1771 etubi
1254 1717 1288 1771 ad
1298 1716 1404 1789 aliquid
1413 1717 1633 1787 faciendum,vel
1642 1736 1700 1775 non
1717 1721 1760 1775 sa-

121 1808 189 1882 qnia
203 1807 251 1862 isti
261 1806 336 1861 inter
347 1823 377 1860 se
387 1806 565 1869 dissentiunt,
578 1806 625 1876 qui
636 1805 732 1860 dicunt
741 1804 921 1877 pradestina·
961 1803 1101 1872 ciendum,
1117 1804 1147 1858 in
1157 1804 1258 1860 divinis
1266 1805 1381 1861 monitis
1388 1823 1459 1878 opus
1469 1807 1622 1865 voluntatis
1629 1808 1760 1880 exigitur,

119 1898 229 1953 tionem
243 1894 295 1950 Dei
312 1895 403 1950 secere
430 1912 464 1950 ne
486 1912 548 1967 quis
573 1900 668 1967 posset
689 1895 790 1949 salvari
810 1892 921 1948 etiamsi
961 1893 1030 1948 satis
1050 1893 1172 1948 liberum
1185 1894 1397 1951 demonstratur
1410 1895 1569 1954 arbitrium.
1587 1899 1714 1967 (August.
1729 1899 1763 1954 de

119 1984 207 2041 velit:
223 1989 252 2039 et
266 1984 409 2056 Pelagioni
424 1991 490 2040 sunt
502 1985 550 2058 qui
564 1984 708 2040 ascribunt
715 1989 805 2039 totum
813 1982 921 2039 homini
962 1982 1060 2038 Gratia
1070 1988 1095 2037 et
1108 1985 1192 2038 libero
1207 1986 1336 2051 arbitrio,
1348 2001 1372 2039 ο.
1385 1983 1444 2053 ld«
1459 1985 1550 2040 Nemo
1559 1990 1763 2057 ergocausetur

121 2091 205 2147 posse
220 2091 271 2146 per
294 2074 391 2146 primae
417 2075 585 2130 conditionis
600 2080 716 2141 sortem,
735 2072 869 2146 quidquid
886 2071 921 2125 ud
962 2070 1052 2126 Deum
1062 2070 1092 2126 in
1113 2073 1196 2127 corde
1210 2089 1271 2140 suo,
1288 2073 1337 2128 sed
1353 2072 1406 2128 sibi
1430 2073 1552 2146 imputet
1564 2073 1683 2146 quisque
1696 2091 1761 2131 cum

120 2163 224 2219 salutis
238 2180 295 2219 sua
308 2168 413 2219 statum
428 2164 559 2236 pertinet,
585 2163 696 2218 etiamsi
717 2162 813 2217 divina
830 2159 922 2232 gratia
963 2161 1760 2236 percat,nequecumaliquidsecundumuemnoperatur,

121 2251 204 2306 illurn
219 2268 275 2306 non
290 2251 438 2323 adjuverit,
453 2268 572 2323 quorum
582 2250 780 2306 lioetdiversus
788 2265 867 2305 error
874 2248 920 2315 sit,
963 2249 1068 2304 alienet
1077 2250 1131 2305 hoc
1141 2250 1280 2322 apropria
1294 2251 1446 2308 voluntate.
1458 2251 1577 2316 Quando
1583 2250 1660 2307 enim
1666 2250 1762 2308 volens

121 2340 418 2412 tamenparimpietcs
435 2359 441 2393 ε
456 2340 519 2395 ideo
530 2339 719 2395 necessarium
726 2356 787 2394 esse
801 2337 922 2393 arbitra·
963 2344 1106 2410 operatur,
1115 2346 1183 2394 ωηο
1198 2338 1348 2396 dicendum
1357 2347 1401 2396 est
1415 2357 1485 2412 opus
1492 2339 1607 2409 bonum,
1617 2345 1684 2397 tunc
1697 2357 1762 2414 spe-

120 2445 188 2485 mur
211 2429 420 2501 scripturarum
434 2429 605 2484 testimoniis
620 2428 812 2500 comprobare,
833 2425 922 2482 homi-
963 2428 1052 2484 randa
1065 2433 1109 2484 est
1123 2428 1215 2500 operis
1226 2427 1291 2484 boni
1307 2445 1415 2485 merces
1428 2428 1463 2484 ab
1489 2445 1522 2486 eo
1536 2429 1572 2488 de
1586 2445 1642 2502 quo
1655 2429 1762 2486 dictum

120 2533 189 2575 nem
202 2517 282 2573 initio
297 2516 402 2572 bonum
425 2517 515 2572 allec
529 2533 589 2572 esse
605 2516 759 2585 eonditum,
772 2515 839 2590 quia
852 2515 923 2570 vidit
963 2521 1016 2583 est,
1032 2536 1043 2567 r
1062 2516 1110 2589 qui
1136 2516 1235 2572 reddet
1254 2517 1408 2590 unicuique
1423 2517 1578 2578 secundum
1602 2534 1689 2591 opera
1709 2533 1764 2575 sua

119 2607 198 2664 Deus
207 2613 309 2663 cuncta
330 2622 392 2679 quae
403 2606 516 2673 fecerat,
533 2611 562 2660 et
575 2611 658 2661 erant
669 2606 749 2661 valde
763 2605 837 2661 bona
851 2623 857 2660 :
872 2604 920 2661 sed
966 2622 979 2657 a
999 2606 1105 2674 (llottlr.
1119 2620 1176 2672 xvr,
1191 2604 1248 2677 27).
1267 2626 1280 2660 r
1302 2607 1420 2679 Semper
1433 2612 1477 2663 est
1490 2607 1521 2663 in
1538 2606 1620 2663 nobis
1633 2607 1763 2664 voluntas

120 2695 267 2754 neminem
281 2711 363 2767 posse
377 2711 428 2751 suo
444 2694 545 2750 merito
556 2694 617 2750 sine
639 2693 732 2766 gratia
747 2693 799 2750 Dei
810 2692 921 2761 salvari,
964 2692 1063 2761 libera,
1080 2694 1199 2750 sednon
1217 2711 1330 2768 semper
1343 2695 1426 2751 bona.
1452 2698 1509 2753 Aut
1523 2696 1599 2751 enim
1613 2712 1629 2751 a
1651 2696 1765 2768 justitia

125 2785 195 2858 quia
208 2784 319 2841 Veritas
329 2783 359 2840 in
370 2783 521 2855 Evangelio
531 2783 573 2838 ait
588 2802 594 2837 :
611 2803 622 2835 ι
636 2783 727 2839 Nemo
734 2783 811 2839 venit
819 2782 855 2838 ad
868 2782 923 2837 Pa·
963 2781 1055 2838 libera
1068 2788 1121 2851 est,
1129 2783 1242 2856 quando
1252 2783 1340 2841 servit
1350 2789 1474 2857 peccato,
1491 2790 1521 2841 et
1532 2790 1601 2841 tunc
1618 2789 1662 2840 est
1676 2784 1762 2853 mals,

123 2894 137 2927 ι
156 2879 239 2941 mem,
255 2872 370 2946 nisiper
384 2889 429 2928 me
445 2875 533 2943 tloaa.
545 2887 601 2940 xrv,
617 2871 641 2944 6)
659 2891 666 2939 ;
685 2877 755 2928 oet:
771 2892 782 2924 ι
800 2871 867 2928 Sine
877 2886 923 2926 me
964 2877 1014 2927 aut
1036 2887 1054 2926 a
1079 2877 1192 2944 peccato
1206 2871 1296 2928 libera
1312 2878 1355 2928 est
1368 2873 1481 2945 quando
1495 2873 1583 2929 servit
1595 2873 1766 2945 institisset

125 2982 138 3015 ι
159 2962 229 3018 nihil
240 2961 358 3035 potestis
370 2961 461 3016 tacere
471 2964 564 3030 (loon.
583 2978 629 3028 xv,
647 2961 683 3026 5).
702 2960 807 3017 »Unde
819 2961 924 3018 Paulus
964 2964 1032 3015 tunc
1042 2967 1086 3016 est
1096 2961 1180 3016 bona.
1205 2961 1305 3018 Gratia
1320 2977 1386 3017 vero
1398 2960 1449 3018 Dei
1463 2961 1720 3035 semperestbona,
1737 2967 1766 3019 et

122 3051 162 3107 ad
176 3050 311 3124 Ephesios
325 3050 458 3118 scribens,
472 3050 530 3106 ait:
550 3071 560 3102 ι
582 3050 681 3105 Gratia
702 3049 856 3106 animastis
869 3019 1016 3122 sal-Gper
1033 3049 1107 3105 hanc
1120 3050 1153 3106 nt
1165 3055 1198 3106 ut
1206 3051 1245 3105 sit
1258 3049 1342 3105 homo
1351 3050 1504 3107 voluntatis
1517 3049 1608 3119 bonae,
1624 3050 1673 3124 qui
1687 3050 1766 3124 prius

123 3158 139 3194 a
158 3139 214 3195 vati
228 3156 280 3212 per
292 3139 387 3208 tidem,
400 3144 429 3195 et
442 3140 494 3195 hoc
504 3155 560 3194 non
571 3155 604 3194 ex
614 3138 702 3207 vobis,
718 3139 769 3194 Dei
782 3139 858 3195 enim
873 3139 925 3195 do·
965 3137 1424 3197 tuitvoluntatismalae.1>ernanc
1438 3141 1524 3197 etiam
1534 3142 1568 3197 sst
1578 3145 1611 3199 ut
1623 3139 1766 3214 ipsebone

125 3244 226 3283 «num
240 3233 293 3296 est,
312 3244 368 3284 non
383 3245 416 3283 ex
431 3227 573 3300 operibus,
591 3233 624 3284 ut
649 3245 685 3283 ne
703 3227 766 3298 quis
777 3228 924 3300 glorietur.
966 3228 1185 3301 voluntasque
1202 3228 1263 3303 jam
1290 3228 1376 3301 coepit
1403 3246 1474 3298 esse,
1490 3235 1639 3303 angeatur,
1654 3235 1684 3286 et
1705 3228 1766 3287 tam

124 3334 141 3372 c
159 3317 332 3389 lpsiusenim
341 3316 663 3384 sumusfactura,creoti
672 3316 925 3373 inChristolesuin
967 3333 1070 3388 magna
1085 3317 1144 3383 liat,
1161 3321 1193 3372 ut
1206 3317 1296 3389 possit
1309 3318 1426 3390 implere
1440 3319 1536 3375 divina
1555 3319 1690 3376 mandata
1703 3335 1765 3392 que

125 3405 288 3478 «operibus
311 3405 401 3473 bonis,
413 3423 474 3478 quae
498 3405 666 3479 preparavit
687 3406 762 3460 Deus
782 3405 855 3460 utin
871 3405 927 3460 illis
966 3405 1095 3473 voluerit,
1111 3422 1176 3460 curn
1190 3405 1270 3460 valde
1299 3405 1479 3479 perlectoque
1502 3406 1632 3465 voluerit.
1654 3406 1766 3463 adhoc

126 3514 140 3547 ι
159 3494 334 3550 ambulemus
351 3496 455 3564 (aprio.
480 3509 511 3562 11,
528 3495 563 3563 8).
582 3515 594 3548 o
620 3496 655 3549 Et
671 3494 755 3549 item:
775 3493 860 3548 «Pax
873 3493 928 3547 lra-
968 3492 1207 3564 enimvaletquod
1218 3492 1421 3565 scriptumest:
1435 3494 1487 3551 «si
1500 3494 1621 3551 volueris
1631 3493 1766 3551 mandate

125 3605 139 3638 ι
157 3584 247 3640 tribus
261 3591 290 3640 et
304 3585 426 3639 charitas
437 3601 502 3639 cum
515 3584 570 3638 llde
585 3600 603 3638 a
617 3584 675 3638 Deo
690 3589 769 3654 patre
789 3586 884 3638 nostro
899 3586 928 3637 et
971 3596 1113 3648 «servare,
1122 3581 1327 3637 conservabunt
1336 3583 1506 3639 temandata
1524 3584 1605 3652 (dccl.
1616 3597 1662 3652 xv,
1675 3579 1762 3655 ibin

126 3693 141 3727 a
158 3674 278 3730 Domino
285 3675 352 3729 lesu
358 3673 586 3729 Christollratia
595 3689 658 3727 eum
669 3671 799 3726 omnibus
807 3671 855 3743 qui
862 3671 927 3726 dili-
968 3672 1001 3724 ut
1013 3669 1097 3724 homo
1112 3670 1159 3741 qui
1173 3669 1293 3726 voluerit
1304 3676 1333 3726 et
1343 3687 1400 3726 non
1410 3671 1543 3744 potuerit,
1552 3670 1677 3729 nondum
1685 3687 1765 3729 acce·

126 3783 141 3817 a
158 3763 386 3835 guntllominum
402 3767 533 3818 nostrum
545 3763 642 3817 lesum
651 3760 928 3816 Christuminincor·
969 3758 1042 3831 pisse
1055 3774 1085 3814 se
1106 3759 1188 3830 plene
1207 3759 1277 3814 velle
1295 3767 1455 3831 cognoscat,
1471 3767 1500 3815 et
1518 3765 1579 3817 oret
1592 3766 1625 3818 ut
1639 3760 1766 3821 obtinent

128 3872 144 3907 a
159 3852 289 3924 ruptione
311 3853 413 3924 (llpltes.
437 3849 546 3920 v·1,‘l3).
565 3871 577 3905 o
604 3850 647 3905 Ad
662 3850 803 3905 Romanos
817 3865 928 3921 quoque
967 3848 1251 3903 bonamvoluntatem
1265 3854 1372 3921 quanta
1382 3847 1526 3905 sufficitad
1536 3849 1679 3922 implenda
1687 3867 1767 3907 man·

127 3941 205 3996 idem
219 3941 281 3996 ait:
303 3959 316 3994 a
335 3941 404 4005 Quis
423 3958 469 3995 me
492 3939 621 3994 liberavit
648 3939 682 3994 de
699 3955 814 4010 corpore
829 3938 928 3994 mortis
968 3938 1044 3993 data.
1062 3937 1106 3993 Sic
1127 3936 1230 4009 quippe
1243 3937 1394 4009 adiuvatur
1406 3945 1440 3994 ut
1451 3938 1534 3994 iaciat
1547 3939 1623 4011 quod
1637 3938 1764 4012 jubetur.

129 4049 143 4082 ι
161 4030 265 4102 bujusl
276 4030 375 4084 Gratia
395 4029 446 4084 Dei
461 4046 511 4100 per
526 4029 678 4083 Dominum
690 4032 818 4082 nostrum
833 4029 927 4083 lesum
967 4027 1046 4082 'lunc
1061 4026 1136 4082 enirn
1150 4026 1219 4081 utile
1234 4032 1278 4082 ast
1302 4027 1372 4082 velle
1390 4043 1455 4083 cum
1469 4045 1628 4101 possumus,
1651 4034 1681 4086 et
1698 4034 1767 4085 tunc

128 4138 143 4172 ι
162 4117 305 4173 Christum
321 4120 406 4187 (llam.
431 4131 480 4184 vn,
496 4116 578 4188 aa.»
599 4117 634 4172 Et
655 4117 724 4172 item
740 4133 746 4166 :
765 4136 776 4167 ι
792 4116 928 4188 Reliquiae
968 4116 1038 4172 utile
1051 4121 1094 4170 est
1107 4132 1188 4189 posse
1202 4131 1267 4171 cum
1277 4117 1415 4173 volumus.
1428 4117 1502 4173 Nam
1523 4118 1592 4190 quid
1605 4117 1767 4191 prodest,si

128 4225 145 4262 s
160 4207 261 4280 inquit,
278 4208 431 4262 secundum
441 4206 607 4261 electionem
622 4206 720 4276 gratiae
746 4205 828 4260 salvae
849 4205 927 4261 factae
969 4205 1044 4278 quod
1055 4221 1110 4260 non
1133 4222 1281 4277 possumus
1295 4206 1433 4274 volumus,
1455 4212 1505 4262 aut
1531 4207 1605 4279 quod
1618 4223 1767 4280 possumus

129 4317 143 4350 ι
156 4301 232 4352 sunt.
250 4297 279 4351 Si
293 4302 388 4351 autent
414 4296 516 4367 gratia,
537 4312 593 4349 non
618 4295 806 4367 exoperibus,
823 4294 928 4367 alioqui
969 4293 1121 4350 nolumus?
1132 4296 1196 4363 »(lie
1210 4298 1398 4350 molesimtieis
1409 4295 1638 4365 Doqmot.,c.20.t
1651 4294 1768 4352 «Liber

128 4385 252 4454 «gratia
277 4385 338 4456 jam
358 4400 414 4439 non
441 4390 485 4438 est
509 4384 603 4455 gratia
623 4386 707 4452 lltom
737 4399 775 4447 rr,
792 4383 829 4453 5).
850 4402 861 4433 r
885 4382 927 4436 Ad
968 4384 1020 4438 toti
1035 4383 1148 4454 quidem
1163 4382 1272 4438 arbitrii
1283 4384 1326 4438 sui
1342 4384 1508 4438 commissus
1522 4383 1656 4438 esthomo
1668 4385 1766 4442 statim

127 4471 290 4527 Corinthios
298 4490 409 4545 quoque
416 4473 457 4529 sic
470 4473 612 4545 loquitur:
626 4493 639 4525 a
656 4473 754 4528 Gratia
767 4477 863 4528 autem
877 4455 999 4527 DeiDin
1007 4473 1099 4544 prima
1108 4471 1207 4526 mundi
1215 4471 1385 4538 conditione,
1398 4476 1431 4526 ut
1440 4472 1499 4526 sola
1511 4471 1655 4553 vigilantia
1662 4473 1767 4529 mentis

129 4578 145 4613 a
161 4576 224 4617 sum
234 4560 263 4616 id
276 4563 350 4634 quod
364 4579 436 4629 sum,
453 4569 483 4617 et
495 4563 590 4633 gratia
600 4563 662 4634 ejus
671 4562 699 4616 in
715 4578 761 4617 me
770 4578 858 4617 vacua
871 4578 929 4620 non
969 4561 1123 4628 adnitente,
1140 4558 1225 4615 etiam
1239 4560 1409 4632 inprecepti
1422 4560 1550 4616 custodia
1561 4567 1765 4633 perseveraret,

130 4672 144 4702 ι
160 4650 224 4719 suit,
239 4651 290 4707 sed
305 4651 496 4708 abundantius
511 4652 567 4707 illis
577 4649 708 4707 omnibus
718 4651 851 4707 laboravi.
865 4653 928 4709 Non
969 4650 993 4705 si
1008 4650 1099 4715 vellet,
1125 4649 1196 4704 inid
1211 4649 1247 4704 ad
1267 4649 1342 4720 quod
1356 4653 1468 4704 creatus
1482 4648 1575 4706 marat
1588 4667 1766 4724 permanere.

129 4755 145 4791 a
160 4755 212 4810 ego
228 4741 388 4808 antem,sed
397 4741 491 4813 gratia
500 4741 551 4797 Dei
563 4758 674 4796 mecum
683 4743 710 4810 (l
722 4743 783 4799 Gor.
792 4756 836 4807 xv,
855 4741 925 4812 10).»
968 4739 1121 4810 Postquam
1131 4754 1196 4793 vero
1210 4737 1373 4794 seductione
1385 4738 1524 4810 serpentis
1538 4756 1589 4812 per
1598 4740 1684 4796 Evam
1694 4739 1768 4798 ceci·

127 4827 170 4885 De
184 4829 238 4885 hoc
247 4846 358 4903 quoque
365 4837 394 4886 et
403 4830 524 4886 lacobus
533 4830 677 4902 apostolus
687 4829 926 4902 scripsitdicens:
968 4827 1020 4896 dit,
1036 4833 1144 4883 natura
1157 4827 1262 4883 bonum
1277 4827 1408 4899 perdidit,
1420 4828 1527 4900 pariter
1539 4833 1569 4885 et
1582 4829 1706 4900 vigorem
1720 4843 1768 4885 ar·

130 4917 244 4975 «Omne
255 4918 354 4975 datum
364 4919 548 4992 optimumst
562 4936 646 4976 omne
658 4920 764 4975 donum
775 4920 929 4992 perfectum
968 4917 1045 4972 bitrii
1063 4933 1068 4970 :
1094 4933 1151 4972 non
1164 4921 1261 4972 tamen
1275 4915 1450 4983 electionem,
1467 4934 1503 4974 ne
1524 4933 1581 4973 non
1594 4923 1669 4973 esset
1683 4932 1767 4976 suum

128 5026 146 5063 s
160 5009 310 5065 desursum
317 5014 361 5065 est
374 5008 545 5066 descendens
556 5026 574 5063 a
587 5016 667 5081 patre
680 5008 820 5064 luminum
828 5009 894 5076 (lac.
906 5021 927 5075 1,
970 5006 1044 5079 quod
1055 5005 1219 5061 emendaret
1228 5009 1384 5077 peccatum,
1394 5022 1446 5061 neo
1456 5007 1557 5062 merito
1571 5005 1768 5076 indulgeretur

126 5092 213 5164 17).»
230 5096 266 5151 Et
283 5097 352 5151 item
373 5116 378 5151 :
405 5119 415 5149 ι
433 5098 518 5163 Deua,
539 5098 642 5169 inquit,
658 5097 786 5170 superbis
812 5096 928 5164 resistit,
970 5094 1045 5166 quod
1058 5111 1116 5150 non
1133 5093 1249 5150 arbitrio
1264 5093 1403 5150 diluisset.
1417 5095 1512 5151 Monet
1526 5095 1622 5166 itaque
1635 5094 1671 5151 ad
1690 5111 1767 5167 qua·

75 5186 83 5193 '
129 5184 312 5240 «humilibus
331 5192 425 5241 autem
437 5186 487 5241 dat
499 5187 621 5257 gratiam
645 5190 712 5254 (loc.
728 5202 765 5254 vv,
781 5187 821 5256 6).
841 5205 852 5237 r
869 5187 928 5241 lmo
971 5184 1088 5239 rendam
1108 5184 1228 5239 salutem
1244 5181 1354 5238 arbitrii
1372 5182 1498 5250 libertas,
1514 5183 1543 5239 id
1564 5184 1767 5241 estrationalis

127 5274 298 5329 etPetrusin
307 5276 488 5346 Epistolasua
501 5276 623 5346 gratiam
629 5276 679 5331 Dei
685 5275 860 5330 auditoribus
870 5273 929 5328 suis
969 5274 1107 5339 voluntas,
1116 5272 1165 5327 sed
1174 5272 1342 5327 admonente
1352 5272 1431 5344 prius
1440 5272 1506 5339 Deo,
1517 5277 1546 5327 et
1555 5288 1618 5327 eam
1629 5272 1767 5330 invitante

127 5364 424 5433 commendatdicens:
438 5384 451 5415 a
466 5366 564 5420 Gratia
573 5364 650 5418 vobis
659 5370 747 5434 etpax
758 5363 929 5434 multiplice·
969 5362 1005 5417 ad
1019 5363 1149 5428 salutem,
1162 5367 1195 5416 ut
1203 5361 1246 5416 vel
1262 5360 1357 5431 eligat,
1368 5360 1412 5414 vel
1425 5366 1569 5432 sequatur,
1582 5361 1625 5417 vel
1640 5366 1707 5433 egat
1718 5379 1766 5418 oc·

129 5470 143 5505 a
158 5460 207 5507 tur
222 5453 261 5520 (ll
280 5456 351 5507 Patr.
363 5468 382 5520 1,
404 5453 442 5525 ἓ).
457 5455 513 5508 »Et
527 5455 594 5509 item
613 5471 618 5505 :
638 5453 761 5507 «Gratia
773 5452 931 5507 antemerit
969 5451 1080 5506 cesione
1095 5449 1203 5515 salutis,
1220 5449 1272 5503 hoc
1287 5453 1329 5502 est
1338 5448 1524 5521 inspiratione
1537 5449 1601 5518 oet,
1625 5456 1658 5507 nt
1670 5456 1767 5508 autern

128 5559 143 5597 a
159 5540 238 5596 vobis
248 5542 378 5597 omnibus
388 5543 436 5613 qui
448 5543 516 5597 estis
529 5544 559 5597 in
574 5540 685 5598 eluisto
696 5541 763 5597 lesu
779 5541 882 5614 (lPetr.
899 5557 926 5608 v,
969 5536 1238 5612 consequaturquod
1245 5537 1333 5608 eligit,
1341 5539 1383 5594 val
1393 5538 1469 5613 quod
1479 5538 1618 5614 sequitur,
1633 5539 1677 5598 vel
1691 5541 1767 5614 quot
1862 5536 1865 5542 ’

320 5639 454 5704 Paraoa.
469 5643 559 5704 Gllll.
1569 5640 1609 5700 t9
