<?xml version="1.0" encoding="UTF-8"?>
<!DOCTYPE html PUBLIC "-//W3C//DTD XHTML 1.0 Transitional//EN"
    "http://www.w3.org/TR/xhtml1/DTD/xhtml1-transitional.dtd">
<html xmlns="http://www.w3.org/1999/xhtml" xml:lang="en" lang="en">
 <head>
  <title>
</title>
<meta http-equiv="Content-Type" content="text/html;charset=utf-8" />
  <meta name='ocr-system' content='tesseract 3.04.00' />
  <meta name='ocr-capabilities' content='ocr_page ocr_carea ocr_par ocr_line ocrx_word'/>
</head>
<body>
  <div class='ocr_page' id='page_1' title='image "./patrologiaecurs22goog_0436.png"; bbox 0 0 3772 6120; ppageno 0'>
   <div class='ocr_carea' id='block_1_1' title="bbox 126 274 1467 340">
    <p class='ocr_par' dir='ltr' id='par_1_1' title="bbox 126 274 1467 340">
     <span class='ocr_line' id='line_1_1' title="bbox 126 274 1467 340; baseline -0.007 0"><span class='ocrx_word' id='word_1_1' title='bbox 126 278 181 340; x_wconf 63' lang='grc'>819</span> <span class='ocrx_word' id='word_1_2' title='bbox 424 283 455 337; x_wconf 86' lang='grc' dir='ltr'>Β.</span> <span class='ocrx_word' id='word_1_3' title='bbox 477 281 613 336; x_wconf 79' lang='lat' dir='ltr'>RABANI</span> <span class='ocrx_word' id='word_1_4' title='bbox 632 278 748 336; x_wconf 75' lang='lat' dir='ltr'>linum</span> <span class='ocrx_word' id='word_1_5' title='bbox 767 279 934 336; x_wconf 71' lang='lat' dir='ltr'>ARCHIEP.</span> <span class='ocrx_word' id='word_1_6' title='bbox 954 279 1116 336; x_wconf 71' lang='lat' dir='ltr'>nouum.</span> <span class='ocrx_word' id='word_1_7' title='bbox 1137 277 1286 335; x_wconf 66' lang='lat' dir='ltr'>&amp;amm</span> <span class='ocrx_word' id='word_1_8' title='bbox 1304 275 1397 332; x_wconf 84' lang='lat' dir='ltr'>PARS</span> <span class='ocrx_word' id='word_1_9' title='bbox 1414 274 1467 332; x_wconf 88' lang='lat' dir='ltr'>m.</span> 
     </span>
    </p>
   </div>
   <div class='ocr_carea' id='block_1_2' title="bbox 119 397 1638 4746">
    <p class='ocr_par' dir='ltr' id='par_1_2' title="bbox 119 397 1638 4746">
     <span class='ocr_line' id='line_1_2' title="bbox 128 397 1638 472; baseline -0.006 -9"><span class='ocrx_word' id='word_1_10' title='bbox 128 414 201 463; x_wconf 76' lang='lat' dir='ltr'>natae</span> <span class='ocrx_word' id='word_1_11' title='bbox 212 407 499 472; x_wconf 79' lang='lat' dir='ltr'>mentesJudaoram,</span> <span class='ocrx_word' id='word_1_12' title='bbox 517 407 586 459; x_wconf 89' lang='lat' dir='ltr'>utin</span> <span class='ocrx_word' id='word_1_13' title='bbox 601 406 653 460; x_wconf 84' lang='lat' dir='ltr'>lob</span> <span class='ocrx_word' id='word_1_14' title='bbox 670 425 675 458; x_wconf 94' lang='lat'>:</span> <span class='ocrx_word' id='word_1_15' title='bbox 695 426 707 449; x_wconf 74' lang='lat' dir='ltr'>a</span> <span class='ocrx_word' id='word_1_16' title='bbox 725 404 1080 471; x_wconf 76' lang='lat' dir='ltr'>Ancillae&#39;tuaeAdabant‚</span> <span class='ocrx_word' id='word_1_17' title='bbox 1114 411 1143 457; x_wconf 93' lang='lat' dir='ltr'>et</span> <span class='ocrx_word' id='word_1_18' title='bbox 1171 405 1199 458; x_wconf 89' lang='lat' dir='ltr'>in</span> <span class='ocrx_word' id='word_1_19' title='bbox 1232 404 1340 457; x_wconf 86' lang='lat' dir='ltr'>occulto</span> <span class='ocrx_word' id='word_1_20' title='bbox 1366 401 1436 455; x_wconf 89' lang='lat' dir='ltr'>mibi</span> <span class='ocrx_word' id='word_1_21' title='bbox 1462 397 1638 455; x_wconf 66' lang='lat' dir='ltr'>detrahebam</span> 
     </span>
     <span class='ocr_line' id='line_1_3' title="bbox 127 488 1638 566; baseline -0.007 -14"><span class='ocrx_word' id='word_1_22' title='bbox 127 498 200 552; x_wconf 90' lang='lat' dir='ltr'>sicut</span> <span class='ocrx_word' id='word_1_23' title='bbox 214 497 336 550; x_wconf 84' lang='lat' dir='ltr'>alienum</span> <span class='ocrx_word' id='word_1_24' title='bbox 352 496 512 549; x_wconf 82' lang='lat' dir='ltr'>babuerunt</span> <span class='ocrx_word' id='word_1_25' title='bbox 526 511 571 548; x_wconf 90' lang='lat' dir='ltr'>me</span> <span class='ocrx_word' id='word_1_26' title='bbox 585 494 604 559; x_wconf 83' lang='lat'>¹,</span> <span class='ocrx_word' id='word_1_27' title='bbox 623 514 634 543; x_wconf 75' lang='lat' dir='ltr'>n</span> <span class='ocrx_word' id='word_1_28' title='bbox 660 495 733 566; x_wconf 82' lang='lat' dir='ltr'>quod</span> <span class='ocrx_word' id='word_1_29' title='bbox 759 495 925 549; x_wconf 77' lang='lat' dir='ltr'>eliemiuata</span> <span class='ocrx_word' id='word_1_30' title='bbox 966 510 1033 564; x_wconf 83' lang='lat' dir='ltr'>apes</span> <span class='ocrx_word' id='word_1_31' title='bbox 1047 495 1075 548; x_wconf 89' lang='lat' dir='ltr'>in</span> <span class='ocrx_word' id='word_1_32' title='bbox 1089 511 1137 548; x_wconf 89' lang='lat' dir='ltr'>ore</span> <span class='ocrx_word' id='word_1_33' title='bbox 1152 493 1217 557; x_wconf 91' lang='lat' dir='ltr'>mei,</span> <span class='ocrx_word' id='word_1_34' title='bbox 1236 500 1264 546; x_wconf 91' lang='lat' dir='ltr'>et</span> <span class='ocrx_word' id='word_1_35' title='bbox 1288 493 1316 546; x_wconf 92' lang='lat' dir='ltr'>in</span> <span class='ocrx_word' id='word_1_36' title='bbox 1337 489 1539 562; x_wconf 83' lang='lat' dir='ltr'>posterioribus</span> <span class='ocrx_word' id='word_1_37' title='bbox 1561 488 1638 543; x_wconf 79' lang='lat' dir='ltr'>actile</span> 
     </span>
     <span class='ocr_line' id='line_1_4' title="bbox 125 583 1042 655; baseline -0.002 -16"><span class='ocrx_word' id='word_1_38' title='bbox 125 592 233 639; x_wconf 82' lang='lat' dir='ltr'>mentes</span> <span class='ocrx_word' id='word_1_39' title='bbox 248 586 409 639; x_wconf 84' lang='lat' dir='ltr'>Judaeorum</span> <span class='ocrx_word' id='word_1_40' title='bbox 424 600 474 655; x_wconf 87' lang='lat' dir='ltr'>per</span> <span class='ocrx_word' id='word_1_41' title='bbox 486 585 569 638; x_wconf 88' lang='lat' dir='ltr'>tidem</span> <span class='ocrx_word' id='word_1_42' title='bbox 585 601 630 638; x_wconf 88' lang='lat' dir='ltr'>me</span> <span class='ocrx_word' id='word_1_43' title='bbox 646 590 845 654; x_wconf 80' lang='lat' dir='ltr'>cognoverunt.</span> <span class='ocrx_word' id='word_1_44' title='bbox 871 584 926 637; x_wconf 86' lang='lat' dir='ltr'>Per</span> <span class='ocrx_word' id='word_1_45' title='bbox 967 583 1042 637; x_wconf 91' lang='lat' dir='ltr'>bent.</span> 
     </span>
     <span class='ocr_line' id='line_1_5' title="bbox 126 665 1638 744; baseline -0.005 -16"><span class='ocrx_word' id='word_1_46' title='bbox 126 669 272 738; x_wconf 67' lang='lat' dir='ltr'>ani-illam,</span> <span class='ocrx_word' id='word_1_47' title='bbox 288 674 409 727; x_wconf 82' lang='lat' dir='ltr'>humiles</span> <span class='ocrx_word' id='word_1_48' title='bbox 424 675 537 744; x_wconf 91' lang='lat' dir='ltr'>quippe,</span> <span class='ocrx_word' id='word_1_49' title='bbox 549 680 582 727; x_wconf 91' lang='lat' dir='ltr'>ut</span> <span class='ocrx_word' id='word_1_50' title='bbox 597 675 625 727; x_wconf 92' lang='lat' dir='ltr'>in</span> <span class='ocrx_word' id='word_1_51' title='bbox 641 673 761 728; x_wconf 83' lang='lat' dir='ltr'>Genesi:</span> <span class='ocrx_word' id='word_1_52' title='bbox 777 690 789 724; x_wconf 79' lang='lat' dir='ltr'>c</span> <span class='ocrx_word' id='word_1_53' title='bbox 803 674 837 728; x_wconf 87' lang='lat' dir='ltr'>Et</span> <span class='ocrx_word' id='word_1_54' title='bbox 852 672 925 726; x_wconf 88' lang='lat' dir='ltr'>ciba·</span> <span class='ocrx_word' id='word_1_55' title='bbox 1001 672 1073 740; x_wconf 78' lang='lat' dir='ltr'>,iper</span> <span class='ocrx_word' id='word_1_56' title='bbox 1087 673 1216 742; x_wconf 85' lang='lat' dir='ltr'>princeps</span> <span class='ocrx_word' id='word_1_57' title='bbox 1235 678 1279 724; x_wconf 88' lang='lat' dir='ltr'>est</span> <span class='ocrx_word' id='word_1_58' title='bbox 1297 671 1498 731; x_wconf 82' lang='lat' dir='ltr'>Romanorum,</span> <span class='ocrx_word' id='word_1_59' title='bbox 1516 672 1549 721; x_wconf 86' lang='lat' dir='ltr'>ut</span> <span class='ocrx_word' id='word_1_60' title='bbox 1571 666 1601 721; x_wconf 81' lang='lat' dir='ltr'>iu</span> <span class='ocrx_word' id='word_1_61' title='bbox 1620 665 1638 721; x_wconf 80' lang='lat' dir='ltr'>P</span> 
     </span>
     <span class='ocr_line' id='line_1_6' title="bbox 126 756 1638 833; baseline -0.006 -18"><span class='ocrx_word' id='word_1_62' title='bbox 126 763 169 816; x_wconf 91' lang='lat' dir='ltr'>ria</span> <span class='ocrx_word' id='word_1_63' title='bbox 188 758 296 816; x_wconf 78' lang='lat' dir='ltr'>ancillis</span> <span class='ocrx_word' id='word_1_64' title='bbox 311 763 399 819; x_wconf 67' lang='grc'>511131.</span> <span class='ocrx_word' id='word_1_65' title='bbox 419 758 518 833; x_wconf 75' lang='lat' dir='ltr'>equod</span> <span class='ocrx_word' id='word_1_66' title='bbox 532 769 629 817; x_wconf 85' lang='lat' dir='ltr'>sancta</span> <span class='ocrx_word' id='word_1_67' title='bbox 652 762 775 817; x_wconf 80' lang='lat' dir='ltr'><strong>Ecclesia</strong></span> <span class='ocrx_word' id='word_1_68' title='bbox 795 762 925 832; x_wconf 86' lang='lat' dir='ltr'>spiritua-</span> <span class='ocrx_word' id='word_1_69' title='bbox 968 761 1197 815; x_wconf 77' lang='lat' dir='ltr'>‹Exterminavit</span> <span class='ocrx_word' id='word_1_70' title='bbox 1217 777 1279 813; x_wconf 89' lang='lat' dir='ltr'>eam</span> <span class='ocrx_word' id='word_1_71' title='bbox 1303 776 1371 830; x_wconf 87' lang='lat' dir='ltr'>aper</span> <span class='ocrx_word' id='word_1_72' title='bbox 1393 758 1428 812; x_wconf 93' lang='lat' dir='ltr'>de</span> <span class='ocrx_word' id='word_1_73' title='bbox 1448 758 1519 811; x_wconf 87' lang='lat' dir='ltr'>silva</span> <span class='ocrx_word' id='word_1_74' title='bbox 1535 756 1568 820; x_wconf 83' lang='lat'>¹¹,</span> <span class='ocrx_word' id='word_1_75' title='bbox 1583 766 1638 827; x_wconf 74' lang='lat' dir='ltr'>»qi</span> 
     </span>
     <span class='ocr_line' id='line_1_7' title="bbox 126 844 1638 920; baseline -0.005 -16"><span class='ocrx_word' id='word_1_76' title='bbox 126 852 181 905; x_wconf 91' lang='lat' dir='ltr'>lem</span> <span class='ocrx_word' id='word_1_77' title='bbox 195 852 374 906; x_wconf 84' lang='lat' dir='ltr'>reiectionem</span> <span class='ocrx_word' id='word_1_78' title='bbox 389 851 543 906; x_wconf 84' lang='lat' dir='ltr'>humilibus</span> <span class='ocrx_word' id='word_1_79' title='bbox 558 851 666 905; x_wconf 85' lang='lat' dir='ltr'>tribuit.</span> <span class='ocrx_word' id='word_1_80' title='bbox 965 849 1027 903; x_wconf 90' lang='lat' dir='ltr'>bem</span> <span class='ocrx_word' id='word_1_81' title='bbox 1052 850 1201 920; x_wconf 75' lang='lat' dir='ltr'>captivavit</span> <span class='ocrx_word' id='word_1_82' title='bbox 1227 849 1372 903; x_wconf 81' lang='lat' dir='ltr'>iudaicam</span> <span class='ocrx_word' id='word_1_83' title='bbox 1394 847 1473 902; x_wconf 80' lang='lat' dir='ltr'>Titus</span> <span class='ocrx_word' id='word_1_84' title='bbox 1498 845 1547 915; x_wconf 86' lang='lat' dir='ltr'>qui</span> <span class='ocrx_word' id='word_1_85' title='bbox 1566 844 1638 915; x_wconf 82' lang='lat' dir='ltr'>impe</span> 
     </span>
     <span class='ocr_line' id='line_1_8' title="bbox 162 939 1064 1010; baseline -0.002 -16"><span class='ocrx_word' id='word_1_86' title='bbox 162 943 325 1009; x_wconf 60' lang='lat' dir='ltr'>,tnaqupbc</span> <span class='ocrx_word' id='word_1_87' title='bbox 347 942 498 994; x_wconf 84' lang='lat' dir='ltr'>varietates</span> <span class='ocrx_word' id='word_1_88' title='bbox 513 943 580 994; x_wconf 89' lang='lat' dir='ltr'>sunt</span> <span class='ocrx_word' id='word_1_89' title='bbox 598 941 734 994; x_wconf 88' lang='lat' dir='ltr'>bonorum</span> <span class='ocrx_word' id='word_1_90' title='bbox 749 956 875 1010; x_wconf 77' lang='lat' dir='ltr'>operum,</span> <span class='ocrx_word' id='word_1_91' title='bbox 892 948 923 994; x_wconf 89' lang='lat' dir='ltr'>ut</span> <span class='ocrx_word' id='word_1_92' title='bbox 966 939 1064 993; x_wconf 87' lang='lat' dir='ltr'>lioma.</span> 
     </span>
     <span class='ocr_line' id='line_1_9' title="bbox 126 1022 1638 1100; baseline -0.003 -17"><span class='ocrx_word' id='word_1_93' title='bbox 126 1031 155 1083; x_wconf 91' lang='lat' dir='ltr'>in</span> <span class='ocrx_word' id='word_1_94' title='bbox 171 1029 242 1083; x_wconf 90' lang='lat' dir='ltr'>libro</span> <span class='ocrx_word' id='word_1_95' title='bbox 256 1031 365 1100; x_wconf 82' lang='lat' dir='ltr'>Regum</span> <span class='ocrx_word' id='word_1_96' title='bbox 382 1050 387 1083; x_wconf 95' lang='lat'><strong>:</strong></span> <span class='ocrx_word' id='word_1_97' title='bbox 408 1051 418 1077; x_wconf 78' lang='grc' dir='ltr'>ι</span> <span class='ocrx_word' id='word_1_98' title='bbox 437 1031 470 1084; x_wconf 86' lang='lat' dir='ltr'>Et</span> <span class='ocrx_word' id='word_1_99' title='bbox 484 1030 644 1100; x_wconf 71' lang='lat' dir='ltr'>anaglypha</span> <span class='ocrx_word' id='word_1_100' title='bbox 658 1029 736 1082; x_wconf 78' lang='lat' dir='ltr'>valde</span> <span class='ocrx_word' id='word_1_101' title='bbox 761 1030 923 1100; x_wconf 82' lang='lat' dir='ltr'>promiuen-</span> <span class='ocrx_word' id='word_1_102' title='bbox 1000 1031 1099 1095; x_wconf 71' lang='lat' dir='ltr'>Aquilo</span> <span class='ocrx_word' id='word_1_103' title='bbox 1114 1032 1156 1081; x_wconf 86' lang='lat' dir='ltr'>est</span> <span class='ocrx_word' id='word_1_104' title='bbox 1164 1027 1315 1081; x_wconf 83' lang='lat' dir='ltr'>austeritas</span> <span class='ocrx_word' id='word_1_105' title='bbox 1326 1023 1538 1096; x_wconf 74' lang='lat' dir='ltr'>persecutionis,</span> <span class='ocrx_word' id='word_1_106' title='bbox 1551 1022 1638 1079; x_wconf 66' lang='lat' dir='ltr'>etia*</span> 
     </span>
     <span class='ocr_line' id='line_1_10' title="bbox 126 1111 1638 1190; baseline -0.004 -17"><span class='ocrx_word' id='word_1_107' title='bbox 126 1119 218 1181; x_wconf 83' lang='lat' dir='ltr'>tia³‚·</span> <span class='ocrx_word' id='word_1_108' title='bbox 236 1140 247 1170; x_wconf 82' lang='lat' dir='ltr'>u</span> <span class='ocrx_word' id='word_1_109' title='bbox 261 1135 322 1190; x_wconf 83' lang='lat' dir='ltr'>quae</span> <span class='ocrx_word' id='word_1_110' title='bbox 333 1119 469 1173; x_wconf 86' lang='lat' dir='ltr'>insanctc</span> <span class='ocrx_word' id='word_1_111' title='bbox 477 1119 600 1182; x_wconf 84' lang='lat' dir='ltr'>homine,</span> <span class='ocrx_word' id='word_1_112' title='bbox 614 1119 921 1189; x_wconf 81' lang='lat' dir='ltr'>quiesttemplumllei.</span> <span class='ocrx_word' id='word_1_113' title='bbox 967 1138 976 1163; x_wconf 69' lang='lat' dir='ltr'>a</span> <span class='ocrx_word' id='word_1_114' title='bbox 996 1118 1094 1185; x_wconf 77' lang='lat' dir='ltr'>Surge,</span> <span class='ocrx_word' id='word_1_115' title='bbox 1111 1117 1222 1186; x_wconf 89' lang='lat' dir='ltr'>aquilo;</span> <span class='ocrx_word' id='word_1_116' title='bbox 1237 1116 1309 1172; x_wconf 80' lang='lat' dir='ltr'>reni.</span> <span class='ocrx_word' id='word_1_117' title='bbox 1329 1119 1425 1168; x_wconf 86' lang='lat' dir='ltr'>auster</span> <span class='ocrx_word' id='word_1_118' title='bbox 1443 1113 1502 1177; x_wconf 74' lang='lat' dir='ltr'>¹¹,r</span> <span class='ocrx_word' id='word_1_119' title='bbox 1526 1111 1603 1183; x_wconf 82' lang='lat' dir='ltr'>quod</span> <span class='ocrx_word' id='word_1_120' title='bbox 1623 1111 1638 1166; x_wconf 87' lang='lat' dir='ltr'>d</span> 
     </span>
     <span class='ocr_line' id='line_1_11' title="bbox 124 1199 1638 1278; baseline -0.004 -19"><span class='ocrx_word' id='word_1_121' title='bbox 124 1209 272 1262; x_wconf 84' lang='lat' dir='ltr'>varietates</span> <span class='ocrx_word' id='word_1_122' title='bbox 292 1209 428 1262; x_wconf 90' lang='lat' dir='ltr'>bonorum</span> <span class='ocrx_word' id='word_1_123' title='bbox 440 1215 553 1263; x_wconf 89' lang='lat' dir='ltr'>actuum</span> <span class='ocrx_word' id='word_1_124' title='bbox 562 1206 624 1261; x_wconf 90' lang='lat' dir='ltr'>aliis</span> <span class='ocrx_word' id='word_1_125' title='bbox 635 1207 662 1260; x_wconf 92' lang='lat' dir='ltr'>in</span> <span class='ocrx_word' id='word_1_126' title='bbox 674 1207 832 1278; x_wconf 85' lang='lat' dir='ltr'>exemplum</span> <span class='ocrx_word' id='word_1_127' title='bbox 839 1223 923 1277; x_wconf 86' lang='lat' dir='ltr'>appa-</span> <span class='ocrx_word' id='word_1_128' title='bbox 963 1222 1165 1276; x_wconf 88' lang='lat' dir='ltr'>nonuunquam</span> <span class='ocrx_word' id='word_1_129' title='bbox 1181 1205 1311 1270; x_wconf 80' lang='lat' dir='ltr'>Ecclesia,</span> <span class='ocrx_word' id='word_1_130' title='bbox 1328 1208 1359 1257; x_wconf 91' lang='lat' dir='ltr'>ut</span> <span class='ocrx_word' id='word_1_131' title='bbox 1374 1202 1520 1272; x_wconf 82' lang='lat' dir='ltr'>mitigetur</span> <span class='ocrx_word' id='word_1_132' title='bbox 1532 1199 1638 1254; x_wconf 75' lang='lat' dir='ltr'>austeri</span> 
     </span>
     <span class='ocr_line' id='line_1_12' title="bbox 127 1288 1638 1364; baseline -0.003 -15"><span class='ocrx_word' id='word_1_133' title='bbox 127 1303 199 1351; x_wconf 89' lang='lat' dir='ltr'>rent.</span> <span class='ocrx_word' id='word_1_134' title='bbox 963 1295 1124 1348; x_wconf 74' lang='lat' dir='ltr'>secationis.</span> <span class='ocrx_word' id='word_1_135' title='bbox 1144 1294 1256 1363; x_wconf 75' lang='lat' dir='ltr'>Aquilo,</span> <span class='ocrx_word' id='word_1_136' title='bbox 1274 1293 1393 1364; x_wconf 88' lang='lat' dir='ltr'>populus</span> <span class='ocrx_word' id='word_1_137' title='bbox 1413 1290 1537 1361; x_wconf 82' lang='lat' dir='ltr'>gentilis,</span> <span class='ocrx_word' id='word_1_138' title='bbox 1560 1294 1594 1344; x_wconf 88' lang='lat' dir='ltr'>ut</span> <span class='ocrx_word' id='word_1_139' title='bbox 1614 1288 1638 1345; x_wconf 87' lang='lat' dir='ltr'>in</span> 
     </span>
     <span class='ocr_line' id='line_1_13' title="bbox 160 1368 1638 1453; baseline -0.004 -14"><span class='ocrx_word' id='word_1_140' title='bbox 160 1387 354 1440; x_wconf 64' lang='lat' dir='ltr'>tetracordis</span> <span class='ocrx_word' id='word_1_141' title='bbox 369 1390 565 1450; x_wconf 88' lang='lat' dir='ltr'>suntsecreta,</span> <span class='ocrx_word' id='word_1_142' title='bbox 582 1392 614 1439; x_wconf 91' lang='lat' dir='ltr'>ut</span> <span class='ocrx_word' id='word_1_143' title='bbox 632 1382 747 1438; x_wconf 82' lang='lat' dir='ltr'>inlob:</span> <span class='ocrx_word' id='word_1_144' title='bbox 772 1404 783 1431; x_wconf 74' lang='grc' dir='ltr'>ιι</span> <span class='ocrx_word' id='word_1_145' title='bbox 805 1368 923 1448; x_wconf 82' lang='lat' dir='ltr'>Quando</span> <span class='ocrx_word' id='word_1_146' title='bbox 966 1385 1096 1438; x_wconf 71' lang='lat' dir='ltr'>«Dicam</span> <span class='ocrx_word' id='word_1_147' title='bbox 1116 1384 1266 1453; x_wconf 87' lang='lat' dir='ltr'>aquiloni:</span> <span class='ocrx_word' id='word_1_148' title='bbox 1291 1383 1332 1436; x_wconf 86' lang='lat' dir='ltr'>Da</span> <span class='ocrx_word' id='word_1_149' title='bbox 1350 1400 1356 1447; x_wconf 91' lang='lat'>;</span> <span class='ocrx_word' id='word_1_150' title='bbox 1375 1387 1404 1434; x_wconf 88' lang='lat' dir='ltr'>et</span> <span class='ocrx_word' id='word_1_151' title='bbox 1432 1387 1528 1434; x_wconf 89' lang='lat' dir='ltr'>austro</span> <span class='ocrx_word' id='word_1_152' title='bbox 1551 1397 1557 1431; x_wconf 91' lang='lat'><strong>:</strong></span> <span class='ocrx_word' id='word_1_153' title='bbox 1581 1376 1638 1433; x_wconf 84' lang='lat' dir='ltr'>Nol</span> 
     </span>
     <span class='ocr_line' id='line_1_14' title="bbox 127 1468 1638 1544; baseline -0.003 -18"><span class='ocrx_word' id='word_1_154' title='bbox 127 1476 136 1496; x_wconf 81' lang='grc'><em>·</em></span> <span class='ocrx_word' id='word_1_155' title='bbox 152 1468 253 1528; x_wconf 88' lang='lat' dir='ltr'>cibavit</span> <span class='ocrx_word' id='word_1_156' title='bbox 260 1475 296 1528; x_wconf 86' lang='lat' dir='ltr'>iu</span> <span class='ocrx_word' id='word_1_157' title='bbox 311 1474 400 1529; x_wconf 88' lang='lat' dir='ltr'>antris</span> <span class='ocrx_word' id='word_1_158' title='bbox 409 1475 430 1539; x_wconf 88' lang='lat'>¹,</span> <span class='ocrx_word' id='word_1_159' title='bbox 450 1492 462 1526; x_wconf 78' lang='lat' dir='ltr'>a</span> <span class='ocrx_word' id='word_1_160' title='bbox 480 1474 553 1544; x_wconf 92' lang='lat' dir='ltr'>quod</span> <span class='ocrx_word' id='word_1_161' title='bbox 565 1473 615 1526; x_wconf 80' lang='lat' dir='ltr'>viri</span> <span class='ocrx_word' id='word_1_162' title='bbox 631 1471 720 1526; x_wconf 87' lang='lat' dir='ltr'>saneti</span> <span class='ocrx_word' id='word_1_163' title='bbox 734 1487 790 1525; x_wconf 91' lang='lat' dir='ltr'>non</span> <span class='ocrx_word' id='word_1_164' title='bbox 800 1471 830 1526; x_wconf 91' lang='lat' dir='ltr'>iu</span> <span class='ocrx_word' id='word_1_165' title='bbox 840 1471 923 1526; x_wconf 85' lang='lat' dir='ltr'>rebus</span> <span class='ocrx_word' id='word_1_166' title='bbox 963 1472 1029 1526; x_wconf 90' lang='lat' dir='ltr'>bere</span> <span class='ocrx_word' id='word_1_167' title='bbox 1053 1473 1083 1533; x_wconf 81' lang='lat'>¹⁸,</span> <span class='ocrx_word' id='word_1_168' title='bbox 1110 1493 1123 1524; x_wconf 81' lang='lat' dir='ltr'>u</span> <span class='ocrx_word' id='word_1_169' title='bbox 1149 1473 1222 1542; x_wconf 91' lang='lat' dir='ltr'>quod</span> <span class='ocrx_word' id='word_1_170' title='bbox 1247 1469 1388 1542; x_wconf 78' lang='lat' dir='ltr'>inspirabo</span> <span class='ocrx_word' id='word_1_171' title='bbox 1408 1469 1550 1540; x_wconf 87' lang='lat' dir='ltr'>gentibus,</span> <span class='ocrx_word' id='word_1_172' title='bbox 1576 1472 1610 1522; x_wconf 85' lang='lat' dir='ltr'>ut</span> <span class='ocrx_word' id='word_1_173' title='bbox 1622 1470 1638 1513; x_wconf 79' lang='grc' dir='ltr'>ἰ</span> 
     </span>
     <span class='ocr_line' id='line_1_15' title="bbox 126 1558 1638 1631; baseline -0.003 -16"><span class='ocrx_word' id='word_1_174' title='bbox 126 1563 318 1625; x_wconf 82' lang='lat' dir='ltr'>exterioribus,</span> <span class='ocrx_word' id='word_1_175' title='bbox 335 1563 424 1618; x_wconf 90' lang='lat' dir='ltr'>sedin</span> <span class='ocrx_word' id='word_1_176' title='bbox 438 1562 552 1616; x_wconf 87' lang='lat' dir='ltr'>seeretis</span> <span class='ocrx_word' id='word_1_177' title='bbox 566 1562 691 1615; x_wconf 90' lang='lat' dir='ltr'>cordium</span> <span class='ocrx_word' id='word_1_178' title='bbox 711 1576 826 1614; x_wconf 88' lang='lat' dir='ltr'>suorum</span> <span class='ocrx_word' id='word_1_179' title='bbox 844 1562 923 1631; x_wconf 90' lang='lat' dir='ltr'>quie·</span> <span class='ocrx_word' id='word_1_180' title='bbox 964 1565 1063 1630; x_wconf 76' lang='lat' dir='ltr'>Aquilo</span> <span class='ocrx_word' id='word_1_181' title='bbox 1074 1567 1116 1615; x_wconf 85' lang='lat' dir='ltr'>est</span> <span class='ocrx_word' id='word_1_182' title='bbox 1130 1561 1281 1631; x_wconf 89' lang='lat' dir='ltr'>aliquando</span> <span class='ocrx_word' id='word_1_183' title='bbox 1296 1561 1402 1613; x_wconf 86' lang='lat' dir='ltr'>electus</span> <span class='ocrx_word' id='word_1_184' title='bbox 1415 1559 1450 1611; x_wconf 87' lang='lat' dir='ltr'>ad</span> <span class='ocrx_word' id='word_1_185' title='bbox 1461 1558 1546 1611; x_wconf 89' lang='lat' dir='ltr'>iidem</span> <span class='ocrx_word' id='word_1_186' title='bbox 1560 1571 1638 1612; x_wconf 75' lang='lat' dir='ltr'>coare</span> 
     </span>
     <span class='ocr_line' id='line_1_16' title="bbox 126 1646 1638 1720; baseline -0.003 -17"><span class='ocrx_word' id='word_1_187' title='bbox 126 1658 217 1704; x_wconf 87' lang='lat' dir='ltr'>scunt.</span> <span class='ocrx_word' id='word_1_188' title='bbox 965 1651 995 1704; x_wconf 92' lang='lat' dir='ltr'>in</span> <span class='ocrx_word' id='word_1_189' title='bbox 1008 1650 1074 1704; x_wconf 89' lang='lat' dir='ltr'>Job:</span> <span class='ocrx_word' id='word_1_190' title='bbox 1092 1668 1105 1702; x_wconf 73' lang='lat' dir='ltr'>a</span> <span class='ocrx_word' id='word_1_191' title='bbox 1120 1650 1163 1703; x_wconf 82' lang='lat' dir='ltr'>nb</span> <span class='ocrx_word' id='word_1_192' title='bbox 1176 1651 1306 1720; x_wconf 85' lang='lat' dir='ltr'>aquilone</span> <span class='ocrx_word' id='word_1_193' title='bbox 1321 1665 1421 1702; x_wconf 89' lang='lat' dir='ltr'>aurum</span> <span class='ocrx_word' id='word_1_194' title='bbox 1433 1648 1527 1701; x_wconf 83' lang='lat' dir='ltr'>reniet</span> <span class='ocrx_word' id='word_1_195' title='bbox 1538 1646 1571 1711; x_wconf 82' lang='lat'>¹¹,</span> <span class='ocrx_word' id='word_1_196' title='bbox 1586 1666 1598 1697; x_wconf 73' lang='lat' dir='ltr'>r</span> <span class='ocrx_word' id='word_1_197' title='bbox 1613 1662 1638 1717; x_wconf 83' lang='lat' dir='ltr'>ql</span> 
     </span>
     <span class='ocr_line' id='line_1_17' title="bbox 160 1735 1638 1810; baseline -0.002 -17"><span class='ocrx_word' id='word_1_198' title='bbox 160 1743 341 1793; x_wconf 79' lang='lat' dir='ltr'>Aniemurale</span> <span class='ocrx_word' id='word_1_199' title='bbox 353 1740 495 1810; x_wconf 63' lang='lat' dir='ltr'>prophelae</span> <span class='ocrx_word' id='word_1_200' title='bbox 505 1745 581 1803; x_wconf 90' lang='lat' dir='ltr'>sunt,</span> <span class='ocrx_word' id='word_1_201' title='bbox 590 1744 621 1792; x_wconf 89' lang='lat' dir='ltr'>ut</span> <span class='ocrx_word' id='word_1_202' title='bbox 632 1739 757 1793; x_wconf 86' lang='lat' dir='ltr'>inIsaia:</span> <span class='ocrx_word' id='word_1_203' title='bbox 772 1760 783 1785; x_wconf 78' lang='lat' dir='ltr'>s</span> <span class='ocrx_word' id='word_1_204' title='bbox 798 1739 925 1792; x_wconf 76' lang='lat' dir='ltr'>Salvator</span> <span class='ocrx_word' id='word_1_205' title='bbox 938 1750 956 1804; x_wconf 73' lang='lat' dir='ltr'>lt</span> <span class='ocrx_word' id='word_1_206' title='bbox 967 1740 1053 1793; x_wconf 84' lang='lat' dir='ltr'>Paulo</span> <span class='ocrx_word' id='word_1_207' title='bbox 1062 1746 1091 1793; x_wconf 90' lang='lat' dir='ltr'>et</span> <span class='ocrx_word' id='word_1_208' title='bbox 1105 1739 1139 1792; x_wconf 82' lang='lat' dir='ltr'>:rb</span> <span class='ocrx_word' id='word_1_209' title='bbox 1155 1739 1321 1807; x_wconf 76' lang='lat' dir='ltr'>Augustino,</span> <span class='ocrx_word' id='word_1_210' title='bbox 1338 1738 1385 1808; x_wconf 89' lang='lat' dir='ltr'>qui</span> <span class='ocrx_word' id='word_1_211' title='bbox 1400 1737 1478 1806; x_wconf 85' lang='lat' dir='ltr'>prius</span> <span class='ocrx_word' id='word_1_212' title='bbox 1488 1737 1518 1788; x_wconf 89' lang='lat' dir='ltr'>in</span> <span class='ocrx_word' id='word_1_213' title='bbox 1528 1735 1638 1790; x_wconf 79' lang='lat' dir='ltr'>lidelitat</span> 
     </span>
     <span class='ocr_line' id='line_1_18' title="bbox 126 1824 1638 1899; baseline -0.002 -18"><span class='ocrx_word' id='word_1_214' title='bbox 126 1833 246 1899; x_wconf 86' lang='lat' dir='ltr'>ponetur</span> <span class='ocrx_word' id='word_1_215' title='bbox 259 1828 288 1881; x_wconf 94' lang='lat' dir='ltr'>in</span> <span class='ocrx_word' id='word_1_216' title='bbox 304 1844 337 1880; x_wconf 88' lang='lat' dir='ltr'>ea</span> <span class='ocrx_word' id='word_1_217' title='bbox 352 1844 449 1882; x_wconf 91' lang='lat' dir='ltr'>murus</span> <span class='ocrx_word' id='word_1_218' title='bbox 459 1835 487 1882; x_wconf 90' lang='lat' dir='ltr'>et</span> <span class='ocrx_word' id='word_1_219' title='bbox 498 1828 673 1881; x_wconf 84' lang='lat' dir='ltr'>antemurale</span> <span class='ocrx_word' id='word_1_220' title='bbox 684 1827 704 1887; x_wconf 85' lang='lat'>⁵,</span> <span class='ocrx_word' id='word_1_221' title='bbox 724 1850 736 1879; x_wconf 80' lang='lat' dir='ltr'>b</span> <span class='ocrx_word' id='word_1_222' title='bbox 753 1829 826 1898; x_wconf 89' lang='lat' dir='ltr'>quod</span> <span class='ocrx_word' id='word_1_223' title='bbox 846 1827 925 1883; x_wconf 86' lang='lat' dir='ltr'>Chri·</span> <span class='ocrx_word' id='word_1_224' title='bbox 965 1833 1054 1888; x_wconf 83' lang='lat' dir='ltr'>erant,</span> <span class='ocrx_word' id='word_1_225' title='bbox 1079 1829 1211 1899; x_wconf 86' lang='lat' dir='ltr'>splendor</span> <span class='ocrx_word' id='word_1_226' title='bbox 1232 1826 1375 1897; x_wconf 72' lang='lat' dir='ltr'>sapientiae</span> <span class='ocrx_word' id='word_1_227' title='bbox 1390 1825 1474 1879; x_wconf 83' lang='lat' dir='ltr'>venit.</span> <span class='ocrx_word' id='word_1_228' title='bbox 1496 1824 1638 1891; x_wconf 73' lang='lat' dir='ltr'>Aquilae</span> 
     </span>
     <span class='ocr_line' id='line_1_19' title="bbox 125 1914 1631 1988; baseline -0.003 -17"><span class='ocrx_word' id='word_1_229' title='bbox 125 1925 194 1983; x_wconf 83' lang='lat' dir='ltr'>stus,</span> <span class='ocrx_word' id='word_1_230' title='bbox 211 1918 257 1988; x_wconf 91' lang='lat' dir='ltr'>qui</span> <span class='ocrx_word' id='word_1_231' title='bbox 274 1917 301 1970; x_wconf 91' lang='lat' dir='ltr'>in</span> <span class='ocrx_word' id='word_1_232' title='bbox 317 1918 408 1988; x_wconf 90' lang='lat' dir='ltr'>seipso</span> <span class='ocrx_word' id='word_1_233' title='bbox 423 1934 472 1987; x_wconf 91' lang='lat' dir='ltr'>per</span> <span class='ocrx_word' id='word_1_234' title='bbox 482 1917 682 1971; x_wconf 89' lang='lat' dir='ltr'>incarnationis</span> <span class='ocrx_word' id='word_1_235' title='bbox 693 1933 750 1970; x_wconf 77' lang='lat' dir='ltr'>sua</span> <span class='ocrx_word' id='word_1_236' title='bbox 758 1917 923 1988; x_wconf 81' lang='lat' dir='ltr'>mysterium</span> <span class='ocrx_word' id='word_1_237' title='bbox 965 1917 1035 1970; x_wconf 92' lang='lat' dir='ltr'>utin</span> <span class='ocrx_word' id='word_1_238' title='bbox 1052 1917 1200 1986; x_wconf 80' lang='lat' dir='ltr'>Evangelio</span> <span class='ocrx_word' id='word_1_239' title='bbox 1219 1935 1223 1968; x_wconf 97' lang='lat'><strong>:</strong></span> <span class='ocrx_word' id='word_1_240' title='bbox 1244 1916 1388 1969; x_wconf 71' lang='lat' dir='ltr'>«Venient</span> <span class='ocrx_word' id='word_1_241' title='bbox 1397 1914 1432 1968; x_wconf 85' lang='lat' dir='ltr'>ab</span> <span class='ocrx_word' id='word_1_242' title='bbox 1446 1914 1590 1984; x_wconf 87' lang='lat' dir='ltr'>aquilone,</span> <span class='ocrx_word' id='word_1_243' title='bbox 1601 1917 1631 1967; x_wconf 89' lang='lat' dir='ltr'>et</span> 
     </span>
     <span class='ocr_line' id='line_1_20' title="bbox 124 2003 1638 2076; baseline -0.003 -16"><span class='ocrx_word' id='word_1_244' title='bbox 124 2006 252 2060; x_wconf 75' lang='lat' dir='ltr'>Ecclesia</span> <span class='ocrx_word' id='word_1_245' title='bbox 267 2021 364 2060; x_wconf 91' lang='lat' dir='ltr'>murus</span> <span class='ocrx_word' id='word_1_246' title='bbox 378 2006 440 2071; x_wconf 83' lang='lat' dir='ltr'>suit,</span> <span class='ocrx_word' id='word_1_247' title='bbox 460 2007 550 2060; x_wconf 89' lang='lat' dir='ltr'>eidem</span> <span class='ocrx_word' id='word_1_248' title='bbox 563 2006 691 2060; x_wconf 79' lang='lat' dir='ltr'>Ecclesiae</span> <span class='ocrx_word' id='word_1_249' title='bbox 713 2011 778 2060; x_wconf 86' lang='lat' dir='ltr'>ante</span> <span class='ocrx_word' id='word_1_250' title='bbox 793 2005 923 2060; x_wconf 89' lang='lat' dir='ltr'>incarna-</span> <span class='ocrx_word' id='word_1_251' title='bbox 964 2007 1040 2069; x_wconf 89' lang='lat' dir='ltr'>dent,</span> <span class='ocrx_word' id='word_1_252' title='bbox 1060 2026 1070 2055; x_wconf 79' lang='grc' dir='ltr'><strong><em>ι</em></strong></span> <span class='ocrx_word' id='word_1_253' title='bbox 1088 2007 1161 2076; x_wconf 91' lang='lat' dir='ltr'>quod</span> <span class='ocrx_word' id='word_1_254' title='bbox 1177 2005 1303 2059; x_wconf 88' lang='lat' dir='ltr'>nonnulli</span> <span class='ocrx_word' id='word_1_255' title='bbox 1318 2006 1347 2058; x_wconf 91' lang='lat' dir='ltr'>iu</span> <span class='ocrx_word' id='word_1_256' title='bbox 1362 2009 1505 2057; x_wconf 86' lang='lat' dir='ltr'>senectute</span> <span class='ocrx_word' id='word_1_257' title='bbox 1522 2003 1558 2056; x_wconf 93' lang='lat' dir='ltr'>ad</span> <span class='ocrx_word' id='word_1_258' title='bbox 1569 2014 1638 2074; x_wconf 84' lang='lat' dir='ltr'>requ</span> 
     </span>
     <span class='ocr_line' id='line_1_21' title="bbox 125 2092 1638 2166; baseline -0.001 -18"><span class='ocrx_word' id='word_1_259' title='bbox 125 2095 231 2148; x_wconf 86' lang='lat' dir='ltr'>tionem</span> <span class='ocrx_word' id='word_1_260' title='bbox 245 2110 324 2149; x_wconf 87' lang='lat' dir='ltr'>suam</span> <span class='ocrx_word' id='word_1_261' title='bbox 341 2095 369 2148; x_wconf 91' lang='lat' dir='ltr'>in</span> <span class='ocrx_word' id='word_1_262' title='bbox 384 2096 530 2166; x_wconf 88' lang='lat' dir='ltr'>prophetis</span> <span class='ocrx_word' id='word_1_263' title='bbox 544 2095 720 2148; x_wconf 76' lang='lat' dir='ltr'>antemurale</span> <span class='ocrx_word' id='word_1_264' title='bbox 734 2094 850 2148; x_wconf 84' lang='lat' dir='ltr'>exstitit.</span> <span class='ocrx_word' id='word_1_265' title='bbox 965 2095 1045 2148; x_wconf 91' lang='lat' dir='ltr'>dunt.</span> <span class='ocrx_word' id='word_1_266' title='bbox 1062 2097 1161 2163; x_wconf 83' lang='lat' dir='ltr'>,lqm&#39;iu</span> <span class='ocrx_word' id='word_1_267' title='bbox 1172 2095 1262 2148; x_wconf 87' lang='lat' dir='ltr'>bostis</span> <span class='ocrx_word' id='word_1_268' title='bbox 1277 2093 1385 2164; x_wconf 84' lang='lat' dir='ltr'>antiqui</span> <span class='ocrx_word' id='word_1_269' title='bbox 1401 2092 1555 2161; x_wconf 79' lang='lat' dir='ltr'>suggestio,</span> <span class='ocrx_word' id='word_1_270' title='bbox 1571 2092 1638 2146; x_wconf 66' lang='lat' dir='ltr'>nt&#39;i</span> 
     </span>
     <span class='ocr_line' id='line_1_22' title="bbox 160 2178 1622 2255; baseline -0.001 -18"><span class='ocrx_word' id='word_1_271' title='bbox 160 2186 305 2238; x_wconf 76' lang='lat' dir='ltr'>Animalia</span> <span class='ocrx_word' id='word_1_272' title='bbox 323 2192 390 2238; x_wconf 86' lang='lat' dir='ltr'>sunt</span> <span class='ocrx_word' id='word_1_273' title='bbox 412 2190 533 2255; x_wconf 88' lang='lat' dir='ltr'>quatuor</span> <span class='ocrx_word' id='word_1_274' title='bbox 547 2183 734 2253; x_wconf 78' lang='lat' dir='ltr'>evangelista,</span> <span class='ocrx_word' id='word_1_275' title='bbox 750 2190 783 2237; x_wconf 92' lang='lat' dir='ltr'>ut</span> <span class='ocrx_word' id='word_1_276' title='bbox 803 2184 832 2236; x_wconf 92' lang='lat' dir='ltr'>iu</span> <span class='ocrx_word' id='word_1_277' title='bbox 857 2183 923 2237; x_wconf 79' lang='lat' dir='ltr'>liac-</span> <span class='ocrx_word' id='word_1_278' title='bbox 965 2183 1048 2238; x_wconf 84' lang='lat' dir='ltr'>iacies</span> <span class='ocrx_word' id='word_1_279' title='bbox 1063 2184 1124 2238; x_wconf 84' lang='lat' dir='ltr'>ollae</span> <span class='ocrx_word' id='word_1_280' title='bbox 1138 2201 1277 2237; x_wconf 68' lang='lat' dir='ltr'>succensae</span> <span class='ocrx_word' id='word_1_281' title='bbox 1296 2202 1308 2234; x_wconf 75' lang='lat' dir='ltr'>a</span> <span class='ocrx_word' id='word_1_282' title='bbox 1324 2199 1341 2235; x_wconf 91' lang='lat' dir='ltr'>a</span> <span class='ocrx_word' id='word_1_283' title='bbox 1355 2182 1425 2236; x_wconf 85' lang='lat' dir='ltr'>facie</span> <span class='ocrx_word' id='word_1_284' title='bbox 1440 2178 1622 2250; x_wconf 57' lang='lat' dir='ltr'>aquilonisffl,</span> 
     </span>
     <span class='ocr_line' id='line_1_23' title="bbox 124 2268 1638 2343; baseline -0.002 -17"><span class='ocrx_word' id='word_1_285' title='bbox 124 2272 213 2326; x_wconf 89' lang='lat' dir='ltr'>chiele</span> <span class='ocrx_word' id='word_1_286' title='bbox 230 2291 235 2325; x_wconf 92' lang='lat'>:</span> <span class='ocrx_word' id='word_1_287' title='bbox 255 2292 268 2323; x_wconf 78' lang='lat' dir='ltr'>a</span> <span class='ocrx_word' id='word_1_288' title='bbox 285 2274 444 2328; x_wconf 85' lang='lat' dir='ltr'>Similitudo</span> <span class='ocrx_word' id='word_1_289' title='bbox 458 2274 580 2327; x_wconf 88' lang='lat' dir='ltr'>bominis</span> <span class='ocrx_word' id='word_1_290' title='bbox 596 2273 623 2326; x_wconf 91' lang='lat' dir='ltr'>in</span> <span class='ocrx_word' id='word_1_291' title='bbox 635 2271 923 2343; x_wconf 70' lang='lat' dir='ltr'>aninialibus¹,›&gt;quod</span> <span class='ocrx_word' id='word_1_292' title='bbox 965 2273 1087 2341; x_wconf 79' lang='lat' dir='ltr'>regnabo</span> <span class='ocrx_word' id='word_1_293' title='bbox 1108 2274 1137 2326; x_wconf 92' lang='lat' dir='ltr'>in</span> <span class='ocrx_word' id='word_1_294' title='bbox 1156 2272 1289 2343; x_wconf 88' lang='lat' dir='ltr'>reprobis.</span> <span class='ocrx_word' id='word_1_295' title='bbox 1307 2272 1407 2340; x_wconf 78' lang='lat' dir='ltr'>,lquilo</span> <span class='ocrx_word' id='word_1_296' title='bbox 1426 2270 1563 2331; x_wconf 89' lang='lat' dir='ltr'>diabolus,</span> <span class='ocrx_word' id='word_1_297' title='bbox 1586 2268 1638 2324; x_wconf 90' lang='lat' dir='ltr'>uti</span> 
     </span>
     <span class='ocr_line' id='line_1_24' title="bbox 125 2355 1635 2432; baseline -0.003 -17"><span class='ocrx_word' id='word_1_298' title='bbox 125 2363 384 2432; x_wconf 83' lang='lat' dir='ltr'>Christosatagunt.</span> <span class='ocrx_word' id='word_1_299' title='bbox 394 2365 548 2425; x_wconf 56' lang='lat' dir='ltr'>:littoralia</span> <span class='ocrx_word' id='word_1_300' title='bbox 558 2362 646 2418; x_wconf 88' lang='lat' dir='ltr'>saneti</span> <span class='ocrx_word' id='word_1_301' title='bbox 658 2363 687 2415; x_wconf 91' lang='lat' dir='ltr'>iu</span> <span class='ocrx_word' id='word_1_302' title='bbox 699 2361 829 2423; x_wconf 82' lang='lat' dir='ltr'>Ecclesia,</span> <span class='ocrx_word' id='word_1_303' title='bbox 846 2369 877 2415; x_wconf 90' lang='lat' dir='ltr'>ut</span> <span class='ocrx_word' id='word_1_304' title='bbox 895 2362 923 2415; x_wconf 92' lang='lat' dir='ltr'>in</span> <span class='ocrx_word' id='word_1_305' title='bbox 966 2386 978 2411; x_wconf 68' lang='lat' dir='ltr'>a</span> <span class='ocrx_word' id='word_1_306' title='bbox 996 2363 1049 2425; x_wconf 85' lang='lat' dir='ltr'>Qui</span> <span class='ocrx_word' id='word_1_307' title='bbox 1064 2362 1187 2415; x_wconf 77' lang='lat' dir='ltr'>extendit</span> <span class='ocrx_word' id='word_1_308' title='bbox 1203 2361 1364 2431; x_wconf 84' lang='lat' dir='ltr'>aquilonem</span> <span class='ocrx_word' id='word_1_309' title='bbox 1379 2376 1464 2429; x_wconf 83' lang='lat' dir='ltr'>super</span> <span class='ocrx_word' id='word_1_310' title='bbox 1478 2372 1597 2412; x_wconf 81' lang='lat' dir='ltr'>vacuum</span> <span class='ocrx_word' id='word_1_311' title='bbox 1613 2355 1635 2392; x_wconf 82' lang='lat'>⁸¹</span> 
     </span>
     <span class='ocr_line' id='line_1_25' title="bbox 125 2448 1638 2521; baseline 0 -18"><span class='ocrx_word' id='word_1_312' title='bbox 125 2451 243 2504; x_wconf 85' lang='lat' dir='ltr'>Psalmis</span> <span class='ocrx_word' id='word_1_313' title='bbox 260 2469 265 2503; x_wconf 92' lang='lat'>:</span> <span class='ocrx_word' id='word_1_314' title='bbox 286 2471 296 2501; x_wconf 79' lang='grc' dir='ltr'>ι</span> <span class='ocrx_word' id='word_1_315' title='bbox 313 2451 454 2504; x_wconf 76' lang='lat' dir='ltr'>Animalia</span> <span class='ocrx_word' id='word_1_316' title='bbox 468 2456 517 2504; x_wconf 85' lang='lat' dir='ltr'>tua</span> <span class='ocrx_word' id='word_1_317' title='bbox 531 2451 699 2504; x_wconf 86' lang='lat' dir='ltr'>habitabunt</span> <span class='ocrx_word' id='word_1_318' title='bbox 711 2450 741 2504; x_wconf 90' lang='lat' dir='ltr'>in</span> <span class='ocrx_word' id='word_1_319' title='bbox 756 2450 808 2504; x_wconf 79' lang='lat' dir='ltr'>ea⁷</span> <span class='ocrx_word' id='word_1_320' title='bbox 819 2471 832 2502; x_wconf 90' lang='lat'>»</span> <span class='ocrx_word' id='word_1_321' title='bbox 850 2451 923 2521; x_wconf 90' lang='lat' dir='ltr'>quod</span> <span class='ocrx_word' id='word_1_322' title='bbox 965 2451 1077 2504; x_wconf 89' lang='lat' dir='ltr'>illorum</span> <span class='ocrx_word' id='word_1_323' title='bbox 1092 2450 1242 2513; x_wconf 85' lang='lat' dir='ltr'>ruentibus,</span> <span class='ocrx_word' id='word_1_324' title='bbox 1261 2450 1308 2519; x_wconf 92' lang='lat' dir='ltr'>qui</span> <span class='ocrx_word' id='word_1_325' title='bbox 1324 2449 1418 2518; x_wconf 82' lang='lat' dir='ltr'>gratia</span> <span class='ocrx_word' id='word_1_326' title='bbox 1436 2460 1489 2501; x_wconf 91' lang='lat' dir='ltr'>sua</span> <span class='ocrx_word' id='word_1_327' title='bbox 1506 2448 1587 2501; x_wconf 82' lang='lat' dir='ltr'>vacui</span> <span class='ocrx_word' id='word_1_328' title='bbox 1610 2463 1638 2503; x_wconf 82' lang='lat' dir='ltr'>au</span> 
     </span>
     <span class='ocr_line' id='line_1_26' title="bbox 122 2537 1457 2610; baseline -0.001 -19"><span class='ocrx_word' id='word_1_329' title='bbox 122 2538 191 2608; x_wconf 82' lang='lat' dir='ltr'>justi</span> <span class='ocrx_word' id='word_1_330' title='bbox 202 2540 229 2592; x_wconf 89' lang='lat' dir='ltr'>iu</span> <span class='ocrx_word' id='word_1_331' title='bbox 242 2537 403 2593; x_wconf 68' lang='lat' dir='ltr'>Ecclesiam(</span> <span class='ocrx_word' id='word_1_332' title='bbox 412 2538 465 2593; x_wconf 90' lang='lat' dir='ltr'>lide</span> <span class='ocrx_word' id='word_1_333' title='bbox 475 2539 579 2594; x_wconf 75' lang='lat' dir='ltr'>vivunt.</span> <span class='ocrx_word' id='word_1_334' title='bbox 592 2543 746 2599; x_wconf 68' lang='lat' dir='ltr'>declinabo,</span> <span class='ocrx_word' id='word_1_335' title='bbox 758 2539 881 2610; x_wconf 80' lang='lat' dir='ltr'>eupidi,‘</span> <span class='ocrx_word' id='word_1_336' title='bbox 895 2540 922 2593; x_wconf 93' lang='lat' dir='ltr'>iu</span> <span class='ocrx_word' id='word_1_337' title='bbox 964 2538 1058 2592; x_wconf 89' lang='lat' dir='ltr'>bolum</span> <span class='ocrx_word' id='word_1_338' title='bbox 1073 2540 1147 2593; x_wconf 90' lang='lat' dir='ltr'>Deus</span> <span class='ocrx_word' id='word_1_339' title='bbox 1156 2538 1295 2592; x_wconf 85' lang='lat' dir='ltr'>dominari</span> <span class='ocrx_word' id='word_1_340' title='bbox 1311 2537 1457 2607; x_wconf 88' lang='lat' dir='ltr'>permittit.</span> 
     </span>
     <span class='ocr_line' id='line_1_27' title="bbox 125 2624 1638 2698; baseline -0.001 -18"><span class='ocrx_word' id='word_1_341' title='bbox 125 2628 269 2680; x_wconf 81' lang='lat' dir='ltr'>Ezechiele</span> <span class='ocrx_word' id='word_1_342' title='bbox 289 2628 453 2681; x_wconf 87' lang='lat' dir='ltr'>animalium</span> <span class='ocrx_word' id='word_1_343' title='bbox 479 2625 650 2682; x_wconf 81' lang='lat' dir='ltr'>abominatio</span> <span class='ocrx_word' id='word_1_344' title='bbox 674 2628 784 2698; x_wconf 88' lang='lat' dir='ltr'>depicta</span> <span class='ocrx_word' id='word_1_345' title='bbox 810 2634 871 2682; x_wconf 85' lang='lat' dir='ltr'>erat</span> <span class='ocrx_word' id='word_1_346' title='bbox 893 2629 923 2683; x_wconf 92' lang='lat' dir='ltr'>iu</span> <span class='ocrx_word' id='word_1_347' title='bbox 999 2628 1393 2698; x_wconf 78' lang='lat' dir='ltr'>AquuestSpiritussauetus.</span> <span class='ocrx_word' id='word_1_348' title='bbox 1409 2626 1475 2679; x_wconf 90' lang='lat' dir='ltr'>utin</span> <span class='ocrx_word' id='word_1_349' title='bbox 1491 2624 1638 2695; x_wconf 81' lang='lat' dir='ltr'>Evangelio</span> 
     </span>
     <span class='ocr_line' id='line_1_28' title="bbox 124 2711 1624 2788; baseline -0.001 -20"><span class='ocrx_word' id='word_1_350' title='bbox 124 2716 230 2785; x_wconf 77' lang='lat' dir='ltr'>prariete</span> <span class='ocrx_word' id='word_1_351' title='bbox 245 2717 266 2779; x_wconf 84' lang='lat'>⁸,</span> <span class='ocrx_word' id='word_1_352' title='bbox 282 2731 366 2786; x_wconf 89' lang='lat' dir='ltr'>quam</span> <span class='ocrx_word' id='word_1_353' title='bbox 381 2717 547 2786; x_wconf 81' lang='lat' dir='ltr'>cupidorum</span> <span class='ocrx_word' id='word_1_354' title='bbox 562 2718 635 2788; x_wconf 88' lang='lat' dir='ltr'>apud</span> <span class='ocrx_word' id='word_1_355' title='bbox 657 2735 687 2770; x_wconf 88' lang='lat' dir='ltr'>se</span> <span class='ocrx_word' id='word_1_356' title='bbox 704 2717 870 2786; x_wconf 78' lang='lat' dir='ltr'>prm-itatem</span> <span class='ocrx_word' id='word_1_357' title='bbox 893 2718 922 2771; x_wconf 92' lang='lat' dir='ltr'>in</span> <span class='ocrx_word' id='word_1_358' title='bbox 963 2717 1041 2770; x_wconf 87' lang='lat' dir='ltr'>mina</span> <span class='ocrx_word' id='word_1_359' title='bbox 1054 2718 1089 2771; x_wconf 91' lang='lat' dir='ltr'>de</span> <span class='ocrx_word' id='word_1_360' title='bbox 1099 2725 1194 2770; x_wconf 86' lang='lat' dir='ltr'>ventre</span> <span class='ocrx_word' id='word_1_361' title='bbox 1204 2718 1266 2786; x_wconf 75' lang='lat' dir='ltr'>eius</span> <span class='ocrx_word' id='word_1_362' title='bbox 1277 2717 1366 2770; x_wconf 87' lang='lat' dir='ltr'>liuent</span> <span class='ocrx_word' id='word_1_363' title='bbox 1375 2731 1453 2786; x_wconf 81' lang='lat' dir='ltr'>uquae</span> <span class='ocrx_word' id='word_1_364' title='bbox 1474 2714 1540 2786; x_wconf 74' lang='lat' dir='ltr'>rium</span> <span class='ocrx_word' id='word_1_365' title='bbox 1558 2711 1592 2779; x_wconf 76' lang='lat'>²²,</span> <span class='ocrx_word' id='word_1_366' title='bbox 1610 2732 1624 2767; x_wconf 75' lang='lat' dir='ltr'>a</span> 
     </span>
     <span class='ocr_line' id='line_1_29' title="bbox 123 2802 1638 2875; baseline 0 -18"><span class='ocrx_word' id='word_1_367' title='bbox 123 2805 290 2858; x_wconf 79' lang='lat' dir='ltr'>necessitate</span> <span class='ocrx_word' id='word_1_368' title='bbox 300 2805 389 2875; x_wconf 91' lang='lat' dir='ltr'>iniqui</span> <span class='ocrx_word' id='word_1_369' title='bbox 401 2802 566 2875; x_wconf 82' lang='lat' dir='ltr'>depingunt.</span> <span class='ocrx_word' id='word_1_370' title='bbox 575 2806 792 2867; x_wconf 68' lang='lat' dir='ltr'>:lm&#39;mciimduo</span> <span class='ocrx_word' id='word_1_371' title='bbox 799 2807 922 2860; x_wconf 89' lang='lat' dir='ltr'>crucifixi</span> <span class='ocrx_word' id='word_1_372' title='bbox 963 2806 1100 2860; x_wconf 88' lang='lat' dir='ltr'>memoria</span> <span class='ocrx_word' id='word_1_373' title='bbox 1113 2806 1251 2859; x_wconf 87' lang='lat' dir='ltr'>credentis</span> <span class='ocrx_word' id='word_1_374' title='bbox 1266 2806 1340 2858; x_wconf 88' lang='lat' dir='ltr'>dona</span> <span class='ocrx_word' id='word_1_375' title='bbox 1356 2803 1511 2875; x_wconf 88' lang='lat' dir='ltr'>procedunt</span> <span class='ocrx_word' id='word_1_376' title='bbox 1525 2802 1638 2874; x_wconf 78' lang='lat' dir='ltr'>Spiritm</span> 
     </span>
     <span class='ocr_line' id='line_1_30' title="bbox 124 2891 1638 2964; baseline 0.001 -19"><span class='ocrx_word' id='word_1_377' title='bbox 124 2906 187 2946; x_wconf 88' lang='lat' dir='ltr'>eum</span> <span class='ocrx_word' id='word_1_378' title='bbox 203 2893 314 2946; x_wconf 87' lang='lat' dir='ltr'>Christo</span> <span class='ocrx_word' id='word_1_379' title='bbox 328 2894 460 2955; x_wconf 89' lang='lat' dir='ltr'>latrones,</span> <span class='ocrx_word' id='word_1_380' title='bbox 477 2900 509 2947; x_wconf 93' lang='lat' dir='ltr'>ut</span> <span class='ocrx_word' id='word_1_381' title='bbox 522 2894 550 2948; x_wconf 91' lang='lat' dir='ltr'>iu</span> <span class='ocrx_word' id='word_1_382' title='bbox 563 2897 573 2917; x_wconf 73' lang='lat'><em>⁶</em></span> <span class='ocrx_word' id='word_1_383' title='bbox 586 2894 737 2948; x_wconf 89' lang='lat' dir='ltr'>llabaeuc:</span> <span class='ocrx_word' id='word_1_384' title='bbox 758 2912 771 2945; x_wconf 81' lang='lat' dir='ltr'>c</span> <span class='ocrx_word' id='word_1_385' title='bbox 787 2894 816 2948; x_wconf 91' lang='lat' dir='ltr'>in</span> <span class='ocrx_word' id='word_1_386' title='bbox 831 2896 923 2950; x_wconf 90' lang='lat' dir='ltr'>medio</span> <span class='ocrx_word' id='word_1_387' title='bbox 964 2896 1053 2964; x_wconf 55' lang='lat' dir='ltr'>siquo,</span> <span class='ocrx_word' id='word_1_388' title='bbox 1070 2895 1206 2954; x_wconf 87' lang='lat' dir='ltr'>Christus,</span> <span class='ocrx_word' id='word_1_389' title='bbox 1223 2895 1297 2948; x_wconf 89' lang='lat' dir='ltr'>utin</span> <span class='ocrx_word' id='word_1_390' title='bbox 1313 2893 1432 2947; x_wconf 87' lang='lat' dir='ltr'>Psalmis</span> <span class='ocrx_word' id='word_1_391' title='bbox 1448 2911 1453 2944; x_wconf 96' lang='lat'>:</span> <span class='ocrx_word' id='word_1_392' title='bbox 1472 2913 1482 2941; x_wconf 80' lang='grc' dir='ltr'>ι</span> <span class='ocrx_word' id='word_1_393' title='bbox 1500 2891 1620 2947; x_wconf 82' lang='lat' dir='ltr'>Probarl</span> <span class='ocrx_word' id='word_1_394' title='bbox 1636 2909 1638 2915; x_wconf 89' lang='lat'>·</span> 
     </span>
     <span class='ocr_line' id='line_1_31' title="bbox 123 2980 1638 3055; baseline 0.001 -20"><span class='ocrx_word' id='word_1_395' title='bbox 123 2982 425 3048; x_wconf 84' lang='lat' dir='ltr'>duorumanimalium,</span> <span class='ocrx_word' id='word_1_396' title='bbox 438 2998 449 3034; x_wconf 78' lang='lat' dir='ltr'>t</span> <span class='ocrx_word' id='word_1_397' title='bbox 463 2980 537 3053; x_wconf 87' lang='lat' dir='ltr'>quod</span> <span class='ocrx_word' id='word_1_398' title='bbox 551 2983 580 3036; x_wconf 92' lang='lat' dir='ltr'>in</span> <span class='ocrx_word' id='word_1_399' title='bbox 599 2983 692 3036; x_wconf 91' lang='lat' dir='ltr'>medio</span> <span class='ocrx_word' id='word_1_400' title='bbox 707 2983 828 3036; x_wconf 89' lang='lat' dir='ltr'>duorum</span> <span class='ocrx_word' id='word_1_401' title='bbox 839 2984 923 3038; x_wconf 90' lang='lat' dir='ltr'>latro·</span> <span class='ocrx_word' id='word_1_402' title='bbox 964 2998 1066 3055; x_wconf 90' lang='lat' dir='ltr'>aquam</span> <span class='ocrx_word' id='word_1_403' title='bbox 1081 2983 1350 3048; x_wconf 55' lang='lat' dir='ltr'>contradictionisw,</span> <span class='ocrx_word' id='word_1_404' title='bbox 1372 3002 1382 3032; x_wconf 77' lang='grc' dir='ltr'><strong><em>ι</em></strong></span> <span class='ocrx_word' id='word_1_405' title='bbox 1408 2982 1435 3035; x_wconf 95' lang='lat' dir='ltr'>id</span> <span class='ocrx_word' id='word_1_406' title='bbox 1457 2988 1509 3046; x_wconf 89' lang='lat' dir='ltr'>est,</span> <span class='ocrx_word' id='word_1_407' title='bbox 1531 2998 1548 3035; x_wconf 92' lang='lat' dir='ltr'>a</span> <span class='ocrx_word' id='word_1_408' title='bbox 1574 2980 1638 3036; x_wconf 73' lang='lat' dir='ltr'>Glari</span> 
     </span>
     <span class='ocr_line' id='line_1_32' title="bbox 125 3067 1638 3142; baseline 0.001 -19"><span class='ocrx_word' id='word_1_409' title='bbox 125 3084 190 3124; x_wconf 90' lang='lat' dir='ltr'>num</span> <span class='ocrx_word' id='word_1_410' title='bbox 199 3071 328 3124; x_wconf 84' lang='lat' dir='ltr'>Christus</span> <span class='ocrx_word' id='word_1_411' title='bbox 336 3078 546 3142; x_wconf 88' lang='lat' dir='ltr'>suspensusest.</span> <span class='ocrx_word' id='word_1_412' title='bbox 931 3067 952 3126; x_wconf 86' lang='lat' dir='ltr'>C</span> <span class='ocrx_word' id='word_1_413' title='bbox 964 3073 1296 3128; x_wconf 88' lang='lat' dir='ltr'>amultiscontradieitur.</span> <span class='ocrx_word' id='word_1_414' title='bbox 1309 3075 1328 3125; x_wconf 82' lang='grc'>,1</span> <span class='ocrx_word' id='word_1_415' title='bbox 1334 3087 1397 3140; x_wconf 85' lang='lat' dir='ltr'>qua,</span> <span class='ocrx_word' id='word_1_416' title='bbox 1408 3070 1548 3142; x_wconf 88' lang='lat' dir='ltr'>sapientia</span> <span class='ocrx_word' id='word_1_417' title='bbox 1554 3069 1638 3125; x_wconf 89' lang='lat' dir='ltr'>subtil</span> 
     </span>
     <span class='ocr_line' id='line_1_33' title="bbox 158 3157 1638 3232; baseline -0.001 -17"><span class='ocrx_word' id='word_1_418' title='bbox 158 3159 286 3226; x_wconf 67' lang='lat' dir='ltr'>Ancarius</span> <span class='ocrx_word' id='word_1_419' title='bbox 298 3160 427 3230; x_wconf 79' lang='lat' dir='ltr'>designat</span> <span class='ocrx_word' id='word_1_420' title='bbox 440 3161 532 3214; x_wconf 89' lang='lat' dir='ltr'>lecum</span> <span class='ocrx_word' id='word_1_421' title='bbox 548 3158 694 3226; x_wconf 90' lang='lat' dir='ltr'>humilem,</span> <span class='ocrx_word' id='word_1_422' title='bbox 710 3161 783 3214; x_wconf 89' lang='lat' dir='ltr'>utin</span> <span class='ocrx_word' id='word_1_423' title='bbox 798 3162 921 3216; x_wconf 87' lang='lat' dir='ltr'>Parabo-</span> <span class='ocrx_word' id='word_1_424' title='bbox 963 3163 1126 3217; x_wconf 87' lang='lat' dir='ltr'>Parabolis:</span> <span class='ocrx_word' id='word_1_425' title='bbox 1146 3183 1156 3213; x_wconf 79' lang='grc' dir='ltr'>ι</span> <span class='ocrx_word' id='word_1_426' title='bbox 1174 3165 1255 3232; x_wconf 83' lang='lat' dir='ltr'>Aqua</span> <span class='ocrx_word' id='word_1_427' title='bbox 1270 3161 1407 3232; x_wconf 85' lang='lat' dir='ltr'>profunda</span> <span class='ocrx_word' id='word_1_428' title='bbox 1421 3177 1454 3213; x_wconf 81' lang='lat' dir='ltr'>ex</span> <span class='ocrx_word' id='word_1_429' title='bbox 1475 3177 1524 3214; x_wconf 88' lang='lat' dir='ltr'>ore</span> <span class='ocrx_word' id='word_1_430' title='bbox 1541 3160 1594 3214; x_wconf 81' lang='lat' dir='ltr'>riri</span> <span class='ocrx_word' id='word_1_431' title='bbox 1609 3157 1638 3225; x_wconf 76' lang='lat'>²⁴,</span> 
     </span>
     <span class='ocr_line' id='line_1_34' title="bbox 124 3248 1622 3322; baseline 0.001 -21"><span class='ocrx_word' id='word_1_432' title='bbox 124 3248 157 3301; x_wconf 90' lang='lat' dir='ltr'>lis</span> <span class='ocrx_word' id='word_1_433' title='bbox 174 3263 179 3298; x_wconf 76' lang='grc' dir='ltr'><strong><em>ε</em></strong></span> <span class='ocrx_word' id='word_1_434' title='bbox 195 3265 208 3299; x_wconf 77' lang='lat' dir='ltr'>c</span> <span class='ocrx_word' id='word_1_435' title='bbox 225 3249 325 3302; x_wconf 90' lang='lat' dir='ltr'>Melius</span> <span class='ocrx_word' id='word_1_436' title='bbox 340 3255 383 3302; x_wconf 78' lang='lat' dir='ltr'>est</span> <span class='ocrx_word' id='word_1_437' title='bbox 396 3250 494 3303; x_wconf 84' lang='lat' dir='ltr'>sedere</span> <span class='ocrx_word' id='word_1_438' title='bbox 512 3249 658 3319; x_wconf 77' lang='lat' dir='ltr'>insugula</span> <span class='ocrx_word' id='word_1_439' title='bbox 682 3250 812 3315; x_wconf 88' lang='lat' dir='ltr'>domatis,</span> <span class='ocrx_word' id='word_1_440' title='bbox 837 3272 848 3301; x_wconf 75' lang='lat' dir='ltr'>u</span> <span class='ocrx_word' id='word_1_441' title='bbox 869 3252 921 3305; x_wconf 91' lang='lat' dir='ltr'>hoc</span> <span class='ocrx_word' id='word_1_442' title='bbox 962 3251 1072 3305; x_wconf 90' lang='lat' dir='ltr'>subtilis</span> <span class='ocrx_word' id='word_1_443' title='bbox 1086 3251 1224 3322; x_wconf 86' lang='lat' dir='ltr'>sapientia</span> <span class='ocrx_word' id='word_1_444' title='bbox 1239 3252 1267 3304; x_wconf 93' lang='lat' dir='ltr'>in</span> <span class='ocrx_word' id='word_1_445' title='bbox 1283 3250 1421 3304; x_wconf 88' lang='lat' dir='ltr'>locutione</span> <span class='ocrx_word' id='word_1_446' title='bbox 1434 3250 1514 3319; x_wconf 85' lang='lat' dir='ltr'>justi.</span> <span class='ocrx_word' id='word_1_447' title='bbox 1534 3252 1622 3318; x_wconf 76' lang='lat' dir='ltr'>Aqua,</span> 
     </span>
     <span class='ocr_line' id='line_1_35' title="bbox 123 3337 1638 3409; baseline 0.003 -20"><span class='ocrx_word' id='word_1_448' title='bbox 123 3343 175 3401; x_wconf 88' lang='lat' dir='ltr'>est,</span> <span class='ocrx_word' id='word_1_449' title='bbox 191 3337 220 3390; x_wconf 92' lang='lat' dir='ltr'>iu</span> <span class='ocrx_word' id='word_1_450' title='bbox 236 3338 295 3391; x_wconf 91' lang='lat' dir='ltr'>loco</span> <span class='ocrx_word' id='word_1_451' title='bbox 310 3339 419 3399; x_wconf 86' lang='lat' dir='ltr'>humili,</span> <span class='ocrx_word' id='word_1_452' title='bbox 434 3357 446 3390; x_wconf 74' lang='lat' dir='ltr'>u</span> <span class='ocrx_word' id='word_1_453' title='bbox 465 3351 623 3409; x_wconf 87' lang='lat' dir='ltr'>cumpace,</span> <span class='ocrx_word' id='word_1_454' title='bbox 646 3354 730 3408; x_wconf 87' lang='lat' dir='ltr'>quam</span> <span class='ocrx_word' id='word_1_455' title='bbox 754 3339 783 3393; x_wconf 94' lang='lat' dir='ltr'>in</span> <span class='ocrx_word' id='word_1_456' title='bbox 808 3339 920 3394; x_wconf 90' lang='lat' dir='ltr'>sublimi</span> <span class='ocrx_word' id='word_1_457' title='bbox 961 3347 1014 3406; x_wconf 81' lang='lat' dir='ltr'>tas,</span> <span class='ocrx_word' id='word_1_458' title='bbox 1033 3341 1107 3394; x_wconf 91' lang='lat' dir='ltr'>utin</span> <span class='ocrx_word' id='word_1_459' title='bbox 1123 3341 1265 3394; x_wconf 82' lang='lat' dir='ltr'>Parabolis</span> <span class='ocrx_word' id='word_1_460' title='bbox 1282 3358 1287 3391; x_wconf 96' lang='lat'>:</span> <span class='ocrx_word' id='word_1_461' title='bbox 1306 3358 1318 3390; x_wconf 78' lang='lat' dir='ltr'>c</span> <span class='ocrx_word' id='word_1_462' title='bbox 1336 3339 1388 3403; x_wconf 92' lang='lat' dir='ltr'>Qui</span> <span class='ocrx_word' id='word_1_463' title='bbox 1412 3339 1516 3392; x_wconf 89' lang='lat' dir='ltr'>emittit</span> <span class='ocrx_word' id='word_1_464' title='bbox 1538 3354 1638 3409; x_wconf 88' lang='lat' dir='ltr'>aquam</span> 
     </span>
     <span class='ocr_line' id='line_1_36' title="bbox 122 3426 1638 3500; baseline 0.002 -21"><span class='ocrx_word' id='word_1_465' title='bbox 122 3440 186 3479; x_wconf 87' lang='lat' dir='ltr'>curu</span> <span class='ocrx_word' id='word_1_466' title='bbox 200 3426 368 3480; x_wconf 70' lang='lat' dir='ltr'>diseonliai.</span> <span class='ocrx_word' id='word_1_467' title='bbox 387 3448 398 3471; x_wconf 63' lang='lat' dir='ltr'>a</span> <span class='ocrx_word' id='word_1_468' title='bbox 411 3428 917 3498; x_wconf 73' lang='lat' dir='ltr'>dapidusdesignatconjunctionem,</span> <span class='ocrx_word' id='word_1_469' title='bbox 961 3438 1004 3483; x_wconf 90' lang='lat' dir='ltr'>est</span> <span class='ocrx_word' id='word_1_470' title='bbox 1010 3431 1170 3500; x_wconf 75' lang='lat' dir='ltr'>jurgiorum</span> <span class='ocrx_word' id='word_1_471' title='bbox 1185 3429 1313 3500; x_wconf 77' lang='lat' dir='ltr'>¹⁵,iquod</span> <span class='ocrx_word' id='word_1_472' title='bbox 1329 3428 1376 3499; x_wconf 90' lang='lat' dir='ltr'>qui</span> <span class='ocrx_word' id='word_1_473' title='bbox 1392 3427 1591 3498; x_wconf 81' lang='lat' dir='ltr'>loquacitatem</span> <span class='ocrx_word' id='word_1_474' title='bbox 1604 3438 1638 3483; x_wconf 85' lang='lat' dir='ltr'>nd</span> 
     </span>
     <span class='ocr_line' id='line_1_37' title="bbox 123 3515 1634 3588; baseline 0.003 -21"><span class='ocrx_word' id='word_1_475' title='bbox 123 3520 155 3568; x_wconf 92' lang='lat' dir='ltr'>ut</span> <span class='ocrx_word' id='word_1_476' title='bbox 168 3515 197 3568; x_wconf 91' lang='lat' dir='ltr'>in</span> <span class='ocrx_word' id='word_1_477' title='bbox 215 3516 341 3570; x_wconf 88' lang='lat' dir='ltr'>Psalmis.</span> <span class='ocrx_word' id='word_1_478' title='bbox 361 3538 371 3566; x_wconf 73' lang='lat' dir='ltr'>e</span> <span class='ocrx_word' id='word_1_479' title='bbox 391 3516 442 3570; x_wconf 89' lang='lat' dir='ltr'>Hic</span> <span class='ocrx_word' id='word_1_480' title='bbox 455 3517 545 3570; x_wconf 86' lang='lat' dir='ltr'>iaetus</span> <span class='ocrx_word' id='word_1_481' title='bbox 559 3522 602 3570; x_wconf 86' lang='lat' dir='ltr'>est</span> <span class='ocrx_word' id='word_1_482' title='bbox 618 3517 646 3570; x_wconf 89' lang='lat' dir='ltr'>iu</span> <span class='ocrx_word' id='word_1_483' title='bbox 662 3525 746 3587; x_wconf 88' lang='lat' dir='ltr'>caput</span> <span class='ocrx_word' id='word_1_484' title='bbox 759 3519 853 3588; x_wconf 77' lang='lat' dir='ltr'>anguli</span> <span class='ocrx_word' id='word_1_485' title='bbox 863 3519 894 3580; x_wconf 88' lang='lat'>¹⁰,</span> <span class='ocrx_word' id='word_1_486' title='bbox 907 3540 917 3565; x_wconf 72' lang='lat' dir='ltr'>u</span> <span class='ocrx_word' id='word_1_487' title='bbox 962 3520 1018 3581; x_wconf 89' lang='lat' dir='ltr'>nat,</span> <span class='ocrx_word' id='word_1_488' title='bbox 1036 3520 1214 3573; x_wconf 88' lang='lat' dir='ltr'>concordiam</span> <span class='ocrx_word' id='word_1_489' title='bbox 1239 3518 1373 3588; x_wconf 74' lang='lat' dir='ltr'>dissipat,</span> <span class='ocrx_word' id='word_1_490' title='bbox 1384 3520 1470 3585; x_wconf 53' lang='lat' dir='ltr'>siqua,</span> <span class='ocrx_word' id='word_1_491' title='bbox 1496 3517 1634 3588; x_wconf 83' lang='lat' dir='ltr'>cupiditas</span> 
     </span>
     <span class='ocr_line' id='line_1_38' title="bbox 120 3604 1638 3679; baseline 0.003 -22"><span class='ocrx_word' id='word_1_492' title='bbox 120 3604 194 3673; x_wconf 90' lang='lat' dir='ltr'>quod</span> <span class='ocrx_word' id='word_1_493' title='bbox 206 3605 334 3659; x_wconf 86' lang='lat' dir='ltr'>Christus</span> <span class='ocrx_word' id='word_1_494' title='bbox 358 3610 510 3676; x_wconf 89' lang='lat' dir='ltr'>utrumque</span> <span class='ocrx_word' id='word_1_495' title='bbox 533 3607 668 3679; x_wconf 88' lang='lat' dir='ltr'>populum</span> <span class='ocrx_word' id='word_1_496' title='bbox 693 3607 845 3676; x_wconf 82' lang='lat' dir='ltr'>conjunxit.</span> <span class='ocrx_word' id='word_1_497' title='bbox 866 3609 920 3661; x_wconf 89' lang='lat' dir='ltr'>Per</span> <span class='ocrx_word' id='word_1_498' title='bbox 960 3613 991 3661; x_wconf 89' lang='lat' dir='ltr'>ut</span> <span class='ocrx_word' id='word_1_499' title='bbox 1005 3609 1034 3661; x_wconf 89' lang='lat' dir='ltr'>iu</span> <span class='ocrx_word' id='word_1_500' title='bbox 1046 3609 1211 3677; x_wconf 83' lang='lat' dir='ltr'>Evangelio:</span> <span class='ocrx_word' id='word_1_501' title='bbox 1230 3629 1241 3652; x_wconf 86' lang='lat'>«</span> <span class='ocrx_word' id='word_1_502' title='bbox 1259 3609 1329 3660; x_wconf 81' lang='lat' dir='ltr'>lium</span> <span class='ocrx_word' id='word_1_503' title='bbox 1346 3607 1374 3659; x_wconf 93' lang='lat' dir='ltr'>in</span> <span class='ocrx_word' id='word_1_504' title='bbox 1389 3607 1523 3675; x_wconf 83' lang='lat' dir='ltr'>lgnemet</span> <span class='ocrx_word' id='word_1_505' title='bbox 1537 3606 1567 3660; x_wconf 91' lang='lat' dir='ltr'>in</span> <span class='ocrx_word' id='word_1_506' title='bbox 1585 3622 1638 3677; x_wconf 79' lang='lat' dir='ltr'>aqu</span> 
     </span>
     <span class='ocr_line' id='line_1_39' title="bbox 121 3694 1638 3767; baseline 0.001 -21"><span class='ocrx_word' id='word_1_507' title='bbox 121 3698 260 3759; x_wconf 74' lang='lat' dir='ltr'>cupidum</span> <span class='ocrx_word' id='word_1_508' title='bbox 269 3694 405 3762; x_wconf 86' lang='lat' dir='ltr'>terminos</span> <span class='ocrx_word' id='word_1_509' title='bbox 414 3695 498 3764; x_wconf 86' lang='lat' dir='ltr'>hujus</span> <span class='ocrx_word' id='word_1_510' title='bbox 507 3695 689 3757; x_wconf 90' lang='lat' dir='ltr'>mundi,utiu</span> <span class='ocrx_word' id='word_1_511' title='bbox 697 3695 808 3749; x_wconf 81' lang='lat' dir='ltr'>Exodo:</span> <span class='ocrx_word' id='word_1_512' title='bbox 828 3716 840 3745; x_wconf 79' lang='lat' dir='ltr'>u</span> <span class='ocrx_word' id='word_1_513' title='bbox 852 3696 919 3751; x_wconf 76' lang='lat' dir='ltr'>Dua</span> <span class='ocrx_word' id='word_1_514' title='bbox 959 3695 1005 3760; x_wconf 90' lang='lat' dir='ltr'>sit,</span> <span class='ocrx_word' id='word_1_515' title='bbox 1021 3704 1052 3750; x_wconf 89' lang='lat' dir='ltr'>ut</span> <span class='ocrx_word' id='word_1_516' title='bbox 1075 3713 1139 3750; x_wconf 84' lang='lat' dir='ltr'>euru</span> <span class='ocrx_word' id='word_1_517' title='bbox 1154 3695 1325 3767; x_wconf 80' lang='lat' dir='ltr'>perderet¹¹,</span> <span class='ocrx_word' id='word_1_518' title='bbox 1347 3715 1358 3744; x_wconf 73' lang='grc' dir='ltr'><strong><em>ι</em></strong></span> <span class='ocrx_word' id='word_1_519' title='bbox 1376 3696 1449 3766; x_wconf 89' lang='lat' dir='ltr'>quod</span> <span class='ocrx_word' id='word_1_520' title='bbox 1465 3694 1594 3748; x_wconf 85' lang='lat' dir='ltr'>diabolus</span> <span class='ocrx_word' id='word_1_521' title='bbox 1606 3710 1638 3749; x_wconf 88' lang='lat' dir='ltr'>eo</span> 
     </span>
     <span class='ocr_line' id='line_1_40' title="bbox 121 3780 1638 3855; baseline 0.003 -21"><span class='ocrx_word' id='word_1_522' title='bbox 121 3780 223 3835; x_wconf 82' lang='lat' dir='ltr'>tabulae</span> <span class='ocrx_word' id='word_1_523' title='bbox 235 3783 389 3853; x_wconf 81' lang='lat' dir='ltr'>erigantur,</span> <span class='ocrx_word' id='word_1_524' title='bbox 400 3786 410 3805; x_wconf 82' lang='grc'><em>·</em></span> <span class='ocrx_word' id='word_1_525' title='bbox 421 3784 484 3854; x_wconf 90' lang='lat' dir='ltr'>post</span> <span class='ocrx_word' id='word_1_526' title='bbox 492 3789 603 3853; x_wconf 81' lang='lat' dir='ltr'>tergum</span> <span class='ocrx_word' id='word_1_527' title='bbox 610 3783 782 3838; x_wconf 87' lang='lat' dir='ltr'>tabernaculi</span> <span class='ocrx_word' id='word_1_528' title='bbox 790 3785 820 3846; x_wconf 84' lang='grc'>11,</span> <span class='ocrx_word' id='word_1_529' title='bbox 830 3786 918 3855; x_wconf 76' lang='lat' dir='ltr'>»quod</span> <span class='ocrx_word' id='word_1_530' title='bbox 959 3785 1091 3855; x_wconf 88' lang='lat' dir='ltr'>possidet,</span> <span class='ocrx_word' id='word_1_531' title='bbox 1101 3786 1282 3839; x_wconf 85' lang='lat' dir='ltr'>nuncardore</span> <span class='ocrx_word' id='word_1_532' title='bbox 1293 3786 1410 3839; x_wconf 80' lang='lat' dir='ltr'>luxuriae</span> <span class='ocrx_word' id='word_1_533' title='bbox 1420 3789 1638 3849; x_wconf 66' lang='lat' dir='ltr'>concrematum</span> 
     </span>
     <span class='ocr_line' id='line_1_41' title="bbox 121 3871 1638 3944; baseline 0.003 -22"><span class='ocrx_word' id='word_1_534' title='bbox 121 3876 219 3924; x_wconf 90' lang='lat' dir='ltr'>eontra</span> <span class='ocrx_word' id='word_1_535' title='bbox 232 3871 374 3926; x_wconf 88' lang='lat' dir='ltr'>diabolum</span> <span class='ocrx_word' id='word_1_536' title='bbox 390 3872 420 3925; x_wconf 93' lang='lat' dir='ltr'>in</span> <span class='ocrx_word' id='word_1_537' title='bbox 435 3872 531 3929; x_wconf 90' lang='lat' dir='ltr'>muudi</span> <span class='ocrx_word' id='word_1_538' title='bbox 545 3873 629 3941; x_wconf 80' lang='lat' dir='ltr'>hujus</span> <span class='ocrx_word' id='word_1_539' title='bbox 649 3873 732 3926; x_wconf 88' lang='lat' dir='ltr'>terris</span> <span class='ocrx_word' id='word_1_540' title='bbox 754 3873 918 3927; x_wconf 86' lang='lat' dir='ltr'>adveniente</span> <span class='ocrx_word' id='word_1_541' title='bbox 958 3874 1119 3944; x_wconf 85' lang='lat' dir='ltr'>cupiditatis</span> <span class='ocrx_word' id='word_1_542' title='bbox 1133 3874 1228 3939; x_wconf 65' lang='lat' dir='ltr'>incedat,</span> <span class='ocrx_word' id='word_1_543' title='bbox 1240 3881 1272 3928; x_wconf 91' lang='lat' dir='ltr'>ut</span> <span class='ocrx_word' id='word_1_544' title='bbox 1291 3891 1337 3928; x_wconf 91' lang='lat' dir='ltr'>eos</span> <span class='ocrx_word' id='word_1_545' title='bbox 1353 3873 1462 3944; x_wconf 87' lang='lat' dir='ltr'>perdat.</span> <span class='ocrx_word' id='word_1_546' title='bbox 1485 3876 1574 3941; x_wconf 77' lang='lat' dir='ltr'>Aqua.</span> <span class='ocrx_word' id='word_1_547' title='bbox 1590 3871 1638 3944; x_wconf 73' lang='lat' dir='ltr'>bap</span> 
     </span>
     <span class='ocr_line' id='line_1_42' title="bbox 121 3960 1629 4034; baseline 0.003 -23"><span class='ocrx_word' id='word_1_548' title='bbox 121 3960 176 4012; x_wconf 86' lang='lat' dir='ltr'>sine</span> <span class='ocrx_word' id='word_1_549' title='bbox 190 3961 279 4014; x_wconf 89' lang='lat' dir='ltr'>saneti</span> <span class='ocrx_word' id='word_1_550' title='bbox 295 3962 388 4014; x_wconf 86' lang='lat' dir='ltr'>Enoch</span> <span class='ocrx_word' id='word_1_551' title='bbox 403 3967 431 4013; x_wconf 91' lang='lat' dir='ltr'>ct</span> <span class='ocrx_word' id='word_1_552' title='bbox 451 3961 524 4015; x_wconf 84' lang='lat' dir='ltr'>Elius</span> <span class='ocrx_word' id='word_1_553' title='bbox 538 3961 682 4031; x_wconf 78' lang='lat' dir='ltr'>erigentur</span> <span class='ocrx_word' id='word_1_554' title='bbox 695 3965 705 3984; x_wconf 85' lang='grc'><em>·</em></span> <span class='ocrx_word' id='word_1_555' title='bbox 726 3978 811 4033; x_wconf 89' lang='lat' dir='ltr'>opera</span> <span class='ocrx_word' id='word_1_556' title='bbox 835 3963 918 4016; x_wconf 92' lang='lat' dir='ltr'>simu·</span> <span class='ocrx_word' id='word_1_557' title='bbox 959 3971 990 4016; x_wconf 92' lang='lat' dir='ltr'>ut</span> <span class='ocrx_word' id='word_1_558' title='bbox 1002 3963 1030 4018; x_wconf 91' lang='lat' dir='ltr'>iu</span> <span class='ocrx_word' id='word_1_559' title='bbox 1041 3964 1160 4016; x_wconf 89' lang='lat' dir='ltr'>Psalmis</span> <span class='ocrx_word' id='word_1_560' title='bbox 1178 3982 1183 4016; x_wconf 95' lang='lat'><strong>:</strong></span> <span class='ocrx_word' id='word_1_561' title='bbox 1210 3981 1222 4014; x_wconf 79' lang='lat' dir='ltr'>c</span> <span class='ocrx_word' id='word_1_562' title='bbox 1240 3964 1358 4034; x_wconf 88' lang='lat' dir='ltr'>Operuit</span> <span class='ocrx_word' id='word_1_563' title='bbox 1372 3979 1446 4033; x_wconf 90' lang='lat' dir='ltr'>aqua</span> <span class='ocrx_word' id='word_1_564' title='bbox 1460 3962 1629 4016; x_wconf 84' lang='lat' dir='ltr'>tribulantes</span> 
     </span>
     <span class='ocr_line' id='line_1_43' title="bbox 121 4047 1638 4122; baseline 0.004 -23"><span class='ocrx_word' id='word_1_565' title='bbox 121 4047 184 4100; x_wconf 67' lang='lat' dir='ltr'>latae</span> <span class='ocrx_word' id='word_1_566' title='bbox 195 4055 303 4101; x_wconf 88' lang='lat' dir='ltr'>mentes</span> <span class='ocrx_word' id='word_1_567' title='bbox 318 4065 476 4119; x_wconf 82' lang='lat' dir='ltr'>pravorum,</span> <span class='ocrx_word' id='word_1_568' title='bbox 493 4049 567 4102; x_wconf 90' lang='lat' dir='ltr'>utin</span> <span class='ocrx_word' id='word_1_569' title='bbox 582 4050 766 4119; x_wconf 61' lang='lat' dir='ltr'>sophoniam</span> <span class='ocrx_word' id='word_1_570' title='bbox 781 4051 846 4105; x_wconf 88' lang='lat' dir='ltr'>Dies</span> <span class='ocrx_word' id='word_1_571' title='bbox 862 4051 917 4105; x_wconf 89' lang='lat' dir='ltr'>Do·</span> <span class='ocrx_word' id='word_1_572' title='bbox 958 4053 1032 4122; x_wconf 93' lang='lat' dir='ltr'>quod</span> <span class='ocrx_word' id='word_1_573' title='bbox 1048 4053 1075 4105; x_wconf 90' lang='lat' dir='ltr'>in</span> <span class='ocrx_word' id='word_1_574' title='bbox 1091 4051 1229 4122; x_wconf 87' lang='lat' dir='ltr'>baptismo</span> <span class='ocrx_word' id='word_1_575' title='bbox 1245 4053 1396 4106; x_wconf 87' lang='lat' dir='ltr'>electorum</span> <span class='ocrx_word' id='word_1_576' title='bbox 1422 4058 1535 4122; x_wconf 86' lang='lat' dir='ltr'>peccata</span> <span class='ocrx_word' id='word_1_577' title='bbox 1551 4050 1638 4105; x_wconf 86' lang='lat' dir='ltr'>condo</span> 
     </span>
     <span class='ocr_line' id='line_1_44' title="bbox 121 4136 1638 4212; baseline 0.004 -24"><span class='ocrx_word' id='word_1_578' title='bbox 121 4136 190 4188; x_wconf 87' lang='lat' dir='ltr'>mini</span> <span class='ocrx_word' id='word_1_579' title='bbox 213 4150 299 4207; x_wconf 87' lang='lat' dir='ltr'>super</span> <span class='ocrx_word' id='word_1_580' title='bbox 321 4138 438 4207; x_wconf 79' lang='lat' dir='ltr'>angulos</span> <span class='ocrx_word' id='word_1_581' title='bbox 459 4138 580 4191; x_wconf 88' lang='lat' dir='ltr'>excelsos</span> <span class='ocrx_word' id='word_1_582' title='bbox 597 4136 619 4171; x_wconf 80' lang='lat'>¹¹</span> <span class='ocrx_word' id='word_1_583' title='bbox 644 4156 649 4189; x_wconf 91' lang='lat'><strong>:</strong></span> <span class='ocrx_word' id='word_1_584' title='bbox 674 4139 777 4209; x_wconf 77' lang='lat' dir='ltr'>»quod</span> <span class='ocrx_word' id='word_1_585' title='bbox 797 4141 917 4194; x_wconf 85' lang='lat' dir='ltr'>vindicta</span> <span class='ocrx_word' id='word_1_586' title='bbox 957 4142 1036 4208; x_wconf 59' lang='lat' dir='ltr'>:iqua</span> <span class='ocrx_word' id='word_1_587' title='bbox 1051 4149 1094 4194; x_wconf 90' lang='lat' dir='ltr'>est</span> <span class='ocrx_word' id='word_1_588' title='bbox 1108 4158 1210 4195; x_wconf 64' lang='lat' dir='ltr'>arctura</span> <span class='ocrx_word' id='word_1_589' title='bbox 1224 4141 1326 4194; x_wconf 88' lang='lat' dir='ltr'>locutio</span> <span class='ocrx_word' id='word_1_590' title='bbox 1343 4142 1552 4212; x_wconf 83' lang='lat' dir='ltr'>prophetarum,</span> <span class='ocrx_word' id='word_1_591' title='bbox 1570 4146 1603 4194; x_wconf 87' lang='lat' dir='ltr'>ut</span> <span class='ocrx_word' id='word_1_592' title='bbox 1626 4141 1638 4194; x_wconf 86' lang='lat' dir='ltr'>i</span> 
     </span>
     <span class='ocr_line' id='line_1_45' title="bbox 120 4226 1637 4300; baseline 0.004 -23"><span class='ocrx_word' id='word_1_593' title='bbox 120 4226 259 4294; x_wconf 88' lang='lat' dir='ltr'>percutiet</span> <span class='ocrx_word' id='word_1_594' title='bbox 273 4227 357 4280; x_wconf 90' lang='lat' dir='ltr'>corda</span> <span class='ocrx_word' id='word_1_595' title='bbox 372 4239 530 4296; x_wconf 82' lang='lat' dir='ltr'>pravorum,</span> <span class='ocrx_word' id='word_1_596' title='bbox 544 4229 918 4297; x_wconf 78' lang='lat' dir='ltr'>quaproptereleratiqnem</span> <span class='ocrx_word' id='word_1_597' title='bbox 961 4229 1014 4282; x_wconf 88' lang='lat' dir='ltr'>mis</span> <span class='ocrx_word' id='word_1_598' title='bbox 1030 4247 1035 4281; x_wconf 92' lang='lat'><strong>:</strong></span> <span class='ocrx_word' id='word_1_599' title='bbox 1053 4248 1064 4275; x_wconf 77' lang='lat' dir='ltr'>a</span> <span class='ocrx_word' id='word_1_600' title='bbox 1082 4230 1239 4284; x_wconf 89' lang='lat' dir='ltr'>Tenebrosa</span> <span class='ocrx_word' id='word_1_601' title='bbox 1255 4243 1329 4300; x_wconf 87' lang='lat' dir='ltr'>aqua</span> <span class='ocrx_word' id='word_1_602' title='bbox 1343 4230 1371 4282; x_wconf 92' lang='lat' dir='ltr'>iu</span> <span class='ocrx_word' id='word_1_603' title='bbox 1387 4228 1507 4283; x_wconf 91' lang='lat' dir='ltr'>nubibus</span> <span class='ocrx_word' id='word_1_604' title='bbox 1521 4228 1637 4295; x_wconf 81' lang='lat' dir='ltr'>aeris¹⁸,</span> 
     </span>
     <span class='ocr_line' id='line_1_46' title="bbox 121 4307 1638 4389; baseline 0.003 -23"><span class='ocrx_word' id='word_1_605' title='bbox 121 4307 228 4368; x_wconf 86' lang='lat' dir='ltr'>excelsa</span> <span class='ocrx_word' id='word_1_606' title='bbox 242 4320 316 4377; x_wconf 85' lang='lat' dir='ltr'>suut,</span> <span class='ocrx_word' id='word_1_607' title='bbox 336 4321 363 4369; x_wconf 91' lang='lat' dir='ltr'>et</span> <span class='ocrx_word' id='word_1_608' title='bbox 387 4321 501 4386; x_wconf 91' lang='lat' dir='ltr'>propter</span> <span class='ocrx_word' id='word_1_609' title='bbox 525 4315 741 4385; x_wconf 87' lang='lat' dir='ltr'>duplicationem</span> <span class='ocrx_word' id='word_1_610' title='bbox 754 4322 855 4383; x_wconf 71' lang='lat' dir='ltr'>attuarii</span> <span class='ocrx_word' id='word_1_611' title='bbox 871 4335 918 4372; x_wconf 85' lang='lat' dir='ltr'>ru·</span> <span class='ocrx_word' id='word_1_612' title='bbox 960 4317 1106 4371; x_wconf 86' lang='lat' dir='ltr'>obscuram</span> <span class='ocrx_word' id='word_1_613' title='bbox 1117 4320 1286 4372; x_wconf 82' lang='lat' dir='ltr'>locutionem</span> <span class='ocrx_word' id='word_1_614' title='bbox 1295 4319 1417 4372; x_wconf 88' lang='lat' dir='ltr'>habeant</span> <span class='ocrx_word' id='word_1_615' title='bbox 1427 4318 1579 4389; x_wconf 76' lang='lat' dir='ltr'>prophetae.</span> <span class='ocrx_word' id='word_1_616' title='bbox 1590 4320 1638 4388; x_wconf 66' lang='grc' dir='ltr'>ΑΨ</span> 
     </span>
     <span class='ocr_line' id='line_1_47' title="bbox 119 4374 1638 4477; baseline 0.004 -21"><span class='ocrx_word' id='word_1_617' title='bbox 119 4409 227 4457; x_wconf 91' lang='lat' dir='ltr'>cantur.</span> <span class='ocrx_word' id='word_1_618' title='bbox 927 4374 1005 4460; x_wconf 73' lang='lat' dir='ltr'>Dete</span> <span class='ocrx_word' id='word_1_619' title='bbox 1019 4407 1178 4477; x_wconf 71' lang='lat' dir='ltr'>praedicatio</span> <span class='ocrx_word' id='word_1_620' title='bbox 1193 4406 1307 4468; x_wconf 83' lang='lat' dir='ltr'>Christi,</span> <span class='ocrx_word' id='word_1_621' title='bbox 1325 4414 1356 4460; x_wconf 92' lang='lat' dir='ltr'>ut</span> <span class='ocrx_word' id='word_1_622' title='bbox 1370 4409 1400 4461; x_wconf 92' lang='lat' dir='ltr'>iu</span> <span class='ocrx_word' id='word_1_623' title='bbox 1410 4407 1571 4462; x_wconf 84' lang='lat' dir='ltr'>Ezechiele:</span> <span class='ocrx_word' id='word_1_624' title='bbox 1587 4407 1638 4462; x_wconf 76' lang='lat' dir='ltr'>«u</span> 
     </span>
     <span class='ocr_line' id='line_1_48' title="bbox 154 4494 1638 4568; baseline 0.003 -22"><span class='ocrx_word' id='word_1_625' title='bbox 154 4494 219 4561; x_wconf 74' lang='lat' dir='ltr'>,ipis</span> <span class='ocrx_word' id='word_1_626' title='bbox 233 4499 276 4548; x_wconf 90' lang='lat' dir='ltr'>est</span> <span class='ocrx_word' id='word_1_627' title='bbox 289 4494 451 4548; x_wconf 88' lang='lat' dir='ltr'>immundus</span> <span class='ocrx_word' id='word_1_628' title='bbox 467 4498 604 4564; x_wconf 83' lang='lat' dir='ltr'>peccator,</span> <span class='ocrx_word' id='word_1_629' title='bbox 620 4500 653 4547; x_wconf 91' lang='lat' dir='ltr'>ut</span> <span class='ocrx_word' id='word_1_630' title='bbox 665 4494 694 4547; x_wconf 90' lang='lat' dir='ltr'>in</span> <span class='ocrx_word' id='word_1_631' title='bbox 710 4494 798 4548; x_wconf 88' lang='lat' dir='ltr'>isaie:</span> <span class='ocrx_word' id='word_1_632' title='bbox 818 4516 829 4546; x_wconf 67' lang='grc' dir='ltr'>(ι</span> <span class='ocrx_word' id='word_1_633' title='bbox 842 4496 914 4550; x_wconf 91' lang='lat' dir='ltr'>Sibi·</span> <span class='ocrx_word' id='word_1_634' title='bbox 957 4512 1041 4566; x_wconf 90' lang='lat' dir='ltr'>super</span> <span class='ocrx_word' id='word_1_635' title='bbox 1053 4513 1101 4550; x_wconf 79' lang='lat' dir='ltr'>ros</span> <span class='ocrx_word' id='word_1_636' title='bbox 1114 4512 1216 4566; x_wconf 89' lang='lat' dir='ltr'>aquam</span> <span class='ocrx_word' id='word_1_637' title='bbox 1231 4498 1365 4550; x_wconf 89' lang='lat' dir='ltr'>mundam</span> <span class='ocrx_word' id='word_1_638' title='bbox 1376 4496 1409 4561; x_wconf 78' lang='lat'>¹⁹,</span> <span class='ocrx_word' id='word_1_639' title='bbox 1429 4514 1440 4546; x_wconf 78' lang='lat' dir='ltr'>i</span> <span class='ocrx_word' id='word_1_640' title='bbox 1458 4495 1550 4559; x_wconf 84' lang='lat' dir='ltr'>idest,</span> <span class='ocrx_word' id='word_1_641' title='bbox 1567 4512 1638 4568; x_wconf 79' lang='lat' dir='ltr'>purg</span> 
     </span>
     <span class='ocr_line' id='line_1_49' title="bbox 119 4577 1634 4655; baseline 0.005 -23"><span class='ocrx_word' id='word_1_642' title='bbox 119 4580 188 4635; x_wconf 89' lang='lat' dir='ltr'>labit</span> <span class='ocrx_word' id='word_1_643' title='bbox 200 4583 336 4636; x_wconf 89' lang='lat' dir='ltr'>Dominus</span> <span class='ocrx_word' id='word_1_644' title='bbox 347 4583 391 4653; x_wconf 87' lang='lat' dir='ltr'>api</span> <span class='ocrx_word' id='word_1_645' title='bbox 401 4582 431 4648; x_wconf 80' lang='grc'>111,</span> <span class='ocrx_word' id='word_1_646' title='bbox 448 4603 458 4632; x_wconf 76' lang='grc' dir='ltr'><strong>ι</strong></span> <span class='ocrx_word' id='word_1_647' title='bbox 472 4577 546 4653; x_wconf 88' lang='lat' dir='ltr'>quod</span> <span class='ocrx_word' id='word_1_648' title='bbox 555 4582 732 4637; x_wconf 89' lang='lat' dir='ltr'>immundum</span> <span class='ocrx_word' id='word_1_649' title='bbox 744 4588 916 4653; x_wconf 84' lang='lat' dir='ltr'>peccatorem</span> <span class='ocrx_word' id='word_1_650' title='bbox 960 4601 1009 4655; x_wconf 90' lang='lat' dir='ltr'>per</span> <span class='ocrx_word' id='word_1_651' title='bbox 1023 4585 1250 4655; x_wconf 72' lang='lat' dir='ltr'>pradicationem</span> <span class='ocrx_word' id='word_1_652' title='bbox 1261 4586 1404 4650; x_wconf 88' lang='lat' dir='ltr'>mundam,</span> <span class='ocrx_word' id='word_1_653' title='bbox 1414 4593 1446 4639; x_wconf 92' lang='lat' dir='ltr'>ut</span> <span class='ocrx_word' id='word_1_654' title='bbox 1456 4586 1554 4639; x_wconf 90' lang='lat' dir='ltr'>muudi</span> <span class='ocrx_word' id='word_1_655' title='bbox 1570 4584 1634 4640; x_wconf 82' lang='lat' dir='ltr'>sitia</span> 
     </span>
     <span class='ocr_line' id='line_1_50' title="bbox 119 4669 1638 4746; baseline 0.005 -25"><span class='ocrx_word' id='word_1_656' title='bbox 119 4685 169 4738; x_wconf 87' lang='lat' dir='ltr'>per</span> <span class='ocrx_word' id='word_1_657' title='bbox 183 4669 394 4740; x_wconf 88' lang='lat' dir='ltr'>inspirationem</span> <span class='ocrx_word' id='word_1_658' title='bbox 410 4683 489 4726; x_wconf 87' lang='lat' dir='ltr'>suam</span> <span class='ocrx_word' id='word_1_659' title='bbox 505 4672 540 4725; x_wconf 83' lang='lat' dir='ltr'>ad</span> <span class='ocrx_word' id='word_1_660' title='bbox 555 4679 683 4725; x_wconf 85' lang='lat' dir='ltr'>sevocat.</span> <span class='ocrx_word' id='word_1_661' title='bbox 706 4672 773 4740; x_wconf 78' lang='lat' dir='ltr'>Apes</span> <span class='ocrx_word' id='word_1_662' title='bbox 798 4673 918 4727; x_wconf 88' lang='lat' dir='ltr'>humiles</span> <span class='ocrx_word' id='word_1_663' title='bbox 960 4688 1117 4727; x_wconf 89' lang='lat' dir='ltr'>sermonem</span> <span class='ocrx_word' id='word_1_664' title='bbox 1132 4688 1216 4745; x_wconf 89' lang='lat' dir='ltr'>quem</span> <span class='ocrx_word' id='word_1_665' title='bbox 1231 4676 1330 4744; x_wconf 92' lang='lat' dir='ltr'>loquor</span> <span class='ocrx_word' id='word_1_666' title='bbox 1353 4674 1437 4728; x_wconf 79' lang='lat' dir='ltr'>robis.</span> <span class='ocrx_word' id='word_1_667' title='bbox 1460 4674 1550 4743; x_wconf 76' lang='lat' dir='ltr'>quia,</span> <span class='ocrx_word' id='word_1_668' title='bbox 1568 4688 1638 4746; x_wconf 80' lang='lat' dir='ltr'>com]</span> 
     </span>
    </p>
   </div>
   <div class='ocr_carea' id='block_1_3' title="bbox 118 4752 1638 5101">
    <p class='ocr_par' dir='ltr' id='par_1_3' title="bbox 118 4752 1638 5101">
     <span class='ocr_line' id='line_1_51' title="bbox 119 4752 1630 4834; baseline 0.005 -25"><span class='ocrx_word' id='word_1_669' title='bbox 119 4763 193 4819; x_wconf 88' lang='lat' dir='ltr'>sunt,</span> <span class='ocrx_word' id='word_1_670' title='bbox 207 4759 278 4813; x_wconf 91' lang='lat' dir='ltr'>utin</span> <span class='ocrx_word' id='word_1_671' title='bbox 299 4752 503 4815; x_wconf 80' lang='lat' dir='ltr'>Ecclesiastico:</span> <span class='ocrx_word' id='word_1_672' title='bbox 523 4781 533 4811; x_wconf 77' lang='lat' dir='ltr'>l</span> <span class='ocrx_word' id='word_1_673' title='bbox 561 4761 700 4815; x_wconf 81' lang='lat' dir='ltr'>Modicum</span> <span class='ocrx_word' id='word_1_674' title='bbox 712 4761 742 4814; x_wconf 91' lang='lat' dir='ltr'>in</span> <span class='ocrx_word' id='word_1_675' title='bbox 759 4760 917 4816; x_wconf 78' lang='lat' dir='ltr'>volatilibus</span> <span class='ocrx_word' id='word_1_676' title='bbox 959 4770 990 4816; x_wconf 89' lang='lat' dir='ltr'>ut</span> <span class='ocrx_word' id='word_1_677' title='bbox 1004 4764 1033 4816; x_wconf 91' lang='lat' dir='ltr'>iu</span> <span class='ocrx_word' id='word_1_678' title='bbox 1048 4761 1126 4817; x_wconf 87' lang='lat' dir='ltr'>libris</span> <span class='ocrx_word' id='word_1_679' title='bbox 1139 4764 1246 4833; x_wconf 80' lang='lat' dir='ltr'>Regum</span> <span class='ocrx_word' id='word_1_680' title='bbox 1263 4783 1269 4818; x_wconf 94' lang='lat'>:</span> <span class='ocrx_word' id='word_1_681' title='bbox 1289 4784 1300 4813; x_wconf 84' lang='lat'><strong>‹</strong></span> <span class='ocrx_word' id='word_1_682' title='bbox 1318 4761 1500 4817; x_wconf 88' lang='lat' dir='ltr'>ilausuerdnt</span> <span class='ocrx_word' id='word_1_683' title='bbox 1513 4779 1630 4834; x_wconf 89' lang='lat' dir='ltr'>aquam,</span> 
     </span>
     <span class='ocr_line' id='line_1_52' title="bbox 118 4846 1629 4923; baseline 0.006 -24"><span class='ocrx_word' id='word_1_684' title='bbox 118 4846 217 4917; x_wconf 89' lang='lat' dir='ltr'>apis¹¹,</span> <span class='ocrx_word' id='word_1_685' title='bbox 242 4869 253 4895; x_wconf 75' lang='lat' dir='ltr'>n</span> <span class='ocrx_word' id='word_1_686' title='bbox 276 4850 350 4919; x_wconf 87' lang='lat' dir='ltr'>quod</span> <span class='ocrx_word' id='word_1_687' title='bbox 373 4851 493 4904; x_wconf 87' lang='lat' dir='ltr'>humiles</span> <span class='ocrx_word' id='word_1_688' title='bbox 515 4851 589 4904; x_wconf 89' lang='lat' dir='ltr'>inter</span> <span class='ocrx_word' id='word_1_689' title='bbox 603 4850 738 4921; x_wconf 84' lang='lat' dir='ltr'>superbos</span> <span class='ocrx_word' id='word_1_690' title='bbox 760 4851 824 4905; x_wconf 84' lang='lat' dir='ltr'>iacti</span> <span class='ocrx_word' id='word_1_691' title='bbox 840 4859 914 4906; x_wconf 87' lang='lat' dir='ltr'>suut.</span> <span class='ocrx_word' id='word_1_692' title='bbox 958 4859 1025 4906; x_wconf 90' lang='lat' dir='ltr'>runt</span> <span class='ocrx_word' id='word_1_693' title='bbox 1045 4854 1075 4907; x_wconf 93' lang='lat' dir='ltr'>in</span> <span class='ocrx_word' id='word_1_694' title='bbox 1095 4860 1245 4923; x_wconf 85' lang='lat' dir='ltr'>conspeetu</span> <span class='ocrx_word' id='word_1_695' title='bbox 1266 4853 1378 4906; x_wconf 90' lang='lat' dir='ltr'>Domini</span> <span class='ocrx_word' id='word_1_696' title='bbox 1399 4852 1432 4918; x_wconf 75' lang='lat'>³⁰,</span> <span class='ocrx_word' id='word_1_697' title='bbox 1458 4875 1469 4899; x_wconf 73' lang='lat' dir='ltr'>a</span> <span class='ocrx_word' id='word_1_698' title='bbox 1492 4852 1567 4922; x_wconf 88' lang='lat' dir='ltr'>quod</span> <span class='ocrx_word' id='word_1_699' title='bbox 1590 4853 1629 4908; x_wconf 83' lang='lat' dir='ltr'>de</span> 
     </span>
     <span class='ocr_line' id='line_1_53' title="bbox 119 4937 1638 5011; baseline 0.005 -22"><span class='ocrx_word' id='word_1_700' title='bbox 119 4937 173 4989; x_wconf 88' lang='lat' dir='ltr'>Per</span> <span class='ocrx_word' id='word_1_701' title='bbox 186 4952 248 5006; x_wconf 78' lang='lat' dir='ltr'>opes</span> <span class='ocrx_word' id='word_1_702' title='bbox 262 4939 443 5000; x_wconf 87' lang='lat' dir='ltr'>detractores,</span> <span class='ocrx_word' id='word_1_703' title='bbox 462 4946 493 4994; x_wconf 90' lang='lat' dir='ltr'>ut</span> <span class='ocrx_word' id='word_1_704' title='bbox 515 4940 542 4993; x_wconf 90' lang='lat' dir='ltr'>in</span> <span class='ocrx_word' id='word_1_705' title='bbox 566 4939 703 4992; x_wconf 90' lang='lat' dir='ltr'>Psalmis:</span> <span class='ocrx_word' id='word_1_706' title='bbox 724 4958 735 4990; x_wconf 75' lang='grc' dir='ltr'><strong><em>ι</em></strong></span> <span class='ocrx_word' id='word_1_707' title='bbox 758 4940 917 4994; x_wconf 85' lang='lat' dir='ltr'>Circumde·</span> <span class='ocrx_word' id='word_1_708' title='bbox 957 4941 1049 4994; x_wconf 85' lang='lat' dir='ltr'>cordis</span> <span class='ocrx_word' id='word_1_709' title='bbox 1070 4940 1113 4995; x_wconf 90' lang='lat' dir='ltr'>aui</span> <span class='ocrx_word' id='word_1_710' title='bbox 1133 4942 1313 5011; x_wconf 89' lang='lat' dir='ltr'>protulerunt</span> <span class='ocrx_word' id='word_1_711' title='bbox 1335 4941 1589 5011; x_wconf 85' lang='lat' dir='ltr'>compunctionem,</span> <span class='ocrx_word' id='word_1_712' title='bbox 1612 4950 1638 4997; x_wconf 82' lang='lat' dir='ltr'>et</span> 
     </span>
     <span class='ocr_line' id='line_1_54' title="bbox 118 5026 1638 5101; baseline 0.005 -23"><span class='ocrx_word' id='word_1_713' title='bbox 118 5026 221 5081; x_wconf 89' lang='lat' dir='ltr'>derunt</span> <span class='ocrx_word' id='word_1_714' title='bbox 234 5044 287 5093; x_wconf 89' lang='lat' dir='ltr'>me,</span> <span class='ocrx_word' id='word_1_715' title='bbox 305 5029 377 5082; x_wconf 88' lang='lat' dir='ltr'>sicut</span> <span class='ocrx_word' id='word_1_716' title='bbox 391 5044 458 5098; x_wconf 89' lang='lat' dir='ltr'>apes</span> <span class='ocrx_word' id='word_1_717' title='bbox 474 5027 506 5093; x_wconf 82' lang='lat'>¹¹⁵,</span> <span class='ocrx_word' id='word_1_718' title='bbox 525 5046 538 5081; x_wconf 74' lang='lat' dir='ltr'>a</span> <span class='ocrx_word' id='word_1_719' title='bbox 554 5028 626 5098; x_wconf 91' lang='lat' dir='ltr'>quod</span> <span class='ocrx_word' id='word_1_720' title='bbox 641 5026 670 5081; x_wconf 92' lang='lat' dir='ltr'>in</span> <span class='ocrx_word' id='word_1_721' title='bbox 685 5034 783 5099; x_wconf 76' lang='lat' dir='ltr'>aperta</span> <span class='ocrx_word' id='word_1_722' title='bbox 799 5045 843 5083; x_wconf 91' lang='lat' dir='ltr'>me</span> <span class='ocrx_word' id='word_1_723' title='bbox 859 5030 917 5083; x_wconf 89' lang='lat' dir='ltr'>lau·</span> <span class='ocrx_word' id='word_1_724' title='bbox 958 5030 1014 5083; x_wconf 90' lang='lat' dir='ltr'>Deo</span> <span class='ocrx_word' id='word_1_725' title='bbox 1030 5030 1174 5084; x_wconf 86' lang='lat' dir='ltr'>lleveruut.</span> <span class='ocrx_word' id='word_1_726' title='bbox 1188 5032 1276 5097; x_wconf 80' lang='lat' dir='ltr'>Aqua,</span> <span class='ocrx_word' id='word_1_727' title='bbox 1288 5030 1382 5084; x_wconf 87' lang='lat' dir='ltr'>saeculi</span> <span class='ocrx_word' id='word_1_728' title='bbox 1392 5030 1573 5101; x_wconf 83' lang='lat' dir='ltr'>prosperitas,</span> <span class='ocrx_word' id='word_1_729' title='bbox 1587 5032 1638 5086; x_wconf 86' lang='lat' dir='ltr'>uti</span> 
     </span>
    </p>
   </div>
   <div class='ocr_carea' id='block_1_4' title="bbox 114 5268 1638 5634">
    <p class='ocr_par' dir='ltr' id='par_1_4' title="bbox 114 5268 1638 5634">
     <span class='ocr_line' id='line_1_55' title="bbox 152 5268 1638 5345; baseline 0.008 -19"><span class='ocrx_word' id='word_1_730' title='bbox 152 5272 295 5335; x_wconf 84' lang='lat' dir='ltr'>¹l0bx1x,</span> <span class='ocrx_word' id='word_1_731' title='bbox 313 5274 358 5327; x_wconf 88' lang='grc'>15.</span> <span class='ocrx_word' id='word_1_732' title='bbox 375 5268 566 5335; x_wconf 72' lang='lat' dir='ltr'>’Prouxxxu</span> <span class='ocrx_word' id='word_1_733' title='bbox 582 5274 720 5333; x_wconf 88' lang='lat' dir='ltr'>l5.³iR</span> <span class='ocrx_word' id='word_1_734' title='bbox 759 5292 817 5344; x_wconf 71' lang='lat' dir='ltr'>m,</span> <span class='ocrx_word' id='word_1_735' title='bbox 836 5276 878 5334; x_wconf 77' lang='lat'>32.</span> <span class='ocrx_word' id='word_1_736' title='bbox 896 5276 1482 5345; x_wconf 49' lang='grc' dir='ltr'>*1111111111Ιεα.κινι,1.1Ειεοὴ.</span> <span class='ocrx_word' id='word_1_737' title='bbox 1500 5286 1518 5343; x_wconf 90' lang='lat' dir='ltr'>l,</span> <span class='ocrx_word' id='word_1_738' title='bbox 1538 5280 1638 5338; x_wconf 54' lang='lat' dir='ltr'>astla</span> 
     </span>
     <span class='ocr_line' id='line_1_56' title="bbox 118 5341 1630 5457; baseline 0.009 -63"><span class='ocrx_word' id='word_1_739' title='bbox 118 5341 637 5413; x_wconf 62' lang='grc' dir='ltr'>1111316611.1·ηι,10.1Ριόν.ω,</span> <span class='ocrx_word' id='word_1_740' title='bbox 658 5349 684 5403; x_wconf 83' lang='grc'>9.</span> <span class='ocrx_word' id='word_1_741' title='bbox 711 5348 734 5383; x_wconf 89' lang='grc'>111</span> <span class='ocrx_word' id='word_1_742' title='bbox 770 5349 820 5404; x_wconf 82' lang='lat' dir='ltr'>sal.</span> <span class='ocrx_word' id='word_1_743' title='bbox 838 5350 982 5404; x_wconf 65' lang='lat' dir='ltr'>exutu‘li.</span> <span class='ocrx_word' id='word_1_744' title='bbox 1007 5349 1027 5384; x_wconf 85' lang='lat'>¹¹</span> <span class='ocrx_word' id='word_1_745' title='bbox 1045 5351 1130 5404; x_wconf 79' lang='lat' dir='ltr'>Exod.</span> <span class='ocrx_word' id='word_1_746' title='bbox 1147 5351 1280 5413; x_wconf 63' lang='lat' dir='ltr'>autulii.</span> <span class='ocrx_word' id='word_1_747' title='bbox 1308 5350 1329 5385; x_wconf 81' lang='lat'>¹¹</span> <span class='ocrx_word' id='word_1_748' title='bbox 1344 5351 1409 5457; x_wconf 86' lang='lat' dir='ltr'>Sep.</span> <span class='ocrx_word' id='word_1_749' title='bbox 1431 5366 1450 5413; x_wconf 91' lang='lat'>1,</span> <span class='ocrx_word' id='word_1_750' title='bbox 1466 5351 1510 5406; x_wconf 89' lang='grc'>16.</span> <span class='ocrx_word' id='word_1_751' title='bbox 1532 5351 1555 5386; x_wconf 84' lang='lat'>¹³</span> <span class='ocrx_word' id='word_1_752' title='bbox 1569 5350 1630 5408; x_wconf 86' lang='lat' dir='ltr'>isa.</span> 
     </span>
     <span class='ocr_line' id='line_1_57' title="bbox 116 5411 1638 5488; baseline 0.009 -22"><span class='ocrx_word' id='word_1_753' title='bbox 116 5411 139 5445; x_wconf 89' lang='lat'>¹⁴</span> <span class='ocrx_word' id='word_1_754' title='bbox 153 5414 240 5467; x_wconf 86' lang='lat' dir='ltr'>Eccle.</span> <span class='ocrx_word' id='word_1_755' title='bbox 257 5428 283 5467; x_wconf 80' lang='lat' dir='ltr'>xi</span> <span class='ocrx_word' id='word_1_756' title='bbox 311 5417 354 5470; x_wconf 85' lang='grc'>13.</span> <span class='ocrx_word' id='word_1_757' title='bbox 372 5417 395 5450; x_wconf 80' lang='lat'>¹¹</span> <span class='ocrx_word' id='word_1_758' title='bbox 414 5412 487 5469; x_wconf 82' lang='lat' dir='ltr'>Psoi.</span> <span class='ocrx_word' id='word_1_759' title='bbox 504 5431 589 5484; x_wconf 78' lang='lat' dir='ltr'>curu,</span> <span class='ocrx_word' id='word_1_760' title='bbox 601 5418 645 5473; x_wconf 70' lang='grc'>11.</span> <span class='ocrx_word' id='word_1_761' title='bbox 664 5421 685 5455; x_wconf 79' lang='grc'>11</span> <span class='ocrx_word' id='word_1_762' title='bbox 695 5422 768 5474; x_wconf 79' lang='lat' dir='ltr'>Psal.</span> <span class='ocrx_word' id='word_1_763' title='bbox 786 5434 877 5476; x_wconf 77' lang='lat' dir='ltr'>cxxix.</span> <span class='ocrx_word' id='word_1_764' title='bbox 896 5422 917 5455; x_wconf 83' lang='grc'>11</span> <span class='ocrx_word' id='word_1_765' title='bbox 928 5422 1008 5475; x_wconf 86' lang='lat' dir='ltr'>Cant.</span> <span class='ocrx_word' id='word_1_766' title='bbox 1026 5429 1062 5484; x_wconf 85' lang='lat' dir='ltr'>tr,</span> <span class='ocrx_word' id='word_1_767' title='bbox 1078 5422 1121 5476; x_wconf 86' lang='grc'>16.</span> <span class='ocrx_word' id='word_1_768' title='bbox 1140 5424 1161 5457; x_wconf 80' lang='lat'>¹⁸</span> <span class='ocrx_word' id='word_1_769' title='bbox 1176 5424 1230 5476; x_wconf 85' lang='lat' dir='ltr'>isa.</span> <span class='ocrx_word' id='word_1_770' title='bbox 1249 5435 1327 5487; x_wconf 73' lang='lat' dir='ltr'>xmu,</span> <span class='ocrx_word' id='word_1_771' title='bbox 1343 5422 1369 5476; x_wconf 86' lang='grc'>6.</span> <span class='ocrx_word' id='word_1_772' title='bbox 1397 5423 1470 5478; x_wconf 85' lang='lat' dir='ltr'>¹Job</span> <span class='ocrx_word' id='word_1_773' title='bbox 1484 5436 1589 5488; x_wconf 75' lang='lat' dir='ltr'>muru,</span> <span class='ocrx_word' id='word_1_774' title='bbox 1608 5425 1638 5479; x_wconf 77' lang='lat' dir='ltr'>al</span> 
     </span>
     <span class='ocr_line' id='line_1_58' title="bbox 116 5454 1638 5560; baseline 0.011 -24"><span class='ocrx_word' id='word_1_775' title='bbox 116 5496 135 5548; x_wconf 88' lang='lat' dir='ltr'>l,</span> <span class='ocrx_word' id='word_1_776' title='bbox 152 5484 197 5537; x_wconf 86' lang='grc'>13.</span> <span class='ocrx_word' id='word_1_777' title='bbox 213 5481 234 5518; x_wconf 87' lang='grc'>11</span> <span class='ocrx_word' id='word_1_778' title='bbox 250 5454 301 5538; x_wconf 80' lang='lat' dir='ltr'>iol</span> <span class='ocrx_word' id='word_1_779' title='bbox 315 5500 389 5552; x_wconf 77' lang='lat' dir='ltr'>xxvi,</span> <span class='ocrx_word' id='word_1_780' title='bbox 403 5488 428 5541; x_wconf 87' lang='grc'>7.</span> <span class='ocrx_word' id='word_1_781' title='bbox 451 5483 475 5520; x_wconf 77' lang='lat'>²¹</span> <span class='ocrx_word' id='word_1_782' title='bbox 488 5486 540 5541; x_wconf 84' lang='lat' dir='ltr'>iob</span> <span class='ocrx_word' id='word_1_783' title='bbox 553 5503 601 5552; x_wconf 83' lang='lat' dir='ltr'>ru,</span> <span class='ocrx_word' id='word_1_784' title='bbox 615 5490 660 5545; x_wconf 89' lang='lat'>38.</span> <span class='ocrx_word' id='word_1_785' title='bbox 685 5491 710 5526; x_wconf 82' lang='lat'>¹¹¹</span> <span class='ocrx_word' id='word_1_786' title='bbox 724 5486 798 5546; x_wconf 84' lang='lat' dir='ltr'>Psal.</span> <span class='ocrx_word' id='word_1_787' title='bbox 816 5507 896 5547; x_wconf 71' lang='lat' dir='ltr'>cxxx.</span> <span class='ocrx_word' id='word_1_788' title='bbox 912 5493 938 5546; x_wconf 90' lang='lat'>8.</span> <span class='ocrx_word' id='word_1_789' title='bbox 964 5493 987 5527; x_wconf 82' lang='lat'>¹⁴</span> <span class='ocrx_word' id='word_1_790' title='bbox 1002 5495 1081 5547; x_wconf 87' lang='lat' dir='ltr'>Prcv.</span> <span class='ocrx_word' id='word_1_791' title='bbox 1099 5504 1176 5560; x_wconf 79' lang='lat' dir='ltr'>xviri,</span> <span class='ocrx_word' id='word_1_792' title='bbox 1193 5493 1221 5546; x_wconf 77' lang='lat' dir='ltr'>l.</span> <span class='ocrx_word' id='word_1_793' title='bbox 1245 5491 1268 5525; x_wconf 77' lang='grc'>11</span> <span class='ocrx_word' id='word_1_794' title='bbox 1284 5494 1363 5547; x_wconf 82' lang='lat' dir='ltr'>Prcr.</span> <span class='ocrx_word' id='word_1_795' title='bbox 1386 5506 1453 5555; x_wconf 82' lang='lat' dir='ltr'>xru,</span> <span class='ocrx_word' id='word_1_796' title='bbox 1469 5494 1512 5548; x_wconf 81' lang='grc'>11.</span> <span class='ocrx_word' id='word_1_797' title='bbox 1529 5493 1553 5529; x_wconf 84' lang='grc'>11</span> <span class='ocrx_word' id='word_1_798' title='bbox 1567 5496 1638 5552; x_wconf 79' lang='lat' dir='ltr'>Mati</span> 
     </span>
     <span class='ocr_line' id='line_1_59' title="bbox 114 5553 1494 5634; baseline 0.009 -27"><span class='ocrx_word' id='word_1_799' title='bbox 114 5553 165 5624; x_wconf 79' lang='lat'>15;</span> <span class='ocrx_word' id='word_1_800' title='bbox 183 5556 268 5609; x_wconf 85' lang='lat' dir='ltr'>Marc.</span> <span class='ocrx_word' id='word_1_801' title='bbox 285 5571 322 5621; x_wconf 85' lang='lat' dir='ltr'>rx,</span> <span class='ocrx_word' id='word_1_802' title='bbox 338 5557 383 5611; x_wconf 73' lang='lat'>22.</span> <span class='ocrx_word' id='word_1_803' title='bbox 399 5557 421 5592; x_wconf 86' lang='grc'>11</span> <span class='ocrx_word' id='word_1_804' title='bbox 438 5559 511 5611; x_wconf 86' lang='lat' dir='ltr'>Psal.</span> <span class='ocrx_word' id='word_1_805' title='bbox 529 5573 573 5623; x_wconf 81' lang='lat' dir='ltr'>or,</span> <span class='ocrx_word' id='word_1_806' title='bbox 591 5562 634 5616; x_wconf 91' lang='grc'>11.</span> <span class='ocrx_word' id='word_1_807' title='bbox 652 5561 674 5596; x_wconf 80' lang='lat'>¹⁸</span> <span class='ocrx_word' id='word_1_808' title='bbox 689 5564 763 5617; x_wconf 88' lang='lat' dir='ltr'>Psal.</span> <span class='ocrx_word' id='word_1_809' title='bbox 780 5578 858 5631; x_wconf 85' lang='lat' dir='ltr'>xvur,</span> <span class='ocrx_word' id='word_1_810' title='bbox 875 5563 919 5618; x_wconf 73' lang='lat' dir='ltr'>la.</span> <span class='ocrx_word' id='word_1_811' title='bbox 936 5563 959 5599; x_wconf 76' lang='lat'>¹⁰</span> <span class='ocrx_word' id='word_1_812' title='bbox 975 5565 1071 5619; x_wconf 83' lang='lat' dir='ltr'>Ezecb.</span> <span class='ocrx_word' id='word_1_813' title='bbox 1089 5573 1181 5629; x_wconf 72' lang='lat' dir='ltr'>xxxvi,</span> <span class='ocrx_word' id='word_1_814' title='bbox 1198 5565 1241 5618; x_wconf 72' lang='grc'>15.</span> <span class='ocrx_word' id='word_1_815' title='bbox 1256 5560 1304 5618; x_wconf 83' lang='lat'>¹⁰1</span> <span class='ocrx_word' id='word_1_816' title='bbox 1321 5562 1389 5634; x_wconf 77' lang='lat' dir='ltr'>lieg.</span> <span class='ocrx_word' id='word_1_817' title='bbox 1407 5565 1494 5621; x_wconf 62' lang='grc'>1116.</span> 
     </span>
    </p>
   </div>
   <div class='ocr_carea' id='block_1_5' title="bbox 0 0 1890 6118">
    <p class='ocr_par' dir='ltr' id='par_1_5' title="bbox 0 0 1890 6118">
     <span class='ocr_line' id='line_1_60' title="bbox 0 0 1890 6118; baseline 0 0"><span class='ocrx_word' id='word_1_818' title='bbox 0 0 1890 6118; x_wconf 95' lang='lat' dir='ltr'> </span> 
     </span>
    </p>
   </div>
  </div>
 </body>
</html>
