3772 6120
120 208 167 272 ⁶33
330 208 620 269 summouere
637 214 678 271 IN
696 214 773 271 EPP.
793 214 901 272 PAULI
922 212 992 271 LlB.
1011 214 1113 272 xxm.
1134 240 1167 259 -·
1180 215 1221 273 ΙΝ
1238 214 1350 273 celer.
1370 216 1385 274 l
1402 216 1451 275 AD
1467 216 1544 273 ‘l'lbl-
1706 215 1760 274 est

119 318 327 409 «prehendant
333 336 422 391 vitam
430 340 574 392 eternam.
585 356 598 391 s
608 339 768 411 Percipient
781 344 877 396 autem
891 341 1033 413 inAquit,
1050 350 1178 398 evomere
1195 359 1229 398 ex
1246 359 1295 398 ore
1314 359 1387 411 meo,
1411 343 1479 415 qaia
1498 341 1569 397 dicis
1592 341 1667 414 quod
1683 342 1761 398 dives

117 426 208 482 futuro
219 426 324 481 saeculo
337 425 495 480 mercedem
504 442 646 496 magnam,
659 445 709 500 pro
718 428 819 499 quibus
828 430 859 484 in
867 430 920 484 hoc
960 447 1023 485 sum
1038 437 1067 485 ct
1081 431 1216 503 locuples,
1231 437 1260 486 et
1273 432 1378 486 nullius
1392 437 1507 503 egeo,et
1516 431 1607 486 nescis
1615 431 1721 502 quintu
1730 448 1761 487 es

117 514 215 571 uculo
236 515 294 570 ista
310 514 427 568 faciunt.
445 514 517 568 Nam
540 521 569 569 et
585 516 743 570 mercedem
767 518 920 589 percipient
960 518 1055 581 miser,
1073 524 1102 574 et
1116 518 1294 587 miserabilis,
1302 526 1331 574 et
1344 536 1461 591 pauper,
1471 525 1500 573 et
1513 535 1602 573 caecus
1614 525 1643 573 et
1651 519 1758 575 nudus:

115 604 208 670 wem,
228 620 294 675 quae
307 619 454 675 nunquam
480 604 567 658 ullam
586 605 691 676 poterit
703 607 920 662 mutabilitatem
960 607 1065 662 suadeo
1080 607 1133 662 tibi
1147 624 1242 663 emere
1253 625 1271 663 a
1284 626 1330 663 me
1344 625 1445 664 aurum
1460 608 1580 678 ignitum
1595 613 1628 662 ut
1636 608 1761 680 locuples

116 693 266 749 sustinere.
280 692 356 748 Nam
366 693 440 764 quod
450 693 529 759 dixit,
543 693 792 760 «fundamentum,
802 713 816 750 a
826 696 921 750 firma-
960 697 1021 763 fias,
1037 702 1066 751 et
1087 697 1261 752 vestimentis
1274 697 1346 753 albis
1359 698 1496 764 induaris,
1513 702 1542 751 et
1555 713 1611 752 non
1625 703 1761 769 appareat
1798 754 1806 777 Ι

116 786 242 837 mentum
253 780 452 837 eorumvoluit
463 781 919 855 significare.Compendiosevero
959 785 1084 839 confusio
1106 786 1242 841 nuditatis
1259 792 1316 841 ture
1338 786 1497 858 (Apuani).
1519 804 1533 839 n
1554 786 1626 841 Sunt
1643 803 1755 858 quoque

115 870 379 926 bocvoluitdicere:
389 870 579 942 precipcillis,
589 877 622 927 ut
630 889 796 945 nonmagna
805 874 918 946 sapiant
959 873 1069 939 mediae,
1086 874 1179 942 idest,
1196 892 1258 946 quse
1271 875 1548 947 bonaepossuntesse
1563 875 1606 929 vel
1617 875 1706 942 male,
1724 876 1760 931 ad

115 948 231 1032 propter
242 959 294 1014 illa
309 977 372 1031 quas
386 960 539 1030 possident,
554 965 723 1031 cognoscant
734 978 800 1016 vero
819 963 916 1017 Domi·
957 964 1304 1036 utramqueenimpartem
1310 980 1360 1035 pro
1366 964 1530 1019 arbitriovel
1537 963 1672 1035 qualitate
1679 969 1759 1019 uten-

114 1064 181 1104 num
193 1048 299 1103 horum
308 1048 362 1102 sibi
372 1065 434 1103 esse
445 1049 618 1119 largitorem,
631 1056 659 1105 et
668 1052 733 1105 huic
747 1067 859 1123 semper
867 1068 918 1124 pro
958 1051 1029 1106 tium
1035 1052 1297 1108 transferuntur.De
1307 1052 1407 1124 quibus
1413 1053 1669 1125 beatusApostolus
1678 1071 1703 1106 :e
1711 1053 1760 1110 Di-

115 1135 246 1193 omnibus
257 1136 312 1191 sibi
320 1137 436 1192 tributis
445 1138 552 1209 gratias
562 1138 665 1193 debent
674 1139 788 1207 referre,
796 1140 826 1194 in
837 1140 919 1195 bonis
958 1140 1072 1205 vitibus,
1079 1142 1129 1208 ait,
1144 1142 1241 1196 mundi
1248 1142 1333 1212 hujus
1348 1142 1467 1214 praecipe
1477 1158 1534 1196 non
1544 1142 1664 1196 sublime
1676 1159 1759 1214 sape·

115 1225 247 1298 operibus
255 1226 474 1281 sollicitudinem
480 1228 920 1301 expendentes,quodparvadan-
958 1246 999 1295 re,
1008 1246 1060 1285 nec
1075 1247 1189 1301 sperare
1204 1231 1233 1284 in
1244 1230 1528 1298 incertodivitiarum,
1537 1230 1587 1285 sed
1597 1231 1628 1285 in
1638 1231 1697 1285 Deo
1707 1232 1756 1303 qui

115 1315 401 1387 terinpraesentivita
408 1316 760 1387 magnainfuturoseeculo
770 1319 916 1390 recipiant.
959 1325 1075 1391 praestat
1088 1318 1168 1374 nobis
1183 1319 1294 1373 abunde
1310 1320 1404 1375 omnia
1418 1319 1454 1374 ad
1467 1319 1628 1385 fruendum,
1645 1318 1757 1375 benefa-

116 1402 216 1474 (Grep.)
232 1404 326 1458 Aliter
344 1421 411 1475 ergo
429 1405 599 1460 admonendi
622 1411 689 1460 sunt
707 1407 814 1479 inopes,
831 1413 916 1479 atque
958 1423 1030 1473 cere,
1058 1408 1139 1479 facile
1165 1406 1300 1474 tribuere,
1325 1408 1543 1474 communicare,
1568 1408 1759 1464 thesaurizare

117 1492 194 1548 aliter
203 1493 370 1565 locupletes,
382 1493 437 1548 illis
449 1510 572 1565 namque
582 1495 708 1549 conferre
718 1496 916 1551 consolationis
957 1496 1011 1551 sibi
1021 1496 1236 1552 fundamentum
1251 1497 1357 1552 bonum
1372 1496 1402 1551 in
1415 1496 1758 1568 futurumutapprehen·

119 1582 246 1637 solatium
267 1587 369 1637 contra
387 1582 608 1650 tribulationem,
631 1584 694 1638 istis
722 1601 787 1639 vero
812 1585 916 1640 inferre
957 1585 1026 1639 dant
1040 1602 1133 1640 veram
1148 1586 1248 1654 vitam3
1259 1605 1272 1639 a
1285 1603 1355 1657 quas
1365 1586 1468 1640 iterum
1477 1586 1554 1640 dives
1567 1586 1613 1640 ille
1624 1586 1653 1640 in
1667 1586 1759 1641 Evan-

122 1676 222 1726 nrctum
247 1677 348 1726 contm
367 1671 516 1726 elationem
529 1672 673 1728 debemus.
690 1673 769 1745 Inopi
785 1674 887 1745 quippe
900 1650 1030 1744 augelio
1047 1675 1118 1741 (lae.
1136 1674 1191 1744 xvrl
1206 1675 1341 1741 retinens,
1354 1691 1386 1728 ac
1403 1690 1581 1746 nequaquem
1603 1674 1757 1743 indigenti-

125 1758 234 1815 llmino
244 1777 298 1832 per
307 1760 474 1832 prophetam
488 1761 591 1816 dicitur
607 1778 613 1813 :
627 1780 641 1814 c
656 1762 720 1817 Noli
735 1762 836 1817 timere
850 1763 917 1833 quia
959 1761 1010 1817 bus
1019 1762 1247 1829 subministrans,
1263 1765 1298 1818 de
1320 1765 1400 1834 cujus
1422 1763 1503 1817 micis
1527 1763 1627 1818 satiari
1649 1780 1758 1835 pauper

127 1849 363 1904 nonconfunderis
374 1851 587 1920 (Isa.crv),vcui
602 1866 659 1905 non
672 1851 754 1921 longe
763 1856 828 1922 post
838 1851 916 1906 blan-
956 1851 1078 1906 Lazarm
1101 1857 1167 1906 ante
1191 1852 1266 1906 fores
1281 1853 1342 1922 ejus
1357 1852 1500 1923 expositus
1525 1851 1665 1923 cupiebat,
1682 1852 1757 1907 into-

129 1936 205 2003 dicns,
220 1938 291 1992 dicit
307 1959 316 1994 .·
330 1957 345 1990 u
361 1939 544 2009 Paupercula,
560 1945 729 2011 tempestate
743 1941 916 2006 convulsas
956 1939 1755 2011 lemnuiegehennaeignibusetatemodeputaturardori.

130 2041 286 2098 rursumque
303 2028 376 2081 hanc
395 2028 566 2095 consolatur,
582 2027 678 2082 dicens
697 2047 703 2082 :
726 2029 829 2099 cetegi
842 2034 872 2082 tc
886 2029 915 2084 in
956 2030 1014 2083 llas
1027 2029 1246 2099 igiturvisibiles
1261 2030 1358 2084 mundi
1374 2029 1485 2084 divitias
1495 2029 1757 2099 relinquentes,non

133 2114 224 2169 anino
235 2116 426 2187 paupertatis;
440 2136 452 2168 r
465 2121 495 2170 at
507 2122 606 2171 contra
617 2117 720 2171 Paulus
732 2117 868 2189 discipulo
880 2118 915 2173 de
956 2124 1077 2185 nostras,
1089 2119 1138 2173 sed
1153 2118 1260 2173 alienas
1283 2118 1430 2189 abjicimus
1449 2118 1607 2185 facultates,
1629 2118 1757 2189 quamvis

134 2201 247 2258 divitibus
256 2204 342 2259 dicit:
355 2204 515 2259 «Divitibus
525 2206 610 2276 liujus
620 2206 713 2261 saeculi
724 2207 845 2278 praecipe
858 2223 914 2263 non
955 2223 1006 2275 eas¹
1016 2207 1170 2278 gloriemur
1183 2208 1226 2262 vel
1236 2213 1332 2262 nostro
1346 2205 1440 2261 labore
1451 2206 1582 2277 quaesitas
1598 2206 1642 2260 vel
1657 2222 1758 2276 paren-

135 2291 234 2362 npcrbc
243 2309 355 2364 sapere,
367 2309 459 2365 neque
468 2310 581 2366 sperare
595 2294 624 2348 in
635 2295 742 2349 incerto
751 2295 913 2351 divitiarum
954 2300 1016 2350 tum
1030 2296 1066 2349 ad
1081 2312 1133 2351 nos
1148 2296 1312 2351 hereditate
1325 2296 1514 2362 transmissas,
1530 2294 1601 2349 nihil
1619 2295 1705 2361 enim,
1721 2299 1755 2349 ut

136 2394 238 2435 mrem.
251 2398 266 2435 a
280 2381 334 2436 Ubi
345 2383 500 2438 notandum
510 2383 589 2438 valde
600 2384 733 2453 est,qnod
746 2384 914 2440 humilitatis
954 2385 1021 2451 dixi,
1038 2391 1167 2440 nostrum
1182 2391 1234 2452 est,
1245 2385 1299 2440 nisi
1314 2386 1496 2449 metantem,
1505 2383 1580 2454 quod
1591 2383 1674 2438 corde
1689 2399 1756 2454 pos·

136 2466 211 2524 ledor
223 2470 391 2525 memoriam
409 2472 545 2526 virtutum
559 2472 672 2537 faciens,
689 2488 745 2526 non
764 2473 813 2537 eit,
834 2490 912 2544 roga,
955 2480 1167 2546 sessum,atque
1182 2474 1282 2529 anime
1294 2479 1398 2529 nostrae
1407 2473 1550 2528 coherens
1560 2472 1697 2527 aneminc
1704 2489 1755 2543 po-

138 2556 299 2627 redpracr'pe,
311 2559 379 2630 quia
387 2559 439 2612 etsi
449 2558 638 2631 impendenda
646 2561 787 2633 estpietas
796 2562 914 2617 infirmi-
953 2570 1010 2619 test
1025 2579 1140 2634 prorsus
1150 2563 1265 2618 auferri.
1281 2564 1321 2618 De
1335 2563 1391 2616 illis
1407 2568 1501 2617 antem
1516 2560 1672 2616 visibilibus
1686 2561 1755 2616 divi·

138 2645 181 2712 ari,
191 2645 278 2702 honor
291 2654 387 2702 tamen
395 2663 452 2701 non
462 2647 579 2703 debetur
587 2650 712 2705 elationi.
722 2648 836 2706 Talibus
847 2667 913 2722 ergo
954 2653 1001 2707 tiis
1016 2653 1051 2706 ad
1066 2669 1123 2719 eos,
1140 2652 1189 2724 qui
1203 2652 1265 2706 illas
1280 2658 1415 2722 tanquam
1425 2652 1553 2722 proprias
1569 2655 1753 2717 retentantes,

138 2740 221 2789 tetum
231 2736 307 2807 quod
320 2735 431 2801 dicitur,
440 2741 520 2792 tanto
527 2738 797 2806 rectiusadhibetur,
809 2746 914 2811 quanto
954 2741 1162 2796 communicare
1167 2740 1358 2812 indigentibus
1366 2740 1626 2811 nolunt,increpans
1631 2739 1757 2810 loquitur

139 2822 283 2880 sinrebus
298 2825 469 2879 transitoriis
484 2826 634 2881 altitudine
647 2828 826 2897 cogitationis
841 2829 915 2883 intu·
956 2830 1104 2885 Christus:
1123 2829 1228 2885 «siin
1251 2829 1351 2885 alienis
1375 2829 1472 2883 fideles
1486 2845 1543 2883 non
1562 2827 1756 2899 cursusquae

139 2919 250 2968 nenne
267 2913 309 2968 De
322 2912 409 2967 bisin
423 2914 575 2985 Evangelio
590 2916 727 2971 Dominus
742 2916 827 2971 dicit:
842 2917 915 2973 «Vae
954 2924 1079 2973 vestrum
1087 2916 1399 2989 cst,quisdabitvobisf
1410 2919 1483 2983 (Lac.
1495 2919 1564 2984 xvr.)
1578 2934 1591 2968 a
1607 2915 1756 2970 Evidenter

139 2997 912 3074 ubisdivitibus,quianabetisconsolationemvestramn
955 3007 1043 3077 igitur
1056 3008 1108 3061 has
1133 3007 1245 3062 divitias
1269 3007 1376 3062 alienas
1395 3022 1465 3072 esse,
1482 3021 1538 3059 non
1558 3005 1649 3059 solum
1664 3004 1755 3076 quoti-

139 3086 192 3151 {lte
198 3093 243 3160 vr),
251 3091 319 3162 quia
325 3091 540 3163 enimqueesunt
550 3094 765 3165 aetemagaudia
773 3096 911 3161 nesciunt,
954 3096 1041 3150 diana
1059 3096 1232 3168 experientia
1241 3096 1331 3161 docet,
1343 3094 1527 3150 verumetiam
1542 3092 1684 3149 sententia
1697 3093 1754 3148 Do-

140 3179 298 3248 uprasentis
306 3181 369 3236 vitea
378 3180 552 3237 abundantia
561 3182 751 3238 consolantur,
764 3184 915 3239 Offerenda
954 3184 1024 3240 mini
1039 3185 1298 3257 ipsanppellatione
1307 3184 1484 3254 signavitDe
1494 3182 1680 3238 invisibilibus
1689 3198 1755 3237 vero
1857 3212 1860 3217 ·

139 3278 185 3335 “3⁰
200 3268 239 3323 eis
252 3276 297 3324 est
309 3271 473 3338 consolatio,
496 3286 566 3342 quos
588 3271 716 3327 caminus
738 3273 912 3344 paupertatis
954 3275 1139 3345 pessimisque
1156 3273 1260 3328 divitiis
1275 3273 1401 3345 loquitur
1414 3273 1515 3327 Petrus
1527 3272 1563 3327 ad
1578 3272 1730 3328 Dominum
1745 3289 1752 3325 :

138 3357 249 3428 sequit,
262 3364 348 3430 atque
363 3359 418 3413 illis
431 3359 593 3415 inferendus
604 3366 647 3415 est
660 3361 755 3426 timor,
765 3379 835 3432 quos
845 3379 912 3417 con·
955 3380 969 3413 a
984 3363 1055 3417 Ecce
1070 3380 1122 3418 nos
1144 3362 1311 3434 reliquimus
1324 3361 1429 3428 omnia,
1446 3365 1475 3416 et
1491 3361 1580 3415 secuti
1601 3377 1700 3415 sumus
1711 3367 1750 3426 te,

138 3440 212 3500 obeo
223 3447 322 3516 gloriae
343 3449 507 3520 temporalis
521 3450 643 3519 extollit;
658 3456 692 3504 ut
705 3457 734 3504 et
746 3450 787 3504 illi
802 3450 913 3506 discant
953 3452 1020 3522 quid
1036 3467 1103 3521 ergo
1122 3452 1177 3506 erit
1198 3450 1324 3505 nobisiv
1345 3450 1455 3520 (rdcttb.
1474 3451 1543 3518 xix.)
1560 3449 1636 3513 Quos
1654 3439 1754 3520 utique

87 3536 89 3541 '
139 3531 312 3603 madivitias,
329 3554 399 3608 quas
418 3553 474 3592 non
489 3539 628 3604 convenit,
645 3539 799 3609 possident,
815 3546 844 3593 et
863 3540 911 3595 isti
952 3540 1022 3595 nihil
1044 3540 1166 3611 amplius
1190 3556 1275 3611 quam
1299 3538 1445 3598 vilissima,
1467 3537 1663 3607 conscissaque
1682 3537 1754 3591 retia

137 3629 280 3690 anacam
293 3624 361 3696 quia
377 3641 425 3680 eas
449 3643 519 3697 quas
538 3627 714 3698 conspiciunt
732 3644 912 3700 nequaquam
952 3634 1062 3684 certum
1075 3633 1119 3682 est
1133 3627 1289 3694 demisisse,
1301 3643 1362 3697 que
1377 3626 1473 3680 omnia
1486 3625 1541 3681 nisi
1559 3625 1590 3678 in
1605 3624 1658 3679 hac
1671 3624 1753 3679 abre·

136 3716 497 3785 mattenerc.(l>aptnat.
509 3719 541 3770 in
552 3716 660 3785 dollut.)
673 3717 827 3788 Tripartito
837 3717 912 3772 enim
953 3718 1131 3773 nuntiatione
1148 3716 1290 3782 vitiorum,
1307 3732 1369 3786 quae
1390 3730 1455 3768 vere
1477 3730 1582 3785 magna
1599 3719 1628 3768 et
1643 3730 1754 3769 summa

93 3864 97 3877 .
136 3797 236 3856 neon
254 3802 406 3874 scripturis
419 3805 523 3859 sanctis
538 3804 736 3876 intelliguntur
749 3806 862 3873 divitiae,
880 3806 910 3862 id
953 3824 1014 3862 esse
1029 3806 1135 3862 fuerint
1147 3805 1299 3872 intellecta,
1314 3820 1366 3859 nec
1380 3803 1536 3875 pretiosum
1551 3802 1658 3874 aliquid
1674 3803 1752 3856 inve·

135 3889 171 3951 Εἰ,
180 3890 264 3958 Μὴ»,
278 3890 368 3959 bone,
379 3893 479 3948 mediae
495 3911 502 3947 :
518 3900 547 3948 et
562 3894 642 3949 male
659 3894 774 3965 quidem
787 3901 864 3961 sunt,
877 3895 911 3950 de
952 3896 1048 3951 nimus
1062 3895 1204 3967 apostolos
1214 3893 1372 3965 reliquisse,
1383 3909 1435 3946 nec
1442 3892 1593 3947 Dominum
1608 3890 1750 3958 habuisse,

87 3992 92 4003 '
134 3973 908 4052 quibusdicitur:cDivitesegueruntetesun'erunt(Psoi.
952 3992 1068 4058 propter
1082 3983 1157 4055 quod
1166 3983 1222 4039 illis
1236 3988 1345 4037 tantam
1365 3981 1549 4036 beatitudinis
1561 3980 1750 4051 gloriamlar·

133 4068 217 4135 utcu).
238 4068 301 4124 »lit
317 4087 323 4122 :
340 4069 416 4125 «Vre
430 4070 516 4127 vobis.
542 4071 652 4137 divites,
676 4072 743 4143 quia
766 4072 911 4144 recepistis
950 4074 1068 4144 giretur,
1075 4079 1107 4128 ut
1116 4072 1151 4127 ab
1161 4072 1260 4127 eodem
1270 4077 1448 4126 mererentur
1458 4070 1754 4140 audiremlnregene·

131 4155 910 4232 mistionemvestram.»Quaestiamdivitiasabjecisse
952 4163 1062 4218 rationo
1070 4179 1134 4217 cum
1144 4161 1249 4216 sederit
1258 4161 1333 4215 filius
1343 4161 1465 4215 hominis
1475 4160 1505 4214 in
1518 4159 1585 4215 sede
1595 4158 1753 4229 majestatis

131 4252 222 4298 nmina
231 4244 365 4315 perfectio
377 4253 428 4302 est.
439 4248 482 4303 Ad
493 4265 615 4320 quarum
624 4249 833 4305 distinctionem
843 4267 943 4351 pau·D
951 4267 1018 4318 suae,
1030 4250 1163 4306 sedebitis
1173 4256 1202 4306 et
1211 4267 1260 4305 vos
1267 4266 1352 4321 super
1361 4249 1442 4304 sedes
1456 4249 1613 4315 duodecim,
1625 4247 1753 4318 judican-

130 4331 241 4397 muli
255 4340 332 4401 sunt,
341 4336 390 4406 qui
404 4337 433 4391 in
442 4338 711 4409 EvangelioDomini
720 4355 787 4393 voce
795 4340 912 4394 laudan·
951 4346 994 4396 tes
1009 4341 1155 4395 duodecim
1170 4340 1262 4394 tribus
1272 4339 1369 4395 Israel.
1388 4358 1402 4391 a
1419 4337 1447 4392 Si
1461 4335 1586 4407 igiturhi
1595 4335 1644 4407 qui
1659 4335 1752 4406 perfe-

130 4418 179 4471 ΝΗ
190 4422 289 4478 «Beati
304 4440 443 4496 pauperes
455 4427 566 4497 spiritu,
583 4427 716 4498 quoniam
730 4428 855 4499 ipsorum
868 4434 912 4484 est
952 4435 995 4485 cte
1009 4435 1137 4484 terrenas
1159 4429 1227 4482 istas
1252 4427 1429 4497 visibilesque
1451 4423 1583 4479 abdicant
1604 4422 1752 4478 facultates

130 4512 544 4588 commendandasque
562 4536 576 4568 a
589 4517 661 4571 etin
674 4517 783 4588 psalmo
798 4536 805 4572 2
824 4536 839 4569 ι
855 4518 911 4573 lste
951 4519 1036 4573 certis
1050 4534 1084 4572 ex
1097 4517 1199 4582 causis,
1222 4517 1257 4570 ad
1278 4515 1357 4569 illam
1379 4512 1568 4584 Apostolicam
1584 4510 1751 4566 charitatem

130 4606 218 4668 perper
230 4600 371 4670 chmavit,
388 4609 416 4658 et
433 4604 568 4660 Dominus
589 4605 729 4660 exaudivit
748 4622 813 4660 eum
825 4607 908 4673 (Psal.
951 4606 1098 4679 pervenire
1112 4622 1169 4661 non
1183 4609 1310 4676 possunt,
1321 4618 1373 4657 nec
1384 4601 1464 4655 illum
1477 4599 1669 4654 sublimiorem
1684 4616 1751 4672 pau-

130 4690 214 4756 mtu),
237 4708 250 4743 s
272 4691 423 4746 etiterum
441 4710 475 4745 :r
500 4694 611 4766 Pauper
633 4698 661 4748 et
677 4694 758 4766 inops
785 4693 911 4750 laudabit
951 4711 1105 4765 corumque
1133 4693 1286 4748 admodum
1310 4688 1527 4749 renuntiationis
1549 4689 1667 4744 tertium
1686 4706 1750 4762 gre·

130 4782 214 4830 ”men
240 4784 322 4833 tuum
344 4782 423 4849 (Paul.
455 4784 592 4851 cartul.»
617 4783 689 4837 Sunt
711 4783 798 4837 etiam
820 4783 908 4850 bonae,
950 4785 1018 4839 dum
1030 4783 1159 4854 expedito
1174 4787 1281 4854 queunt
1295 4780 1390 4851 vigore
1414 4778 1610 4843 conscendere,
1627 4779 1694 4851 quid
1709 4780 1750 4834 illi

131 4872 185 4929 lu
195 4867 346 4938 acquisisse
359 4885 469 4941 magnae
487 4871 599 4926 amuda
613 4888 645 4925 ac
659 4872 752 4926 meriti
768 4878 820 4936 est,
837 4889 908 4943 quas
950 4873 985 4928 de
992 4872 1152 4944 semetipsis
1158 4871 1286 4943 judicare
1296 4868 1499 4939 debebunt,qui
1508 4884 1545 4922 ne
1555 4869 1749 4940 primumqui-

135 4946 169 5002 ¹51*
184 4954 274 5023 iustus
294 4958 441 5028 possidens
459 4959 643 5026 collaudatur,
666 4958 777 5015 dicente
798 4961 908 5016 David:
949 4962 1023 5029 dem,
1042 4977 1104 5033 quse
1118 4960 1258 5032 perfacilis
1271 4966 1323 5027 est,
1342 4958 1463 5030 perfecte
1478 4956 1646 5027 arripientes
1666 4963 1751 5028 atque
1846 4994 1850 5007 .

133 5036 291 5100 ‘ueneratio
309 5053 451 5103 rectorum
464 5048 653 5104 benedicetur.
661 5048 758 5105 Gloria
770 5055 798 5103 et
806 5049 909 5105 divitiae
949 5051 1081 5122 antiquas
1091 5050 1274 5123 pecuniarum
1283 5063 1398 5103 suarum
1406 5046 1503 5101 sordes
1510 5062 1574 5100 cum
1585 5044 1751 5100 infidelitate

131 5121 237 5188 hiemo
257 5136 329 5206 ejus,
345 5142 375 5191 et
389 5137 502 5207 justitia
522 5139 584 5208 ejus
605 5145 700 5193 manet
722 5138 751 5193 in
775 5140 908 5194 saeculum
948 5140 1069 5212 pristina
1077 5144 1260 5205 retentantes,
1272 5136 1347 5192 nudo
1358 5140 1470 5190 tantum
1480 5133 1747 5190 sibimetautumant

132 5219 359 5297 wulteranae)
373 5244 381 5293 ;
400 5245 412 5277 ι
428 5232 458 5280 et
470 5227 574 5281 iterum
586 5245 592 5280 ε
605 5244 619 5280 c
631 5227 798 5298 Redemptio
806 5228 907 5283 animae
948 5228 1096 5284 hominum
1111 5227 1245 5283 vocabulo
1254 5223 1451 5297 gloriandum?
1465 5223 1539 5293 Ergo
1551 5221 1643 5294 prima
1657 5239 1742 5294 quam

131 5301 170 5360 ss'ss'
180 5311 296 5383 proprie
306 5313 410 5369 divitie
425 5316 514 5379 (Pron.
529 5318 595 5384 xnrl.
609 5316 673 5371 »De
688 5316 790 5388 quibus
804 5316 908 5372 divitiis
948 5318 1070 5374 diximus
1083 5315 1291 5372 abrenuntiatio
1301 5330 1395 5369 rerum
1406 5311 1563 5366 alienarum
1572 5311 1746 5384 est,ideoque

130 5388 153 5447 i¹¹
163 5397 324 5474 Apocalypsi
338 5402 441 5458 dicitur
455 5404 491 5458 ad
506 5403 586 5459 illum
600 5405 648 5476 qui
664 5422 711 5460 eas
729 5422 786 5460 non
801 5406 908 5462 habens
948 5422 1043 5479 perse
1056 5407 1146 5461 solam
1161 5404 1361 5477 perfectionem
1368 5399 1542 5455 renuntianti
1552 5399 1679 5455 conferre
1689 5417 1745 5456 non

129 5480 332 5558 'impacabiliter
342 5507 451 5564 pauper
459 5498 489 5547 et
495 5494 588 5548 nudus
597 5500 649 5560 est,
660 5495 812 5566 «incipiam
821 5500 860 5561 te,
866 5495 909 5551 in·
948 5494 1061 5563 sufficit,
1076 5495 1132 5551 nisi
1145 5493 1303 5567 pervenerit
1317 5493 1353 5546 ad
1368 5488 1529 5556 secundam,
1545 5506 1607 5561 qure
1623 5506 1686 5545 vere
1698 5489 1745 5545 ab·
