3772 6120
116 284 170 341 sos
335 285 1546 352 ursamuonuurnsss.ssumnmxrx.-1nusrsr.sueuu1es.
1709 262 1809 351 sos*

115 416 190 476 cent,
215 410 272 465 hoe
295 417 348 479 est,
370 412 419 467 illa
433 429 496 484 qua
516 412 551 467 ab
566 412 697 469 omnibus
714 416 1019 484 cognoscunturAstat
1032 417 1102 471 mihi
1115 417 1156 473 sic
1169 433 1260 489 posse,
1272 423 1306 472 ut
1318 423 1347 473 et
1359 417 1486 489 requiem
1499 415 1675 473 convenienti
1689 417 1762 473 arbi·

116 514 178 554 esse
192 498 276 555 bona.
288 501 363 556 Nam
377 507 407 557 et
420 502 494 574 apud
505 519 603 556 omnes
617 502 717 557 similis
731 503 920 559 esthonorum
961 505 1016 558 trio
1031 504 1132 560 abutar
1147 512 1177 560 et
1189 505 1320 561 tristitias
1335 505 1401 561 sorti
1415 507 1510 561 animo
1526 505 1625 570 seram,
1638 511 1667 560 et
1679 511 1712 561 nt
1725 522 1762 563 ne

117 588 264 655 eonsesmo,
282 607 317 645 ex
332 589 433 662 quibus
448 591 580 663 operibus
594 591 669 646 bona
679 608 728 647 ros
742 592 837 664 opinio
851 593 918 648 sub·
961 594 1117 648 estimetur
1126 601 1306 650 contemnere
1315 594 1365 650 illa
1374 612 1437 666 quae
1447 593 1482 649 ab
1492 595 1547 649 illis
1557 594 1760 650 missafuerant

118 677 196 748 sequi
208 679 497 751 poteritqurecunque
511 686 577 736 sunt
590 680 726 737 virtutum
737 698 832 753 opera,
846 699 920 754 quae·
959 682 1015 736 tale
1030 681 1135 738 habens
1146 683 1309 738 institutum
1321 684 1427 754 adjicit.
1444 685 1637 738 Verumtamen
1648 686 1711 738 berse
1720 685 1759 751 se

119 781 228 836 cunque
247 767 364 823 laudem
387 768 464 824 vobis
487 769 523 824 ah
538 770 668 826 omnibus
690 770 836 843 providere
854 788 919 844 pos·
960 773 1034 825 cistis
1049 775 1282 827 communicantes
1297 774 1478 827 tribulationi
1490 789 1561 838 mee,
1580 789 1629 826 vos
1643 772 1758 843 quidem
1790 786 1794 793 “
1852 766 1857 779 '

119 862 192 922 sunt,
205 855 260 910 hoc
273 855 401 912 uidentes
414 858 446 912 in
460 858 550 925 nobis,
565 859 618 913 hoc
633 858 708 915 docti
723 876 741 914 a
755 860 844 928 nobis,
860 861 920 916 haec
960 860 1036 914 omni
1043 860 1126 915 laude
1136 860 1224 932 digni,
1232 876 1283 932 pro
1294 861 1396 933 qulbus
1404 861 1634 917 communicasti
1643 860 1759 916 tribula·

121 944 202 1014 agite,
218 952 249 999 et
261 944 402 1001 habebitis
418 960 530 1020 semper
543 948 633 1003 Deum
646 947 788 1004 vobiscum
802 949 918 1022 profun—
959 947 1083 1004 tionibus
1094 949 1174 1017 meis,
1184 949 1328 1006 mittentes
1338 956 1467 1022 sumptus
1478 949 1657 1005 sublevantes
1666 965 1759 1005 neces

122 1031 184 1086 dam
206 1033 287 1088 robis
304 1051 385 1089 suam
404 1053 503 1108 pacem
517 1037 698 1109 prebentem.
714 1038 919 1094 consummans
959 1037 1073 1092 sitatem
1086 1055 1237 1098 meamet
1247 1037 1350 1111 quibus
1360 1055 1473 1094 necesse
1483 1044 1526 1094 est
1539 1045 1572 1094 ut
1585 1044 1614 1093 et
1623 1038 1759 1093 mercedis

125 1136 184 1175 sero
201 1123 299 1177 omnia
312 1123 362 1177 illa
381 1141 443 1196 quae
463 1126 664 1181 exhortationis
684 1125 808 1193 fuerunt,
823 1127 920 1182 scribit
959 1126 1036 1181 robis
1050 1127 1125 1182 adsit
1137 1128 1305 1183 communio.

127 1208 193 1264 ultra
212 1210 249 1265 de
272 1211 318 1287 his
337 1229 399 1283 quae
421 1214 505 1269 mista
530 1215 643 1270 sueram
665 1214 718 1270 sibi
737 1215 852 1270 abillis.
869 1218 919 1272 Ga-
994 1213 1077 1270 Scitis
1087 1222 1180 1271 autem
1194 1223 1217 1272 et
1228 1233 1281 1283 vos,
1291 1218 1486 1287 Philippense-s,
1497 1218 1569 1285 quod
1578 1219 1611 1271 in
1617 1220 1759 1287 principio

131 1300 193 1353 risus
211 1315 275 1354 suns
288 1307 382 1356 autern
404 1306 436 1357 in
450 1304 567 1358 Boinino
587 1292 764 1371 veliementer,
786 1309 918 1374 quoniam
958 1305 1221 1375 limnaeliiquanda
1232 1309 1372 1376 profectus
1384 1321 1448 1360 sum
1462 1322 1480 1359 a
1494 1306 1662 1372 Macedonia,
1677 1308 1758 1360 nulla

136 1388 230 1443 amem
238 1392 393 1459 aliquando
403 1395 567 1462 refloruistis
578 1408 631 1462 pro
640 1410 682 1447 me
695 1392 806 1460 sentire,
816 1398 886 1449 sicut
894 1400 918 1448 et
958 1394 1156 1448 mihidcctesia
1166 1397 1380 1450 communicavit
1390 1397 1538 1449 iuratione
1545 1394 1637 1449 datict
1646 1396 1755 1464 accepti,

138 1477 284 1543 antetatis,
296 1483 423 1548 occupati
436 1486 530 1535 autern
543 1481 637 1551 eratis.
657 1481 742 1549 Bene,
753 1483 821 1554 quia
837 1483 917 1550 dixit,
959 1484 1017 1551 nisi
1031 1499 1075 1537 eos
1095 1485 1157 1550 soli,
1172 1486 1240 1553 quia
1253 1488 1277 1538 et
1297 1485 1515 1539 Thessalonicam
1528 1487 1610 1538 semel
1628 1488 1652 1538 ct
1672 1484 1712 1538 his
1727 1485 1759 1535 in

140 1567 286 1632 inluniae,
299 1571 397 1622 utnon
409 1569 554 1625 rideretur
567 1568 603 1624 ob
619 1571 766 1641 pecuniam
782 1572 919 1627 directam
959 1587 1041 1625 mum
1054 1573 1128 1626 mibi
1141 1574 1366 1644 inisulistliug.)
1381 1572 1424 1627 Ad
1437 1572 1497 1627 haec
1511 1572 1585 1626 bona
1599 1588 1684 1643 opera
1698 1572 1760 1641 ejus

143 1653 181 1709 sibi
192 1653 286 1721 letari,
308 1656 356 1711 sed
375 1659 551 1729 propositum
573 1658 686 1714 illorum
702 1660 750 1731 qui
769 1661 915 1728 miserunt,
958 1659 1064 1714 redisse
1073 1677 1147 1715 nunc
1153 1662 1259 1731 gaudet
1269 1668 1298 1715 et
1309 1661 1494 1732 repullulasse
1504 1661 1758 1732 letaturtanqnem

146 1742 194 1797 licit
216 1745 349 1816 quoniam
372 1746 482 1802 laetatus
504 1765 567 1802 sum
591 1765 641 1820 pro
664 1747 765 1820 quibus
783 1749 1150 1821 pertinuitBrequiescente
1164 1749 1309 1805 fertilitate
1323 1750 1394 1820 agri.
1411 1750 1547 1821 Nunquid
1562 1754 1678 1822 propter
1691 1766 1759 1803 usus

148 1830 202 1886 robis
226 1831 260 1887 de
280 1850 351 1889 me:
376 1833 499 1890 sciebam
531 1836 634 1891 etenim
655 1838 789 1909 quoniam
812 1839 918 1895 dudum
958 1853 1034 1904 suos,
1045 1837 1112 1908 quia
1125 1836 1196 1891 dixit
1210 1836 1307 1892 usibus
1318 1837 1387 1891 meis
1398 1837 1678 1909 misistislNunquid
1693 1854 1757 1908 pro·

148 1918 202 1975 robis
223 1921 391 1993 pertinebat,
416 1931 527 1996 tempus
550 1943 615 1980 vero
641 1943 696 1981 non
721 1926 867 1983 habebatis
888 1935 919 1984 ut
958 1931 1056 1998 pterea
1068 1925 1258 1996 gaudetlnon
1271 1931 1430 1998 propterea,
1442 1932 1471 1980 et
1485 1925 1758 1981 hocundescimusl

149 2007 243 2064 auritis
273 2010 343 2066 illud
376 2012 450 2083 quod
479 2013 623 2069 volebatis.
653 2014 726 2069 Nam
752 2016 825 2086 quod
849 2017 919 2072 dixit
959 2015 1092 2085 quoniam
1107 2015 1166 2085 ipse
1179 2015 1307 2086 sequitur
1321 2014 1508 2069 dicenszNon
1523 2015 1589 2085 quia
1603 2014 1758 2086 quaeroda-

150 2104 227 2168 lsnpas
258 2116 315 2154 non
344 2101 491 2168 habuistis,
521 2102 574 2157 hoc
599 2103 668 2158 dicit
694 2105 827 2175 prohibiti
851 2107 918 2161 estis
958 2107 1029 2170 tum,
1047 2104 1095 2158 sed
1110 2103 1223 2174 requiro
1238 2103 1370 2169 fructum,
1386 2103 1502 2158 didicis
1521 2109 1559 2169 te,
1575 2103 1650 2158 Deus
1667 2120 1756 2170 meus,

149 2190 233 2258 tempus
263 2187 400 2244 habentes
426 2196 459 2245 ut
487 2191 616 2247 faceretis
642 2193 712 2248 illud
740 2194 814 2264 quod
843 2197 918 2249 role-
959 2192 1033 2247 inter
1046 2192 1144 2247 datum
1164 2201 1192 2247 et
1210 2192 1332 2246 fructum
1351 2192 1519 2258 discernere,
1538 2190 1637 2245 datum
1652 2197 1696 2245 est
1714 2208 1758 2245 res

150 2272 205 2330 tots.
229 2277 327 2348 Neque
354 2279 478 2334 enimet
498 2281 527 2335 in
556 2281 610 2335 illis
632 2281 679 2352 qui
703 2281 828 2352 praebent
853 2283 916 2350 iste,
959 2281 1488 2352 ipsaquamdatquiimpertitur,haec
1501 2280 1660 2335 necessaria
1673 2279 1758 2334 veluti

149 2378 235 2435 eque
260 2366 331 2422 dant
357 2367 466 2423 fructus
488 2375 540 2437 est,
566 2370 614 2424 sed
643 2387 698 2442 quo
724 2372 819 2426 animo
839 2372 916 2427 dant.
960 2368 1759 2441 estnummuscibus,potus,restimentum,tectum‚adju·

149 2451 219 2523 ltaque
235 2454 282 2509 ille
298 2456 346 2526 qui
360 2457 418 2511 Deo
434 2457 572 2515 serviebat
585 2475 642 2514 non
657 2476 708 2514 sno
722 2461 822 2526 ventri,
839 2461 918 2516 rideo
958 2456 1756 2513 tarium:fructusautembonarectavoluntasdatorisest.

148 2539 287 2610 plmeunde
296 2544 448 2614 gaudebat,
459 2546 539 2602 video
553 2554 582 2602 et
590 2549 771 2620 congratulor
785 2549 810 2603 si
826 2551 915 2605 ualde.
957 2548 1072 2613 Datum,
1082 2553 1125 2601 est
1139 2547 1280 2618 suscipere
1291 2548 1467 2618 prophetam,
1484 2546 1625 2617 suscipere
1638 2546 1757 2616 justum,

87 2654 91 2671 ·
149 2630 272 2702 lctsperat
285 2633 363 2688 enim
377 2651 395 2687 a
408 2635 633 2708 Philippensibus
642 2654 703 2708 quae
716 2655 767 2709 per
777 2638 919 2710 Epaphro·
958 2637 1100 2708 porrigere
1110 2637 1225 2690 calicem
1235 2653 1315 2710 aquae
1324 2635 1584 2707 frigidaediscipulo,
1593 2634 1702 2689 fructus
1710 2651 1758 2688 au·

87 2724 90 2751 ²
149 2716 213 2775 lium
235 2722 382 2790 miserant,
408 2724 457 2778 sed
472 2730 568 2780 tamen
583 2727 658 2781 unde
671 2726 813 2797 gaudebat
826 2727 915 2794 video,
958 2723 1759 2797 teminnomineprophetae‚innominejusti,innominedi·

149 2806 199 2863 uude
206 2810 320 2881 gaudet,
332 2812 398 2867 inde
408 2814 543 2884 pascitur,
560 2815 664 2886 quiain
674 2815 917 2888 ueritateloquens
959 2812 1658 2886 scipulihoclacere,fructupasciturEliasavidus
1668 2813 1758 2866 scien-

148 2899 766 2971 mmmm,inquitmaqaiflccmuomino,
781 2907 918 2973 quietan-
958 2908 987 2957 te
1001 2902 1074 2974 quod
1090 2903 1232 2957 hominem
1245 2903 1296 2959 Dei
1312 2910 1440 2974 pasceret
1455 2903 1508 2971 (ΙΙΙ
1519 2904 1580 2971 lieo.
1605 2906 1690 2971 nuru:
1709 2918 1760 2973 per
1860 2936 1862 2941 -

148 2983 188 3039 lin
197 2990 348 3057 aliquando
359 2993 550 3059 repullulastis
561 3007 654 3060 sapere
666 3008 719 3061 pro
732 3009 774 3046 me
789 2995 820 3047 in
830 3010 883 3061 quo
893 2999 918 3048 et
958 3008 1071 3046 corvum
1082 2997 1177 3046 autem
1188 2991 1254 3046 dato
1260 2992 1489 3064 pascebatur,nec
1495 2990 1614 3045 interior
1624 2990 1759 3055 Elias,sed

148 3077 274 3143 miamin,
285 3077 402 3132 taedium
417 3085 512 3133 autem
532 3079 678 3146 habuistis,
690 3080 744 3135 isto
755 3097 821 3151 ergo
835 3082 917 3137 taedio
927 3072 949 3133 G
959 3080 1079 3135 exterior
1084 3081 1311 3152 pascebatur,qui
1316 3079 1569 3152 possetetiamtalis
1574 3076 1629 3133 cibi
1634 3083 1759 3149 egestate

112 3182 118 3197 ·
147 3159 253 3221 diurno
271 3173 462 3233 marcuerant,
478 3173 507 3221 et
530 3169 611 3240 quasi
634 3178 801 3224 exaruerant
815 3169 850 3224 ab
864 3172 918 3225 isto
959 3169 1110 3241 eorrumpi.
1129 3171 1247 3239 (liner.)
1258 3169 1365 3224 Deinde
1377 3168 1444 3223 dicit
1457 3168 1589 3239 quoniam
1604 3174 1632 3222 et
1647 3168 1758 3239 quando

146 3247 287 3309 herboni
297 3256 391 3327 operis
408 3258 550 3327 etgaudct
564 3258 605 3311 eis
620 3257 688 3328 quia
704 3258 916 3330 repullularent,
959 3258 1098 3329 imprimis
1110 3257 1184 3311 voltis
1198 3257 1345 3328 praedicavi
1355 3258 1489 3329 pietatem
1504 3274 1569 3312 cum
1583 3257 1692 3312 ceteris
1701 3255 1758 3311 Ms-

145 3340 248 3411 munbi,
264 3344 340 3415 quod
356 3345 418 3415 ejus
428 3345 589 3417 indigentia·
599 3345 789 3414 subvenerint,
806 3348 919 3403 ideose-
959 3346 1111 3402 sedenibus
1119 3353 1148 3401 et
1156 3347 1256 3402 exinde
1265 3363 1329 3402 sum
1344 3363 1482 3416 egressus,
1494 3363 1586 3417 neque
1599 3345 1677 3400 dedit
1690 3344 1758 3400 mihi

144 3432 780 3506 umas:Nonmmipropnrpeaariamaico:
791 3441 919 3504 eqourum
959 3435 1022 3507 quis
1043 3436 1155 3501 saltem,
1173 3453 1264 3508 neque
1279 3436 1388 3506 suscepi
1409 3434 1444 3489 ab
1459 3435 1557 3500 altera,
1577 3434 1632 3489 nisi
1649 3433 1757 3488 euobis

87 3578 89 3587 ,
144 3516 918 3592 ltdieiinquibussumsussiciensesse,sciohermitorium
959 3525 1035 3589 solis,
1052 3524 1157 3579 etenim
1179 3531 1208 3578 et
1225 3524 1430 3579 Thessalonicae
1445 3523 1630 3577 commoranti
1645 3523 1714 3576 mihi
1729 3528 1758 3576 et

141 3608 295 3664 lanamve
310 3611 420 3679 ubique,
436 3617 460 3666 et
471 3615 503 3666 in
513 3614 640 3667 omnihus
649 3616 796 3668 institutus
808 3631 881 3673 surra.
894 3619 918 3668 et
959 3614 1046 3667 semel
1060 3619 1089 3666 et
1101 3613 1145 3666 bis
1165 3613 1213 3666 illa
1228 3629 1290 3684 quae
1304 3613 1339 3666 ad
1359 3629 1427 3666 usus
1449 3627 1562 3665 necesse
1582 3608 1759 3665 habebantur

140 3697 249 3751 manes
257 3701 366 3752 esurire
376 3704 401 3753 et
408 3701 552 3755 abundare
561 3707 585 3755 et
590 3704 742 3769 penuriam
748 3705 918 3771 potismata
959 3701 1083 3755 misistis.
1099 3701 1234 3773 Nunquid
1248 3700 1319 3755 dixit
1332 3699 1560 3754 communicastis
1574 3699 1603 3753 in
1619 3699 1757 3753 rationem

139 3797 230 3850 nsum
240 3789 312 3842 ineo
322 3791 374 3856 qui
382 3804 425 3843 me
438 3791 594 3856 confirmat,
607 3795 798 3845 verumtamen
808 3792 872 3846 benc
881 3792 919 3859 se·
959 3788 1017 3844 dati
1035 3795 1064 3844 et
1082 3790 1197 3861 accepti,
1215 3789 1268 3844 hoc
1282 3788 1359 3854 dicit,
1376 3804 1432 3843 non
1447 3787 1514 3858 quia
1534 3787 1630 3859 alique
1643 3786 1758 3859 quidem

139 3874 199 3928 listis
206 3879 441 3932 communicantes
451 3879 631 3933 tribulationi
640 3894 712 3933 inec.
730 3880 824 3949 (Aug.)
840 3879 919 3934 Unde
959 3877 1018 3949 ipse
1031 3877 1117 3944 dedit,
1130 3877 1187 3933 alia
1199 3893 1264 3932 vero
1279 3876 1328 3943 illi,
1345 3877 1394 3930 sed
1405 3876 1479 3948 quod
1490 3876 1532 3930 illi
1545 3875 1658 3948 quidem
1672 3875 1758 3930 dede-

139 3963 344 4034 moganum
358 3965 444 4020 Paule
455 3982 565 4037 magne,
573 3966 647 4021 unde
656 3966 772 4037 gaudes,
785 3967 859 4021 unde
868 3984 918 4039 pa·
960 3973 1027 4022 rum
1054 3967 1114 4039 ipse
1136 3983 1201 4021 vero
1224 3965 1373 4038 acciperet,
1396 3966 1624 4020 communionem
1649 3964 1708 4033 dati
1730 3971 1759 4019 et

139 4051 220 4117 aens,
231 4053 299 4124 quid
312 4060 357 4108 est
368 4056 443 4126 quod
454 4062 483 4109 te
493 4056 582 4127 pascit
590 4055 699 4110 laetitia:
713 4056 780 4126 quid
793 4056 920 4127 sequitur
960 4056 1065 4128 accepti
1079 4056 1132 4111 hoc
1146 4055 1225 4122 dixit,
1235 4072 1267 4110 eo
1277 4055 1351 4127 quod
1362 4055 1524 4127 illiquidem
1533 4055 1672 4109 dederunt
1682 4072 1687 4106 :
1699 4054 1758 4126 ipse

138 4137 270 4196 audiamus
278 4160 284 4195 :
292 4147 486 4198 verumtamen
496 4143 596 4215 inquit,
609 4146 671 4198 bene
681 4145 783 4212 fecistis
791 4161 920 4200 commu-
959 4144 1280 4216 veroaccepitetiterum
1289 4144 1639 4216 ostendensquoniamnon
1647 4142 1758 4216 proillis

137 4229 246 4284 males
255 4233 436 4287 tribulationi
444 4232 704 4303 memhincgaudet,
714 4232 917 4305 hincpascitur,
961 4249 1022 4305 qua
1030 4233 1096 4288 data
1110 4232 1163 4288 sibi
1177 4233 1289 4289 fuerant
1298 4234 1353 4288 ista
1366 4234 1443 4288 dicit.
1452 4234 1514 4290 Nan
1528 4238 1597 4303 quia
1610 4249 1701 4302 quaro
1711 4234 1759 4286 da-

136 4316 194 4386 quis
205 4318 246 4372 illi
260 4318 333 4374 bene
348 4319 484 4386 fecerunt,
500 4337 556 4375 non
571 4321 639 4392 quia
651 4323 712 4392 ejus
727 4322 857 4393 angustia
872 4340 918 4377 re·
960 4324 1330 4392 tumredrequirosruetum
1339 4324 1529 4377 abundantem
1540 4325 1572 4375 in
1582 4324 1691 4375 ratione
1701 4337 1758 4374 aas·

136 4402 216 4460 laxata
225 4413 277 4476 est,
288 4409 337 4480 qui
349 4409 417 4463 dicit
425 4409 491 4463 tibi:
507 4411 541 4463 In
552 4413 730 4465 tribulatione
739 4413 864 4466 dilatasti
876 4430 918 4468 ms
930 4441 955 4499 D
965 4416 1019 4465 tra.
1028 4412 1087 4466 Hoc
1095 4411 1168 4477 dico,
1177 4411 1278 4483 inquit,
1290 4428 1346 4466 nou
1360 4416 1475 4482 propter
1485 4410 1533 4463 illa
1542 4425 1604 4480 quae
1616 4409 1683 4463 data
1693 4417 1759 4463 sunt

136 4491 208 4559 (Ptol.
218 4500 271 4567 xc),
282 4498 351 4569 quia
364 4503 394 4552 et
403 4497 546 4553 abundare
559 4504 588 4553 et
601 4499 748 4570 penuriam
758 4500 817 4571 pati
830 4501 915 4568 novit,
959 4497 1756 4568 sedinstitutumrestrumcollaudo,cujusevidentessunt,

135 4579 195 4636 hie
207 4584 254 4656 qui
268 4587 411 4640 contortas
425 4604 500 4641 eum.
518 4587 635 4656 (lmtr.)
651 4588 726 4653 Haec,
744 4587 844 4659 inquit,
861 4606 917 4643 nan
958 4588 1109 4656 etlructus,
1117 4588 1218 4643 dantes
1225 4585 1508 4642 enimmultamvobis
1516 4584 1672 4639 mercedem
1681 4591 1758 4640 etre-

136 4671 191 4740 quis
203 4672 325 4745 inopiam
335 4675 394 4730 sero
408 4676 540 4746 graviter,
554 4675 582 4730 in
597 4676 828 4731 consuetudinem
842 4678 917 4732 enim
957 4676 1140 4732 tributionem
1155 4676 1357 4749 providistish
1367 4675 1447 4729 bonis
1454 4690 1521 4744 ergo
1528 4662 1757 4746 praedicatoribus

135 4760 259 4832 meipsum
272 4764 407 4818 constitui
423 4771 456 4818 ut
467 4764 608 4819 sufficiens
626 4765 680 4819 sim
694 4764 750 4818 illis
764 4782 825 4836 ques
840 4765 917 4820 inse·
958 4782 1015 4820 non
1028 4781 1114 4819 causa
1127 4764 1216 4819 rictus
1235 4764 1394 4837 praedicatio
1414 4763 1595 4835 impenditur,
1610 4764 1659 4818 sed
1673 4779 1759 4819 causa

135 4847 238 4905 amiur
249 4851 432 4924 inpraesenti,
449 4859 478 4907 et
488 4853 620 4924 quoniam
635 4854 713 4908 nulla
719 4870 752 4908 ex
762 4860 841 4925 parte
851 4872 917 4910 con-
959 4853 1164 4927 predicationis
1179 4853 1314 4924 accipitur
1325 4853 1425 4918 victus,
1438 4858 1467 4906 et
1482 4851 1592 4923 quoties
1605 4853 1758 4924 pradican-

134 4935 250 4995 urbana
265 4957 298 4995 ex
320 4940 377 4996 illis
398 4957 460 5013 quae
478 4942 531 4996 sibi
555 4942 732 4997 accidebant:
750 4943 920 5016 suscipiebat
959 4942 1034 4997 tibus
1057 4941 1214 4996 necessaria
1232 4940 1268 4995 ab
1290 4939 1469 4996 audientibus
1492 4939 1683 5006 conferuntur,
1701 4957 1757 4995 non

135 5038 188 5080 tero
200 5035 228 5083 et
239 5029 290 5084 illa
300 5045 362 5101 quae
381 5030 588 5102 requisierant,
605 5037 635 5086 et
647 5033 696 5086 illa
713 5049 774 5103 quae
785 5033 915 5099 tristitiae,
958 5031 1051 5084 solent
1063 5029 1099 5084 de
1113 5046 1208 5084 rerum
1218 5046 1345 5096 munere,
1362 5030 1411 5084 sed
1425 5031 1460 5084 de
1471 5029 1674 5085 conserentium
1688 5045 1756 5099 gau-

133 5115 250 5183 mensi
264 5135 298 5173 ac
312 5118 407 5173 sobrio
421 5119 565 5175 intellectu
575 5126 603 5175 et
614 5121 644 5174 in
654 5120 733 5175 duris
748 5121 861 5191 quidem
876 5139 919 5176 re·
958 5119 1025 5174 dere
1039 5118 1176 5184 mercede,
1188 5119 1262 5173 unde
1277 5125 1306 5173 et
1317 5135 1369 5191 per
1383 5119 1550 5190 Apostolum
1569 5116 1681 5181 dicitur,
1700 5134 1755 5173 uon

133 5198 373 5276 &consueverat
383 5223 441 5263 non
450 5207 579 5263 illeserre
588 5209 721 5279 graviter,
736 5209 766 5263 in
776 5210 918 5281 prosperis
959 5225 1050 5278 quaero
1060 5209 1166 5272 daturis,
1176 5209 1222 5261 sed
1227 5210 1338 5278 requiro
1346 5209 1481 5276 frenum.
1491 5206 1594 5262 Datum
1605 5205 1757 5278 quippeest

132 5305 251 5351 umnon
265 5295 355 5351 laxari
365 5296 481 5363 deliciis,
495 5298 543 5352 sed
554 5297 598 5351 his
608 5314 712 5368 ponere
722 5297 771 5352 illa
780 5315 840 5369 quae
850 5315 919 5370 erga
958 5312 1004 5351 res
1017 5296 1087 5368 ipsa,
1104 5313 1165 5367 quae
1181 5296 1364 5368 impenditur,
1379 5296 1487 5351 fructus
1505 5310 1570 5349 vero
1589 5294 1648 5349 dati
1663 5301 1715 5362 est,
1732 5298 1755 5351 si

128 5396 156 5435 ss
166 5391 244 5440 eraut
260 5401 313 5457 per
326 5385 423 5439 omnia
445 5387 641 5440 convenienter
652 5393 682 5440 et
696 5391 727 5440 ut
741 5403 777 5440 ne
790 5386 917 5442 videatur
958 5385 1288 5456 benignamentefuturae
1294 5383 1528 5440 mercedisstudio
1538 5383 1757 5456 aliquidimpen-

127 5472 271 5542 nmde
284 5490 315 5528 se
330 5489 430 5545 sapere
442 5473 617 5528 hacdicens:
629 5475 729 5529 Omnia
739 5477 917 5543 precideoin
957 5475 1050 5531 datur.
1075 5475 1148 5545 &go
1171 5473 1269 5529 datum
1292 5475 1322 5531 in
1346 5490 1376 5528 re
1395 5473 1557 5544 accipimus,
1581 5473 1704 5529 tinctum
1726 5473 1754 5527 in

125 5564 248 5630 coquinae
259 5565 400 5644 confortat
409 5563 524 5627 Christo,
537 5563 606 5634 ipse,
621 5563 723 5634 inquit,
736 5563 834 5634 estqui
845 5580 915 5635 prrs-
957 5563 1050 5629 corde,
1062 5568 1091 5617 et
1104 5562 1171 5634 quia
1184 5562 1385 5635 discipulorum
1396 5577 1512 5619 suorum
1523 5562 1673 5633 Apostolus
1683 5576 1754 5614 mer·
