3772 6120
141 278 187 330 tat
441 281 472 333 ll.
494 279 627 332 ltrltlle
649 279 761 333 ttrttltrl
782 279 940 335 Aluntur
959 281 1120 335 tietmar.
1142 279 1290 334 ornnem
1309 277 1401 331 PARS
1420 276 1469 330 ΙΙΙ.
1728 279 1775 336 tot

137 402 218 459 nobis
237 404 411 461 enuntiatur,
433 410 460 455 et
479 410 605 472 tempore
627 402 735 456 Veteris
765 403 965 463 TestamentiA
977 404 1059 470 suris,
1076 404 1176 476 plagis,
1187 404 1270 467 same,
1286 403 1343 468 siti,
1359 400 1473 471 frigore,
1493 403 1621 457 nuditate
1635 420 1700 456 caro
1714 420 1777 458 cor-

138 491 294 557 relabatur,
310 508 371 562 quae
387 496 513 561 ternpore
529 490 598 544 Nori
616 490 787 545 Testamenti
803 492 939 546 revelabi·
980 494 1130 564 rumpitur,
1146 492 1194 546 sed
1209 492 1304 545 anima
1319 507 1368 561 spe
1383 489 1470 544 futuri
1491 491 1598 561 praemii
1614 477 1775 558 reiteratur,

138 588 196 647 tur,
207 582 270 635 ideo
279 582 341 651 ejus
351 585 528 634 sacramenta
538 579 645 634 variata
656 586 731 646 sunt,
743 587 775 635 ut
785 581 939 636 aliaessent
980 581 1047 653 quia
1058 582 1179 636 assiduis
1192 579 1419 635 tribulationibus
1427 585 1572 650 purgatur,
1584 581 1777 650 proticitenim

140 669 169 725 in
178 669 273 723 Veteri
288 669 478 734 Testamenta,
494 668 550 722 alia
569 668 597 722 in
611 669 698 731 Nero,
714 686 779 724 cum
793 670 862 724 fides
877 670 938 741 ipsa
980 671 1008 725 in
1022 687 1164 742 pressura,
1174 687 1230 724 non
1238 670 1344 735 interit,
1353 668 1430 722 itaut
1443 668 1639 722 accedentibus
1647 669 1779 724 tentatio-

139 758 217 813 varia
232 773 287 811 non
301 756 347 810 sit.
359 756 462 811 Beatus
476 758 619 828 apostolus
633 758 736 812 Paulus
751 758 880 813 adhibuit
893 765 936 813 te·
978 759 1061 814 nibus
1073 759 1197 829 quotidie
1210 758 1338 830 acquirat
1346 757 1381 811 ad
1391 757 1533 821 meritum,
1550 757 1616 828 quia
1626 763 1654 810 et
1669 759 1779 828 corpori

139 846 304 902 stimonium
319 845 354 899 de
364 845 525 917 Scripturis,
542 847 572 900 in
586 846 855 918 quonobisgloriam
864 866 937 903 mar·
978 848 1120 918 corruptio
1143 848 1201 901 hec
1219 846 1329 918 proiicit
1360 845 1396 899 ad
1416 845 1658 899 immortalitatem
1678 847 1779 900 merito

139 942 234 1008 tyrum
249 934 464 988 commendarit.
476 937 589 1005 Propter
603 938 675 1005 quad
687 940 823 1005 scriptura
838 943 884 1003 ert,
897 938 937 991 in·
980 936 1090 991 animae.
1103 938 1196 1004 (deq.)
1207 930 1556 990 Saneistarenorationon
1566 941 1711 989 momento
1724 952 1781 989 uno

140 1023 211 1097 quit,
223 1025 328 1078 credidi
338 1025 532 1093 propterquod
541 1027 647 1078 loeutus
657 1041 737 1090 sum‚·
754 1032 777 1079 et
794 1042 841 1080 nos
855 1026 940 1079 credi·
982 1027 1014 1080 sit
1027 1025 1116 1096 ipsius
1128 1025 1326 1089 conversionis,
1344 1024 1417 1078 sieut
1427 1030 1569 1077 momento
1584 1041 1640 1078 uno
1650 1025 1683 1078 Γιι
1693 1024 1742 1078 illa
1752 1024 1779 1078 in

141 1129 202 1168 inus
212 1117 325 1182 propter
340 1114 412 1179 quod
425 1115 609 1181 elloquimur.
618 1114 648 1167 Si
658 1115 734 1168 enim
744 1116 939 1170 tantummodo
981 1113 1120 1185 baptismo
1131 1115 1274 1173 renovatio
1281 1113 1446 1168 remissione
1455 1112 1580 1166 omnium
1591 1119 1780 1184 peccatorum.

141 1198 335 1267 credidissent,
358 1206 386 1254 et
406 1217 462 1255 ιιοιι
477 1202 668 1272 loquerentur,
689 1220 745 1259 non
765 1209 939 1275 paterentur,
983 1220 1073 1275 neque
1088 1204 1163 1257 enim
1175 1203 1217 1257 rel
1232 1219 1321 1257 unum
1342 1201 1621 1273 quantulumcunque
1641 1212 1780 1261 remanet.

142 1289 281 1345 eredendo
299 1290 546 1362 apprehenderunt
566 1298 595 1345 ct
614 1293 753 1363 loquendo
774 1293 942 1348 invenerunt
983 1293 1124 1363 quodnon
1138 1292 1309 1357 remittatur,
1328 1292 1377 1345 sed
1392 1291 1629 1363 quemadmodum
1649 1291 1726 1346 aliud
1741 1304 1784 1348 est

141 1384 262 1434 mortem
280 1397 285 1432 :
303 1380 351 1433 sed
368 1386 486 1434 mortem
495 1380 523 1434 in
531 1397 587 1451 qua
594 1398 695 1452 eorpus
708 1382 889 1454 corruptibile
896 1400 942 1437 se·
983 1398 1079 1436 carere
1093 1381 1226 1448 febribus,
1243 1381 1319 1435 aliud
1333 1380 1368 1434 ab
1384 1380 1558 1446 infirmitate,
1578 1397 1639 1450 quae
1659 1380 1784 1435 febribus

142 1467 345 1535 minaretur,'et
354 1469 526 1539 incorruptio
539 1475 702 1537 tracteretur,
717 1471 804 1525 istum
817 1488 940 1535 sensum,
983 1471 1057 1524 facta
1072 1476 1115 1524 est
1129 1470 1298 1523 revalescere
1309 1469 1392 1523 :item
1408 1469 1485 1522 aliud
1499 1475 1543 1522 est
1561 1469 1679 1522 infinum
1695 1470 1784 1524 telum

144 1556 174 1611 id
196 1563 239 1611 est
259 1556 333 1627 quod
354 1557 504 1621 credimus,
520 1565 636 1630 propter
658 1560 732 1630 quod
747 1565 776 1614 et
790 1560 940 1630 loquimur,
984 1560 1019 1613 de
1034 1575 1150 1629 corpore
1162 1557 1367 1624 demere,aliud
1381 1558 1482 1611 vulnus
1498 1557 1572 1627 quod
1585 1574 1617 1610 eo
1628 1556 1785 1612 factumest

145 1646 201 1701 alio
214 1646 273 1700 loeo
288 1647 363 1699 idem
382 1649 525 1718 apostolus
539 1649 579 1702 sic
594 1649 740 1719 explicavit
756 1668 761 1702 :
790 1651 874 1704 Corde
889 1666 944 1703 ere·
984 1647 1107 1702 secunda
1129 1648 1273 1701 curatione
1292 1664 1393 1701 satiare
1409 1665 1415 1699 :
1431 1647 1472 1700 ita
1496 1646 1589 1717 prima
1603 1647 1712 1701 curatio
1731 1655 1783 1712 est,

144 1736 225 1790 ditur
239 1735 440 1804 adjustitiam,
455 1721 1100 1806 oreauterreconfcssiofitudsaltitemBcausam
1119 1753 1262 1790 removere
1276 1735 1429 1806 languoris,
1456 1736 1529 1806 quod
1544 1752 1595 1806 per
1608 1736 1735 1789 omnium
1754 1737 1786 1789 lit

147 1824 233 1892 (tom.
256 1828 296 1892 x),
317 1823 416 1878 eadem
440 1826 509 1880 sides
536 1825 699 1881 Mediatoris
718 1829 808 1882 salros
827 1827 946 1882 iaciebat
986 1826 1190 1895 indulgentiam
1215 1834 1404 1896 peccatorum.
1422 1824 1551 1878 Secunda
1572 1825 1664 1895 ipsum
1686 1840 1787 1879 sanare

146 1912 287 1984 antiquos,
309 1913 434 1985 pusillos,
455 1931 520 1968 curn
539 1916 658 1986 niagnis,
679 1934 735 1971 non
749 1917 837 1971 Vetus
851 1918 946 1972 Testa·
986 1914 1256 1986 languiorem,quod
1272 1916 1304 1968 sit
1312 1913 1447 1984 paulatim
1455 1913 1625 1983 proficiendo
1636 1913 1664 1966 in
1673 1928 1788 1966 renova-

147 2006 285 2065 mentum,
303 2003 377 2072 quod
392 2003 421 2056 in
431 2004 595 2058 servitutem
608 2011 735 2075 ganamt.
746 2004 864 2061 Scientes
878 2023 945 2075 qao-
985 2005 1063 2059 tione
1085 2005 1169 2074 hujus
1182 2003 1324 2073 imaginis.
1341 2003 1408 2066 Quae
1429 2002 1484 2055 duo
1508 2001 1740 2056 demonstrantur
1758 2002 1787 2056 in

148 2094 225 2146 niam
242 2094 292 2160 qui
301 2094 584 2158 susciteuitdesum,et
595 2097 782 2149 noseumlrsu
792 2096 943 2154 suscitabit,
986 2093 1103 2164 psalmo,
1117 2092 1164 2146 ubi
1179 2092 1299 2161 legitur:
1314 2093 1367 2159 Oui
1377 2094 1517 2160 propitias
1537 2093 1566 2157 fit
1586 2091 1714 2144 orrrarbus
1728 2093 1786 2143 ini·

146 2185 173 2234 et
187 2183 331 2235 constituet
346 2182 484 2237 vobiscum
499 2183 600 2251 (derb.)
616 2183 674 2237 Hac
689 2200 738 2254 spe
747 2184 815 2238 dicit
825 2183 944 2238 laborari
985 2183 1138 2251 quitatibus
1153 2184 1209 2235 tuis
1224 2183 1307 2248 (Psoi.
1320 2188 1375 2247 en),
1392 2179 1466 2250 equod
1480 2179 1551 2232 tltin
1564 2178 1705 2249 baptismo
1718 2198 1724 2245 ;
1737 2175 1788 2232 de-

148 2274 264 2340 propter
274 2269 368 2335 sulem,
378 2269 445 2340 quia
455 2271 613 2341 exemplum
623 2272 755 2343 praeeedit
764 2273 945 2327 resurrectio-
987 2270 1052 2325 inde
1065 2269 1202 2341 sequitur,
1213 2272 1263 2338 qui
1272 2273 1452 2323 sarmtornnea
1463 2271 1609 2336 larrpuores
1617 2269 1787 2337 inadibilia,

148 2356 392 2425 niaDominiJcsn,
402 2359 562 2430 quidiuturi
573 2367 665 2428 erunt,
679 2362 726 2433 qui
736 2363 867 2425 credunt;
882 2363 949 2434 quia
989 2359 1062 2430 quod
1072 2358 1284 2429 srtquotidianis
1298 2356 1464 2423 accessibus,
1482 2373 1545 2410 euin
1565 2356 1624 2411 bac
1637 2357 1731 2426 imago
1747 2373 1790 2410 re-

147 2449 219 2501 sieut
234 2450 267 2500 in
280 2446 372 2504 Adam
387 2465 478 2502 omnes
501 2452 673 2515 ruminatur,
689 2454 729 2504 ita
748 2457 772 2505 ιι
794 2455 825 2505 in
841 2452 947 2505 Cbrt'sta
990 2447 1398 2517 noratur.lnagnitionaigitur
1411 2446 1461 2500 Dei
1472 2445 1675 2515 justitiaqueet
1688 2445 1789 2498 sancti-

67 2528 73 2536 ’
149 2551 241 2589 omnes
256 2539 483 2603 rrioifleubuntur.
499 2538 590 2592 Adam
606 2539 946 2608 enimiormamortisest,
989 2542 1048 2590 tate
1061 2536 1196 2601 veritatis,
1213 2536 1260 2607 qui
1275 2535 1310 2589 de
1324 2534 1369 2588 die
1386 2535 1415 2588 in
1430 2534 1504 2587 diem
1519 2533 1690 2604 proficiendo
1706 2550 1790 2586 reno-

149 2639 235 2677 eausa
262 2626 377 2694 peccati,
399 2626 527 2680 Christus
555 2644 619 2680 vero
639 2628 729 2681 sonna
747 2628 809 2682 vitae
835 2635 950 2700 propter
989 2630 1080 2691 vatur,
1088 2625 1222 2679 transfert
1236 2641 1362 2678 amorem
1377 2622 1606 2694 atemporalibus
1626 2622 1661 2676 ad
1673 2628 1789 2688 aeterna,

147 2711 375 2782 justitiam,qaie
384 2720 525 2781 praeratum
537 2731 592 2767 reon
601 2717 672 2782 fecit,
683 2719 950 2772 necdolusirmentns
991 2731 1008 2769 a
1020 2714 1176 2768 visibilibus
1189 2715 1224 2767 ad
1238 2713 1436 2784 intelligibilia,
1453 2711 1641 2766 anamalibus
1660 2711 1695 2764 ad
1711 2711 1791 2782 spiri-

150 2805 189 2855 ιιι
209 2803 242 2854 in
265 2816 311 2854 ore
332 2805 390 2870 ejas
406 2804 432 2860 tl
443 2804 514 2855 Patr.
533 2808 572 2870 u),
593 2810 623 2856 et
645 2804 712 2875 quia
729 2806 878 2876 participes
900 2807 950 2860 hos
991 2803 1069 2869 talia,
1086 2809 1169 2873 atque
1183 2801 1219 2855 ab
1233 2802 1294 2856 istis
1312 2801 1496 2872 cupiditatem
1512 2801 1621 2854 frenare
1640 2806 1726 2871 atque
1740 2800 1792 2854 mi-

151 2889 309 2944 communis
321 2889 386 2943 ndei
396 2889 476 2955 dixit,
489 2895 670 2958 resuscitatos,
688 2893 788 2964 iuquit,
806 2899 950 2950 cerestituet
992 2892 1206 2961 nuere,illisque
1214 2891 1387 2945 secharitate
1395 2890 1511 2960 alligare
1519 2889 1667 2959 diligenter
1676 2890 1790 2943 insistit.

151 2978 339 3043 babitabant
349 2979 550 3041 uniusirdei,iu
562 2981 871 3054 unasiatdornopacis:
887 3002 950 3039 cum
992 2982 1088 3051 Imago
1103 2996 1177 3045 vero,
1194 2997 1255 3052 qua
1270 2986 1421 3034 renovatur
1433 2979 1535 3050 spiritu
1552 2978 1654 3033 mentis
1668 2978 1697 3033 in
1714 2980 1793 3050 agni·

152 3066 754 3141 enirnintelliguntqniaproipsispatiuntur
765 3072 950 3138 exitia,etisti
961 3070 1070 3140 ctione
1085 3069 1145 3135 Dei,
1162 3085 1218 3123 non
1231 3068 1362 3134 exterius,
1378 3068 1426 3121 sed
1438 3068 1557 3122 interius
1571 3067 1605 3120 de
1620 3067 1665 3120 die
1680 3067 1791 3121 indiam

152 3155 263 3211 solliciti
285 3163 352 3210 sunt
374 3158 408 3211 de
424 3158 600 3228 passionibus
620 3160 731 3227 lterum,
749 3163 825 3216 velut
842 3179 952 3233 compa·
992 3160 1054 3231 ipsa
1068 3158 1228 3230 perficietur
1242 3158 1355 3223 risione,
1366 3174 1427 3228 quae
1441 3162 1508 3211 tune
1521 3157 1576 3210 erit
1585 3156 1792 3227 postjudicium

152 3245 255 3299 tientes
270 3245 355 3300 simul
369 3252 398 3300 et
412 3247 561 3317 participes
576 3255 658 3303 erunt
675 3249 703 3303 in
722 3250 779 3303 rita
803 3251 949 3321 promissa,
993 3248 1062 3303 facie
1078 3247 1225 3302 adfaciem
1240 3265 1246 3299 2
1262 3263 1337 3300 riunc
1351 3253 1446 3300 autern
1458 3246 1569 3316 proficit
1584 3262 1635 3316 per
1647 3247 1793 3315 speculum

154 3338 187 3389 ut
199 3333 283 3388 simul
298 3334 466 3402 contristati,
486 3336 570 3390 simul
583 3337 726 3406 gaudeant
742 3358 747 3391 :
764 3345 880 3411 propter
890 3341 952 3394 illos
994 3337 1024 3392 in
1036 3337 1196 3407 aegnimate.
1214 3336 1315 3404 (tiraq.)
1336 3335 1486 3390 Sciendum
1502 3352 1568 3388 roro
1585 3340 1629 3388 est
1653 3335 1720 3404 quia
1741 3335 1794 3388 ali-

154 3422 195 3478 sic
206 3422 389 3494 loquiturqui
404 3425 638 3479 resurrectionem
651 3427 800 3497 rugabant,
815 3429 953 3499 quosetin
995 3427 1106 3498 quando
1120 3442 1171 3481 nos
1187 3425 1371 3490 adversariae,
1388 3423 1538 3495 aliquando
1555 3429 1650 3477 autern
1668 3428 1795 3477 conteret

156 3512 248 3583 prima
262 3512 387 3582 Epistola
400 3512 558 3583 exprobrat.
572 3515 674 3570 (talaia
688 3519 762 3570 eratne
771 3524 883 3585 proptu·
899 3534 952 3583 ros,
995 3517 1079 3580 Deus,
1089 3533 1121 3569 ex
1130 3515 1298 3569 contritione
1307 3519 1403 3567 autem
1413 3512 1565 3566 adversarii
1580 3529 1597 3566 a
1611 3512 1714 3566 virtute
1728 3513 1795 3566 deii·

157 3605 189 3654 ut
201 3603 296 3669 pratia
314 3602 461 3655 obtendens
472 3619 523 3671 per
539 3607 648 3668 ιιιιιιιοι,
664 3608 824 3672 pretiorum
849 3610 955 3660 actione
996 3604 1085 3659 cimus
1103 3623 1108 3656 :
1125 3622 1176 3676 per
1190 3602 1387 3658 contritionem
1401 3618 1466 3655 vero
1476 3601 1589 3656 Domini
1606 3600 1794 3655 fractioritiis

156 3690 298 3744 abundent
312 3693 344 3743 in
353 3692 691 3758 qlorr'malleidlrnunere
702 3695 836 3749 suoDeus
846 3695 955 3749 nullum
996 3694 1026 3748 in
1044 3693 1147 3747 iirtute
1166 3692 1341 3757 roboramur,
1359 3692 1431 3745 banc
1445 3691 1643 3745 contritionem
1658 3690 1795 3761 propheta

157 3778 245 3834 voluit
257 3780 459 3845 essealienum,
468 3786 495 3834 et
510 3782 577 3852 quia
589 3797 646 3836 non
657 3798 754 3837 omnes
767 3784 881 3855 capiunt
893 3802 956 3839 rer·
997 3788 1189 3854 conspexerat,
1201 3798 1265 3836 eum
1281 3779 1392 3855 dicebat
1404 3799 1409 3834 ι
1426 3782 1505 3849 Reges
1515 3797 1556 3834 eos
1566 3783 1599 3834 in
1608 3781 1794 3848 eirposerraa,

158 3866 226 3922 bum
234 3868 309 3935 iidei,
320 3869 469 3940 Apostolus
475 3871 525 3924 Dei
535 3864 707 3926 v'oluntatem
715 3873 815 3939 sciens,
825 3891 956 3944 persecu·
998 3878 1023 3926 et
1038 3879 1172 3941 tanquam
1185 3886 1233 3925 ras
1246 3873 1327 3940 {ipati
1336 3875 1454 3924 coreteres
1469 3886 1509 3922 eos
1525 3871 1607 3935 (Psoi.
1623 3871 1662 3936 ιι).
1675 3868 1707 3922 Ιιι
1718 3869 1797 3939 virga

157 3955 250 4011 tiones
262 3963 290 4010 et
305 3958 430 4029 pericula
445 3959 503 4030 pati
513 3977 570 4014 non
584 3961 690 4028 timuit,
704 3962 856 4017 dummodo
869 3964 958 4017 omni·
999 3978 1054 4016 non
1072 3961 1209 4015 Dominus
1221 3960 1295 4030 regit
1311 3965 1339 4013 et
1353 3959 1482 4022 conterit,
1499 3957 1566 4028 quia
1579 3958 1797 4028 dispensationis

159 4043 211 4099 bus
221 4045 343 4099 fideliter
359 4047 532 4117 praedicaret,
551 4055 583 4103 ut
595 4051 689 4120 plures
704 4057 819 4120 possent
833 4052 955 4118 credere,
970 4084 974 4089 ·
999 4067 1055 4105 suae
1069 4050 1134 4104 sorti
1149 4049 1325 4109 rectitudine.
1336 4064 1399 4101 cum
1415 4065 1465 4101 nos
1479 4047 1598 4100 interius
1608 4047 1706 4112 reficit,
1723 4053 1797 4101 exte·

161 4131 576 4191 atabundansdonumDeinon
588 4141 958 4210 perpaucorumgratiarurn
1001 4139 1059 4194 rius
1070 4137 1171 4207 affligit
1187 4157 1192 4191 ι
1206 4154 1272 4191 narn
1291 4153 1346 4209 (quo
1357 4137 1489 4190 virtutem
1504 4135 1596 4189 carnis
1607 4135 1747 4201 humiliat,
1756 4135 1797 4189 in·

160 4221 299 4275 ιιιίοιιιιιι
305 4223 723 4280 minuereturadcontumeliam
732 4228 792 4294 Dei,
804 4228 853 4281 sed
863 4229 959 4283 multis
1000 4228 1154 4281 tentionem
1167 4226 1283 4297 spiritus
1299 4226 1411 4289 exaltat,
1425 4225 1500 4279 unde
1511 4230 1539 4278 et
1548 4224 1606 4278 bac
1620 4224 1719 4277 eadem
1734 4240 1797 4276 con-

161 4309 309 4381 proficiens
324 4311 453 4366 afflueret
464 4329 514 4383 per
531 4315 684 4368 multorum
698 4316 855 4385 gratiarum
870 4318 958 4371 actio·
1000 4312 1793 4386 tritiosrgulivasicooperatur,sicutperPaulumdicitur:

161 4415 225 4454 nem
241 4400 276 4454 ad
289 4401 408 4471 gloriam
421 4401 471 4456 Dei
484 4420 490 4454 ι
502 4410 607 4474 quanto
616 4421 682 4474 ergo
690 4404 735 4457 bic
743 4405 845 4475 dignus
852 4406 991 4484 hoamen
1000 4406 1136 4461 Habemus
1148 4405 1308 4458 thesaurum
1324 4408 1406 4457 istum
1423 4407 1454 4456 in
1469 4405 1541 4456 rasis
1547 4403 1687 4470 fictilibus,
1701 4401 1749 4472 qui
1758 4400 1795 4454 si-

160 4495 212 4557 est,
228 4489 277 4561 qui
290 4491 415 4546 animam
434 4508 514 4546 suam
534 4508 645 4563 semper
668 4493 752 4547 morti
774 4494 901 4565 subjecit,
923 4513 958 4549 ne
1000 4495 1059 4548 mul
1069 4493 1266 4547 contritionem
1281 4498 1310 4547 et
1323 4493 1450 4563 regimen
1460 4491 1619 4563 exprimens
1628 4490 1685 4544 ait:
1700 4495 1761 4544 lieet
1775 4494 1797 4544 is

161 4576 267 4632 donum
280 4579 331 4634 Dei
346 4581 428 4649 longe
443 4581 783 4653 aliberprofieeret,quam
794 4584 956 4640 detumeat!
999 4583 1048 4652 qni
1061 4585 1130 4651 soris
1145 4588 1183 4636 ιιι
1194 4588 1283 4637 noster
1297 4583 1375 4636 ιιοιιιο
1387 4584 1590 4649 corrumpitur,
1608 4583 1734 4633 terrenis
1747 4584 1797 4648 qui

162 4668 288 4738 nunquid
304 4685 360 4723 non
374 4672 718 4743 maanacontumeliaejus
725 4678 776 4739 est,
794 4673 841 4742 qui
851 4690 958 4728 eoenam
999 4675 1077 4726 ιἰιιιιι
1095 4676 1133 4725 ιιι
1146 4654 1302 4726 renovetur
1310 4673 1341 4726 de
1356 4673 1443 4725 dieta
1458 4672 1540 4727 diem.

160 4749 265 4809 iacietis
279 4757 451 4827 opulentam,
462 4776 494 4813 ac
509 4762 613 4815 multos
628 4761 759 4823 imitans,
768 4763 959 4832 paucoslrabet
1037 4761 1068 4815 ld
1082 4763 1157 4815 enim
1172 4763 1244 4830 quiid
1252 4763 1416 4831 inpraesenti
1425 4766 1462 4813 eat
1474 4765 1728 4813 irrorareataneumrt
1742 4763 1796 4813 tue

161 4844 339 4898 insomnia?
1001 4851 1190 4905 tribulationis
1206 4857 1314 4913 nostra,
1330 4866 1414 4919 supra
1438 4851 1549 4902 caedum
1571 4852 1603 4902 in
1625 4848 1796 4901 sublimitate

195 4933 309 5002 Propter
322 4936 394 5003 quod
408 4951 463 4989 iton
477 4939 625 5004 deficimus.
646 4940 825 4994 Manifestum
846 4948 889 4994 est
901 4941 958 4995 huc
1000 4945 1133 4994 aterrumt
1144 4943 1238 5007 pieria
1249 4941 1357 5008 pondus
1372 4944 1502 5007 operetur
1517 4940 1549 4991 iu
1564 4939 1650 4991 nabis.
1677 4935 1796 5006 (Anabr.)

162 5020 197 5077 ad
209 5020 382 5092 superiorem
394 5039 506 5077 sensum
524 5027 680 5096 pertinere3
697 5036 729 5082 ιιι
744 5029 820 5082 enirn
833 5029 958 5084 devotio·
1000 5028 1149 5082 presentis
1164 5027 1300 5099 temporis
1318 5027 1525 5089 tribulationes,
1545 5043 1606 5097 quae
1624 5022 1710 5079 cau‘sa
1731 5025 1796 5079 tidei

162 5126 317 5166 nemsuam
330 5111 421 5164 adhuc
434 5114 644 5183 propensiorem
660 5117 688 5170 in
705 5117 755 5171 Dei
770 5116 853 5171 rebus
867 5124 959 5172 osten·
999 5117 1176 5187 ingeruntur,
1192 5124 1404 5172 momentaneas
1418 5123 1446 5170 et
1459 5117 1532 5170 leves
1552 5116 1629 5183 dicit,
1646 5115 1713 5186 quia
1731 5124 1798 5168 sunt

162 5199 220 5266 dat,
236 5199 295 5254 haec
308 5199 431 5271 subjicit,
448 5200 549 5271 quibus
568 5203 645 5257 nullo
667 5222 770 5276 genere
792 5207 910 5262 deficere
928 5224 958 5261 se
1000 5207 1177 5276 temporales
1197 5224 1284 5278 supra
1308 5206 1422 5260 modum
1449 5212 1545 5259 tamen
1568 5205 1597 5258 in
1624 5203 1798 5258 sublimitate

162 5286 271 5359 probat,
280 5290 431 5359 quominus
443 5290 471 5344 id
483 5291 556 5362 quod
570 5291 629 5345 lieo
638 5295 771 5364 placitum
783 5301 826 5350 est
840 5296 956 5367 impleo·
999 5301 1136 5369 aeternum
1151 5296 1259 5367 pondus
1270 5295 1367 5367 gloriae
1377 5294 1488 5366 operari
1503 5293 1684 5364 patientibus,
1705 5293 1799 5364 parvis

160 5381 217 5444 tur,
229 5393 344 5432 securus
357 5384 453 5433 tamen
468 5380 504 5434 de
518 5382 722 5437 resurrectione
738 5385 885 5454 promissa.
999 5385 1074 5439 enim
1090 5384 1231 5440 laboribus
1248 5401 1350 5455 inagna
1367 5383 1494 5437 redditur
1503 5399 1621 5449 merces,
1637 5390 1665 5437 et
1675 5399 1726 5452 pro
1745 5382 1797 5435 levi

195 5464 249 5522 Sat
262 5467 323 5521 licet
333 5469 357 5522 is
370 5472 420 5537 qni
434 5471 503 5536 foris
517 5475 555 5524 est
570 5475 660 5524 noster
669 5471 747 5526 boma
756 5479 956 5544 corrraapitur,
998 5473 1181 5530 tribulatione
1195 5489 1281 5545 supra
1296 5472 1410 5527 modum
1425 5470 1689 5540 sublimitasgloriae
1700 5487 1798 5542 pensa·

161 5557 721 5624 ununuquiintusestrenooaturdedie
734 5562 859 5617 indiam.
878 5563 958 5616 Pres-
999 5563 1075 5618 bitur
1084 5568 1234 5639 perpetuae.
