3772 6120
197 249 249 307 dib
490 246 522 301 B.
542 244 679 300 annam
701 243 817 300 naum
835 243 1005 300 ARCHIEP.
1025 244 1187 302 MOGUNT.
1210 230 1360 304 OPSRUM
1378 234 1541 302 raas'm.
1786 246 1841 302 tac

195 365 398 430 ministrav'erit
416 375 515 426 vestrae
534 369 682 436 uoluntati,
698 375 850 442 apportans
869 368 918 423 illa
933 374 1063 440 qaaeAet
1072 372 1228 443 gloriamur
1241 373 1272 428 in
1287 371 1398 427 christo
1408 370 1460 444 qui
1468 371 1570 427 borum
1585 370 1668 426 nobis
1678 378 1780 426 auctor
1790 386 1839 427 ex·

195 461 268 518 mihi
281 479 300 516 a
318 459 395 516 vobis
409 459 495 515 missa
512 456 622 514 suntin
639 463 752 513 tantum
775 457 905 513 inciderit
918 459 994 530 peri-
1033 461 1114 527 stitit,
1127 467 1286 517 nontamen
1297 462 1326 516 in
1336 461 1390 516 illis
1401 477 1463 531 quae
1480 460 1636 516 secundum
1650 477 1767 515 carnem
1773 466 1841 516 sunt

196 551 300 617 culum,
310 549 387 621 Opus
394 548 509 622 quidem
523 547 635 605 Domini
646 548 836 602 ministerium
845 547 939 619 ipsum
947 565 993 602 ve
1033 550 1167 620 pietatem
1177 551 1403 615 essedetinimus,
1413 549 1453 604 sic
1462 555 1492 603 et
1500 545 1842 620 DominusinEvangeliis

196 656 263 695 cans
283 656 289 693 :
305 638 533 711 supplementum
547 654 613 691 vero
634 653 732 691 eorum
747 635 942 691 minorationis
956 637 992 691 ad
1033 638 1111 693 dicit:
1122 641 1231 695 Etenim
1247 642 1328 695 Pater
1337 643 1403 694 tates
1413 640 1513 708 querit
1522 641 1607 708 quise
1615 639 1743 704 adorent,
1754 640 1841 708 spiri-

195 744 278 784 snum
291 725 458 799 obsequium
470 726 524 781 boe
538 726 613 781 idern
627 742 737 792 vocans,
752 725 794 780 ita
807 731 839 780 ut
849 726 992 796 cupientes
1034 732 1122 782 tuaest
1134 731 1212 796 Deris,
1224 734 1248 783 et
1258 731 1309 797 qui
1318 729 1433 782 odorem
1447 730 1557 793 eumin
1565 729 1669 796 spiritu
1689 732 1715 781 et
1724 730 1841 782 ueritate

194 817 306 874 mittere
325 816 376 872 illa
388 832 450 888 qua
462 815 499 870 ad
516 831 584 870 usus
596 822 678 869 erant
698 816 865 879 necessaria,
877 814 993 869 minime
1033 818 1127 871 dotem
1146 819 1264 872 adorare
1283 818 1373 885 (ioan.
1391 816 1444 882 rv);
1462 815 1510 887 qui
1529 815 1608 870 etad
1628 816 1841 872 Samaritanam

195 906 329 972 valerent,
345 921 378 960 ao
392 904 466 977 quod
481 904 675 976 unusquisque
685 920 856 975 quaecunque
870 903 911 957 illi
925 904 993 957 dare
1034 904 1153 969 dicebat,
1179 923 1240 976 quae
1255 904 1413 961 aestimabat
1434 905 1464 959 in
1486 905 1545 959 loco
1570 911 1703 977 oportere
1718 905 1840 960 adorare

195 995 404 1065 voluerantper
411 993 571 1065 seperferre
577 1008 634 1048 non
641 992 907 1064 poterant,h0cergo
913 990 991 1046 dixit:
1033 993 1213 1050 Divinitatam
1227 995 1345 1050 docens:
1361 993 1496 1065 qnoniam
1511 994 1678 1066 incorporea
1690 999 1734 1048 est
1743 994 1841 1049 divina

195 1085 256 1157 ipse
268 1083 407 1156 supplerit
417 1087 447 1137 et
455 1099 518 1154 quae
526 1080 603 1137 vobis
616 1082 743 1148 deerant,
754 1080 801 1137 ille
814 1080 849 1136 ab
863 1079 993 1135 omnibus
1034 1089 1136 1137 natura
1160 1091 1190 1138 ct
1203 1085 1254 1138 tali
1269 1082 1386 1137 arbitrio
1399 1083 1545 1137 conveniet
1564 1100 1628 1138 eam
1642 1082 1767 1139 adorari
1783 1084 1841 1140 bla-

195 1173 344 1246 accipiens,
360 1177 390 1226 at
403 1170 529 1226 omnium
544 1171 677 1243 supplens
691 1176 765 1237 vota,
782 1170 947 1243 apportavit,
965 1174 993 1223 et
1033 1172 1107 1228 xime
1121 1190 1186 1226 vero
1202 1174 1250 1227 illo
1264 1172 1325 1227 loco
1339 1172 1408 1226 satis
1424 1172 1521 1238 claret,
1538 1173 1614 1244 quod
1631 1172 1755 1245 Spiritus
1773 1189 1841 1229 san-

196 1262 256 1318 hac
263 1262 358 1318 dicens
367 1261 402 1317 de
409 1260 557 1316 Timotheo
566 1260 681 1331 quidem
690 1265 862 1314 memoratus
872 1265 993 1330 estquo-
1032 1265 1095 1316 ctus
1104 1278 1160 1316 non
1169 1262 1206 1316 sit
1214 1267 1353 1327 creatura,
1364 1260 1411 1315 ubi
1426 1260 1561 1331 jubemur
1572 1278 1630 1316 non
1642 1262 1750 1316 servire
1760 1278 1841 1317 crea-

196 1348 585 1408 niammissumssiteum:de
591 1348 780 1421 Epaphrodito
788 1365 853 1403 vero
860 1347 994 1419 queniam
1033 1351 1159 1406 turaesed
1170 1349 1300 1404 creatori.
1314 1350 1407 1418 (tuq.)
1417 1349 1481 1404 Non
1496 1366 1529 1404 eo
1545 1350 1629 1405 mado
1639 1366 1696 1422 quo
1705 1349 1842 1422 jubemur

196 1440 275 1497 misit
286 1456 352 1495 eum
366 1455 431 1494 cum
444 1438 503 1493 suis
512 1437 634 1509 scriptis,
644 1437 749 1510 adjecit
761 1454 827 1492 vero
841 1436 992 1492 adomnia.
1036 1457 1086 1511 per
1108 1440 1274 1494 charitatem
1293 1439 1397 1493 servire
1417 1439 1546 1505 invicem,
1568 1439 1643 1510 quod
1673 1445 1717 1495 est
1744 1439 1840 1497 Graece

500 1543 619 1600 CAPUT
633 1544 683 1600 111,
1036 1528 1176 1605 δουλεύειν,
1186 1528 1235 1583 sed
1245 1544 1277 1582 eo
1288 1527 1371 1581 modo
1382 1544 1438 1598 quo
1447 1528 1625 1582 tantumDeo
1635 1528 1760 1584 servitur
1768 1529 1841 1601 qnod

200 1635 322 1691 Ostendit
336 1634 541 1688 evacuationem
561 1636 694 1701 tapetium
707 1633 787 1686 uerbo
805 1635 830 1686 et
847 1635 966 1700 euerupto
986 1648 992 1684 :
1036 1624 1080 1671 esi
1098 1617 1193 1671 (³¹⁸aeoe
1207 1616 1354 1696 λατρεύειν·
1373 1617 1452 1672 Unde
1474 1616 1629 1672 id⁰¹⁰lfltrffl
1644 1617 1781 1674 dicuntur
1793 1618 1842 1692 qui

233 1706 331 1761 deinde
339 1720 366 1759 se
378 1709 497 1771 excusat,
507 1710 532 1758 et
543 1720 585 1759 eos
597 1705 814 1758 adimitandum
821 1719 848 1757 se
855 1700 1193 1772 prouocetlisimulaeris
1211 1721 1274 1759 cam
1295 1705 1459 1759 servitutem
1483 1703 1616 1759 exhibent
1635 1721 1698 1776 quae
1722 1703 1841 1761 debetur

234 1795 271 1849 Ire
281 1797 384 1861 cetero,
394 1793 497 1861 fratres
507 1795 571 1859 inei,
582 1793 696 1861 paudete
711 1793 877 1846 irritamina.
890 1790 994 1861 (Amb.)
1037 1794 1108 1850 Deo:
1125 1795 1279 1849 secundum
1292 1793 1365 1849 hanc
1379 1793 1454 1847 enim
1471 1792 1636 1848 servitutem
1649 1793 1760 1850 dietum
1776 1800 1837 1850 cst:

200 1883 291 1939 Oreas
303 1880 421 1955 proillio
434 1881 573 1936 istadicit.
584 1881 644 1936 lice
657 1879 946 1951 estuantingntvobis
957 1880 998 1933 ita
1036 1885 1187 1938 Dorninum
1210 1884 1299 1937 licum
1316 1888 1397 1936 tuum
1416 1883 1556 1949 adorabis,
1567 1887 1594 1936 et
1608 1883 1657 1937 itti
1670 1886 1725 1937 soii
1738 1886 1838 1939 seruies

199 1971 295 2028 omnia
308 1971 367 2044 pati
382 1985 433 2042 per
447 1970 571 2025 divinam
587 1969 708 2041 medam
719 1975 752 2024 ut
765 1986 876 2041 semper
891 1969 996 2039 gaudio
1038 1973 1145 2039 (Mettis.
1161 1975 1209 2040 xv).
1221 1972 1294 2027 Nam
1309 1972 1361 2025 hoe
1376 1970 1536 2025 distinctius
1546 1971 1644 2026 Graeea
1660 1971 1841 2044 inscriptura

200 2059 261 2116 sitis
283 2057 384 2131 repleti
412 2059 442 2114 in
465 2058 520 2113 illis
540 2057 621 2113 bonis
641 2076 702 2131 qun
721 2058 756 2113 ab
775 2074 809 2112 eo
831 2057 910 2113 nobis
932 2064 998 2112 sunt
1038 2058 1841 2137 invenitur,lespiam,enimhabet,porrositaliservitute

199 2148 334 2222 praestita.
345 2149 420 2204 Bene
430 2152 526 2202 autem
539 2147 633 2220 posuit
640 2150 672 2202 in
686 2149 812 2213 ltomino,
824 2164 857 2200 eo
867 2147 942 2218 quod
956 2151 999 2201 est
1038 2153 1174 2203 creature
1189 2149 1292 2203 servire
1306 2146 1499 2220 prohibemur,
1515 2146 1649 2219 quoniam
1669 2148 1787 2221 quidem
1797 2149 1841 2205 di·

198 2237 323 2310 gandere
335 2242 365 2293 et
377 2253 435 2292 non
448 2235 528 2303 bone,
541 2236 653 2308 quande
668 2237 731 2307 quis
744 2234 865 2291 inbonis
879 2252 999 2307 praesen-
1039 2243 1115 2292 etum
1124 2243 1181 2291 est:
1199 2239 1349 2292 Dominam
1365 2238 1452 2292 Deum
1468 2241 1549 2290 tuum
1559 2238 1784 2303 auraemalae·
1791 2241 1841 2294 scii

199 2326 274 2384 tibus
286 2325 420 2382 delectari
434 2324 552 2390 videtur,
566 2341 634 2396 erga
649 2324 836 2396 possessiones
851 2330 879 2378 et
892 2325 1000 2379 fruitio·
1039 2325 1843 2398 seruies.Undeethpostolusdetostatureosquicoluerunt

200 2432 267 2473 nem
280 2431 379 2472 aarum
396 2413 425 2470 id
440 2413 494 2470 sibi
506 2413 612 2469 bonum
626 2431 687 2469 esse
703 2414 876 2469 existimans.
892 2415 952 2469 Haec
968 2429 999 2467 eu
1040 2421 1069 2470 et
1082 2415 1239 2469 servierunt
1251 2420 1387 2470 creaturae
1413 2415 1506 2486 potius
1521 2431 1607 2485 quam
1621 2415 1762 2471 Creatori.
1779 2417 1841 2473 Nori

200 2507 263 2560 mm
279 2507 397 2560 scribere
418 2504 500 2569 catu,
516 2502 586 2557 mihi
602 2503 715 2574 quidem
733 2502 895 2574 impigrum,
912 2503 999 2556 uobis·
1040 2509 1083 2558 est
1095 2505 1193 2575 otique
1207 2509 1337 2559 creatura
1352 2503 1473 2574 Spiritus
1494 2510 1617 2569 sanctus,
1640 2504 1686 2558 cui
1702 2504 1843 2563 abcmni·

200 2598 295 2648 autem
308 2597 436 2649 cautum.
455 2591 528 2646 Hine
542 2591 641 2664 incipit
654 2592 718 2647 illos
732 2591 937 2662 reprehendere
951 2590 999 2662 qui
1039 2592 1092 2648 bus
1112 2593 1176 2647 talis
1191 2593 1309 2648 servitus
1324 2591 1472 2647 exhibetur
1488 2591 1598 2648 dicente
1618 2593 1774 2664 Apostolc:
1790 2593 1842 2651 nn

201 2687 283 2737 erant
296 2696 330 2735 ex
339 2679 561 2741 circumcisione,
573 2681 622 2751 qui
632 2680 750 2735 suadere
760 2680 816 2734 illis
825 2678 999 2735 conabantur
1039 2684 1623 2751 eniraseeundumcircumcisionemspiritu
1632 2683 1840 2750 lieiseruientes,

200 2776 233 2827 ut
246 2769 401 2825 seeundum
415 2769 506 2839 legem
520 2768 653 2823 viverent.
669 2768 743 2822 Nam
757 2768 831 2840 quod
846 2767 924 2834 dixit,
939 2768 999 2822 hec
1039 2771 1113 2842 quod
1125 2777 1168 2824 est
1183 2771 1212 2824 in
1226 2771 1322 2825 Graeco
1336 2770 1516 2847 λατρεύοντες,
1532 2770 1627 2841 plures
1641 2770 1720 2825 enim
1734 2771 1846 2827 codices

200 2857 299 2916 eadem
307 2857 438 2924 scribere,
450 2873 506 2911 non
515 2854 648 2929 quiajam
658 2857 809 2928 scripserat
821 2857 890 2911 dicit
902 2875 908 2909 :
920 2855 997 2911 nullo
1039 2859 1123 2913 etiam
1142 2858 1234 2913 Latini
1257 2858 1298 2912 sic
1312 2857 1425 2924 habent,
1441 2861 1492 2929 qui
1504 2860 1609 2927 spiritu
1628 2860 1678 2913 Dei
1690 2862 1840 2916 servimus.

200 2947 277 3004 enim
290 2948 321 3002 in
334 2947 395 3002 loco
409 2945 440 3000 in
455 2945 581 3016 Epistola
594 2946 622 3000 id
635 2945 747 3000 videtur
757 2945 869 3011 dixisse,
879 2945 999 3000 alteram
1039 2947 1128 3002 Graeci
1143 2952 1238 3002 autem
1253 2963 1359 3013 omnes,
1376 2952 1427 3001 aut
1441 2963 1512 3018 pene
1527 2963 1635 3011 omnes,
1651 2946 1682 3001 in
1699 2948 1851 3005 nonnullis

200 3042 296 3094 autem
310 3035 423 3109 quando
437 3033 593 3106 scripsitad
602 3051 650 3089 eos
658 3035 812 3106 Epistulam
823 3034 900 3099 nullo
914 3034 997 3088 modo
1008 3017 1133 3091 flauum
1147 3036 1352 3108 exemplaribus
1366 3035 1473 3091 Latinis
1491 3036 1649 3090 invenimus
1662 3052 1721 3091 non
1736 3040 1848 3107 spiritis

199 3116 358 3191 didicimui,
375 3124 425 3179 sed
439 3124 507 3195 quia
526 3124 661 3179 docuerat
679 3140 727 3178 ecs
745 3123 948 3178 instantissime
962 3123 998 3177 de
1037 3127 1087 3180 liei
1104 3128 1248 3190 senuimus,
1269 3125 1318 3179 sed
1332 3128 1435 3195 spiritu
1450 3127 1503 3180 Deo
1515 3127 1661 3192 servimus,
1683 3125 1734 3181 sed
1749 3127 1799 3199 qui
1814 3127 1850 3183 in

199 3215 318 3288 hiarpsia
332 3213 453 3286 negotiis
463 3214 575 3285 quando
588 3213 636 3267 illo
648 3212 741 3268 fuerat
753 3213 805 3268 hoc
819 3212 905 3266 dicit:
922 3213 998 3277 Quo·
1038 3215 1090 3268 hoc
1113 3219 1218 3279 errant,
1242 3221 1271 3268 et
1294 3212 1454 3268 auctoritati
1478 3214 1600 3284 graviori
1615 3214 1732 3269 credere
1748 3214 1845 3271 deua-

199 3303 357 3361 niammihi
371 3302 407 3357 de
421 3300 523 3373 quihus
535 3300 697 3374 frequenter
709 3301 787 3356 robis
798 3301 907 3355 locutus
922 3317 995 3366 som,
1038 3307 1124 3371 etant,
1141 3303 1268 3373 nunquid
1290 3310 1318 3356 et
1332 3302 1401 3357 illud
1424 3302 1533 3356 varium
1557 3301 1748 3359 incodicibus
1762 3319 1845 3377 repe·

199 3392 234 3451 de
255 3392 313 3449 illis
331 3389 400 3465 ipsis
418 3389 540 3446 scribere
558 3390 712 3462 impigrum
731 3395 783 3457 est,
807 3406 840 3445 eo
865 3407 920 3462 quo
940 3391 997 3444 sre—
1038 3392 1336 3460 riunt:Nescitisquia
1348 3394 1755 3460 corporaoestrotemptumin
1769 3394 1840 3448 cetri

200 3498 289 3555 quens
303 3480 484 3537 commonitio
496 3480 635 3536 cautelam
653 3478 731 3534 vobis
745 3478 910 3551 ampliorem
924 3497 996 3551 prae·
1038 3486 1075 3535 est
1089 3479 1212 3549 Spiritus
1229 3484 1328 3545 sancte,
1340 3496 1421 3549 quem
1432 3480 1564 3534 habetisa
1577 3481 1630 3534 Ileo
1642 3485 1654 3533 7
1665 3480 1694 3547 (1
1712 3479 1777 3536 Cor.
1793 3481 1837 3552 val

198 3569 267 3627 bere
273 3570 542 3636 videtur.Quaesunt
551 3586 618 3641 ergo
627 3568 700 3623 istal
714 3570 801 3623 Videte
810 3584 899 3636 canes,
910 3570 997 3623 uidete
1038 3569 1159 3640 [Amba]
1174 3570 1209 3624 Et
1218 3574 1249 3623 ut
1258 3586 1293 3623 ne
1302 3568 1430 3623 videatur
1447 3583 1480 3622 cx
1496 3569 1638 3639 superfluo
1652 3567 1702 3623 ille
1712 3568 1836 3627 ineman

199 3664 286 3716 motos
300 3663 448 3739 operarios.
465 3659 556 3714 Canes
570 3658 678 3713 vocavit
692 3675 739 3713 eos
754 3674 787 3712 ec
802 3657 877 3729 quod
890 3658 997 3713 nullam
1037 3658 1097 3730 ipse
1120 3658 1188 3711 nihil
1203 3658 1260 3711 tale
1274 3656 1380 3712 habens
1393 3656 1490 3711 adsui
1506 3656 1703 3728 probationem
1718 3655 1776 3714 illis
1792 3660 1835 3714 hs·

199 3746 336 3804 baberent
344 3747 553 3815 verecundiam,
563 3746 613 3802 aed
623 3751 653 3801 et
661 3746 824 3817 frequenter
837 3745 998 3818 reprehensi
1039 3746 1168 3802 bentibus
1178 3747 1253 3801 unde
1262 3746 1409 3816 glorietur.

198 3854 250 3911 pro
267 3853 354 3910 prava
373 3842 402 3892 et
421 3853 494 3892 vana
517 3834 655 3901 doctrina,
671 3835 702 3889 in
724 3835 824 3892 iisdem
848 3835 997 3906 persistere
1074 3838 1108 3891 iit
1122 3837 1232 3906 quidem
1246 3851 1292 3903 eqo
1306 3837 1408 3890 trabeas
1428 3836 1622 3903 mattaratium
1636 3840 1663 3889 et
1676 3839 1710 3892 in
1718 3840 1837 3892 carneri

199 3926 362 3994 rideantur;
382 3925 472 3981 malos
490 3930 587 3980 autem
608 3924 752 3996 operarios
769 3923 846 3993 dicit,
867 3941 900 3978 eo
922 3923 998 3995 quod
1039 3927 1100 3994 quis
1114 3925 1345 3979 uideturaiteriu
1357 3939 1442 3978 carae
1456 3924 1591 3993 confidere
1604 3930 1746 3994 romaeis.
1762 3926 1793 3982 Si
1806 3920 1851 3981 de'

200 4030 257 4070 nen
270 4014 320 4068 illa
338 4014 437 4068 docere
451 4013 660 4084 festinentque
682 4012 795 4084 pietatis
817 4013 995 4068 conveniunt.
1038 4014 1091 4078 his,
1106 4012 1322 4084 inquit,bonum
1337 4019 1400 4067 erat
1413 4028 1518 4084 magna
1530 4028 1639 4084 sapere,
1655 4014 1730 4070 nulli
1742 4030 1838 4073 aarum

199 4103 277 4175 Opus
290 4106 386 4157 autem
404 4106 485 4157 vocat
505 4102 671 4169 doctrinam,
692 4101 774 4157 sicuti
790 4107 819 4157 et
835 4101 909 4156 alibi
927 4101 998 4156 dixit
1037 4102 1177 4157 infirmior
1190 4119 1252 4157 sum
1268 4102 1422 4157 seeundum
1438 4102 1511 4156 hanc
1525 4101 1675 4156 rationem.
1689 4101 1799 4160 Deinde
1810 4109 1839 4161 ct

198 4192 227 4261 (Ι
238 4192 300 4259 Gor.
316 4193 375 4261 111).·
389 4188 421 4246 Si
434 4193 590 4260 crrjusopus
605 4193 749 4256 manserit,
766 4191 838 4260 quod
850 4192 998 4260 sapcredi-
1038 4208 1089 4264 per
1105 4197 1200 4263 partes
1221 4190 1289 4245 dicit
1311 4190 1407 4245 omnia
1429 4189 1480 4244 illa
1501 4207 1563 4262 quae
1586 4189 1757 4246 videbantur
1778 4208 1838 4249 asae

200 4280 998 4350 dcacit,mercedemaccipiet,sicujusopusarseritdetri·
1039 4296 1142 4349 magna
1164 4280 1219 4333 illis
1241 4279 1288 4350 qui
1307 4278 1462 4334 seeundum
1476 4279 1568 4348 legem
1586 4279 1836 4336 conversabantur.
1872 4316 1882 4325 -

200 4372 381 4438 meutabiiur,
397 4369 432 4424 de
446 4367 581 4423 doctrinis
594 4367 729 4421 animilia
742 4366 844 4423 dixisse
855 4368 999 4423 evidenter
1039 4369 1224 4424 Circumcisus
1233 4373 1328 4423 octauo
1342 4370 1394 4423 die.
1411 4369 1487 4423 Bene
1501 4367 1595 4439 posuit
1607 4373 1737 4424 octavam
1751 4370 1838 4438 diem,
1878 4426 1882 4436 ,

201 4459 378 4533 cognoscitur
399 4459 487 4514 Videte
498 4459 689 4512 mrteisiouem.
706 4456 782 4511 Bene
796 4462 891 4512 autem
905 4457 998 4512 conei-
1039 4464 1072 4512 ut
1085 4458 1246 4512 ostenderet
1255 4474 1311 4512 non
1321 4474 1351 4511 se
1361 4456 1445 4511 luisse
1456 4457 1603 4523 advenam,
1613 4455 1643 4511 in
1653 4456 1758 4528 quibus
1768 4458 1842 4515 solet

199 4550 308 4606 monem
322 4548 401 4617 dixit,
418 4565 451 4603 eo
466 4547 541 4620 quod
555 4545 667 4619 quando
681 4545 710 4600 id
728 4547 790 4601 lieri
802 4546 860 4602 Deo
875 4547 998 4618 compla-
1040 4552 1138 4619 postea
1146 4546 1279 4601 celebrari
1290 4545 1463 4600 circumcisio
1474 4545 1569 4616 (Aua.)
1588 4544 1643 4600 Sed
1657 4552 1686 4601 et
1703 4546 1741 4602 ab
1760 4547 1843 4605 initia

201 4638 284 4692 cahat
294 4637 468 4693 circumcisio
482 4643 552 4703 erat,
569 4635 636 4709 quia
654 4652 719 4690 vero
739 4652 813 4691 nunc
826 4652 883 4691 non
902 4652 1000 4691 seeun-
1041 4642 1069 4691 et
1081 4636 1234 4690 secundum
1256 4636 1356 4705 legem,
1374 4635 1403 4689 in
1426 4633 1567 4689 veteribus
1585 4636 1772 4692 sacramentis
1786 4637 1844 4693 cir·

201 4724 270 4779 dum
283 4725 382 4779 uerno
393 4726 576 4792 voluntatem,
588 4725 637 4779 sed
648 4724 833 4780 conciduntur
841 4731 953 4780 tantum
963 4726 999 4780 ad
1040 4724 1172 4780 cumeisio
1191 4724 1374 4797 parvulorum
1389 4729 1486 4778 octavo
1501 4721 1547 4777 die
1561 4722 1622 4777 lieri
1636 4730 1779 4796 praecepta
1791 4731 1850 4793 est,-

201 4812 326 4884 corperis
344 4812 533 4882 nocivitatem,
551 4815 614 4869 ideo
635 4814 671 4867 ad
689 4831 771 4868 suam
785 4814 840 4869 illis
855 4821 1002 4887 comparat
1041 4814 1173 4887 quoniam
1198 4813 1334 4879 Christus,
1363 4813 1392 4867 in
1420 4829 1476 4884 quo
1498 4812 1531 4866 nt
1552 4812 1648 4867 delicti
1663 4813 1788 4868 carnalis
1801 4830 1849 4871 ex·

201 4915 352 4975 personam
361 4899 456 4954 dicens
470 4903 540 4957 :lios
555 4907 631 4957 euim
640 4919 736 4957 stemus
746 4906 929 4958 circumcisio.
942 4904 1002 4959 Hoc
1042 4903 1180 4975 spoliatio,
1189 4919 1274 4974 quam
1286 4903 1425 4973 significat
1440 4901 1628 4968 circumcisio,
1639 4901 1685 4956 die
1696 4901 1848 4961 Dominiea

203 4996 255 5058 est,
272 4990 322 5062 qui
335 4988 385 5044 illa
396 4988 505 5059 agimus
515 5007 576 5060 quae
586 4990 690 5062 placita
703 4997 770 5045 sunt
779 4992 838 5046 Deo
850 5011 855 5046 :
869 4997 898 5046 et
911 4997 1002 5048 custo-
1042 4992 1203 5057 resurrexit,
1212 4992 1260 5063 qui
1269 4999 1333 5064 post
1339 4991 1490 5062 septimum
1505 4996 1619 5045 octavus
1632 4995 1684 5044 est.
1695 4990 1849 5062 &qoam

203 5080 253 5137 des
262 5077 424 5135 mutissime
431 5093 529 5132 sumus
535 5079 648 5134 illomm
658 5080 785 5152 quaaDeo
795 5080 914 5152 placent,
926 5079 1002 5153 quod
1043 5084 1138 5137 Israel.
1155 5083 1194 5136 Ex
1203 5069 1284 5153 cujus
1298 5096 1401 5152 genere
1410 5079 1580 5135 descendere
1593 5095 1690 5153 omnes
1699 5079 1854 5151 videntur,

204 5169 350 5242 proprium
362 5171 406 5222 est
419 5165 531 5221 illorum
544 5166 593 5236 qni
607 5183 637 5222 se
650 5167 754 5222 habere
768 5168 939 5239 promittunt
950 5169 1003 5224 cir·
1042 5171 1090 5241 qui
1104 5170 1133 5225 in
1148 5170 1274 5241 qualibet
1287 5175 1353 5225 sunt
1368 5169 1453 5224 tribu.
1470 5171 1507 5224 De
1520 5170 1597 5224 tribu
1618 5170 1779 5238 Beniamin.
1791 5171 1850 5229 Ns·

204 5257 413 5324 comunionem,
426 5271 460 5310 ex
473 5253 542 5326 ipsis
556 5253 639 5310 rebus
652 5255 682 5311 id
695 5257 874 5325 confirmans,
885 5258 999 5328 adjicit:
1043 5259 1163 5314 cessaria
1173 5259 1227 5314 fuit
1239 5259 1325 5314 etiam
1344 5258 1435 5313 tribus
1450 5258 1580 5329 adjectio,
1595 5257 1632 5312 ad
1652 5257 1850 5319 omnnem

205 5346 259 5415 Oui
272 5345 382 5415 Spiritu
395 5347 449 5401 Deo
466 5345 601 5399 servimus
620 5350 646 5398 et
665 5349 824 5413 qioriamur
842 5350 874 5401 iu
894 5348 1001 5402 Christo
1043 5348 1118 5420 quod
1132 5365 1188 5403 non
1210 5349 1317 5403 advena
1329 5347 1424 5413 fuerit,
1440 5349 1488 5403 sed
1503 5364 1521 5401 a
1535 5345 1688 5418 primordio
1703 5344 1773 5405 inde
1786 5348 1856 5407 ori·.

203 5435 276 5498 tau,
290 5438 314 5487 et
324 5448 381 5487 uon
390 5436 423 5489 in
437 5447 522 5489 carue
534 5433 698 5500 confidimus
713 5438 849 5505 quoniam
858 5438 1001 5490 carnatem
1040 5437 1136 5509 ginem
1148 5436 1275 5491 traxerit.
1301 5436 1380 5491 Unde
1395 5442 1423 5491 et
1438 5436 1594 5492 evidentius
1607 5433 1678 5490 illud
1691 5433 1858 5499 insicum.
1872 5472 1882 5479 -·

204 5521 257 5577 aa
269 5521 441 5590 [unctionem
456 5522 608 5577 reddimus.
620 5521 677 5576 Sed
690 5522 764 5580 sicut
776 5530 821 5580 est
834 5524 1001 5580 conveniens
1041 5526 1118 5581 dicit.
1138 5526 1265 5581 Hebrum
1282 5542 1315 5580 en
1339 5527 1465 5582 Hebraeis.
1493 5526 1557 5582 Non
1569 5523 1659 5584 dms:
1673 5523 1795 5585 tudens
1813 5544 1860 5587 aa·
1880 5540 1882 5545 '
