<?xml version="1.0" encoding="UTF-8"?>
<!DOCTYPE html PUBLIC "-//W3C//DTD XHTML 1.0 Transitional//EN"
    "http://www.w3.org/TR/xhtml1/DTD/xhtml1-transitional.dtd">
<html xmlns="http://www.w3.org/1999/xhtml" xml:lang="en" lang="en">
 <head>
  <title>
</title>
<meta http-equiv="Content-Type" content="text/html;charset=utf-8" />
  <meta name='ocr-system' content='tesseract 3.04.00' />
  <meta name='ocr-capabilities' content='ocr_page ocr_carea ocr_par ocr_line ocrx_word'/>
</head>
<body>
  <div class='ocr_page' id='page_1' title='image "./patrologiaecurs22goog/patrologiaecurs22goog_0403.png"; bbox 0 0 3786 6128; ppageno 0'>
   <div class='ocr_carea' id='block_1_1' title="bbox 102 274 1754 350">
    <p class='ocr_par' dir='ltr' id='par_1_1' title="bbox 102 274 1754 350">
     <span class='ocr_line' id='line_1_1' title="bbox 102 274 1754 350; baseline 0.002 -18"><span class='ocrx_word' id='word_1_1' title='bbox 102 276 167 350; x_wconf 73' lang='lat'>793</span> <span class='ocrx_word' id='word_1_2' title='bbox 334 275 622 333; x_wconf 72' lang='lat' dir='ltr'>uuaamnorvuu</span> <span class='ocrx_word' id='word_1_3' title='bbox 639 276 678 331; x_wconf 88' lang='grc' dir='ltr'>ΙΝ</span> <span class='ocrx_word' id='word_1_4' title='bbox 697 276 775 331; x_wconf 83' lang='grc' dir='ltr'><strong>ΕΡΡ.</strong></span> <span class='ocrx_word' id='word_1_5' title='bbox 796 277 903 331; x_wconf 80' lang='lat' dir='ltr'>PAULI</span> <span class='ocrx_word' id='word_1_6' title='bbox 921 277 990 331; x_wconf 88' lang='lat' dir='ltr'>LlB.</span> <span class='ocrx_word' id='word_1_7' title='bbox 1010 276 1108 331; x_wconf 82' lang='lat' dir='ltr'>XXIX.</span> <span class='ocrx_word' id='word_1_8' title='bbox 1132 275 1217 331; x_wconf 88' lang='grc' dir='ltr'>-ΙΝ</span> <span class='ocrx_word' id='word_1_9' title='bbox 1236 274 1347 330; x_wconf 86' lang='lat' dir='ltr'>EPIST.</span> <span class='ocrx_word' id='word_1_10' title='bbox 1367 276 1417 332; x_wconf 83' lang='grc' dir='ltr'>ΑΙ)</span> <span class='ocrx_word' id='word_1_11' title='bbox 1434 277 1540 332; x_wconf 83' lang='lat' dir='ltr'>HEBR.</span> <span class='ocrx_word' id='word_1_12' title='bbox 1703 280 1754 336; x_wconf 75' lang='lat'>794</span> 
     </span>
    </p>
   </div>
   <div class='ocr_carea' id='block_1_2' title="bbox 102 399 1828 3936">
    <p class='ocr_par' dir='ltr' id='par_1_2' title="bbox 104 399 1828 2784">
     <span class='ocr_line' id='line_1_2' title="bbox 104 399 1755 473; baseline 0.001 -16"><span class='ocrx_word' id='word_1_13' title='bbox 104 417 228 473; x_wconf 57' lang='lat' dir='ltr'>mmm</span> <span class='ocrx_word' id='word_1_14' title='bbox 237 402 312 457; x_wconf 87' lang='lat' dir='ltr'>hanc</span> <span class='ocrx_word' id='word_1_15' title='bbox 321 406 351 456; x_wconf 92' lang='lat' dir='ltr'>et</span> <span class='ocrx_word' id='word_1_16' title='bbox 362 400 463 456; x_wconf 88' lang='lat' dir='ltr'>semini</span> <span class='ocrx_word' id='word_1_17' title='bbox 481 406 539 455; x_wconf 88' lang='lat' dir='ltr'>tuo.</span> <span class='ocrx_word' id='word_1_18' title='bbox 556 419 570 455; x_wconf 74' lang='lat' dir='ltr'>a</span> <span class='ocrx_word' id='word_1_19' title='bbox 584 400 663 454; x_wconf 81' lang='lat' dir='ltr'>Vidit</span> <span class='ocrx_word' id='word_1_20' title='bbox 679 399 769 455; x_wconf 87' lang='lat' dir='ltr'>filium</span> <span class='ocrx_word' id='word_1_21' title='bbox 779 400 817 455; x_wconf 93' lang='lat' dir='ltr'>ibi</span> <span class='ocrx_word' id='word_1_22' title='bbox 830 407 862 455; x_wconf 92' lang='lat' dir='ltr'>nt</span> <span class='ocrx_word' id='word_1_23' title='bbox 872 405 950 473; x_wconf 83' lang='lat' dir='ltr'>pe·A</span> <span class='ocrx_word' id='word_1_24' title='bbox 959 403 1035 456; x_wconf 90' lang='lat' dir='ltr'>enim</span> <span class='ocrx_word' id='word_1_25' title='bbox 1049 408 1119 456; x_wconf 89' lang='lat' dir='ltr'>erat.</span> <span class='ocrx_word' id='word_1_26' title='bbox 1138 401 1268 457; x_wconf 82' lang='lat' dir='ltr'>«Idcirco</span> <span class='ocrx_word' id='word_1_27' title='bbox 1279 403 1364 456; x_wconf 90' lang='lat' dir='ltr'>etiam</span> <span class='ocrx_word' id='word_1_28' title='bbox 1374 418 1406 456; x_wconf 89' lang='lat' dir='ltr'>ex</span> <span class='ocrx_word' id='word_1_29' title='bbox 1416 419 1472 457; x_wconf 92' lang='lat' dir='ltr'>uno</span> <span class='ocrx_word' id='word_1_30' title='bbox 1485 403 1574 473; x_wconf 81' lang='lat' dir='ltr'>geniti</span> <span class='ocrx_word' id='word_1_31' title='bbox 1582 408 1650 458; x_wconf 90' lang='lat' dir='ltr'>sunt</span> <span class='ocrx_word' id='word_1_32' title='bbox 1658 420 1755 460; x_wconf 89' lang='lat' dir='ltr'>omnes</span> 
     </span>
     <span class='ocr_line' id='line_1_3' title="bbox 104 489 1755 566; baseline 0.002 -21"><span class='ocrx_word' id='word_1_33' title='bbox 104 492 265 566; x_wconf 56' lang='lat' dir='ltr'>ruffinum</span> <span class='ocrx_word' id='word_1_34' title='bbox 279 490 468 557; x_wconf 71' lang='lat' dir='ltr'>habitantem,</span> <span class='ocrx_word' id='word_1_35' title='bbox 481 506 569 560; x_wconf 89' lang='lat' dir='ltr'>nepos</span> <span class='ocrx_word' id='word_1_36' title='bbox 580 489 648 543; x_wconf 91' lang='lat' dir='ltr'>item</span> <span class='ocrx_word' id='word_1_37' title='bbox 668 491 729 559; x_wconf 86' lang='lat' dir='ltr'>ejus</span> <span class='ocrx_word' id='word_1_38' title='bbox 742 490 811 544; x_wconf 91' lang='lat' dir='ltr'>vidit</span> <span class='ocrx_word' id='word_1_39' title='bbox 819 497 919 545; x_wconf 85' lang='lat' dir='ltr'>semet-</span> <span class='ocrx_word' id='word_1_40' title='bbox 960 491 1032 545; x_wconf 91' lang='lat' dir='ltr'>siout</span> <span class='ocrx_word' id='word_1_41' title='bbox 1046 492 1133 546; x_wconf 81' lang='lat' dir='ltr'>stellae</span> <span class='ocrx_word' id='word_1_42' title='bbox 1148 491 1219 556; x_wconf 85' lang='lat' dir='ltr'>eoeli,</span> <span class='ocrx_word' id='word_1_43' title='bbox 1237 497 1266 545; x_wconf 91' lang='lat' dir='ltr'>et</span> <span class='ocrx_word' id='word_1_44' title='bbox 1285 491 1357 545; x_wconf 88' lang='lat' dir='ltr'>sicut</span> <span class='ocrx_word' id='word_1_45' title='bbox 1382 508 1477 558; x_wconf 85' lang='lat' dir='ltr'>arena,</span> <span class='ocrx_word' id='word_1_46' title='bbox 1494 509 1555 562; x_wconf 85' lang='lat' dir='ltr'>quae</span> <span class='ocrx_word' id='word_1_47' title='bbox 1571 498 1614 546; x_wconf 89' lang='lat' dir='ltr'>est</span> <span class='ocrx_word' id='word_1_48' title='bbox 1628 493 1663 547; x_wconf 92' lang='lat' dir='ltr'>ad</span> <span class='ocrx_word' id='word_1_49' title='bbox 1677 510 1755 550; x_wconf 89' lang='lat' dir='ltr'>oram</span> 
     </span>
     <span class='ocr_line' id='line_1_4' title="bbox 108 577 1802 663; baseline 0.002 -29"><span class='ocrx_word' id='word_1_50' title='bbox 108 595 213 663; x_wconf 72' lang='lat' dir='ltr'>ipsum</span> <span class='ocrx_word' id='word_1_51' title='bbox 228 579 257 634; x_wconf 93' lang='lat' dir='ltr'>in</span> <span class='ocrx_word' id='word_1_52' title='bbox 272 586 350 634; x_wconf 87' lang='lat' dir='ltr'>terra</span> <span class='ocrx_word' id='word_1_53' title='bbox 357 578 449 633; x_wconf 88' lang='lat' dir='ltr'>aliena</span> <span class='ocrx_word' id='word_1_54' title='bbox 458 578 694 650; x_wconf 80' lang='lat' dir='ltr'>peregrinantem,</span> <span class='ocrx_word' id='word_1_55' title='bbox 708 577 812 632; x_wconf 90' lang='lat' dir='ltr'>etnihil</span> <span class='ocrx_word' id='word_1_56' title='bbox 821 578 917 634; x_wconf 91' lang='lat' dir='ltr'>turba·</span> <span class='ocrx_word' id='word_1_57' title='bbox 960 580 1073 635; x_wconf 83' lang='lat' dir='ltr'>maris.»</span> <span class='ocrx_word' id='word_1_58' title='bbox 1089 580 1194 634; x_wconf 85' lang='lat' dir='ltr'>Idcirco</span> <span class='ocrx_word' id='word_1_59' title='bbox 1205 598 1282 651; x_wconf 81' lang='lat' dir='ltr'>ergo,</span> <span class='ocrx_word' id='word_1_60' title='bbox 1293 581 1394 651; x_wconf 88' lang='lat' dir='ltr'>inquit,</span> <span class='ocrx_word' id='word_1_61' title='bbox 1407 597 1440 633; x_wconf 84' lang='lat' dir='ltr'>ex</span> <span class='ocrx_word' id='word_1_62' title='bbox 1450 598 1506 635; x_wconf 93' lang='lat' dir='ltr'>nno</span> <span class='ocrx_word' id='word_1_63' title='bbox 1517 581 1605 651; x_wconf 84' lang='lat' dir='ltr'>geniti</span> <span class='ocrx_word' id='word_1_64' title='bbox 1618 587 1685 637; x_wconf 91' lang='lat' dir='ltr'>sunt</span> <span class='ocrx_word' id='word_1_65' title='bbox 1695 599 1756 637; x_wconf 90' lang='lat' dir='ltr'>om·</span> <span class='ocrx_word' id='word_1_66' title='bbox 1798 640 1802 647; x_wconf 78' lang='grc'>,</span> 
     </span>
     <span class='ocr_line' id='line_1_5' title="bbox 112 666 1754 742; baseline 0.002 -20"><span class='ocrx_word' id='word_1_67' title='bbox 112 688 167 737; x_wconf 72' lang='grc' dir='ltr'>ωε</span> <span class='ocrx_word' id='word_1_68' title='bbox 177 673 231 723; x_wconf 87' lang='lat' dir='ltr'>est.</span> <span class='ocrx_word' id='word_1_69' title='bbox 243 668 359 723; x_wconf 86' lang='lat' dir='ltr'>Etcirca</span> <span class='ocrx_word' id='word_1_70' title='bbox 369 667 510 722; x_wconf 80' lang='lat' dir='ltr'>Abraham</span> <span class='ocrx_word' id='word_1_71' title='bbox 519 666 646 721; x_wconf 79' lang='lat' dir='ltr'>fortassis</span> <span class='ocrx_word' id='word_1_72' title='bbox 656 667 757 722; x_wconf 90' lang='lat' dir='ltr'>merito</span> <span class='ocrx_word' id='word_1_73' title='bbox 767 667 918 722; x_wconf 89' lang='lat' dir='ltr'>sicfactum</span> <span class='ocrx_word' id='word_1_74' title='bbox 959 686 1020 736; x_wconf 90' lang='lat' dir='ltr'>nes,</span> <span class='ocrx_word' id='word_1_75' title='bbox 1035 686 1091 723; x_wconf 91' lang='lat' dir='ltr'>non</span> <span class='ocrx_word' id='word_1_76' title='bbox 1106 670 1157 723; x_wconf 90' lang='lat' dir='ltr'>hoc</span> <span class='ocrx_word' id='word_1_77' title='bbox 1170 670 1260 724; x_wconf 91' lang='lat' dir='ltr'>solum</span> <span class='ocrx_word' id='word_1_78' title='bbox 1276 670 1369 724; x_wconf 88' lang='lat' dir='ltr'>volens</span> <span class='ocrx_word' id='word_1_79' title='bbox 1383 669 1551 739; x_wconf 85' lang='lat' dir='ltr'>significare,</span> <span class='ocrx_word' id='word_1_80' title='bbox 1572 671 1754 742; x_wconf 82' lang='lat' dir='ltr'>quingennit,</span> 
     </span>
     <span class='ocr_line' id='line_1_6' title="bbox 118 756 1757 831; baseline 0.002 -19"><span class='ocrx_word' id='word_1_81' title='bbox 118 768 176 825; x_wconf 63' lang='lat' dir='ltr'>est,</span> <span class='ocrx_word' id='word_1_82' title='bbox 187 762 295 829; x_wconf 90' lang='lat' dir='ltr'>utpote</span> <span class='ocrx_word' id='word_1_83' title='bbox 305 756 380 828; x_wconf 93' lang='lat' dir='ltr'>quod</span> <span class='ocrx_word' id='word_1_84' title='bbox 390 762 487 828; x_wconf 90' lang='lat' dir='ltr'>postea</span> <span class='ocrx_word' id='word_1_85' title='bbox 496 756 667 811; x_wconf 80' lang='lat' dir='ltr'>adell&#39;ectum</span> <span class='ocrx_word' id='word_1_86' title='bbox 679 757 859 829; x_wconf 79' lang='lat' dir='ltr'>repromissio</span> <span class='ocrx_word' id='word_1_87' title='bbox 873 775 918 813; x_wconf 91' lang='lat' dir='ltr'>es·</span> <span class='ocrx_word' id='word_1_88' title='bbox 959 759 1008 813; x_wconf 91' lang='lat' dir='ltr'>sed</span> <span class='ocrx_word' id='word_1_89' title='bbox 1024 759 1108 813; x_wconf 90' lang='lat' dir='ltr'>etiam</span> <span class='ocrx_word' id='word_1_90' title='bbox 1128 758 1194 829; x_wconf 89' lang='lat' dir='ltr'>quia</span> <span class='ocrx_word' id='word_1_91' title='bbox 1209 764 1352 813; x_wconf 88' lang='lat' dir='ltr'>tantorum</span> <span class='ocrx_word' id='word_1_92' title='bbox 1381 765 1473 812; x_wconf 89' lang='lat' dir='ltr'>mater</span> <span class='ocrx_word' id='word_1_93' title='bbox 1486 760 1585 813; x_wconf 82' lang='lat' dir='ltr'>effecta</span> <span class='ocrx_word' id='word_1_94' title='bbox 1598 768 1649 827; x_wconf 92' lang='lat' dir='ltr'>est,</span> <span class='ocrx_word' id='word_1_95' title='bbox 1666 777 1757 831; x_wconf 90' lang='lat' dir='ltr'>quan-</span> 
     </span>
     <span class='ocr_line' id='line_1_7' title="bbox 123 845 1754 921; baseline -0.001 -16"><span class='ocrx_word' id='word_1_96' title='bbox 123 845 395 919; x_wconf 72' lang='lat' dir='ltr'>setperducendadn</span> <span class='ocrx_word' id='word_1_97' title='bbox 406 845 583 916; x_wconf 86' lang='lat' dir='ltr'>proleautem</span> <span class='ocrx_word' id='word_1_98' title='bbox 592 846 652 915; x_wconf 90' lang='lat' dir='ltr'>ejus</span> <span class='ocrx_word' id='word_1_99' title='bbox 660 846 916 914; x_wconf 87' lang='lat' dir='ltr'>satiseratmirum,</span> <span class='ocrx_word' id='word_1_100' title='bbox 959 853 1053 901; x_wconf 91' lang='lat' dir='ltr'>torum</span> <span class='ocrx_word' id='word_1_101' title='bbox 1069 863 1159 917; x_wconf 91' lang='lat' dir='ltr'>noque</span> <span class='ocrx_word' id='word_1_102' title='bbox 1174 847 1332 901; x_wconf 66' lang='lat' dir='ltr'>fecunda«</span> <span class='ocrx_word' id='word_1_103' title='bbox 1351 847 1429 901; x_wconf 86' lang='lat' dir='ltr'>Sicut</span> <span class='ocrx_word' id='word_1_104' title='bbox 1441 848 1527 903; x_wconf 81' lang='lat' dir='ltr'>steuae</span> <span class='ocrx_word' id='word_1_105' title='bbox 1538 849 1609 915; x_wconf 76' lang='lat' dir='ltr'>coeli,</span> <span class='ocrx_word' id='word_1_106' title='bbox 1625 868 1636 899; x_wconf 75' lang='lat' dir='ltr'>r</span> <span class='ocrx_word' id='word_1_107' title='bbox 1653 849 1754 921; x_wconf 91' lang='lat' dir='ltr'>inquit.</span> 
     </span>
     <span class='ocr_line' id='line_1_8' title="bbox 128 933 1756 1015; baseline 0.002 -26"><span class='ocrx_word' id='word_1_108' title='bbox 128 951 285 1015; x_wconf 75' lang='lat' dir='ltr'>quanquam</span> <span class='ocrx_word' id='word_1_109' title='bbox 300 934 386 990; x_wconf 87' lang='lat' dir='ltr'>etiam</span> <span class='ocrx_word' id='word_1_110' title='bbox 400 933 436 988; x_wconf 92' lang='lat' dir='ltr'>ad</span> <span class='ocrx_word' id='word_1_111' title='bbox 449 934 542 1005; x_wconf 89' lang='lat' dir='ltr'>ipsum</span> <span class='ocrx_word' id='word_1_112' title='bbox 557 934 663 989; x_wconf 90' lang='lat' dir='ltr'>dictum</span> <span class='ocrx_word' id='word_1_113' title='bbox 674 940 757 1002; x_wconf 88' lang='lat' dir='ltr'>esset,</span> <span class='ocrx_word' id='word_1_114' title='bbox 768 936 835 1006; x_wconf 85' lang='lat' dir='ltr'>quia</span> <span class='ocrx_word' id='word_1_115' title='bbox 845 955 858 989; x_wconf 80' lang='lat' dir='ltr'>a</span> <span class='ocrx_word' id='word_1_116' title='bbox 868 936 919 990; x_wconf 90' lang='lat' dir='ltr'>tibi</span> <span class='ocrx_word' id='word_1_117' title='bbox 959 935 1104 1000; x_wconf 87' lang='lat' dir='ltr'>Quomodo</span> <span class='ocrx_word' id='word_1_118' title='bbox 1120 951 1186 1005; x_wconf 82' lang='lat' dir='ltr'>ergo</span> <span class='ocrx_word' id='word_1_119' title='bbox 1209 936 1310 1007; x_wconf 75' lang='lat' dir='ltr'>sapius</span> <span class='ocrx_word' id='word_1_120' title='bbox 1324 953 1372 990; x_wconf 92' lang='lat' dir='ltr'>eos</span> <span class='ocrx_word' id='word_1_121' title='bbox 1391 943 1531 1003; x_wconf 88' lang='lat' dir='ltr'>numerat,</span> <span class='ocrx_word' id='word_1_122' title='bbox 1548 954 1612 991; x_wconf 89' lang='lat' dir='ltr'>curn</span> <span class='ocrx_word' id='word_1_123' title='bbox 1632 937 1756 993; x_wconf 83' lang='lat' dir='ltr'>dixerit:</span> 
     </span>
     <span class='ocr_line' id='line_1_9' title="bbox 132 1023 1757 1095; baseline 0.001 -16"><span class='ocrx_word' id='word_1_124' title='bbox 132 1026 228 1087; x_wconf 74' lang='lat' dir='ltr'>dnhoet</span> <span class='ocrx_word' id='word_1_125' title='bbox 236 1024 337 1079; x_wconf 88' lang='lat' dir='ltr'>semini</span> <span class='ocrx_word' id='word_1_126' title='bbox 345 1029 403 1089; x_wconf 89' lang='lat' dir='ltr'>tuo,</span> <span class='ocrx_word' id='word_1_127' title='bbox 415 1039 492 1077; x_wconf 78' lang='lat' dir='ltr'>anon</span> <span class='ocrx_word' id='word_1_128' title='bbox 500 1039 551 1095; x_wconf 90' lang='lat' dir='ltr'>per</span> <span class='ocrx_word' id='word_1_129' title='bbox 567 1040 664 1077; x_wconf 85' lang='lat' dir='ltr'>semen</span> <span class='ocrx_word' id='word_1_130' title='bbox 678 1023 738 1091; x_wconf 91' lang='lat' dir='ltr'>tibi,</span> <span class='ocrx_word' id='word_1_131' title='bbox 746 1025 795 1078; x_wconf 89' lang='lat' dir='ltr'>sed</span> <span class='ocrx_word' id='word_1_132' title='bbox 807 1045 818 1076; x_wconf 78' lang='grc' dir='ltr'>ι</span> <span class='ocrx_word' id='word_1_133' title='bbox 830 1024 882 1079; x_wconf 91' lang='lat' dir='ltr'>tibi</span> <span class='ocrx_word' id='word_1_134' title='bbox 890 1033 920 1080; x_wconf 89' lang='lat' dir='ltr'>et</span> <span class='ocrx_word' id='word_1_135' title='bbox 960 1024 1202 1090; x_wconf 78' lang='lat' dir='ltr'>Quemadmodum</span> <span class='ocrx_word' id='word_1_136' title='bbox 1215 1042 1271 1079; x_wconf 90' lang='lat' dir='ltr'>non</span> <span class='ocrx_word' id='word_1_137' title='bbox 1283 1029 1468 1080; x_wconf 88' lang='lat' dir='ltr'>numerantur</span> <span class='ocrx_word' id='word_1_138' title='bbox 1477 1026 1565 1080; x_wconf 89' lang='lat' dir='ltr'>stellae</span> <span class='ocrx_word' id='word_1_139' title='bbox 1578 1026 1697 1093; x_wconf 81' lang='lat' dir='ltr'>coeli,sic</span> <span class='ocrx_word' id='word_1_140' title='bbox 1710 1043 1757 1081; x_wconf 89' lang='lat' dir='ltr'>ne·</span> 
     </span>
     <span class='ocr_line' id='line_1_10' title="bbox 137 1112 1753 1187; baseline 0.001 -20"><span class='ocrx_word' id='word_1_141' title='bbox 137 1113 224 1174; x_wconf 64' lang='lat' dir='ltr'>amini</span> <span class='ocrx_word' id='word_1_142' title='bbox 238 1118 317 1180; x_wconf 79' lang='lat' dir='ltr'>tuo,x</span> <span class='ocrx_word' id='word_1_143' title='bbox 327 1112 919 1185; x_wconf 83' lang='lat' dir='ltr'>ettamennequeipse,nequelsaac,neque</span> <span class='ocrx_word' id='word_1_144' title='bbox 960 1130 1014 1186; x_wconf 89' lang='lat' dir='ltr'>que</span> <span class='ocrx_word' id='word_1_145' title='bbox 1028 1130 1125 1168; x_wconf 88' lang='lat' dir='ltr'>semen</span> <span class='ocrx_word' id='word_1_146' title='bbox 1137 1119 1270 1168; x_wconf 88' lang='lat' dir='ltr'>vestrum.</span> <span class='ocrx_word' id='word_1_147' title='bbox 1295 1115 1351 1168; x_wconf 83' lang='lat' dir='ltr'>hut</span> <span class='ocrx_word' id='word_1_148' title='bbox 1373 1115 1461 1184; x_wconf 81' lang='lat' dir='ltr'>igitur</span> <span class='ocrx_word' id='word_1_149' title='bbox 1481 1114 1659 1187; x_wconf 88' lang='lat' dir='ltr'>hyperbolice</span> <span class='ocrx_word' id='word_1_150' title='bbox 1673 1115 1753 1181; x_wconf 85' lang='lat' dir='ltr'>dixit,</span> 
     </span>
     <span class='ocr_line' id='line_1_11' title="bbox 143 1200 1758 1274; baseline 0.001 -17"><span class='ocrx_word' id='word_1_151' title='bbox 143 1200 209 1262; x_wconf 82' lang='lat' dir='ltr'>larob</span> <span class='ocrx_word' id='word_1_152' title='bbox 222 1201 304 1273; x_wconf 91' lang='lat' dir='ltr'>potiti</span> <span class='ocrx_word' id='word_1_153' title='bbox 317 1206 384 1256; x_wconf 89' lang='lat' dir='ltr'>sunt</span> <span class='ocrx_word' id='word_1_154' title='bbox 397 1201 449 1255; x_wconf 91' lang='lat' dir='ltr'>hoc</span> <span class='ocrx_word' id='word_1_155' title='bbox 460 1200 607 1272; x_wconf 89' lang='lat' dir='ltr'>promisso.</span> <span class='ocrx_word' id='word_1_156' title='bbox 623 1201 672 1255; x_wconf 93' lang='lat' dir='ltr'>llle</span> <span class='ocrx_word' id='word_1_157' title='bbox 685 1202 798 1273; x_wconf 90' lang='lat' dir='ltr'>quidem</span> <span class='ocrx_word' id='word_1_158' title='bbox 808 1203 921 1258; x_wconf 85' lang='lat' dir='ltr'>servivit</span> <span class='ocrx_word' id='word_1_159' title='bbox 961 1209 1012 1257; x_wconf 93' lang='lat' dir='ltr'>aut</span> <span class='ocrx_word' id='word_1_160' title='bbox 1029 1208 1105 1257; x_wconf 90' lang='lat' dir='ltr'>certe</span> <span class='ocrx_word' id='word_1_161' title='bbox 1119 1219 1216 1257; x_wconf 90' lang='lat' dir='ltr'>omnes</span> <span class='ocrx_word' id='word_1_162' title='bbox 1230 1202 1406 1273; x_wconf 83' lang='lat' dir='ltr'>significavit,</span> <span class='ocrx_word' id='word_1_163' title='bbox 1417 1202 1465 1274; x_wconf 92' lang='lat' dir='ltr'>qui</span> <span class='ocrx_word' id='word_1_164' title='bbox 1479 1219 1590 1274; x_wconf 90' lang='lat' dir='ltr'>semper</span> <span class='ocrx_word' id='word_1_165' title='bbox 1602 1220 1636 1257; x_wconf 91' lang='lat' dir='ltr'>ex</span> <span class='ocrx_word' id='word_1_166' title='bbox 1645 1203 1693 1257; x_wconf 94' lang='lat' dir='ltr'>illo</span> <span class='ocrx_word' id='word_1_167' title='bbox 1703 1204 1758 1258; x_wconf 92' lang='lat' dir='ltr'>ori-</span> 
     </span>
     <span class='ocr_line' id='line_1_12' title="bbox 146 1289 1757 1363; baseline -0.001 -14"><span class='ocrx_word' id='word_1_168' title='bbox 146 1290 296 1349; x_wconf 80' lang='lat' dir='ltr'>neroenavia</span> <span class='ocrx_word' id='word_1_169' title='bbox 308 1290 453 1356; x_wconf 88' lang='lat' dir='ltr'>servitute,</span> <span class='ocrx_word' id='word_1_170' title='bbox 468 1289 514 1344; x_wconf 89' lang='lat' dir='ltr'>hic</span> <span class='ocrx_word' id='word_1_171' title='bbox 537 1296 632 1345; x_wconf 87' lang='lat' dir='ltr'>autem</span> <span class='ocrx_word' id='word_1_172' title='bbox 647 1290 851 1361; x_wconf 81' lang='lat' dir='ltr'>exagitabatur,</span> <span class='ocrx_word' id='word_1_173' title='bbox 867 1292 920 1347; x_wconf 88' lang='lat' dir='ltr'>iste</span> <span class='ocrx_word' id='word_1_174' title='bbox 959 1292 1025 1363; x_wconf 82' lang='lat' dir='ltr'>gine</span> <span class='ocrx_word' id='word_1_175' title='bbox 1040 1299 1232 1363; x_wconf 85' lang='lat' dir='ltr'>procreantur.</span> <span class='ocrx_word' id='word_1_176' title='bbox 1252 1311 1263 1342; x_wconf 82' lang='lat' dir='ltr'>r</span> <span class='ocrx_word' id='word_1_177' title='bbox 1279 1293 1364 1346; x_wconf 84' lang='lat' dir='ltr'>Juxta</span> <span class='ocrx_word' id='word_1_178' title='bbox 1377 1292 1461 1345; x_wconf 88' lang='lat' dir='ltr'>fidem</span> <span class='ocrx_word' id='word_1_179' title='bbox 1477 1291 1600 1346; x_wconf 86' lang='lat' dir='ltr'>defuncti</span> <span class='ocrx_word' id='word_1_180' title='bbox 1616 1298 1682 1347; x_wconf 90' lang='lat' dir='ltr'>sunt</span> <span class='ocrx_word' id='word_1_181' title='bbox 1696 1309 1757 1347; x_wconf 92' lang='lat' dir='ltr'>om-</span> 
     </span>
     <span class='ocr_line' id='line_1_13' title="bbox 147 1379 1757 1454; baseline -0.001 -17"><span class='ocrx_word' id='word_1_182' title='bbox 147 1397 193 1437; x_wconf 79' lang='lat' dir='ltr'>vao</span> <span class='ocrx_word' id='word_1_183' title='bbox 201 1396 267 1452; x_wconf 89' lang='lat' dir='ltr'>pene</span> <span class='ocrx_word' id='word_1_184' title='bbox 276 1379 417 1434; x_wconf 88' lang='lat' dir='ltr'>exciderat</span> <span class='ocrx_word' id='word_1_185' title='bbox 425 1379 645 1433; x_wconf 82' lang='lat' dir='ltr'>timens:etalins</span> <span class='ocrx_word' id='word_1_186' title='bbox 655 1380 768 1449; x_wconf 90' lang='lat' dir='ltr'>quidem</span> <span class='ocrx_word' id='word_1_187' title='bbox 778 1381 921 1436; x_wconf 88' lang='lat' dir='ltr'>interemit</span> <span class='ocrx_word' id='word_1_188' title='bbox 963 1397 1048 1435; x_wconf 80' lang='lat' dir='ltr'>anes</span> <span class='ocrx_word' id='word_1_189' title='bbox 1067 1381 1125 1447; x_wconf 91' lang='lat' dir='ltr'>isti,</span> <span class='ocrx_word' id='word_1_190' title='bbox 1152 1398 1208 1435; x_wconf 87' lang='lat' dir='ltr'>non</span> <span class='ocrx_word' id='word_1_191' title='bbox 1223 1380 1344 1451; x_wconf 87' lang='lat' dir='ltr'>acceptis</span> <span class='ocrx_word' id='word_1_192' title='bbox 1368 1380 1670 1454; x_wconf 77' lang='lat' dir='ltr'>repromissionibus.»</span> <span class='ocrx_word' id='word_1_193' title='bbox 1695 1382 1757 1436; x_wconf 89' lang='lat' dir='ltr'>Duo</span> 
     </span>
     <span class='ocr_line' id='line_1_14' title="bbox 150 1466 1758 1541; baseline 0.001 -18"><span class='ocrx_word' id='word_1_194' title='bbox 150 1469 220 1523; x_wconf 76' lang='lat' dir='ltr'>hoa</span> <span class='ocrx_word' id='word_1_195' title='bbox 228 1467 256 1521; x_wconf 90' lang='lat' dir='ltr'>in</span> <span class='ocrx_word' id='word_1_196' title='bbox 266 1466 348 1532; x_wconf 93' lang='lat' dir='ltr'>bello,</span> <span class='ocrx_word' id='word_1_197' title='bbox 358 1466 427 1521; x_wconf 90' lang='lat' dir='ltr'>alias</span> <span class='ocrx_word' id='word_1_198' title='bbox 437 1473 542 1530; x_wconf 88' lang='lat' dir='ltr'>autem,</span> <span class='ocrx_word' id='word_1_199' title='bbox 554 1468 608 1522; x_wconf 92' lang='lat' dir='ltr'>nisi</span> <span class='ocrx_word' id='word_1_200' title='bbox 618 1469 693 1522; x_wconf 89' lang='lat' dir='ltr'>Dens</span> <span class='ocrx_word' id='word_1_201' title='bbox 702 1469 822 1532; x_wconf 88' lang='lat' dir='ltr'>adesset,</span> <span class='ocrx_word' id='word_1_202' title='bbox 834 1469 920 1524; x_wconf 87' lang='lat' dir='ltr'>etiam</span> <span class='ocrx_word' id='word_1_203' title='bbox 961 1470 1089 1540; x_wconf 72' lang='lat' dir='ltr'>quaedam</span> <span class='ocrx_word' id='word_1_204' title='bbox 1101 1470 1147 1524; x_wconf 91' lang='lat' dir='ltr'>hic</span> <span class='ocrx_word' id='word_1_205' title='bbox 1155 1469 1272 1541; x_wconf 80' lang='lat' dir='ltr'>dignum</span> <span class='ocrx_word' id='word_1_206' title='bbox 1287 1475 1330 1524; x_wconf 90' lang='lat' dir='ltr'>est</span> <span class='ocrx_word' id='word_1_207' title='bbox 1342 1486 1477 1540; x_wconf 76' lang='lat' dir='ltr'>quaerore,</span> <span class='ocrx_word' id='word_1_208' title='bbox 1489 1470 1628 1541; x_wconf 91' lang='lat' dir='ltr'>quomodo</span> <span class='ocrx_word' id='word_1_209' title='bbox 1639 1485 1702 1525; x_wconf 89' lang='lat' dir='ltr'>cum</span> <span class='ocrx_word' id='word_1_210' title='bbox 1712 1487 1758 1524; x_wconf 90' lang='lat' dir='ltr'>su-</span> 
     </span>
     <span class='ocr_line' id='line_1_15' title="bbox 151 1555 1757 1630; baseline 0.001 -19"><span class='ocrx_word' id='word_1_211' title='bbox 151 1555 259 1630; x_wconf 85' lang='lat' dir='ltr'>pariisaet.</span> <span class='ocrx_word' id='word_1_212' title='bbox 270 1555 574 1628; x_wconf 87' lang='lat' dir='ltr'>Proptereadixitquia</span> <span class='ocrx_word' id='word_1_213' title='bbox 585 1573 669 1611; x_wconf 83' lang='lat' dir='ltr'>acum</span> <span class='ocrx_word' id='word_1_214' title='bbox 678 1558 869 1613; x_wconf 85' lang='lat' dir='ltr'>cohaercdibus</span> <span class='ocrx_word' id='word_1_215' title='bbox 878 1574 920 1612; x_wconf 90' lang='lat' dir='ltr'>re·</span> <span class='ocrx_word' id='word_1_216' title='bbox 960 1574 1012 1630; x_wconf 90' lang='lat' dir='ltr'>pra</span> <span class='ocrx_word' id='word_1_217' title='bbox 1026 1558 1151 1618; x_wconf 81' lang='lat' dir='ltr'>dixisset.</span> <span class='ocrx_word' id='word_1_218' title='bbox 1171 1559 1355 1613; x_wconf 82' lang='lat' dir='ltr'>»Translatus</span> <span class='ocrx_word' id='word_1_219' title='bbox 1364 1565 1407 1614; x_wconf 93' lang='lat' dir='ltr'>est</span> <span class='ocrx_word' id='word_1_220' title='bbox 1421 1559 1516 1613; x_wconf 87' lang='lat' dir='ltr'>Enoch</span> <span class='ocrx_word' id='word_1_221' title='bbox 1525 1565 1554 1613; x_wconf 90' lang='lat' dir='ltr'>et</span> <span class='ocrx_word' id='word_1_222' title='bbox 1564 1575 1619 1612; x_wconf 90' lang='lat' dir='ltr'>non</span> <span class='ocrx_word' id='word_1_223' title='bbox 1634 1559 1757 1613; x_wconf 88' lang='lat' dir='ltr'>invenie·</span> 
     </span>
     <span class='ocr_line' id='line_1_16' title="bbox 153 1640 1828 1724; baseline 0.001 -25"><span class='ocrx_word' id='word_1_224' title='bbox 153 1644 315 1717; x_wconf 83' lang='lat' dir='ltr'>promissionis</span> <span class='ocrx_word' id='word_1_225' title='bbox 331 1644 489 1714; x_wconf 82' lang='lat' dir='ltr'>ejusdem.»</span> <span class='ocrx_word' id='word_1_226' title='bbox 506 1646 569 1699; x_wconf 87' lang='lat' dir='ltr'>Non</span> <span class='ocrx_word' id='word_1_227' title='bbox 583 1646 641 1724; x_wconf 79' lang='lat' dir='ltr'>ipse</span> <span class='ocrx_word' id='word_1_228' title='bbox 656 1645 741 1711; x_wconf 91' lang='lat' dir='ltr'>solus,</span> <span class='ocrx_word' id='word_1_229' title='bbox 758 1647 858 1718; x_wconf 91' lang='lat' dir='ltr'>iuquit,</span> <span class='ocrx_word' id='word_1_230' title='bbox 870 1648 919 1702; x_wconf 90' lang='lat' dir='ltr'>sed</span> <span class='ocrx_word' id='word_1_231' title='bbox 959 1646 1052 1713; x_wconf 90' lang='lat' dir='ltr'>batur,</span> <span class='ocrx_word' id='word_1_232' title='bbox 1068 1664 1104 1701; x_wconf 91' lang='lat' dir='ltr'>ne</span> <span class='ocrx_word' id='word_1_233' title='bbox 1127 1647 1234 1701; x_wconf 87' lang='lat' dir='ltr'>videret</span> <span class='ocrx_word' id='word_1_234' title='bbox 1260 1654 1399 1715; x_wconf 80' lang='lat' dir='ltr'>mortem3</span> <span class='ocrx_word' id='word_1_235' title='bbox 1425 1666 1438 1700; x_wconf 78' lang='lat' dir='ltr'>a</span> <span class='ocrx_word' id='word_1_236' title='bbox 1464 1647 1510 1700; x_wconf 92' lang='lat' dir='ltr'>hic</span> <span class='ocrx_word' id='word_1_237' title='bbox 1524 1647 1592 1700; x_wconf 89' lang='lat' dir='ltr'>dicit</span> <span class='ocrx_word' id='word_1_238' title='bbox 1603 1647 1756 1701; x_wconf 89' lang='lat' dir='ltr'>secundum</span> <span class='ocrx_word' id='word_1_239' title='bbox 1822 1640 1828 1651; x_wconf 84' lang='grc'><strong>’</strong></span> 
     </span>
     <span class='ocr_line' id='line_1_17' title="bbox 154 1732 1758 1804; baseline 0 -15"><span class='ocrx_word' id='word_1_240' title='bbox 154 1733 214 1789; x_wconf 62' lang='lat' dir='ltr'>mam</span> <span class='ocrx_word' id='word_1_241' title='bbox 224 1732 357 1799; x_wconf 79' lang='lat' dir='ltr'>haeredes,</span> <span class='ocrx_word' id='word_1_242' title='bbox 375 1753 386 1784; x_wconf 79' lang='grc' dir='ltr'>ι</span> <span class='ocrx_word' id='word_1_243' title='bbox 413 1733 617 1804; x_wconf 81' lang='lat' dir='ltr'>Exspectabam</span> <span class='ocrx_word' id='word_1_244' title='bbox 643 1735 719 1788; x_wconf 87' lang='lat' dir='ltr'>enim</span> <span class='ocrx_word' id='word_1_245' title='bbox 737 1735 973 1803; x_wconf 78' lang='lat' dir='ltr'>fundamentassa</span> <span class='ocrx_word' id='word_1_246' title='bbox 996 1736 1079 1790; x_wconf 81' lang='lat' dir='ltr'>fidem</span> <span class='ocrx_word' id='word_1_247' title='bbox 1096 1737 1199 1790; x_wconf 89' lang='lat' dir='ltr'>mortui</span> <span class='ocrx_word' id='word_1_248' title='bbox 1213 1743 1279 1790; x_wconf 91' lang='lat' dir='ltr'>sunt</span> <span class='ocrx_word' id='word_1_249' title='bbox 1291 1737 1321 1790; x_wconf 91' lang='lat' dir='ltr'>hi</span> <span class='ocrx_word' id='word_1_250' title='bbox 1329 1753 1426 1790; x_wconf 92' lang='lat' dir='ltr'>omncs</span> <span class='ocrx_word' id='word_1_251' title='bbox 1439 1755 1445 1803; x_wconf 89' lang='lat'>;</span> <span class='ocrx_word' id='word_1_252' title='bbox 1460 1758 1471 1785; x_wconf 81' lang='grc' dir='ltr'>ι</span> <span class='ocrx_word' id='word_1_253' title='bbox 1488 1735 1628 1790; x_wconf 90' lang='lat' dir='ltr'>etiterum</span> <span class='ocrx_word' id='word_1_254' title='bbox 1643 1752 1707 1789; x_wconf 92' lang='lat' dir='ltr'>oum</span> <span class='ocrx_word' id='word_1_255' title='bbox 1718 1735 1758 1789; x_wconf 90' lang='lat' dir='ltr'>di·</span> 
     </span>
     <span class='ocr_line' id='line_1_18' title="bbox 157 1820 1755 1897; baseline 0 -22"><span class='ocrx_word' id='word_1_256' title='bbox 157 1820 309 1875; x_wconf 73' lang='lat' dir='ltr'>titubantem</span> <span class='ocrx_word' id='word_1_257' title='bbox 332 1821 484 1888; x_wconf 84' lang='lat' dir='ltr'>civitatem,</span> <span class='ocrx_word' id='word_1_258' title='bbox 514 1824 594 1893; x_wconf 89' lang='lat' dir='ltr'>cujus</span> <span class='ocrx_word' id='word_1_259' title='bbox 623 1823 722 1878; x_wconf 82' lang='lat' dir='ltr'>artifex</span> <span class='ocrx_word' id='word_1_260' title='bbox 745 1829 773 1878; x_wconf 93' lang='lat' dir='ltr'>et</span> <span class='ocrx_word' id='word_1_261' title='bbox 792 1825 920 1880; x_wconf 87' lang='lat' dir='ltr'>conditor</span> <span class='ocrx_word' id='word_1_262' title='bbox 959 1824 1045 1879; x_wconf 74' lang='lat' dir='ltr'>nisset</span> <span class='ocrx_word' id='word_1_263' title='bbox 1063 1842 1191 1895; x_wconf 68' lang='lat' dir='ltr'>supra«</span> <span class='ocrx_word' id='word_1_264' title='bbox 1214 1841 1271 1879; x_wconf 90' lang='lat' dir='ltr'>non</span> <span class='ocrx_word' id='word_1_265' title='bbox 1295 1830 1470 1897; x_wconf 82' lang='lat' dir='ltr'>reportantes</span> <span class='ocrx_word' id='word_1_266' title='bbox 1485 1824 1755 1895; x_wconf 68' lang='lat' dir='ltr'>repromissiones»</span> 
     </span>
     <span class='ocr_line' id='line_1_19' title="bbox 156 1910 1757 1985; baseline 0.002 -22"><span class='ocrx_word' id='word_1_267' title='bbox 156 1910 273 1965; x_wconf 77' lang='lat' dir='ltr'>alicus.»</span> <span class='ocrx_word' id='word_1_268' title='bbox 298 1910 503 1982; x_wconf 82' lang='lat' dir='ltr'>Contemplaris</span> <span class='ocrx_word' id='word_1_269' title='bbox 527 1911 593 1982; x_wconf 90' lang='lat' dir='ltr'>qnia</span> <span class='ocrx_word' id='word_1_270' title='bbox 616 1913 668 1966; x_wconf 92' lang='lat' dir='ltr'>hac</span> <span class='ocrx_word' id='word_1_271' title='bbox 695 1930 725 1967; x_wconf 92' lang='lat' dir='ltr'>re</span> <span class='ocrx_word' id='word_1_272' title='bbox 753 1921 920 1985; x_wconf 89' lang='lat' dir='ltr'>accepemnt</span> <span class='ocrx_word' id='word_1_273' title='bbox 959 1911 1028 1968; x_wconf 89' lang='lat' dir='ltr'>dicit</span> <span class='ocrx_word' id='word_1_274' title='bbox 1049 1913 1109 1968; x_wconf 90' lang='lat' dir='ltr'>Noe</span> <span class='ocrx_word' id='word_1_275' title='bbox 1128 1913 1266 1984; x_wconf 89' lang='lat' dir='ltr'>recepisse</span> <span class='ocrx_word' id='word_1_276' title='bbox 1290 1913 1447 1967; x_wconf 87' lang='lat' dir='ltr'>mercedem</span> <span class='ocrx_word' id='word_1_277' title='bbox 1473 1914 1509 1967; x_wconf 90' lang='lat' dir='ltr'>ad</span> <span class='ocrx_word' id='word_1_278' title='bbox 1523 1913 1642 1968; x_wconf 85' lang='lat' dir='ltr'>salutem</span> <span class='ocrx_word' id='word_1_279' title='bbox 1657 1912 1757 1967; x_wconf 86' lang='lat' dir='ltr'>domus</span> 
     </span>
     <span class='ocr_line' id='line_1_20' title="bbox 155 1998 1758 2071; baseline 0.002 -19"><span class='ocrx_word' id='word_1_280' title='bbox 155 1998 363 2070; x_wconf 80' lang='lat' dir='ltr'>repromissiones,</span> <span class='ocrx_word' id='word_1_281' title='bbox 378 1999 430 2053; x_wconf 91' lang='lat' dir='ltr'>hoc</span> <span class='ocrx_word' id='word_1_282' title='bbox 445 2006 496 2066; x_wconf 86' lang='lat' dir='ltr'>est,</span> <span class='ocrx_word' id='word_1_283' title='bbox 513 2001 698 2071; x_wconf 87' lang='lat' dir='ltr'>exspectando</span> <span class='ocrx_word' id='word_1_284' title='bbox 713 2007 742 2057; x_wconf 90' lang='lat' dir='ltr'>et</span> <span class='ocrx_word' id='word_1_285' title='bbox 755 2003 919 2057; x_wconf 88' lang='lat' dir='ltr'>confidendo</span> <span class='ocrx_word' id='word_1_286' title='bbox 960 2019 1026 2067; x_wconf 81' lang='lat' dir='ltr'>suae,</span> <span class='ocrx_word' id='word_1_287' title='bbox 1041 2008 1070 2057; x_wconf 91' lang='lat' dir='ltr'>et</span> <span class='ocrx_word' id='word_1_288' title='bbox 1085 2002 1178 2057; x_wconf 87' lang='lat' dir='ltr'>Enoch</span> <span class='ocrx_word' id='word_1_289' title='bbox 1202 2003 1370 2057; x_wconf 88' lang='lat' dir='ltr'>translatum</span> <span class='ocrx_word' id='word_1_290' title='bbox 1394 2019 1464 2067; x_wconf 88' lang='lat' dir='ltr'>esse,</span> <span class='ocrx_word' id='word_1_291' title='bbox 1480 2008 1510 2055; x_wconf 90' lang='lat' dir='ltr'>ct</span> <span class='ocrx_word' id='word_1_292' title='bbox 1531 2001 1601 2056; x_wconf 83' lang='lat' dir='ltr'>Abel</span> <span class='ocrx_word' id='word_1_293' title='bbox 1614 2001 1706 2056; x_wconf 91' lang='lat' dir='ltr'>adhuc</span> <span class='ocrx_word' id='word_1_294' title='bbox 1719 2000 1758 2055; x_wconf 93' lang='lat' dir='ltr'>lo-</span> 
     </span>
     <span class='ocr_line' id='line_1_21' title="bbox 156 2087 1757 2163; baseline 0.002 -23"><span class='ocrx_word' id='word_1_295' title='bbox 156 2087 206 2158; x_wconf 77' lang='lat' dir='ltr'>puod</span> <span class='ocrx_word' id='word_1_296' title='bbox 223 2088 387 2159; x_wconf 86' lang='lat' dir='ltr'>acciperent.</span> <span class='ocrx_word' id='word_1_297' title='bbox 412 2088 441 2142; x_wconf 85' lang='lat' dir='ltr'>Si</span> <span class='ocrx_word' id='word_1_298' title='bbox 461 2088 549 2158; x_wconf 84' lang='lat' dir='ltr'>igitur</span> <span class='ocrx_word' id='word_1_299' title='bbox 572 2091 712 2145; x_wconf 83' lang='lat' dir='ltr'>confidere</span> <span class='ocrx_word' id='word_1_300' title='bbox 726 2092 851 2162; x_wconf 89' lang='lat' dir='ltr'>accipere</span> <span class='ocrx_word' id='word_1_301' title='bbox 865 2098 917 2151; x_wconf 80' lang='lat' dir='ltr'>est,</span> <span class='ocrx_word' id='word_1_302' title='bbox 960 2091 1018 2163; x_wconf 93' lang='lat' dir='ltr'>qui,</span> <span class='ocrx_word' id='word_1_303' title='bbox 1031 2098 1060 2145; x_wconf 91' lang='lat' dir='ltr'>et</span> <span class='ocrx_word' id='word_1_304' title='bbox 1073 2090 1214 2145; x_wconf 82' lang='lat' dir='ltr'>Abraham</span> <span class='ocrx_word' id='word_1_305' title='bbox 1227 2091 1365 2162; x_wconf 89' lang='lat' dir='ltr'>accepisse</span> <span class='ocrx_word' id='word_1_306' title='bbox 1375 2097 1490 2157; x_wconf 89' lang='lat' dir='ltr'>terram,</span> <span class='ocrx_word' id='word_1_307' title='bbox 1503 2096 1532 2145; x_wconf 92' lang='lat' dir='ltr'>et</span> <span class='ocrx_word' id='word_1_308' title='bbox 1539 2090 1617 2156; x_wconf 81' lang='lat' dir='ltr'>dixit,</span> <span class='ocrx_word' id='word_1_309' title='bbox 1631 2108 1644 2143; x_wconf 80' lang='lat' dir='ltr'>r</span> <span class='ocrx_word' id='word_1_310' title='bbox 1659 2106 1757 2144; x_wconf 87' lang='lat' dir='ltr'>secun·</span> 
     </span>
     <span class='ocr_line' id='line_1_22' title="bbox 155 2176 1756 2251; baseline 0 -20"><span class='ocrx_word' id='word_1_311' title='bbox 155 2191 270 2245; x_wconf 74' lang='lat' dir='ltr'>paunus</span> <span class='ocrx_word' id='word_1_312' title='bbox 293 2177 335 2231; x_wconf 90' lang='lat' dir='ltr'>sic</span> <span class='ocrx_word' id='word_1_313' title='bbox 360 2176 494 2248; x_wconf 89' lang='lat' dir='ltr'>accipere.</span> <span class='ocrx_word' id='word_1_314' title='bbox 511 2178 560 2232; x_wconf 90' lang='lat' dir='ltr'>lsti</span> <span class='ocrx_word' id='word_1_315' title='bbox 575 2179 650 2232; x_wconf 91' lang='lat' dir='ltr'>enim</span> <span class='ocrx_word' id='word_1_316' title='bbox 666 2179 717 2233; x_wconf 87' lang='lat' dir='ltr'>etsi</span> <span class='ocrx_word' id='word_1_317' title='bbox 732 2180 802 2234; x_wconf 93' lang='lat' dir='ltr'>nihil</span> <span class='ocrx_word' id='word_1_318' title='bbox 818 2181 919 2236; x_wconf 90' lang='lat' dir='ltr'>horum</span> <span class='ocrx_word' id='word_1_319' title='bbox 960 2179 1028 2233; x_wconf 91' lang='lat' dir='ltr'>dum</span> <span class='ocrx_word' id='word_1_320' title='bbox 1043 2179 1127 2233; x_wconf 84' lang='lat' dir='ltr'>fidem</span> <span class='ocrx_word' id='word_1_321' title='bbox 1142 2180 1246 2233; x_wconf 89' lang='lat' dir='ltr'>mortui</span> <span class='ocrx_word' id='word_1_322' title='bbox 1261 2185 1328 2234; x_wconf 90' lang='lat' dir='ltr'>sunt</span> <span class='ocrx_word' id='word_1_323' title='bbox 1349 2179 1379 2232; x_wconf 93' lang='lat' dir='ltr'>hi</span> <span class='ocrx_word' id='word_1_324' title='bbox 1393 2195 1491 2233; x_wconf 90' lang='lat' dir='ltr'>omnes</span> <span class='ocrx_word' id='word_1_325' title='bbox 1509 2195 1566 2233; x_wconf 90' lang='lat' dir='ltr'>non</span> <span class='ocrx_word' id='word_1_326' title='bbox 1580 2183 1756 2251; x_wconf 80' lang='lat' dir='ltr'>reportantes</span> 
     </span>
     <span class='ocr_line' id='line_1_23' title="bbox 153 2264 1757 2339; baseline 0.001 -21"><span class='ocrx_word' id='word_1_327' title='bbox 153 2264 210 2333; x_wconf 87' lang='lat' dir='ltr'>potiti</span> <span class='ocrx_word' id='word_1_328' title='bbox 221 2270 292 2331; x_wconf 84' lang='lat' dir='ltr'>suut,</span> <span class='ocrx_word' id='word_1_329' title='bbox 304 2271 401 2319; x_wconf 87' lang='lat' dir='ltr'>tamen</span> <span class='ocrx_word' id='word_1_330' title='bbox 415 2265 554 2320; x_wconf 84' lang='lat' dir='ltr'>desiderio</span> <span class='ocrx_word' id='word_1_331' title='bbox 569 2266 753 2322; x_wconf 88' lang='lat' dir='ltr'>intuebantur</span> <span class='ocrx_word' id='word_1_332' title='bbox 767 2285 809 2323; x_wconf 89' lang='lat' dir='ltr'>oa.</span> <span class='ocrx_word' id='word_1_333' title='bbox 826 2270 919 2334; x_wconf 89' lang='lat' dir='ltr'>Quare</span> <span class='ocrx_word' id='word_1_334' title='bbox 962 2267 1216 2339; x_wconf 85' lang='lat' dir='ltr'>repromissionem.</span> <span class='ocrx_word' id='word_1_335' title='bbox 1230 2289 1242 2319; x_wconf 77' lang='grc' dir='ltr'><strong><em>ι</em></strong></span> <span class='ocrx_word' id='word_1_336' title='bbox 1260 2268 1332 2332; x_wconf 86' lang='lat' dir='ltr'>Quid</span> <span class='ocrx_word' id='word_1_337' title='bbox 1345 2284 1411 2338; x_wconf 86' lang='lat' dir='ltr'>ergo</span> <span class='ocrx_word' id='word_1_338' title='bbox 1420 2269 1486 2322; x_wconf 79' lang='lat' dir='ltr'>est?</span> <span class='ocrx_word' id='word_1_339' title='bbox 1500 2266 1696 2322; x_wconf 88' lang='lat' dir='ltr'>Necessarium</span> <span class='ocrx_word' id='word_1_340' title='bbox 1705 2265 1757 2320; x_wconf 88' lang='lat' dir='ltr'>ita·</span> 
     </span>
     <span class='ocr_line' id='line_1_24' title="bbox 153 2349 1756 2428; baseline 0.002 -23"><span class='ocrx_word' id='word_1_341' title='bbox 153 2349 295 2408; x_wconf 75' lang='lat' dir='ltr'>tollebat?</span> <span class='ocrx_word' id='word_1_342' title='bbox 311 2353 349 2408; x_wconf 91' lang='lat' dir='ltr'>Ut</span> <span class='ocrx_word' id='word_1_343' title='bbox 371 2370 423 2408; x_wconf 92' lang='lat' dir='ltr'>nos</span> <span class='ocrx_word' id='word_1_344' title='bbox 443 2353 649 2421; x_wconf 85' lang='lat' dir='ltr'>embescamus,</span> <span class='ocrx_word' id='word_1_345' title='bbox 666 2356 733 2427; x_wconf 87' lang='lat' dir='ltr'>quia</span> <span class='ocrx_word' id='word_1_346' title='bbox 750 2357 791 2411; x_wconf 94' lang='lat' dir='ltr'>illi</span> <span class='ocrx_word' id='word_1_347' title='bbox 807 2358 919 2428; x_wconf 91' lang='lat' dir='ltr'>quidem</span> <span class='ocrx_word' id='word_1_348' title='bbox 961 2373 1015 2428; x_wconf 90' lang='lat' dir='ltr'>que</span> <span class='ocrx_word' id='word_1_349' title='bbox 1029 2357 1141 2411; x_wconf 80' lang='lat' dir='ltr'>videtur</span> <span class='ocrx_word' id='word_1_350' title='bbox 1166 2356 1289 2428; x_wconf 84' lang='lat' dir='ltr'>primum</span> <span class='ocrx_word' id='word_1_351' title='bbox 1303 2357 1394 2428; x_wconf 87' lang='lat' dir='ltr'>primo</span> <span class='ocrx_word' id='word_1_352' title='bbox 1408 2356 1524 2422; x_wconf 91' lang='lat' dir='ltr'>solvere,</span> <span class='ocrx_word' id='word_1_353' title='bbox 1540 2355 1641 2409; x_wconf 91' lang='lat' dir='ltr'>deinde</span> <span class='ocrx_word' id='word_1_354' title='bbox 1656 2370 1756 2409; x_wconf 90' lang='lat' dir='ltr'>secun·</span> 
     </span>
     <span class='ocr_line' id='line_1_25' title="bbox 151 2441 1757 2515; baseline 0.001 -20"><span class='ocrx_word' id='word_1_355' title='bbox 151 2441 385 2511; x_wconf 73' lang='lat' dir='ltr'>repromissionibus</span> <span class='ocrx_word' id='word_1_356' title='bbox 407 2442 437 2496; x_wconf 92' lang='lat' dir='ltr'>in</span> <span class='ocrx_word' id='word_1_357' title='bbox 459 2448 537 2497; x_wconf 80' lang='lat' dir='ltr'>terra</span> <span class='ocrx_word' id='word_1_358' title='bbox 560 2444 641 2499; x_wconf 91' lang='lat' dir='ltr'>factis</span> <span class='ocrx_word' id='word_1_359' title='bbox 655 2462 712 2500; x_wconf 93' lang='lat' dir='ltr'>non</span> <span class='ocrx_word' id='word_1_360' title='bbox 726 2446 917 2501; x_wconf 88' lang='lat' dir='ltr'>attendebant.</span> <span class='ocrx_word' id='word_1_361' title='bbox 961 2445 1037 2501; x_wconf 90' lang='lat' dir='ltr'>dum.</span> <span class='ocrx_word' id='word_1_362' title='bbox 1063 2467 1076 2498; x_wconf 84' lang='grc' dir='ltr'>ι</span> <span class='ocrx_word' id='word_1_363' title='bbox 1096 2447 1180 2500; x_wconf 84' lang='lat' dir='ltr'>Juxta</span> <span class='ocrx_word' id='word_1_364' title='bbox 1201 2445 1295 2512; x_wconf 84' lang='lat' dir='ltr'>fidem,</span> <span class='ocrx_word' id='word_1_365' title='bbox 1316 2444 1417 2515; x_wconf 88' lang='lat' dir='ltr'>inquit,</span> <span class='ocrx_word' id='word_1_366' title='bbox 1443 2444 1547 2499; x_wconf 90' lang='lat' dir='ltr'>mortui</span> <span class='ocrx_word' id='word_1_367' title='bbox 1566 2450 1633 2498; x_wconf 90' lang='lat' dir='ltr'>sunt</span> <span class='ocrx_word' id='word_1_368' title='bbox 1647 2444 1676 2498; x_wconf 93' lang='lat' dir='ltr'>hi</span> <span class='ocrx_word' id='word_1_369' title='bbox 1695 2459 1757 2498; x_wconf 91' lang='lat' dir='ltr'>om-</span> 
     </span>
     <span class='ocr_line' id='line_1_26' title="bbox 149 2528 1757 2604; baseline 0.002 -21"><span class='ocrx_word' id='word_1_370' title='bbox 149 2528 187 2583; x_wconf 83' lang='lat' dir='ltr'>aad</span> <span class='ocrx_word' id='word_1_371' title='bbox 203 2529 319 2584; x_wconf 83' lang='lat' dir='ltr'>fuuiram</span> <span class='ocrx_word' id='word_1_372' title='bbox 343 2530 483 2585; x_wconf 81' lang='lat' dir='ltr'>civitatem</span> <span class='ocrx_word' id='word_1_373' title='bbox 508 2533 698 2603; x_wconf 87' lang='lat' dir='ltr'>requirebant.</span> <span class='ocrx_word' id='word_1_374' title='bbox 714 2535 801 2590; x_wconf 91' lang='lat' dir='ltr'>Nobis</span> <span class='ocrx_word' id='word_1_375' title='bbox 826 2543 921 2591; x_wconf 89' lang='lat' dir='ltr'>autem</span> <span class='ocrx_word' id='word_1_376' title='bbox 961 2551 1020 2590; x_wconf 88' lang='lat' dir='ltr'>nes.</span> <span class='ocrx_word' id='word_1_377' title='bbox 1035 2554 1048 2588; x_wconf 79' lang='lat' dir='ltr'>a</span> <span class='ocrx_word' id='word_1_378' title='bbox 1063 2536 1096 2589; x_wconf 91' lang='lat' dir='ltr'>ln</span> <span class='ocrx_word' id='word_1_379' title='bbox 1110 2535 1235 2589; x_wconf 86' lang='lat' dir='ltr'>hocloco</span> <span class='ocrx_word' id='word_1_380' title='bbox 1253 2554 1264 2586; x_wconf 80' lang='grc' dir='ltr'>ι</span> <span class='ocrx_word' id='word_1_381' title='bbox 1281 2550 1401 2588; x_wconf 84' lang='lat' dir='ltr'>omnesv</span> <span class='ocrx_word' id='word_1_382' title='bbox 1417 2533 1494 2598; x_wconf 91' lang='lat' dir='ltr'>dicit,</span> <span class='ocrx_word' id='word_1_383' title='bbox 1506 2533 1646 2604; x_wconf 89' lang='lat' dir='ltr'>nonqnod</span> <span class='ocrx_word' id='word_1_384' title='bbox 1660 2548 1757 2587; x_wconf 87' lang='lat' dir='ltr'>omnes</span> 
     </span>
     <span class='ocr_line' id='line_1_27' title="bbox 146 2619 1757 2694; baseline 0.002 -22"><span class='ocrx_word' id='word_1_385' title='bbox 146 2624 327 2690; x_wconf 73' lang='lat' dir='ltr'>mnumatque</span> <span class='ocrx_word' id='word_1_386' title='bbox 342 2619 473 2674; x_wconf 91' lang='lat' dir='ltr'>deorsum</span> <span class='ocrx_word' id='word_1_387' title='bbox 487 2621 562 2675; x_wconf 91' lang='lat' dir='ltr'>Deus</span> <span class='ocrx_word' id='word_1_388' title='bbox 570 2621 604 2675; x_wconf 92' lang='lat' dir='ltr'>de</span> <span class='ocrx_word' id='word_1_389' title='bbox 619 2639 741 2693; x_wconf 88' lang='lat' dir='ltr'>superna</span> <span class='ocrx_word' id='word_1_390' title='bbox 756 2624 868 2679; x_wconf 87' lang='lat' dir='ltr'>civitate</span> <span class='ocrx_word' id='word_1_391' title='bbox 882 2625 921 2680; x_wconf 91' lang='lat' dir='ltr'>lo·</span> <span class='ocrx_word' id='word_1_392' title='bbox 961 2624 1065 2678; x_wconf 87' lang='lat' dir='ltr'>mortui</span> <span class='ocrx_word' id='word_1_393' title='bbox 1078 2629 1152 2690; x_wconf 91' lang='lat' dir='ltr'>sunt,</span> <span class='ocrx_word' id='word_1_394' title='bbox 1165 2623 1213 2678; x_wconf 92' lang='lat' dir='ltr'>sod</span> <span class='ocrx_word' id='word_1_395' title='bbox 1225 2623 1292 2694; x_wconf 90' lang='lat' dir='ltr'>quia</span> <span class='ocrx_word' id='word_1_396' title='bbox 1304 2628 1407 2694; x_wconf 77' lang='lat' dir='ltr'>praeter</span> <span class='ocrx_word' id='word_1_397' title='bbox 1422 2622 1500 2677; x_wconf 91' lang='lat' dir='ltr'>illum</span> <span class='ocrx_word' id='word_1_398' title='bbox 1511 2622 1602 2676; x_wconf 90' lang='lat' dir='ltr'>solum</span> <span class='ocrx_word' id='word_1_399' title='bbox 1615 2621 1645 2675; x_wconf 94' lang='lat' dir='ltr'>hi</span> <span class='ocrx_word' id='word_1_400' title='bbox 1660 2637 1757 2676; x_wconf 88' lang='lat' dir='ltr'>omnes</span> 
     </span>
     <span class='ocr_line' id='line_1_28' title="bbox 143 2705 1758 2784; baseline 0.002 -23"><span class='ocrx_word' id='word_1_401' title='bbox 143 2705 231 2775; x_wconf 73' lang='lat' dir='ltr'>quur,</span> <span class='ocrx_word' id='word_1_402' title='bbox 243 2724 293 2762; x_wconf 92' lang='lat' dir='ltr'>nos</span> <span class='ocrx_word' id='word_1_403' title='bbox 308 2714 405 2762; x_wconf 90' lang='lat' dir='ltr'>tamen</span> <span class='ocrx_word' id='word_1_404' title='bbox 428 2713 571 2763; x_wconf 89' lang='lat' dir='ltr'>terrenam</span> <span class='ocrx_word' id='word_1_405' title='bbox 591 2711 751 2782; x_wconf 68' lang='lat' dir='ltr'>quaerimus.</span> <span class='ocrx_word' id='word_1_406' title='bbox 770 2713 847 2768; x_wconf 86' lang='lat' dir='ltr'>Dixit</span> <span class='ocrx_word' id='word_1_407' title='bbox 868 2714 918 2780; x_wconf 89' lang='lat' dir='ltr'>eis,</span> <span class='ocrx_word' id='word_1_408' title='bbox 962 2713 1066 2767; x_wconf 88' lang='lat' dir='ltr'>mortui</span> <span class='ocrx_word' id='word_1_409' title='bbox 1080 2718 1156 2778; x_wconf 89' lang='lat' dir='ltr'>sunt,</span> <span class='ocrx_word' id='word_1_410' title='bbox 1172 2729 1242 2784; x_wconf 89' lang='lat' dir='ltr'>quos</span> <span class='ocrx_word' id='word_1_411' title='bbox 1252 2713 1356 2766; x_wconf 89' lang='lat' dir='ltr'>scimus</span> <span class='ocrx_word' id='word_1_412' title='bbox 1369 2718 1495 2766; x_wconf 90' lang='lat' dir='ltr'>mortuos</span> <span class='ocrx_word' id='word_1_413' title='bbox 1506 2710 1601 2765; x_wconf 86' lang='lat' dir='ltr'>fuisse.</span> <span class='ocrx_word' id='word_1_414' title='bbox 1615 2710 1695 2775; x_wconf 92' lang='lat' dir='ltr'>Quod</span> <span class='ocrx_word' id='word_1_415' title='bbox 1709 2726 1758 2765; x_wconf 86' lang='lat' dir='ltr'>au·</span> 
     </span>
    </p>

    <p class='ocr_par' dir='ltr' id='par_1_3' title="bbox 102 2794 1761 3936">
     <span class='ocr_line' id='line_1_29' title="bbox 146 2794 1757 2873; baseline 0.002 -24"><span class='ocrx_word' id='word_1_416' title='bbox 146 2808 161 2841; x_wconf 70' lang='lat' dir='ltr'>t</span> <span class='ocrx_word' id='word_1_417' title='bbox 175 2794 225 2865; x_wconf 84' lang='lat' dir='ltr'>quia</span> <span class='ocrx_word' id='word_1_418' title='bbox 233 2795 303 2851; x_wconf 89' lang='lat' dir='ltr'>dabo</span> <span class='ocrx_word' id='word_1_419' title='bbox 313 2795 391 2851; x_wconf 91' lang='lat' dir='ltr'>vobis</span> <span class='ocrx_word' id='word_1_420' title='bbox 400 2798 577 2869; x_wconf 73' lang='lat' dir='ltr'>praesentia»</span> <span class='ocrx_word' id='word_1_421' title='bbox 591 2800 724 2870; x_wconf 89' lang='lat' dir='ltr'>quoniam</span> <span class='ocrx_word' id='word_1_422' title='bbox 736 2801 848 2857; x_wconf 89' lang='lat' dir='ltr'>videbat</span> <span class='ocrx_word' id='word_1_423' title='bbox 857 2820 917 2857; x_wconf 91' lang='lat' dir='ltr'>cos:</span> <span class='ocrx_word' id='word_1_424' title='bbox 961 2807 1020 2855; x_wconf 89' lang='lat' dir='ltr'>tem</span> <span class='ocrx_word' id='word_1_425' title='bbox 1037 2800 1116 2867; x_wconf 84' lang='lat' dir='ltr'>dixit,</span> <span class='ocrx_word' id='word_1_426' title='bbox 1133 2825 1141 2849; x_wconf 83' lang='grc' dir='ltr'>ι</span> <span class='ocrx_word' id='word_1_427' title='bbox 1161 2818 1217 2856; x_wconf 88' lang='lat' dir='ltr'>non</span> <span class='ocrx_word' id='word_1_428' title='bbox 1230 2805 1407 2873; x_wconf 85' lang='lat' dir='ltr'>reportantes</span> <span class='ocrx_word' id='word_1_429' title='bbox 1422 2800 1665 2872; x_wconf 87' lang='lat' dir='ltr'>repromissiones,</span> <span class='ocrx_word' id='word_1_430' title='bbox 1685 2822 1695 2848; x_wconf 66' lang='lat' dir='ltr'><em>n</em></span> <span class='ocrx_word' id='word_1_431' title='bbox 1711 2815 1757 2853; x_wconf 89' lang='lat' dir='ltr'>ve·</span> 
     </span>
     <span class='ocr_line' id='line_1_30' title="bbox 138 2883 1759 2962; baseline 0.002 -24"><span class='ocrx_word' id='word_1_432' title='bbox 138 2883 218 2953; x_wconf 73' lang='lat' dir='ltr'>magis</span> <span class='ocrx_word' id='word_1_433' title='bbox 228 2890 323 2939; x_wconf 86' lang='lat' dir='ltr'>autem</span> <span class='ocrx_word' id='word_1_434' title='bbox 338 2885 404 2956; x_wconf 88' lang='lat' dir='ltr'>quia</span> <span class='ocrx_word' id='word_1_435' title='bbox 419 2887 603 2941; x_wconf 89' lang='lat' dir='ltr'>ostenderunt</span> <span class='ocrx_word' id='word_1_436' title='bbox 617 2889 643 2942; x_wconf 88' lang='lat' dir='ltr'>oi</span> <span class='ocrx_word' id='word_1_437' title='bbox 657 2890 821 2962; x_wconf 89' lang='lat' dir='ltr'>semetipsos</span> <span class='ocrx_word' id='word_1_438' title='bbox 831 2893 921 2962; x_wconf 89' lang='lat' dir='ltr'>majo·</span> <span class='ocrx_word' id='word_1_439' title='bbox 961 2905 1024 2944; x_wconf 91' lang='lat' dir='ltr'>rum</span> <span class='ocrx_word' id='word_1_440' title='bbox 1037 2895 1087 2944; x_wconf 90' lang='lat' dir='ltr'>est.</span> <span class='ocrx_word' id='word_1_441' title='bbox 1101 2891 1165 2943; x_wconf 94' lang='lat' dir='ltr'>Non</span> <span class='ocrx_word' id='word_1_442' title='bbox 1174 2889 1250 2944; x_wconf 92' lang='lat' dir='ltr'>enim</span> <span class='ocrx_word' id='word_1_443' title='bbox 1266 2890 1324 2944; x_wconf 85' lang='lat' dir='ltr'>haec</span> <span class='ocrx_word' id='word_1_444' title='bbox 1335 2888 1514 2961; x_wconf 85' lang='lat' dir='ltr'>repromissio</span> <span class='ocrx_word' id='word_1_445' title='bbox 1527 2889 1666 2943; x_wconf 88' lang='lat' dir='ltr'>eratNoe.</span> <span class='ocrx_word' id='word_1_446' title='bbox 1680 2889 1759 2943; x_wconf 88' lang='lat' dir='ltr'>Isaac</span> 
     </span>
     <span class='ocr_line' id='line_1_31' title="bbox 135 2968 1758 3076; baseline 0.002 -50"><span class='ocrx_word' id='word_1_447' title='bbox 135 2968 206 3026; x_wconf 68' lang='lat' dir='ltr'>ribus</span> <span class='ocrx_word' id='word_1_448' title='bbox 216 2989 273 3028; x_wconf 89' lang='lat' dir='ltr'>esse</span> <span class='ocrx_word' id='word_1_449' title='bbox 287 2973 397 3044; x_wconf 80' lang='lat' dir='ltr'>dignos,</span> <span class='ocrx_word' id='word_1_450' title='bbox 413 2991 470 3029; x_wconf 91' lang='lat' dir='ltr'>non</span> <span class='ocrx_word' id='word_1_451' title='bbox 490 2992 537 3030; x_wconf 93' lang='lat' dir='ltr'>eos</span> <span class='ocrx_word' id='word_1_452' title='bbox 559 2977 688 3048; x_wconf 87' lang='lat' dir='ltr'>permisit</span> <span class='ocrx_word' id='word_1_453' title='bbox 709 2979 836 3051; x_wconf 89' lang='lat' dir='ltr'>accipere</span> <span class='ocrx_word' id='word_1_454' title='bbox 850 2981 919 3048; x_wconf 85' lang='lat' dir='ltr'>haec,</span> <span class='ocrx_word' id='word_1_455' title='bbox 930 3015 952 3076; x_wconf 73' lang='lat' dir='ltr'><strong>G</strong></span> <span class='ocrx_word' id='word_1_456' title='bbox 962 2977 1038 3033; x_wconf 88' lang='lat' dir='ltr'>enim</span> <span class='ocrx_word' id='word_1_457' title='bbox 1057 2977 1183 3033; x_wconf 84' lang='lat' dir='ltr'>fortassis</span> <span class='ocrx_word' id='word_1_458' title='bbox 1198 2984 1227 3033; x_wconf 91' lang='lat' dir='ltr'>et</span> <span class='ocrx_word' id='word_1_459' title='bbox 1245 2977 1329 3034; x_wconf 83' lang='lat' dir='ltr'>Jacob</span> <span class='ocrx_word' id='word_1_460' title='bbox 1350 2983 1519 3050; x_wconf 88' lang='lat' dir='ltr'>acceperunt</span> <span class='ocrx_word' id='word_1_461' title='bbox 1533 2976 1758 3050; x_wconf 91' lang='lat' dir='ltr'>repromissionis</span> 
     </span>
     <span class='ocr_line' id='line_1_32' title="bbox 130 3058 1758 3138; baseline 0.004 -24"><span class='ocrx_word' id='word_1_462' title='bbox 130 3058 185 3113; x_wconf 65' lang='lat' dir='ltr'>ted</span> <span class='ocrx_word' id='word_1_463' title='bbox 194 3060 236 3116; x_wconf 89' lang='lat' dir='ltr'>illa</span> <span class='ocrx_word' id='word_1_464' title='bbox 251 3063 361 3133; x_wconf 71' lang='lat' dir='ltr'>maiora</span> <span class='ocrx_word' id='word_1_465' title='bbox 375 3063 415 3117; x_wconf 89' lang='lat' dir='ltr'>eis</span> <span class='ocrx_word' id='word_1_466' title='bbox 424 3063 541 3119; x_wconf 86' lang='lat' dir='ltr'>tribuit:</span> <span class='ocrx_word' id='word_1_467' title='bbox 558 3066 653 3120; x_wconf 91' lang='lat' dir='ltr'>volens</span> <span class='ocrx_word' id='word_1_468' title='bbox 669 3066 748 3122; x_wconf 90' lang='lat' dir='ltr'>nobis</span> <span class='ocrx_word' id='word_1_469' title='bbox 762 3069 918 3138; x_wconf 90' lang='lat' dir='ltr'>ostendere,</span> <span class='ocrx_word' id='word_1_470' title='bbox 961 3072 1077 3122; x_wconf 89' lang='lat' dir='ltr'>terram.</span> <span class='ocrx_word' id='word_1_471' title='bbox 1087 3069 1147 3122; x_wconf 93' lang='lat' dir='ltr'>Noe</span> <span class='ocrx_word' id='word_1_472' title='bbox 1156 3084 1221 3122; x_wconf 88' lang='lat' dir='ltr'>vero</span> <span class='ocrx_word' id='word_1_473' title='bbox 1231 3074 1260 3122; x_wconf 87' lang='lat' dir='ltr'>ct</span> <span class='ocrx_word' id='word_1_474' title='bbox 1268 3067 1336 3121; x_wconf 89' lang='lat' dir='ltr'>Abel</span> <span class='ocrx_word' id='word_1_475' title='bbox 1347 3073 1376 3122; x_wconf 92' lang='lat' dir='ltr'>et</span> <span class='ocrx_word' id='word_1_476' title='bbox 1397 3067 1502 3133; x_wconf 87' lang='lat' dir='ltr'>Enoch,</span> <span class='ocrx_word' id='word_1_477' title='bbox 1516 3082 1586 3138; x_wconf 86' lang='lat' dir='ltr'>quas</span> <span class='ocrx_word' id='word_1_478' title='bbox 1595 3064 1758 3121; x_wconf 87' lang='lat' dir='ltr'>retributio·</span> 
     </span>
     <span class='ocr_line' id='line_1_33' title="bbox 129 3146 1760 3228; baseline 0.003 -26"><span class='ocrx_word' id='word_1_479' title='bbox 129 3146 352 3221; x_wconf 82' lang='lat' dir='ltr'>quiamajoribus</span> <span class='ocrx_word' id='word_1_480' title='bbox 366 3152 444 3223; x_wconf 79' lang='lat' dir='ltr'>digni</span> <span class='ocrx_word' id='word_1_481' title='bbox 459 3156 535 3221; x_wconf 88' lang='lat' dir='ltr'>sunt,</span> <span class='ocrx_word' id='word_1_482' title='bbox 551 3156 679 3210; x_wconf 87' lang='lat' dir='ltr'>nolentes</span> <span class='ocrx_word' id='word_1_483' title='bbox 693 3157 803 3228; x_wconf 79' lang='lat' dir='ltr'>alligari</span> <span class='ocrx_word' id='word_1_484' title='bbox 817 3159 852 3212; x_wconf 91' lang='lat' dir='ltr'>ad</span> <span class='ocrx_word' id='word_1_485' title='bbox 867 3159 922 3213; x_wconf 79' lang='lat' dir='ltr'>ista</span> <span class='ocrx_word' id='word_1_486' title='bbox 962 3173 1012 3225; x_wconf 84' lang='lat' dir='ltr'>nes</span> <span class='ocrx_word' id='word_1_487' title='bbox 1026 3156 1211 3227; x_wconf 79' lang='lat' dir='ltr'>acceperunt?</span> <span class='ocrx_word' id='word_1_488' title='bbox 1220 3157 1277 3210; x_wconf 78' lang='lat' dir='ltr'>hut</span> <span class='ocrx_word' id='word_1_489' title='bbox 1288 3155 1375 3226; x_wconf 87' lang='lat' dir='ltr'>igitur</span> <span class='ocrx_word' id='word_1_490' title='bbox 1386 3156 1421 3210; x_wconf 92' lang='lat' dir='ltr'>de</span> <span class='ocrx_word' id='word_1_491' title='bbox 1440 3154 1530 3210; x_wconf 91' lang='lat' dir='ltr'>tribus</span> <span class='ocrx_word' id='word_1_492' title='bbox 1540 3155 1600 3209; x_wconf 89' lang='lat' dir='ltr'>istis</span> <span class='ocrx_word' id='word_1_493' title='bbox 1613 3155 1692 3222; x_wconf 87' lang='lat' dir='ltr'>dixit,</span> <span class='ocrx_word' id='word_1_494' title='bbox 1710 3160 1760 3208; x_wconf 92' lang='lat' dir='ltr'>aut</span> 
     </span>
     <span class='ocr_line' id='line_1_34' title="bbox 124 3232 1758 3318; baseline 0.003 -27"><span class='ocrx_word' id='word_1_495' title='bbox 124 3232 249 3293; x_wconf 59' lang='lat' dir='ltr'>tenena:</span> <span class='ocrx_word' id='word_1_496' title='bbox 262 3239 335 3294; x_wconf 89' lang='lat' dir='ltr'>sicut</span> <span class='ocrx_word' id='word_1_497' title='bbox 349 3241 468 3312; x_wconf 91' lang='lat' dir='ltr'>quisque</span> <span class='ocrx_word' id='word_1_498' title='bbox 478 3244 597 3314; x_wconf 86' lang='lat' dir='ltr'>puerulo</span> <span class='ocrx_word' id='word_1_499' title='bbox 611 3245 731 3316; x_wconf 89' lang='lat' dir='ltr'>sapienti</span> <span class='ocrx_word' id='word_1_500' title='bbox 744 3248 923 3318; x_wconf 90' lang='lat' dir='ltr'>repromittat</span> <span class='ocrx_word' id='word_1_501' title='bbox 962 3246 986 3300; x_wconf 89' lang='lat' dir='ltr'>si</span> <span class='ocrx_word' id='word_1_502' title='bbox 1001 3245 1086 3300; x_wconf 90' lang='lat' dir='ltr'>etiam</span> <span class='ocrx_word' id='word_1_503' title='bbox 1098 3247 1132 3299; x_wconf 82' lang='lat' dir='ltr'>do</span> <span class='ocrx_word' id='word_1_504' title='bbox 1144 3246 1209 3311; x_wconf 87' lang='lat' dir='ltr'>illis,</span> <span class='ocrx_word' id='word_1_505' title='bbox 1223 3262 1279 3299; x_wconf 90' lang='lat' dir='ltr'>non</span> <span class='ocrx_word' id='word_1_506' title='bbox 1295 3250 1357 3298; x_wconf 92' lang='lat' dir='ltr'>erat</span> <span class='ocrx_word' id='word_1_507' title='bbox 1371 3244 1560 3316; x_wconf 90' lang='lat' dir='ltr'>repromissio,</span> <span class='ocrx_word' id='word_1_508' title='bbox 1581 3249 1614 3298; x_wconf 93' lang='lat' dir='ltr'>ut</span> <span class='ocrx_word' id='word_1_509' title='bbox 1625 3243 1655 3296; x_wconf 89' lang='lat' dir='ltr'>in</span> <span class='ocrx_word' id='word_1_510' title='bbox 1667 3242 1758 3297; x_wconf 89' lang='lat' dir='ltr'>admi-</span> 
     </span>
     <span class='ocr_line' id='line_1_35' title="bbox 119 3327 1758 3409; baseline 0.003 -29"><span class='ocrx_word' id='word_1_511' title='bbox 119 3327 253 3395; x_wconf 68' lang='lat' dir='ltr'>Duerilie,</span> <span class='ocrx_word' id='word_1_512' title='bbox 264 3344 322 3383; x_wconf 90' lang='lat' dir='ltr'>non</span> <span class='ocrx_word' id='word_1_513' title='bbox 334 3332 368 3383; x_wconf 90' lang='lat' dir='ltr'>ut</span> <span class='ocrx_word' id='word_1_514' title='bbox 381 3329 508 3402; x_wconf 85' lang='lat' dir='ltr'>accipiat,</span> <span class='ocrx_word' id='word_1_515' title='bbox 525 3332 574 3386; x_wconf 90' lang='lat' dir='ltr'>sod</span> <span class='ocrx_word' id='word_1_516' title='bbox 589 3338 621 3387; x_wconf 91' lang='lat' dir='ltr'>ut</span> <span class='ocrx_word' id='word_1_517' title='bbox 639 3335 768 3389; x_wconf 85' lang='lat' dir='ltr'>ostendat</span> <span class='ocrx_word' id='word_1_518' title='bbox 784 3338 845 3407; x_wconf 90' lang='lat' dir='ltr'>ejus</span> <span class='ocrx_word' id='word_1_519' title='bbox 858 3338 920 3409; x_wconf 91' lang='lat' dir='ltr'>phi·</span> <span class='ocrx_word' id='word_1_520' title='bbox 962 3335 1070 3389; x_wconf 90' lang='lat' dir='ltr'>ratione</span> <span class='ocrx_word' id='word_1_521' title='bbox 1086 3340 1161 3389; x_wconf 90' lang='lat' dir='ltr'>esset</span> <span class='ocrx_word' id='word_1_522' title='bbox 1173 3333 1252 3399; x_wconf 83' lang='lat' dir='ltr'>Abel,</span> <span class='ocrx_word' id='word_1_523' title='bbox 1274 3339 1307 3388; x_wconf 93' lang='lat' dir='ltr'>ut</span> <span class='ocrx_word' id='word_1_524' title='bbox 1319 3333 1521 3387; x_wconf 88' lang='lat' dir='ltr'>transferretur</span> <span class='ocrx_word' id='word_1_525' title='bbox 1532 3333 1616 3398; x_wconf 89' lang='lat' dir='ltr'>Enoc,</span> <span class='ocrx_word' id='word_1_526' title='bbox 1634 3336 1684 3385; x_wconf 90' lang='lat' dir='ltr'>aut</span> <span class='ocrx_word' id='word_1_527' title='bbox 1701 3331 1758 3385; x_wconf 89' lang='lat' dir='ltr'>sal·</span> 
     </span>
     <span class='ocr_line' id='line_1_36' title="bbox 115 3396 1760 3492; baseline 0.001 -22"><span class='ocrx_word' id='word_1_528' title='bbox 115 3396 289 3486; x_wconf 69' lang='lat' dir='ltr'>laromam,</span> <span class='ocrx_word' id='word_1_529' title='bbox 305 3417 373 3472; x_wconf 90' lang='lat' dir='ltr'>dum</span> <span class='ocrx_word' id='word_1_530' title='bbox 388 3418 434 3473; x_wconf 93' lang='lat' dir='ltr'>ille</span> <span class='ocrx_word' id='word_1_531' title='bbox 448 3421 699 3492; x_wconf 84' lang='lat' dir='ltr'>majorapostulat.</span> <span class='ocrx_word' id='word_1_532' title='bbox 716 3424 775 3479; x_wconf 89' lang='lat' dir='ltr'>Hoc</span> <span class='ocrx_word' id='word_1_533' title='bbox 789 3425 864 3480; x_wconf 92' lang='lat' dir='ltr'>enim</span> <span class='ocrx_word' id='word_1_534' title='bbox 878 3433 923 3481; x_wconf 90' lang='lat' dir='ltr'>est</span> <span class='ocrx_word' id='word_1_535' title='bbox 961 3429 1074 3478; x_wconf 84' lang='lat' dir='ltr'>voretur</span> <span class='ocrx_word' id='word_1_536' title='bbox 1097 3423 1167 3477; x_wconf 93' lang='lat' dir='ltr'>Noc.</span> <span class='ocrx_word' id='word_1_537' title='bbox 1196 3423 1231 3477; x_wconf 86' lang='lat' dir='ltr'>Et</span> <span class='ocrx_word' id='word_1_538' title='bbox 1254 3421 1366 3492; x_wconf 91' lang='lat' dir='ltr'>quidem</span> <span class='ocrx_word' id='word_1_539' title='bbox 1396 3421 1453 3475; x_wconf 89' lang='lat' dir='ltr'>illis</span> <span class='ocrx_word' id='word_1_540' title='bbox 1487 3426 1601 3492; x_wconf 90' lang='lat' dir='ltr'>propter</span> <span class='ocrx_word' id='word_1_541' title='bbox 1626 3419 1760 3474; x_wconf 91' lang='lat' dir='ltr'>virtutem</span> 
     </span>
     <span class='ocr_line' id='line_1_37' title="bbox 110 3504 1757 3584; baseline 0.003 -28"><span class='ocrx_word' id='word_1_542' title='bbox 110 3504 295 3560; x_wconf 58' lang='lat' dir='ltr'>ostendentis</span> <span class='ocrx_word' id='word_1_543' title='bbox 310 3507 455 3577; x_wconf 79' lang='lat' dir='ltr'>quiscum</span> <span class='ocrx_word' id='word_1_544' title='bbox 470 3514 549 3563; x_wconf 89' lang='lat' dir='ltr'>tanto</span> <span class='ocrx_word' id='word_1_545' title='bbox 565 3511 657 3565; x_wconf 89' lang='lat' dir='ltr'>studio</span> <span class='ocrx_word' id='word_1_546' title='bbox 672 3511 848 3568; x_wconf 86' lang='lat' dir='ltr'>adducebant</span> <span class='ocrx_word' id='word_1_547' title='bbox 859 3515 920 3569; x_wconf 91' lang='lat' dir='ltr'>ani·</span> <span class='ocrx_word' id='word_1_548' title='bbox 962 3518 1160 3584; x_wconf 76' lang='lat' dir='ltr'>provenerunt.</span> <span class='ocrx_word' id='word_1_549' title='bbox 1171 3510 1318 3564; x_wconf 88' lang='lat' dir='ltr'>Lihamina</span> <span class='ocrx_word' id='word_1_550' title='bbox 1327 3526 1391 3564; x_wconf 89' lang='lat' dir='ltr'>vero</span> <span class='ocrx_word' id='word_1_551' title='bbox 1402 3509 1617 3580; x_wconf 78' lang='lat' dir='ltr'>quadanierant</span> <span class='ocrx_word' id='word_1_552' title='bbox 1624 3514 1653 3562; x_wconf 92' lang='lat' dir='ltr'>et</span> <span class='ocrx_word' id='word_1_553' title='bbox 1659 3507 1757 3579; x_wconf 84' lang='lat' dir='ltr'>primae</span> 
     </span>
     <span class='ocr_line' id='line_1_38' title="bbox 105 3588 1758 3672; baseline 0.002 -27"><span class='ocrx_word' id='word_1_554' title='bbox 105 3588 188 3645; x_wconf 74' lang='lat' dir='ltr'>112oe</span> <span class='ocrx_word' id='word_1_555' title='bbox 198 3607 262 3647; x_wconf 89' lang='lat' dir='ltr'>suos</span> <span class='ocrx_word' id='word_1_556' title='bbox 272 3608 291 3647; x_wconf 90' lang='lat' dir='ltr'>a</span> <span class='ocrx_word' id='word_1_557' title='bbox 304 3599 391 3661; x_wconf 89' lang='lat' dir='ltr'>terra,</span> <span class='ocrx_word' id='word_1_558' title='bbox 403 3595 471 3665; x_wconf 90' lang='lat' dir='ltr'>quia</span> <span class='ocrx_word' id='word_1_559' title='bbox 482 3613 574 3668; x_wconf 89' lang='lat' dir='ltr'>neque</span> <span class='ocrx_word' id='word_1_560' title='bbox 585 3614 646 3667; x_wconf 71' lang='lat' dir='ltr'>quae</span> <span class='ocrx_word' id='word_1_561' title='bbox 657 3599 797 3654; x_wconf 87' lang='lat' dir='ltr'>dabantur</span> <span class='ocrx_word' id='word_1_562' title='bbox 806 3601 922 3672; x_wconf 80' lang='lat' dir='ltr'>accipie</span> <span class='ocrx_word' id='word_1_563' title='bbox 962 3600 1171 3671; x_wconf 82' lang='lat' dir='ltr'>degustationes</span> <span class='ocrx_word' id='word_1_564' title='bbox 1178 3599 1346 3653; x_wconf 90' lang='lat' dir='ltr'>futuromm.</span> <span class='ocrx_word' id='word_1_565' title='bbox 1360 3599 1436 3652; x_wconf 87' lang='lat' dir='ltr'>Dens</span> <span class='ocrx_word' id='word_1_566' title='bbox 1446 3597 1521 3650; x_wconf 85' lang='lat' dir='ltr'>enim</span> <span class='ocrx_word' id='word_1_567' title='bbox 1533 3613 1565 3650; x_wconf 89' lang='lat' dir='ltr'>ex</span> <span class='ocrx_word' id='word_1_568' title='bbox 1575 3596 1655 3650; x_wconf 90' lang='lat' dir='ltr'>initio</span> <span class='ocrx_word' id='word_1_569' title='bbox 1666 3595 1758 3649; x_wconf 89' lang='lat' dir='ltr'>sciens</span> 
     </span>
     <span class='ocr_line' id='line_1_39' title="bbox 103 3656 1760 3763; baseline 0.001 -28"><span class='ocrx_word' id='word_1_570' title='bbox 103 3656 200 3763; x_wconf 50' lang='lat' dir='ltr'>Parit</span> <span class='ocrx_word' id='word_1_571' title='bbox 214 3681 324 3736; x_wconf 88' lang='lat' dir='ltr'>Etenim</span> <span class='ocrx_word' id='word_1_572' title='bbox 340 3689 490 3756; x_wconf 90' lang='lat' dir='ltr'>propterea</span> <span class='ocrx_word' id='word_1_573' title='bbox 512 3692 628 3756; x_wconf 86' lang='lat' dir='ltr'>nepotes</span> <span class='ocrx_word' id='word_1_574' title='bbox 642 3704 740 3742; x_wconf 90' lang='lat' dir='ltr'>eorum</span> <span class='ocrx_word' id='word_1_575' title='bbox 755 3690 896 3760; x_wconf 89' lang='lat' dir='ltr'>accipiunt</span> <span class='ocrx_word' id='word_1_576' title='bbox 913 3709 918 3744; x_wconf 96' lang='lat'><strong>:</strong></span> <span class='ocrx_word' id='word_1_577' title='bbox 962 3689 1117 3743; x_wconf 88' lang='lat' dir='ltr'>humanum</span> <span class='ocrx_word' id='word_1_578' title='bbox 1141 3704 1230 3758; x_wconf 87' lang='lat' dir='ltr'>genus</span> <span class='ocrx_word' id='word_1_579' title='bbox 1250 3686 1339 3741; x_wconf 86' lang='lat' dir='ltr'>multa</span> <span class='ocrx_word' id='word_1_580' title='bbox 1353 3685 1512 3740; x_wconf 82' lang='lat' dir='ltr'>humilitate</span> <span class='ocrx_word' id='word_1_581' title='bbox 1536 3690 1565 3738; x_wconf 90' lang='lat' dir='ltr'>et</span> <span class='ocrx_word' id='word_1_582' title='bbox 1579 3683 1760 3738; x_wconf 88' lang='lat' dir='ltr'>descensione</span> 
     </span>
     <span class='ocr_line' id='line_1_40' title="bbox 103 3758 1761 3849; baseline 0.002 -28"><span class='ocrx_word' id='word_1_583' title='bbox 103 3758 170 3821; x_wconf 74' lang='lat' dir='ltr'>uti</span> <span class='ocrx_word' id='word_1_584' title='bbox 181 3770 281 3842; x_wconf 84' lang='lat' dir='ltr'>quippe</span> <span class='ocrx_word' id='word_1_585' title='bbox 290 3776 371 3825; x_wconf 89' lang='lat' dir='ltr'>erant</span> <span class='ocrx_word' id='word_1_586' title='bbox 381 3773 626 3844; x_wconf 80' lang='lat' dir='ltr'>terradigniQuid</span> <span class='ocrx_word' id='word_1_587' title='bbox 634 3782 677 3830; x_wconf 91' lang='lat' dir='ltr'>est</span> <span class='ocrx_word' id='word_1_588' title='bbox 688 3794 701 3828; x_wconf 80' lang='lat' dir='ltr'>a</span> <span class='ocrx_word' id='word_1_589' title='bbox 711 3777 852 3832; x_wconf 87' lang='lat' dir='ltr'>civitatem</span> <span class='ocrx_word' id='word_1_590' title='bbox 861 3778 922 3834; x_wconf 91' lang='lat' dir='ltr'>fun·</span> <span class='ocrx_word' id='word_1_591' title='bbox 963 3793 1032 3849; x_wconf 91' lang='lat' dir='ltr'>opus</span> <span class='ocrx_word' id='word_1_592' title='bbox 1038 3776 1153 3843; x_wconf 88' lang='lat' dir='ltr'>habens,</span> <span class='ocrx_word' id='word_1_593' title='bbox 1165 3793 1221 3831; x_wconf 90' lang='lat' dir='ltr'>non</span> <span class='ocrx_word' id='word_1_594' title='bbox 1231 3776 1322 3830; x_wconf 90' lang='lat' dir='ltr'>solum</span> <span class='ocrx_word' id='word_1_595' title='bbox 1333 3792 1394 3846; x_wconf 84' lang='lat' dir='ltr'>quae</span> <span class='ocrx_word' id='word_1_596' title='bbox 1410 3774 1506 3829; x_wconf 90' lang='lat' dir='ltr'>futura</span> <span class='ocrx_word' id='word_1_597' title='bbox 1516 3779 1582 3828; x_wconf 90' lang='lat' dir='ltr'>sunt</span> <span class='ocrx_word' id='word_1_598' title='bbox 1590 3771 1761 3842; x_wconf 82' lang='lat' dir='ltr'>nobislargi·</span> 
     </span>
     <span class='ocr_line' id='line_1_41' title="bbox 102 3842 1760 3936; baseline 0.002 -25"><span class='ocrx_word' id='word_1_599' title='bbox 102 3842 285 3913; x_wconf 69' lang='lat' dir='ltr'>tlanternam</span> <span class='ocrx_word' id='word_1_600' title='bbox 296 3858 445 3915; x_wconf 87' lang='lat' dir='ltr'>habentem</span> <span class='ocrx_word' id='word_1_601' title='bbox 459 3861 471 3914; x_wconf 82' lang='lat' dir='ltr'>f</span> <span class='ocrx_word' id='word_1_602' title='bbox 485 3863 553 3916; x_wconf 80' lang='lat' dir='ltr'>»isti</span> <span class='ocrx_word' id='word_1_603' title='bbox 563 3870 722 3918; x_wconf 90' lang='lat' dir='ltr'>autemnon</span> <span class='ocrx_word' id='word_1_604' title='bbox 734 3867 923 3923; x_wconf 84' lang='lat' dir='ltr'>erantfunda·</span> <span class='ocrx_word' id='word_1_605' title='bbox 962 3872 1019 3931; x_wconf 90' lang='lat' dir='ltr'>tur,</span> <span class='ocrx_word' id='word_1_606' title='bbox 1033 3867 1081 3920; x_wconf 91' lang='lat' dir='ltr'>sed</span> <span class='ocrx_word' id='word_1_607' title='bbox 1100 3865 1195 3931; x_wconf 90' lang='lat' dir='ltr'>etiam,</span> <span class='ocrx_word' id='word_1_608' title='bbox 1213 3881 1274 3936; x_wconf 81' lang='lat' dir='ltr'>quae</span> <span class='ocrx_word' id='word_1_609' title='bbox 1296 3864 1381 3934; x_wconf 89' lang='lat' dir='ltr'>hujus</span> <span class='ocrx_word' id='word_1_610' title='bbox 1402 3863 1465 3917; x_wconf 88' lang='lat' dir='ltr'>vitae</span> <span class='ocrx_word' id='word_1_611' title='bbox 1480 3868 1555 3928; x_wconf 91' lang='lat' dir='ltr'>sunt,</span> <span class='ocrx_word' id='word_1_612' title='bbox 1585 3859 1665 3915; x_wconf 91' lang='lat' dir='ltr'>nobis</span> <span class='ocrx_word' id='word_1_613' title='bbox 1688 3877 1760 3932; x_wconf 86' lang='lat' dir='ltr'>prae-</span> 
     </span>
    </p>
   </div>
   <div class='ocr_carea' id='block_1_3' title="bbox 102 3942 1867 4024">
    <p class='ocr_par' dir='ltr' id='par_1_4' title="bbox 102 3942 1867 4024">
     <span class='ocr_line' id='line_1_42' title="bbox 102 3942 1867 4024; baseline 0.002 -25"><span class='ocrx_word' id='word_1_614' title='bbox 102 3942 304 4011; x_wconf 70' lang='lat' dir='ltr'>¹neutanui</span> <span class='ocrx_word' id='word_1_615' title='bbox 323 3948 416 4019; x_wconf 86' lang='lat' dir='ltr'>[Quia]</span> <span class='ocrx_word' id='word_1_616' title='bbox 431 3950 466 4004; x_wconf 90' lang='lat' dir='ltr'>ad</span> <span class='ocrx_word' id='word_1_617' title='bbox 481 3952 718 4022; x_wconf 88' lang='lat' dir='ltr'>comparationem</span> <span class='ocrx_word' id='word_1_618' title='bbox 733 3954 846 4009; x_wconf 87' lang='lat' dir='ltr'>illorum</span> <span class='ocrx_word' id='word_1_619' title='bbox 865 3974 922 4012; x_wconf 93' lang='lat' dir='ltr'>non</span> <span class='ocrx_word' id='word_1_620' title='bbox 963 3960 1037 4010; x_wconf 89' lang='lat' dir='ltr'>stat:</span> <span class='ocrx_word' id='word_1_621' title='bbox 1052 3955 1124 4009; x_wconf 89' lang='lat' dir='ltr'>sicut</span> <span class='ocrx_word' id='word_1_622' title='bbox 1135 3960 1165 4008; x_wconf 92' lang='lat' dir='ltr'>et</span> <span class='ocrx_word' id='word_1_623' title='bbox 1181 3952 1324 4024; x_wconf 88' lang='lat' dir='ltr'>discipulis</span> <span class='ocrx_word' id='word_1_624' title='bbox 1333 3952 1392 4006; x_wconf 88' lang='lat' dir='ltr'>suis</span> <span class='ocrx_word' id='word_1_625' title='bbox 1406 3951 1560 4005; x_wconf 76' lang='lat' dir='ltr'>dicebatza</span> <span class='ocrx_word' id='word_1_626' title='bbox 1577 3949 1631 4015; x_wconf 88' lang='lat' dir='ltr'>Qui</span> <span class='ocrx_word' id='word_1_627' title='bbox 1644 3949 1759 4003; x_wconf 87' lang='lat' dir='ltr'>dimise·</span> <span class='ocrx_word' id='word_1_628' title='bbox 1860 4010 1867 4018; x_wconf 49' lang='grc'><strong><em>,</em></strong></span> 
     </span>
    </p>
   </div>
   <div class='ocr_carea' id='block_1_4' title="bbox 102 4032 1772 5621">
    <p class='ocr_par' dir='ltr' id='par_1_5' title="bbox 102 4032 1772 5621">
     <span class='ocr_line' id='line_1_43' title="bbox 102 4032 1761 4111; baseline 0.002 -22"><span class='ocrx_word' id='word_1_629' title='bbox 102 4032 197 4089; x_wconf 70' lang='lat' dir='ltr'>tunt.</span> <span class='ocrx_word' id='word_1_630' title='bbox 216 4054 228 4087; x_wconf 81' lang='lat' dir='ltr'>a</span> <span class='ocrx_word' id='word_1_631' title='bbox 245 4036 334 4106; x_wconf 86' lang='lat' dir='ltr'>Cujus</span> <span class='ocrx_word' id='word_1_632' title='bbox 347 4038 446 4092; x_wconf 88' lang='lat' dir='ltr'>artifex</span> <span class='ocrx_word' id='word_1_633' title='bbox 461 4045 490 4093; x_wconf 91' lang='lat' dir='ltr'>et</span> <span class='ocrx_word' id='word_1_634' title='bbox 510 4041 599 4111; x_wconf 85' lang='lat' dir='ltr'>opifex</span> <span class='ocrx_word' id='word_1_635' title='bbox 612 4042 687 4096; x_wconf 92' lang='lat' dir='ltr'>Deus</span> <span class='ocrx_word' id='word_1_636' title='bbox 700 4048 751 4096; x_wconf 91' lang='lat' dir='ltr'>est.</span> <span class='ocrx_word' id='word_1_637' title='bbox 768 4064 778 4093; x_wconf 77' lang='grc' dir='ltr'><strong><em>ι</em></strong></span> <span class='ocrx_word' id='word_1_638' title='bbox 964 4044 1001 4097; x_wconf 91' lang='lat' dir='ltr'>rit</span> <span class='ocrx_word' id='word_1_639' title='bbox 1011 4043 1176 4103; x_wconf 75' lang='lat' dir='ltr'>domoaaut</span> <span class='ocrx_word' id='word_1_640' title='bbox 1190 4043 1301 4107; x_wconf 85' lang='lat' dir='ltr'>fratres,</span> <span class='ocrx_word' id='word_1_641' title='bbox 1317 4048 1367 4095; x_wconf 91' lang='lat' dir='ltr'>aut</span> <span class='ocrx_word' id='word_1_642' title='bbox 1379 4056 1498 4106; x_wconf 89' lang='lat' dir='ltr'>sorores,</span> <span class='ocrx_word' id='word_1_643' title='bbox 1514 4045 1563 4093; x_wconf 90' lang='lat' dir='ltr'>aut</span> <span class='ocrx_word' id='word_1_644' title='bbox 1576 4045 1695 4110; x_wconf 88' lang='lat' dir='ltr'>patrem,</span> <span class='ocrx_word' id='word_1_645' title='bbox 1712 4044 1761 4092; x_wconf 86' lang='lat' dir='ltr'>aut</span> 
     </span>
     <span class='ocr_line' id='line_1_44' title="bbox 163 4122 1761 4204; baseline 0.002 -27"><span class='ocrx_word' id='word_1_646' title='bbox 163 4122 255 4178; x_wconf 77' lang='lat' dir='ltr'>tl&#39;ide</span> <span class='ocrx_word' id='word_1_647' title='bbox 265 4130 294 4179; x_wconf 90' lang='lat' dir='ltr'>et</span> <span class='ocrx_word' id='word_1_648' title='bbox 304 4125 365 4196; x_wconf 85' lang='lat' dir='ltr'>ipsa</span> <span class='ocrx_word' id='word_1_649' title='bbox 374 4127 445 4181; x_wconf 86' lang='lat' dir='ltr'>Sara</span> <span class='ocrx_word' id='word_1_650' title='bbox 454 4128 556 4184; x_wconf 91' lang='lat' dir='ltr'>sterilis</span> <span class='ocrx_word' id='word_1_651' title='bbox 567 4130 734 4186; x_wconf 87' lang='lat' dir='ltr'>virtutemin</span> <span class='ocrx_word' id='word_1_652' title='bbox 744 4133 922 4204; x_wconf 87' lang='lat' dir='ltr'>conceptione</span> <span class='ocrx_word' id='word_1_653' title='bbox 964 4132 1263 4202; x_wconf 89' lang='lat' dir='ltr'>matrem,centuplnm</span> <span class='ocrx_word' id='word_1_654' title='bbox 1273 4131 1389 4202; x_wconf 86' lang='lat' dir='ltr'>recipiet</span> <span class='ocrx_word' id='word_1_655' title='bbox 1399 4134 1428 4183; x_wconf 90' lang='lat' dir='ltr'>et</span> <span class='ocrx_word' id='word_1_656' title='bbox 1434 4129 1518 4182; x_wconf 83' lang='lat' dir='ltr'>vitam</span> <span class='ocrx_word' id='word_1_657' title='bbox 1534 4133 1668 4182; x_wconf 79' lang='lat' dir='ltr'>aternam</span> <span class='ocrx_word' id='word_1_658' title='bbox 1682 4127 1761 4181; x_wconf 86' lang='lat' dir='ltr'>here-</span> 
     </span>
     <span class='ocr_line' id='line_1_45' title="bbox 102 4213 1761 4292; baseline 0 -22"><span class='ocrx_word' id='word_1_659' title='bbox 102 4216 132 4257; x_wconf 66' lang='grc' dir='ltr'><strong>ῑ</strong></span> <span class='ocrx_word' id='word_1_660' title='bbox 161 4213 275 4269; x_wconf 76' lang='lat' dir='ltr'>seminis</span> <span class='ocrx_word' id='word_1_661' title='bbox 290 4215 398 4285; x_wconf 84' lang='lat' dir='ltr'>accepit</span> <span class='ocrx_word' id='word_1_662' title='bbox 412 4215 498 4270; x_wconf 90' lang='lat' dir='ltr'>etiarn</span> <span class='ocrx_word' id='word_1_663' title='bbox 509 4225 610 4289; x_wconf 85' lang='lat' dir='ltr'>praeter</span> <span class='ocrx_word' id='word_1_664' title='bbox 620 4226 732 4291; x_wconf 91' lang='lat' dir='ltr'>tempus</span> <span class='ocrx_word' id='word_1_665' title='bbox 745 4221 923 4292; x_wconf 76' lang='lat' dir='ltr'>atatis:quo-</span> <span class='ocrx_word' id='word_1_666' title='bbox 963 4221 1064 4276; x_wconf 86' lang='lat' dir='ltr'>ditabit</span> <span class='ocrx_word' id='word_1_667' title='bbox 1074 4221 1180 4288; x_wconf 68' lang='lat' dir='ltr'>allant.</span> <span class='ocrx_word' id='word_1_668' title='bbox 1196 4223 1261 4289; x_wconf 82' lang='lat' dir='ltr'>xix).</span> <span class='ocrx_word' id='word_1_669' title='bbox 1278 4239 1289 4271; x_wconf 78' lang='lat' dir='ltr'>r</span> <span class='ocrx_word' id='word_1_670' title='bbox 1306 4220 1341 4273; x_wconf 90' lang='lat' dir='ltr'>Et</span> <span class='ocrx_word' id='word_1_671' title='bbox 1355 4219 1474 4273; x_wconf 89' lang='lat' dir='ltr'>iterum:</span> <span class='ocrx_word' id='word_1_672' title='bbox 1490 4238 1501 4269; x_wconf 79' lang='lat' dir='ltr'>v</span> <span class='ocrx_word' id='word_1_673' title='bbox 1514 4217 1635 4281; x_wconf 84' lang='lat' dir='ltr'>Quaerite</span> <span class='ocrx_word' id='word_1_674' title='bbox 1643 4232 1761 4286; x_wconf 79' lang='lat' dir='ltr'>regnum</span> 
     </span>
     <span class='ocr_line' id='line_1_46' title="bbox 102 4300 1760 4383; baseline 0.001 -28"><span class='ocrx_word' id='word_1_675' title='bbox 102 4306 125 4341; x_wconf 72' lang='grc' dir='ltr'><strong>ῑ</strong></span> <span class='ocrx_word' id='word_1_676' title='bbox 160 4300 234 4355; x_wconf 88' lang='lat' dir='ltr'>niam</span> <span class='ocrx_word' id='word_1_677' title='bbox 249 4301 362 4357; x_wconf 88' lang='lat' dir='ltr'>fidelem</span> <span class='ocrx_word' id='word_1_678' title='bbox 377 4305 496 4360; x_wconf 91' lang='lat' dir='ltr'>credidit</span> <span class='ocrx_word' id='word_1_679' title='bbox 510 4324 571 4361; x_wconf 88' lang='lat' dir='ltr'>esse</span> <span class='ocrx_word' id='word_1_680' title='bbox 594 4325 658 4362; x_wconf 90' lang='lat' dir='ltr'>eum</span> <span class='ocrx_word' id='word_1_681' title='bbox 673 4309 722 4380; x_wconf 91' lang='lat' dir='ltr'>qui</span> <span class='ocrx_word' id='word_1_682' title='bbox 746 4310 920 4383; x_wconf 85' lang='lat' dir='ltr'>promiserat.</span> <span class='ocrx_word' id='word_1_683' title='bbox 965 4310 1025 4376; x_wconf 90' lang='lat' dir='ltr'>Dei,</span> <span class='ocrx_word' id='word_1_684' title='bbox 1047 4310 1148 4364; x_wconf 88' lang='lat' dir='ltr'>ethaeo</span> <span class='ocrx_word' id='word_1_685' title='bbox 1164 4309 1258 4363; x_wconf 88' lang='lat' dir='ltr'>omnia</span> <span class='ocrx_word' id='word_1_686' title='bbox 1279 4308 1448 4379; x_wconf 87' lang='lat' dir='ltr'>adjicientur</span> <span class='ocrx_word' id='word_1_687' title='bbox 1461 4305 1538 4361; x_wconf 90' lang='lat' dir='ltr'>vobis</span> <span class='ocrx_word' id='word_1_688' title='bbox 1552 4306 1658 4372; x_wconf 77' lang='lat' dir='ltr'>(dfattb.</span> <span class='ocrx_word' id='word_1_689' title='bbox 1679 4308 1728 4372; x_wconf 85' lang='lat' dir='ltr'>vx).</span> <span class='ocrx_word' id='word_1_690' title='bbox 1745 4324 1760 4356; x_wconf 79' lang='lat' dir='ltr'>o</span> 
     </span>
     <span class='ocr_line' id='line_1_47' title="bbox 102 4374 1761 4468; baseline 0.002 -23"><span class='ocrx_word' id='word_1_691' title='bbox 102 4392 132 4435; x_wconf 69' lang='lat'><em>1</em></span> <span class='ocrx_word' id='word_1_692' title='bbox 161 4388 279 4463; x_wconf 82' lang='lat' dir='ltr'>Propter</span> <span class='ocrx_word' id='word_1_693' title='bbox 292 4392 368 4463; x_wconf 90' lang='lat' dir='ltr'>quod</span> <span class='ocrx_word' id='word_1_694' title='bbox 383 4401 411 4448; x_wconf 91' lang='lat' dir='ltr'>et</span> <span class='ocrx_word' id='word_1_695' title='bbox 433 4394 468 4448; x_wconf 93' lang='lat' dir='ltr'>ab</span> <span class='ocrx_word' id='word_1_696' title='bbox 482 4412 538 4450; x_wconf 92' lang='lat' dir='ltr'>uno</span> <span class='ocrx_word' id='word_1_697' title='bbox 553 4379 690 4452; x_wconf 50' lang='lat' dir='ltr'>orti&#39;sunt</span> <span class='ocrx_word' id='word_1_698' title='bbox 704 4397 751 4467; x_wconf 78' lang='lat' dir='ltr'>let</span> <span class='ocrx_word' id='word_1_699' title='bbox 764 4399 816 4454; x_wconf 93' lang='lat' dir='ltr'>hoc</span> <span class='ocrx_word' id='word_1_700' title='bbox 830 4374 956 4453; x_wconf 87' lang='lat' dir='ltr'>emor·D</span> <span class='ocrx_word' id='word_1_701' title='bbox 1004 4419 1015 4450; x_wconf 84' lang='lat' dir='ltr'>a</span> <span class='ocrx_word' id='word_1_702' title='bbox 1037 4399 1093 4453; x_wconf 89' lang='lat' dir='ltr'>Sed</span> <span class='ocrx_word' id='word_1_703' title='bbox 1106 4415 1124 4453; x_wconf 92' lang='lat' dir='ltr'>a</span> <span class='ocrx_word' id='word_1_704' title='bbox 1137 4399 1272 4468; x_wconf 86' lang='lat' dir='ltr'>longeeos</span> <span class='ocrx_word' id='word_1_705' title='bbox 1287 4397 1464 4468; x_wconf 88' lang='lat' dir='ltr'>aspicientes,</span> <span class='ocrx_word' id='word_1_706' title='bbox 1481 4381 1510 4449; x_wconf 80' lang='lat' dir='ltr'>et</span> <span class='ocrx_word' id='word_1_707' title='bbox 1522 4394 1686 4448; x_wconf 86' lang='lat' dir='ltr'>salutantes.</span> <span class='ocrx_word' id='word_1_708' title='bbox 1706 4394 1761 4448; x_wconf 75' lang='lat' dir='ltr'>vlu</span> 
     </span>
     <span class='ocr_line' id='line_1_48' title="bbox 102 4480 1762 4558; baseline 0.001 -25"><span class='ocrx_word' id='word_1_709' title='bbox 102 4480 132 4523; x_wconf 71' lang='lat'><em>1</em></span> <span class='ocrx_word' id='word_1_710' title='bbox 163 4482 218 4545; x_wconf 89' lang='lat' dir='ltr'>tuo)</span> <span class='ocrx_word' id='word_1_711' title='bbox 227 4485 365 4553; x_wconf 85' lang='lat' dir='ltr'>tanquam</span> <span class='ocrx_word' id='word_1_712' title='bbox 374 4482 468 4538; x_wconf 88' lang='lat' dir='ltr'>sidera</span> <span class='ocrx_word' id='word_1_713' title='bbox 477 4485 539 4540; x_wconf 71' lang='lat' dir='ltr'>cosli</span> <span class='ocrx_word' id='word_1_714' title='bbox 547 4485 576 4540; x_wconf 91' lang='lat' dir='ltr'>in</span> <span class='ocrx_word' id='word_1_715' title='bbox 588 4486 807 4555; x_wconf 89' lang='lat' dir='ltr'>multitudinem,</span> <span class='ocrx_word' id='word_1_716' title='bbox 818 4489 925 4543; x_wconf 86' lang='lat' dir='ltr'>etsicnt</span> <span class='ocrx_word' id='word_1_717' title='bbox 964 4488 1017 4542; x_wconf 91' lang='lat' dir='ltr'>hoo</span> <span class='ocrx_word' id='word_1_718' title='bbox 1028 4489 1087 4542; x_wconf 92' lang='lat' dir='ltr'>loco</span> <span class='ocrx_word' id='word_1_719' title='bbox 1098 4488 1231 4558; x_wconf 89' lang='lat' dir='ltr'>quiddam</span> <span class='ocrx_word' id='word_1_720' title='bbox 1241 4486 1390 4557; x_wconf 87' lang='lat' dir='ltr'>mysticum</span> <span class='ocrx_word' id='word_1_721' title='bbox 1402 4483 1552 4555; x_wconf 82' lang='lat' dir='ltr'>significat:</span> <span class='ocrx_word' id='word_1_722' title='bbox 1566 4481 1762 4552; x_wconf 87' lang='lat' dir='ltr'>quoniamom·</span> 
     </span>
     <span class='ocr_line' id='line_1_49' title="bbox 102 4571 1762 4646; baseline -0.001 -21"><span class='ocrx_word' id='word_1_723' title='bbox 102 4572 126 4607; x_wconf 73' lang='grc' dir='ltr'>ῐ</span> <span class='ocrx_word' id='word_1_724' title='bbox 163 4581 255 4635; x_wconf 71' lang='lat' dir='ltr'>meua,</span> <span class='ocrx_word' id='word_1_725' title='bbox 271 4587 334 4642; x_wconf 79' lang='lat' dir='ltr'>qua</span> <span class='ocrx_word' id='word_1_726' title='bbox 346 4576 391 4626; x_wconf 89' lang='lat' dir='ltr'>est</span> <span class='ocrx_word' id='word_1_727' title='bbox 404 4572 440 4626; x_wconf 91' lang='lat' dir='ltr'>ad</span> <span class='ocrx_word' id='word_1_728' title='bbox 455 4589 533 4628; x_wconf 90' lang='lat' dir='ltr'>oram</span> <span class='ocrx_word' id='word_1_729' title='bbox 547 4576 643 4641; x_wconf 89' lang='lat' dir='ltr'>maris,</span> <span class='ocrx_word' id='word_1_730' title='bbox 665 4574 922 4632; x_wconf 82' lang='lat' dir='ltr'>innumerabilis.»</span> <span class='ocrx_word' id='word_1_731' title='bbox 964 4577 1012 4632; x_wconf 90' lang='lat' dir='ltr'>nia</span> <span class='ocrx_word' id='word_1_732' title='bbox 1024 4581 1275 4646; x_wconf 72' lang='lat' dir='ltr'>accesseruntque</span> <span class='ocrx_word' id='word_1_733' title='bbox 1285 4574 1385 4628; x_wconf 90' lang='lat' dir='ltr'>illicde</span> <span class='ocrx_word' id='word_1_734' title='bbox 1394 4573 1496 4627; x_wconf 90' lang='lat' dir='ltr'>futuris</span> <span class='ocrx_word' id='word_1_735' title='bbox 1505 4571 1661 4636; x_wconf 87' lang='lat' dir='ltr'>dictasunt,</span> <span class='ocrx_word' id='word_1_736' title='bbox 1670 4571 1705 4624; x_wconf 92' lang='lat' dir='ltr'>de</span> <span class='ocrx_word' id='word_1_737' title='bbox 1719 4587 1762 4625; x_wconf 92' lang='lat' dir='ltr'>re-</span> 
     </span>
     <span class='ocr_line' id='line_1_50' title="bbox 102 4638 1761 4733; baseline 0.002 -23"><span class='ocrx_word' id='word_1_738' title='bbox 102 4638 202 4721; x_wconf 62' lang='lat' dir='ltr'>5&#39;‘ille,</span> <span class='ocrx_word' id='word_1_739' title='bbox 214 4657 317 4728; x_wconf 90' lang='lat' dir='ltr'>inquit,</span> <span class='ocrx_word' id='word_1_740' title='bbox 329 4667 359 4714; x_wconf 91' lang='lat' dir='ltr'>et</span> <span class='ocrx_word' id='word_1_741' title='bbox 368 4661 430 4731; x_wconf 89' lang='lat' dir='ltr'>ipsa</span> <span class='ocrx_word' id='word_1_742' title='bbox 446 4662 524 4716; x_wconf 89' lang='lat' dir='ltr'>Sara.</span> <span class='ocrx_word' id='word_1_743' title='bbox 541 4664 572 4717; x_wconf 89' lang='lat' dir='ltr'>ln</span> <span class='ocrx_word' id='word_1_744' title='bbox 588 4664 712 4718; x_wconf 87' lang='lat' dir='ltr'>hocloco</span> <span class='ocrx_word' id='word_1_745' title='bbox 726 4667 923 4721; x_wconf 87' lang='lat' dir='ltr'>verecundiam</span> <span class='ocrx_word' id='word_1_746' title='bbox 964 4665 1146 4732; x_wconf 89' lang='lat' dir='ltr'>surrectione,</span> <span class='ocrx_word' id='word_1_747' title='bbox 1159 4664 1194 4718; x_wconf 91' lang='lat' dir='ltr'>de</span> <span class='ocrx_word' id='word_1_748' title='bbox 1208 4680 1295 4733; x_wconf 81' lang='lat' dir='ltr'>regno</span> <span class='ocrx_word' id='word_1_749' title='bbox 1305 4662 1447 4725; x_wconf 85' lang='lat' dir='ltr'>culorum,</span> <span class='ocrx_word' id='word_1_750' title='bbox 1460 4660 1495 4714; x_wconf 95' lang='lat' dir='ltr'>de</span> <span class='ocrx_word' id='word_1_751' title='bbox 1505 4659 1567 4714; x_wconf 90' lang='lat' dir='ltr'>aliis</span> <span class='ocrx_word' id='word_1_752' title='bbox 1578 4677 1639 4732; x_wconf 84' lang='lat' dir='ltr'>qnae</span> <span class='ocrx_word' id='word_1_753' title='bbox 1648 4660 1761 4714; x_wconf 90' lang='lat' dir='ltr'>veniens</span> 
     </span>
     <span class='ocr_line' id='line_1_51' title="bbox 102 4736 1762 4825; baseline 0.004 -28"><span class='ocrx_word' id='word_1_754' title='bbox 102 4736 172 4797; x_wconf 62' lang='lat' dir='ltr'>*ia</span> <span class='ocrx_word' id='word_1_755' title='bbox 181 4745 301 4802; x_wconf 70' lang='lat' dir='ltr'>enatans</span> <span class='ocrx_word' id='word_1_756' title='bbox 315 4747 392 4815; x_wconf 90' lang='lat' dir='ltr'>dicit,</span> <span class='ocrx_word' id='word_1_757' title='bbox 406 4750 544 4821; x_wconf 90' lang='lat' dir='ltr'>siquidem</span> <span class='ocrx_word' id='word_1_758' title='bbox 555 4768 639 4824; x_wconf 91' lang='lat' dir='ltr'>super</span> <span class='ocrx_word' id='word_1_759' title='bbox 649 4753 796 4807; x_wconf 89' lang='lat' dir='ltr'>mulierem</span> <span class='ocrx_word' id='word_1_760' title='bbox 811 4755 925 4825; x_wconf 88' lang='lat' dir='ltr'>pusilla·</span> <span class='ocrx_word' id='word_1_761' title='bbox 965 4753 1092 4809; x_wconf 83' lang='lat' dir='ltr'>Christus</span> <span class='ocrx_word' id='word_1_762' title='bbox 1120 4752 1288 4823; x_wconf 86' lang='lat' dir='ltr'>praedicavit.</span> <span class='ocrx_word' id='word_1_763' title='bbox 1304 4750 1546 4821; x_wconf 87' lang='lat' dir='ltr'>Repromissiones</span> <span class='ocrx_word' id='word_1_764' title='bbox 1560 4751 1612 4805; x_wconf 92' lang='lat' dir='ltr'>has</span> <span class='ocrx_word' id='word_1_765' title='bbox 1626 4750 1674 4821; x_wconf 92' lang='lat' dir='ltr'>qui</span> <span class='ocrx_word' id='word_1_766' title='bbox 1690 4750 1762 4821; x_wconf 86' lang='lat' dir='ltr'>[qui-</span> 
     </span>
     <span class='ocr_line' id='line_1_52' title="bbox 102 4827 1760 4913; baseline 0.001 -23"><span class='ocrx_word' id='word_1_767' title='bbox 102 4827 214 4887; x_wconf 65' lang='lat' dir='ltr'>fimcs</span> <span class='ocrx_word' id='word_1_768' title='bbox 223 4843 426 4906; x_wconf 89' lang='lat' dir='ltr'>apparuerunt.</span> <span class='ocrx_word' id='word_1_769' title='bbox 438 4839 492 4894; x_wconf 89' lang='lat' dir='ltr'>Sed</span> <span class='ocrx_word' id='word_1_770' title='bbox 508 4838 626 4895; x_wconf 89' lang='lat' dir='ltr'>sortissis</span> <span class='ocrx_word' id='word_1_771' title='bbox 637 4841 713 4896; x_wconf 88' lang='lat' dir='ltr'>dicat</span> <span class='ocrx_word' id='word_1_772' title='bbox 725 4842 835 4913; x_wconf 84' lang='lat' dir='ltr'>aliquis,</span> <span class='ocrx_word' id='word_1_773' title='bbox 848 4843 924 4907; x_wconf 89' lang='lat' dir='ltr'>Quo·</span> <span class='ocrx_word' id='word_1_774' title='bbox 965 4842 1040 4912; x_wconf 89' lang='lat' dir='ltr'>dem]</span> <span class='ocrx_word' id='word_1_775' title='bbox 1060 4841 1136 4895; x_wconf 89' lang='lat' dir='ltr'>dicit.</span> <span class='ocrx_word' id='word_1_776' title='bbox 1150 4842 1207 4896; x_wconf 80' lang='lat' dir='ltr'>hut</span> <span class='ocrx_word' id='word_1_777' title='bbox 1217 4857 1283 4911; x_wconf 89' lang='lat' dir='ltr'>ergo</span> <span class='ocrx_word' id='word_1_778' title='bbox 1299 4840 1353 4894; x_wconf 92' lang='lat' dir='ltr'>hoc</span> <span class='ocrx_word' id='word_1_779' title='bbox 1365 4839 1442 4905; x_wconf 89' lang='lat' dir='ltr'>dicit,</span> <span class='ocrx_word' id='word_1_780' title='bbox 1454 4845 1504 4894; x_wconf 90' lang='lat' dir='ltr'>ant</span> <span class='ocrx_word' id='word_1_781' title='bbox 1517 4845 1602 4907; x_wconf 88' lang='lat' dir='ltr'>certe,</span> <span class='ocrx_word' id='word_1_782' title='bbox 1620 4839 1686 4911; x_wconf 88' lang='lat' dir='ltr'>quia</span> <span class='ocrx_word' id='word_1_783' title='bbox 1704 4854 1760 4893; x_wconf 92' lang='lat' dir='ltr'>non</span> 
     </span>
     <span class='ocr_line' id='line_1_53' title="bbox 102 4919 1761 5009; baseline -0.001 -32"><span class='ocrx_word' id='word_1_784' title='bbox 102 4919 208 5009; x_wconf 60' lang='lat' dir='ltr'>{ludo</span> <span class='ocrx_word' id='word_1_785' title='bbox 222 4923 287 4989; x_wconf 90' lang='lat' dir='ltr'>fide,</span> <span class='ocrx_word' id='word_1_786' title='bbox 304 4941 368 4997; x_wconf 76' lang='lat' dir='ltr'>quae</span> <span class='ocrx_word' id='word_1_787' title='bbox 378 4926 458 4981; x_wconf 82' lang='lat' dir='ltr'>risitl</span> <span class='ocrx_word' id='word_1_788' title='bbox 468 4929 551 4983; x_wconf 89' lang='lat' dir='ltr'>Risus</span> <span class='ocrx_word' id='word_1_789' title='bbox 566 4930 679 5000; x_wconf 90' lang='lat' dir='ltr'>quidem</span> <span class='ocrx_word' id='word_1_790' title='bbox 694 4948 727 4985; x_wconf 82' lang='lat' dir='ltr'>ex</span> <span class='ocrx_word' id='word_1_791' title='bbox 747 4932 923 4998; x_wconf 88' lang='lat' dir='ltr'>infidelitate,</span> <span class='ocrx_word' id='word_1_792' title='bbox 966 4930 1079 5003; x_wconf 92' lang='lat' dir='ltr'>quidem</span> <span class='ocrx_word' id='word_1_793' title='bbox 1088 4946 1136 4983; x_wconf 91' lang='lat' dir='ltr'>eas</span> <span class='ocrx_word' id='word_1_794' title='bbox 1149 4933 1325 4999; x_wconf 86' lang='lat' dir='ltr'>accepemnt,</span> <span class='ocrx_word' id='word_1_795' title='bbox 1342 4927 1391 4981; x_wconf 92' lang='lat' dir='ltr'>sed</span> <span class='ocrx_word' id='word_1_796' title='bbox 1400 4928 1571 4982; x_wconf 83' lang='lat' dir='ltr'>confidentes</span> <span class='ocrx_word' id='word_1_797' title='bbox 1580 4943 1630 4998; x_wconf 90' lang='lat' dir='ltr'>pro</span> <span class='ocrx_word' id='word_1_798' title='bbox 1641 4925 1682 4980; x_wconf 90' lang='lat' dir='ltr'>eis</span> <span class='ocrx_word' id='word_1_799' title='bbox 1696 4924 1761 4977; x_wconf 90' lang='lat' dir='ltr'>hino</span> 
     </span>
     <span class='ocr_line' id='line_1_54' title="bbox 102 5008 1761 5088; baseline 0.003 -26"><span class='ocrx_word' id='word_1_800' title='bbox 102 5008 314 5067; x_wconf 50' lang='lat' dir='ltr'>{morantem</span> <span class='ocrx_word' id='word_1_801' title='bbox 324 5030 357 5068; x_wconf 83' lang='lat' dir='ltr'>ex</span> <span class='ocrx_word' id='word_1_802' title='bbox 368 5015 432 5069; x_wconf 89' lang='lat' dir='ltr'>fide.</span> <span class='ocrx_word' id='word_1_803' title='bbox 444 5016 524 5080; x_wconf 91' lang='lat' dir='ltr'>Quod</span> <span class='ocrx_word' id='word_1_804' title='bbox 532 5018 607 5072; x_wconf 90' lang='lat' dir='ltr'>enim</span> <span class='ocrx_word' id='word_1_805' title='bbox 616 5019 694 5085; x_wconf 86' lang='lat' dir='ltr'>dixit,</span> <span class='ocrx_word' id='word_1_806' title='bbox 710 5021 794 5074; x_wconf 77' lang='lat' dir='ltr'>«Non</span> <span class='ocrx_word' id='word_1_807' title='bbox 804 5020 880 5088; x_wconf 66' lang='lat' dir='ltr'>risi»</span> <span class='ocrx_word' id='word_1_808' title='bbox 892 5039 925 5075; x_wconf 84' lang='lat' dir='ltr'>ex</span> <span class='ocrx_word' id='word_1_809' title='bbox 965 5018 1161 5073; x_wconf 85' lang='lat' dir='ltr'>discesserunt.</span> <span class='ocrx_word' id='word_1_810' title='bbox 1170 5017 1355 5072; x_wconf 82' lang='lat' dir='ltr'>confidebant</span> <span class='ocrx_word' id='word_1_811' title='bbox 1368 5018 1444 5071; x_wconf 87' lang='lat' dir='ltr'>onim</span> <span class='ocrx_word' id='word_1_812' title='bbox 1454 5017 1514 5070; x_wconf 87' lang='lat' dir='ltr'>sola</span> <span class='ocrx_word' id='word_1_813' title='bbox 1524 5017 1586 5070; x_wconf 83' lang='lat' dir='ltr'>fide.</span> <span class='ocrx_word' id='word_1_814' title='bbox 1598 5032 1611 5067; x_wconf 79' lang='lat' dir='ltr'>a</span> <span class='ocrx_word' id='word_1_815' title='bbox 1622 5015 1663 5069; x_wconf 90' lang='lat' dir='ltr'>De</span> <span class='ocrx_word' id='word_1_816' title='bbox 1678 5014 1761 5083; x_wconf 82' lang='lat' dir='ltr'>longe</span> 
     </span>
     <span class='ocr_line' id='line_1_55' title="bbox 102 5077 1761 5165; baseline 0.001 -9"><span class='ocrx_word' id='word_1_817' title='bbox 102 5077 293 5155; x_wconf 64' lang='lat' dir='ltr'>ldenctum</span> <span class='ocrx_word' id='word_1_818' title='bbox 309 5108 362 5156; x_wconf 88' lang='lat' dir='ltr'>est.</span> <span class='ocrx_word' id='word_1_819' title='bbox 380 5103 501 5160; x_wconf 89' lang='lat' dir='ltr'>Proinde</span> <span class='ocrx_word' id='word_1_820' title='bbox 511 5115 645 5162; x_wconf 87' lang='lat' dir='ltr'>evacuata</span> <span class='ocrx_word' id='word_1_821' title='bbox 653 5107 821 5163; x_wconf 79' lang='lat' dir='ltr'>infidelitate</span> <span class='ocrx_word' id='word_1_822' title='bbox 835 5110 924 5165; x_wconf 90' lang='lat' dir='ltr'>intro·</span> <span class='ocrx_word' id='word_1_823' title='bbox 965 5123 1012 5162; x_wconf 89' lang='lat' dir='ltr'>eas</span> <span class='ocrx_word' id='word_1_824' title='bbox 1024 5106 1180 5161; x_wconf 70' lang='lat' dir='ltr'>videntes.»</span> <span class='ocrx_word' id='word_1_825' title='bbox 1192 5108 1235 5160; x_wconf 86' lang='lat' dir='ltr'>lta</span> <span class='ocrx_word' id='word_1_826' title='bbox 1250 5104 1427 5160; x_wconf 79' lang='lat' dir='ltr'>confidebant</span> <span class='ocrx_word' id='word_1_827' title='bbox 1436 5105 1470 5159; x_wconf 91' lang='lat' dir='ltr'>de</span> <span class='ocrx_word' id='word_1_828' title='bbox 1483 5104 1537 5157; x_wconf 91' lang='lat' dir='ltr'>illis</span> <span class='ocrx_word' id='word_1_829' title='bbox 1551 5109 1583 5156; x_wconf 91' lang='lat' dir='ltr'>nt</span> <span class='ocrx_word' id='word_1_830' title='bbox 1594 5102 1681 5157; x_wconf 89' lang='lat' dir='ltr'>etiam</span> <span class='ocrx_word' id='word_1_831' title='bbox 1688 5102 1761 5157; x_wconf 86' lang='lat' dir='ltr'>salu·</span> 
     </span>
     <span class='ocr_line' id='line_1_56' title="bbox 102 5164 1772 5268; baseline 0.002 -27"><span class='ocrx_word' id='word_1_832' title='bbox 102 5164 210 5240; x_wconf 68' lang='lat' dir='ltr'>lucta</span> <span class='ocrx_word' id='word_1_833' title='bbox 222 5194 265 5243; x_wconf 88' lang='lat' dir='ltr'>est</span> <span class='ocrx_word' id='word_1_834' title='bbox 283 5191 363 5246; x_wconf 89' lang='lat' dir='ltr'>fides.</span> <span class='ocrx_word' id='word_1_835' title='bbox 388 5194 495 5261; x_wconf 75' lang='lat' dir='ltr'>«fide,</span> <span class='ocrx_word' id='word_1_836' title='bbox 512 5195 614 5267; x_wconf 88' lang='lat' dir='ltr'>inquit,</span> <span class='ocrx_word' id='word_1_837' title='bbox 630 5203 659 5250; x_wconf 89' lang='lat' dir='ltr'>et</span> <span class='ocrx_word' id='word_1_838' title='bbox 679 5198 740 5268; x_wconf 90' lang='lat' dir='ltr'>ipsa</span> <span class='ocrx_word' id='word_1_839' title='bbox 754 5199 923 5253; x_wconf 83' lang='lat' dir='ltr'>Saravirtu-</span> <span class='ocrx_word' id='word_1_840' title='bbox 963 5202 1059 5251; x_wconf 88' lang='lat' dir='ltr'>tarent</span> <span class='ocrx_word' id='word_1_841' title='bbox 1078 5212 1134 5250; x_wconf 91' lang='lat' dir='ltr'>eas.</span> <span class='ocrx_word' id='word_1_842' title='bbox 1165 5196 1203 5249; x_wconf 89' lang='lat' dir='ltr'>Ex</span> <span class='ocrx_word' id='word_1_843' title='bbox 1218 5196 1384 5265; x_wconf 86' lang='lat' dir='ltr'>metaphora</span> <span class='ocrx_word' id='word_1_844' title='bbox 1397 5191 1589 5262; x_wconf 89' lang='lat' dir='ltr'>navigantium</span> <span class='ocrx_word' id='word_1_845' title='bbox 1616 5190 1669 5243; x_wconf 89' lang='lat' dir='ltr'>hoc</span> <span class='ocrx_word' id='word_1_846' title='bbox 1683 5190 1772 5259; x_wconf 88' lang='lat' dir='ltr'>dicit,-</span> 
     </span>
     <span class='ocr_line' id='line_1_57' title="bbox 102 5274 1761 5357; baseline 0.001 -25"><span class='ocrx_word' id='word_1_847' title='bbox 102 5274 187 5326; x_wconf 60' lang='lat' dir='ltr'>Qu</span> <span class='ocrx_word' id='word_1_848' title='bbox 198 5276 231 5330; x_wconf 89' lang='lat' dir='ltr'>ad</span> <span class='ocrx_word' id='word_1_849' title='bbox 246 5279 456 5352; x_wconf 87' lang='lat' dir='ltr'>suscipiendum</span> <span class='ocrx_word' id='word_1_850' title='bbox 472 5305 484 5336; x_wconf 80' lang='lat' dir='ltr'>r</span> <span class='ocrx_word' id='word_1_851' title='bbox 503 5301 535 5339; x_wconf 88' lang='lat' dir='ltr'>ao</span> <span class='ocrx_word' id='word_1_852' title='bbox 551 5287 729 5341; x_wconf 84' lang='lat' dir='ltr'>retinendum</span> <span class='ocrx_word' id='word_1_853' title='bbox 746 5304 842 5341; x_wconf 86' lang='lat' dir='ltr'>semen</span> <span class='ocrx_word' id='word_1_854' title='bbox 862 5305 923 5341; x_wconf 87' lang='lat' dir='ltr'>sus·</span> <span class='ocrx_word' id='word_1_855' title='bbox 965 5284 1279 5357; x_wconf 87' lang='lat' dir='ltr'>quiprospiciuntlonge</span> <span class='ocrx_word' id='word_1_856' title='bbox 1288 5282 1461 5337; x_wconf 90' lang='lat' dir='ltr'>desideratas</span> <span class='ocrx_word' id='word_1_857' title='bbox 1469 5281 1596 5334; x_wconf 87' lang='lat' dir='ltr'>civitates</span> <span class='ocrx_word' id='word_1_858' title='bbox 1610 5287 1761 5350; x_wconf 88' lang='lat' dir='ltr'>antequam</span> 
     </span>
     <span class='ocr_line' id='line_1_58' title="bbox 102 5356 1762 5445; baseline 0.002 -25"><span class='ocrx_word' id='word_1_859' title='bbox 102 5356 208 5431; x_wconf 47' lang='lat' dir='ltr'>*pit</span> <span class='ocrx_word' id='word_1_860' title='bbox 219 5365 359 5423; x_wconf 83' lang='lat' dir='ltr'>Virtutem</span> <span class='ocrx_word' id='word_1_861' title='bbox 372 5373 480 5444; x_wconf 88' lang='lat' dir='ltr'>accepit</span> <span class='ocrx_word' id='word_1_862' title='bbox 494 5390 555 5444; x_wconf 85' lang='lat' dir='ltr'>quae</span> <span class='ocrx_word' id='word_1_863' title='bbox 569 5376 629 5445; x_wconf 88' lang='lat' dir='ltr'>jam</span> <span class='ocrx_word' id='word_1_864' title='bbox 643 5376 811 5430; x_wconf 85' lang='lat' dir='ltr'>mortificata</span> <span class='ocrx_word' id='word_1_865' title='bbox 820 5383 882 5430; x_wconf 88' lang='lat' dir='ltr'>erat</span> <span class='ocrx_word' id='word_1_866' title='bbox 895 5380 924 5430; x_wconf 88' lang='lat' dir='ltr'>et</span> <span class='ocrx_word' id='word_1_867' title='bbox 964 5375 1167 5445; x_wconf 81' lang='lat' dir='ltr'>ingrediantur,</span> <span class='ocrx_word' id='word_1_868' title='bbox 1175 5373 1342 5427; x_wconf 88' lang='lat' dir='ltr'>salutatione</span> <span class='ocrx_word' id='word_1_869' title='bbox 1359 5371 1540 5442; x_wconf 74' lang='lat' dir='ltr'>preveniunt,</span> <span class='ocrx_word' id='word_1_870' title='bbox 1557 5376 1587 5424; x_wconf 91' lang='lat' dir='ltr'>et</span> <span class='ocrx_word' id='word_1_871' title='bbox 1600 5386 1647 5424; x_wconf 91' lang='lat' dir='ltr'>eas</span> <span class='ocrx_word' id='word_1_872' title='bbox 1661 5369 1714 5425; x_wconf 87' lang='lat' dir='ltr'>sibi</span> <span class='ocrx_word' id='word_1_873' title='bbox 1723 5368 1762 5424; x_wconf 88' lang='lat' dir='ltr'>fa·</span> 
     </span>
     <span class='ocr_line' id='line_1_59' title="bbox 102 5442 1761 5536; baseline 0.005 -31"><span class='ocrx_word' id='word_1_874' title='bbox 102 5442 432 5529; x_wconf 58' lang='lat' dir='ltr'>&#39;teritislluplexenim</span> <span class='ocrx_word' id='word_1_875' title='bbox 442 5464 665 5535; x_wconf 87' lang='lat' dir='ltr'>eratpraeclusio‚</span> <span class='ocrx_word' id='word_1_876' title='bbox 678 5471 920 5536; x_wconf 84' lang='lat' dir='ltr'>unaextempore,</span> <span class='ocrx_word' id='word_1_877' title='bbox 964 5464 1088 5518; x_wconf 89' lang='lat' dir='ltr'>miliares</span> <span class='ocrx_word' id='word_1_878' title='bbox 1102 5462 1235 5517; x_wconf 86' lang='lat' dir='ltr'>efficiunt.</span> <span class='ocrx_word' id='word_1_879' title='bbox 1254 5482 1265 5513; x_wconf 78' lang='grc' dir='ltr'>ι</span> <span class='ocrx_word' id='word_1_880' title='bbox 1291 5462 1326 5516; x_wconf 90' lang='lat' dir='ltr'>Et</span> <span class='ocrx_word' id='word_1_881' title='bbox 1339 5460 1511 5515; x_wconf 88' lang='lat' dir='ltr'>confidentes</span> <span class='ocrx_word' id='word_1_882' title='bbox 1537 5460 1605 5531; x_wconf 90' lang='lat' dir='ltr'>quia</span> <span class='ocrx_word' id='word_1_883' title='bbox 1619 5459 1761 5532; x_wconf 82' lang='lat' dir='ltr'>peregrini</span> 
     </span>
     <span class='ocr_line' id='line_1_60' title="bbox 102 5534 1751 5621; baseline -0.004 -13"><span class='ocrx_word' id='word_1_884' title='bbox 102 5534 257 5599; x_wconf 48' lang='lat' dir='ltr'>*metat</span> <span class='ocrx_word' id='word_1_885' title='bbox 267 5547 371 5620; x_wconf 87' lang='lat' dir='ltr'>quippe</span> <span class='ocrx_word' id='word_1_886' title='bbox 378 5550 438 5620; x_wconf 80' lang='lat' dir='ltr'>jam</span> <span class='ocrx_word' id='word_1_887' title='bbox 450 5568 455 5603; x_wconf 97' lang='lat'><strong>:</strong></span> <span class='ocrx_word' id='word_1_888' title='bbox 466 5551 522 5606; x_wconf 89' lang='lat' dir='ltr'>alia</span> <span class='ocrx_word' id='word_1_889' title='bbox 530 5569 596 5606; x_wconf 90' lang='lat' dir='ltr'>vero</span> <span class='ocrx_word' id='word_1_890' title='bbox 606 5570 640 5606; x_wconf 91' lang='lat' dir='ltr'>ex</span> <span class='ocrx_word' id='word_1_891' title='bbox 649 5558 760 5618; x_wconf 89' lang='lat' dir='ltr'>natura,</span> <span class='ocrx_word' id='word_1_892' title='bbox 768 5553 872 5609; x_wconf 88' lang='lat' dir='ltr'>sterilis</span> <span class='ocrx_word' id='word_1_893' title='bbox 882 5559 922 5608; x_wconf 81' lang='lat' dir='ltr'>et·</span> <span class='ocrx_word' id='word_1_894' title='bbox 966 5574 978 5602; x_wconf 82' lang='grc' dir='ltr'>ι</span> <span class='ocrx_word' id='word_1_895' title='bbox 994 5559 1023 5606; x_wconf 90' lang='lat' dir='ltr'>et</span> <span class='ocrx_word' id='word_1_896' title='bbox 1036 5551 1160 5621; x_wconf 85' lang='lat' dir='ltr'>hospites</span> <span class='ocrx_word' id='word_1_897' title='bbox 1173 5555 1239 5606; x_wconf 89' lang='lat' dir='ltr'>sunt</span> <span class='ocrx_word' id='word_1_898' title='bbox 1247 5566 1333 5621; x_wconf 91' lang='lat' dir='ltr'>super</span> <span class='ocrx_word' id='word_1_899' title='bbox 1342 5555 1475 5604; x_wconf 78' lang='lat' dir='ltr'>terram·</span> <span class='ocrx_word' id='word_1_900' title='bbox 1487 5547 1696 5619; x_wconf 75' lang='lat' dir='ltr'>(lma.)ana</span> <span class='ocrx_word' id='word_1_901' title='bbox 1709 5547 1751 5601; x_wconf 91' lang='lat' dir='ltr'>vir</span> 
     </span>
    </p>
   </div>
   <div class='ocr_carea' id='block_1_5' title="bbox 0 0 1902 6128">
    <p class='ocr_par' dir='ltr' id='par_1_6' title="bbox 0 0 1902 6128">
     <span class='ocr_line' id='line_1_61' title="bbox 0 0 1902 6128; baseline 0 0"><span class='ocrx_word' id='word_1_902' title='bbox 0 0 1902 6128; x_wconf 95' lang='lat' dir='ltr'> </span> 
     </span>
    </p>
   </div>
  </div>
 </body>
</html>
