3786 6128
166 282 237 345 4000
468 283 500 339 θ.
521 266 657 339 aarum
676 281 792 339 unum
810 283 978 340 incursu.
1000 283 1162 341 uocum.
1183 282 1331 341 ornauu
1350 283 1441 339 unns
1460 283 1500 339 m
1742 277 1813 338 roso

165 412 266 484 reptio,
282 414 315 466 ut
327 411 357 467 in
379 410 528 482 Evangelia
544 427 550 464 :
569 427 582 464 ι
602 409 755 466 infundens
770 411 863 464 oleum
885 415 913 465 et
927 411 997 474 vi·A
1010 413 1113 481 Vipera,
1128 417 1206 466 actus
1221 410 1336 483 peccati,
1353 416 1386 465 ut
1398 410 1428 464 in
1443 409 1531 464 lsaia:
1552 426 1564 462 0
1581 407 1638 464 Leo
1660 414 1691 463 et
1710 407 1808 472 leem,

164 515 275 569 uum,»
298 499 325 554 id
341 504 393 567 θεῖ,
407 499 626 555 consolationem
644 504 673 555 et
686 499 901 572 correptionem.
922 502 964 554 Vi·
1006 507 1035 556 et
1055 517 1088 556 θιι
1114 501 1155 555 cis
1173 501 1270 572 vipera
1283 499 1315 566 ¹¹,
1340 519 1351 551 ι
1374 499 1403 554 id
1425 503 1477 565 est,
1493 496 1621 553 diabolus
1644 512 1808 569 suggerens,

166 605 247 656 num,
263 590 471 661 contemplatio,
486 594 519 644 ut
538 590 567 644 in
582 589 749 662 Apocalypsi
765 608 770 642 :
788 608 799 641 ι
821 590 857 645 Εῖ
870 590 964 644 vinum
1005 589 1230 662 concupiscentia
1244 589 1398 655 lasciviens,
1415 593 1443 642 et
1456 592 1535 643 actus
1552 587 1645 643 malus
1655 585 1739 643 exeis
1750 601 1810 657 pro·

104 716 106 720 -
166 681 196 736 et
209 678 302 734 oleum
315 681 326 703 ¹
341 694 376 733 nc
391 677 495 734 laeseris
511 679 531 746 ¹,
549 698 562 731 ι)
582 678 611 733 id
631 684 682 746 est,
699 678 964 751 contemplationem
1005 680 1116 735 cedens.

165 771 195 824 ct
213 767 353 824 actionem
377 783 411 824 ne
434 767 589 835 lacertam
611 773 662 834 θεῖ,
678 784 714 824 ne
728 784 901 840 corrumpas.
921 770 964 822 Vi·
1048 772 1093 825 Vir
1107 774 1150 824 est
1163 768 1301 833 Christus,
1319 772 1351 822 ut
1370 767 1399 822 in
1413 766 1534 822 Jeremia
1553 784 1559 818 ε
1583 784 1596 820 ι
1619 765 1739 820 Femina
1756 766 1808 820 cir·

166 872 247 923 num,
263 857 384 924 dilectio,
402 857 477 912 utin
501 856 615 912 Cantica
628 874 634 912 :
651 878 662 907 a
678 858 713 912 Et
728 856 800 912 dabo
813 857 864 912 tibi
879 873 965 929 pocu·
1006 857 1149 935 cumdabit
1162 858 1253 912 virum
1268 857 1300 923 ’7,
1316 874 1330 909 ι
1352 856 1447 922 idest,
1470 855 1547 926 virgo
1563 855 1654 911 Maria
1673 854 1808 926 concipiet

166 947 225 1003 lum
245 962 277 1001 ex
293 947 358 1002 rino
379 947 491 1002 condito
502 946 521 1012 ¹,
541 966 554 999 ι)
571 947 664 1013 idest,
682 945 754 1002 dabo
769 946 820 1002 tibi
839 946 965 1003 laetitiam
1006 947 1160 1004 Christum.
1181 950 1236 1014 Vir,
1253 946 1421 1011 intellectus,
1434 945 1504 1000 utin
1519 944 1693 1015 Evangelio:
1713 944 1808 999 «Voce

166 1051 200 1091 ex
223 1051 318 1091 amore
338 1052 413 1093 vero.
443 1037 552 1102 Vinum,
577 1035 725 1091 delectatio
748 1023 864 1108 peccati,
881 1042 913 1090 ut
935 1037 965 1090 in
1005 1037 1096 1092 virum
1111 1043 1191 1092 tuum
1206 1037 1260 1090 huc
1275 1034 1308 1102 ¹⁰,
1329 1057 1337 1082 ι
1356 1035 1384 1090 id
1409 1040 1460 1101 est,
1475 1034 1574 1106 collige
1588 1033 1624 1088 ud
1649 1039 1678 1088 ῖθ
1698 1049 1808 1088 sensum

165 1123 262 1182 7004οι
279 1144 291 1176 ι
308 1126 342 1180 Εῖ
352 1125 457 1180 ululate
468 1141 574 1191 omnes,
589 1124 637 1196 qui
648 1124 742 1179 bibitis
755 1126 851 1180 vinum
863 1126 892 1180 in
903 1125 965 1180 dul·
1005 1132 1095 1193 tuum,
1113 1131 1141 1182 et
1155 1125 1338 1198 spiritualiter
1349 1124 1472 1195 intellige
1488 1140 1542 1178 me.
1560 1124 1616 1189 Vir,
1633 1122 1748 1178 animus
1761 1140 1807 1178 no·

55 1234 65 1256 ·
165 1213 264 1270 cedino
272 1213 293 1283 7,
311 1234 324 1267 ι)
336 1215 364 1269 id
378 1220 429 1282 est,
445 1215 623 1287 poenitcmini
637 1215 769 1281 universi,
786 1215 833 1286 qui
848 1231 965 1270 consen·
1006 1221 1073 1282 ster,
1091 1215 1165 1270 utin
1179 1214 1302 1270 Genesi:
1321 1231 1334 1266 c
1351 1213 1488 1285 Deditquc
1502 1213 1561 1267 vira
1576 1229 1638 1279 suo,
1654 1212 1705 1285 qui
1719 1228 1807 1268 come-

165 1301 226 1360 titis
243 1303 274 1359 in
288 1304 473 1359 delectatione
493 1304 608 1376 peccati.
630 1305 739 1370 Vinum,
762 1320 842 1358 amor
868 1304 966 1359 mundi
1007 1305 1049 1361 dit
1060 1303 1093 1373 ¹¹,
1112 1325 1123 1357 ι
1140 1305 1214 1376 quod
1229 1321 1293 1359 caro
1308 1304 1415 1375 peccati
1427 1302 1612 1357 delectatione
1628 1301 1739 1374 polluta
1751 1302 1808 1357 eni·

165 1391 261 1464 hujus,
274 1398 307 1448 ut
330 1393 359 1447 in
384 1391 549 1448 Parabolis:
572 1412 582 1443 ι
600 1393 642 1448 Ne
666 1395 677 1416 ⁶
696 1393 835 1448 intuearis
859 1393 964 1459 vinum,
1007 1410 1084 1450 mum
1099 1410 1210 1466 quoque
1224 1394 1259 1448 ad
1273 1407 1439 1448 consensum
1454 1395 1465 1415 '
1479 1391 1576 1446 trahit.
1598 1392 1655 1458 Vir,
1673 1389 1807 1458 diabolus,

166 1481 278 1555 quando
293 1482 426 1548 flavescit,
451 1498 516 1537 cum
541 1481 709 1554 splendescit
730 1483 760 1537 in
788 1488 868 1538 utero
891 1482 967 1539 color
1007 1485 1078 1539 utin
1091 1483 1284 1538 Psalmis:ch
1299 1483 1357 1536 viro
1368 1482 1464 1553 iniquo
1476 1479 1807 1547 liberamc,l)omiue¹¹,·

164 1570 228 1643 ejus
238 1570 289 1639 ¹;r
306 1571 401 1638 idest,
417 1587 453 1627 ne
467 1571 613 1627 delecteris
624 1586 719 1627 amore
729 1572 837 1638 mundi,
854 1572 965 1643 quando
1006 1572 1035 1626 id
1049 1579 1101 1640 est,
1126 1570 1277 1640 adiabolo,
1294 1571 1342 1642 qui
1357 1576 1467 1625 amator
1483 1575 1528 1624 est
1541 1569 1713 1642 iniquitatis,
1729 1567 1810 1624 libera

144 1660 147 1670 “
164 1657 261 1727 allicit,
272 1675 337 1715 cum
352 1659 544 1715 blandimento
552 1660 644 1732 fragili
656 1661 783 1716 arriserit
795 1661 879 1716 decor
893 1662 963 1731 eJ'us.
1007 1676 1060 1715 me.
1081 1662 1137 1726 Vir,
1153 1677 1232 1716 error
1251 1659 1362 1726 animae,
1377 1659 1452 1714 utin
1468 1657 1619 1729 Evangelio
1636 1674 1641 1711 :
1662 1676 1674 1709 ι
1692 1657 1729 1713 Et
1742 1657 1810 1712 hunc

170 1749 282 1817 Vinum,
300 1748 430 1817 vindicta,
445 1749 520 1805 utin
534 1749 700 1822 Apocalypsi
722 1768 728 1804 :
753 1769 763 1801 ι
782 1750 817 1804 Et
829 1749 874 1804 hic
888 1748 965 1805 bibet
974 1761 998 1821 Β
1007 1764 1090 1820 quem
1099 1749 1196 1815 habos,
1205 1765 1261 1803 non
1272 1754 1314 1803 est
1323 1754 1389 1803 tuus
1403 1748 1445 1802 vir
1455 1746 1486 1811 ’7,
1501 1767 1515 1799 ιι
1532 1746 1560 1801 id
1569 1753 1620 1814 θεῖ,
1634 1762 1691 1800 non
1702 1762 1808 1818 sponso,

164 1835 338 1894 devincire
357 1838 438 1905 Dci⁵,
456 1858 469 1892 ιι
485 1839 581 1905 idest,
601 1839 704 1895 sentiet
728 1839 880 1894 vindictam
901 1839 962 1907 Dei,
1005 1837 1138 1893 videlicet
1152 1839 1246 1892 sano·
1269 1837 1436 1904 intellectus
1454 1836 1601 1908 copularis,
1616 1835 1666 1889 scd
1682 1834 1713 1889 in
1734 1834 1809 1889 adul-

165 1929 318 1997 authuam
328 1926 468 1998 judicium
482 1928 533 1983 Dei
549 1927 660 1983 inferat.
1005 1927 1076 1982 teria
1088 1927 1190 1982 erroris
1205 1926 1403 1982 meretricaris.
1427 1927 1480 1981 Per
1494 1929 1567 1980 turos
1587 1923 1698 1979 robusti
1712 1924 1810 1997 quique

203 2015 286 2070 Vinea
299 2020 344 2071 est
357 2015 495 2085 Christus,
507 2022 540 2072 ut
554 2017 583 2073 iu
597 2018 732 2074 Cantica:
749 2036 761 2069 ι
777 2017 928 2073 Videamus
942 2017 965 2072 si
1006 2021 1035 2072 et
1048 2017 1218 2088 spirituales,
1234 2023 1266 2073 ut
1287 2017 1317 2071 iu
1341 2014 1392 2071 Job
1409 2035 1416 2068 z
1434 2033 1447 2069 ι
1462 2016 1503 2070 Ι)θ
1525 2031 1580 2087 quo
1599 2013 1765 2070 cecinerunt
1776 2012 1810 2067 ri-

164 2103 294 2160 iloruerit
307 2105 388 2161 vinea
402 2106 423 2174 ¹,
444 2126 456 2157 ι
473 2107 502 2162 id
517 2112 568 2174 est,
586 2107 609 2162 si
624 2105 785 2162 hominibus
807 2124 857 2179 per
879 2107 963 2162 tidem
1005 2107 1029 2161 ri
1044 2105 1076 2173 ²¹,
1088 2109 1123 2159 ι·
1139 2121 1223 2178 quem
1232 2105 1455 2177 praedicaverunt
1464 2104 1591 2159 doctores
1606 2103 1637 2157 iu
1649 2101 1809 2175 bonoopere

164 2191 295 2250 iloruerit
308 2195 445 2251 Christus.
462 2197 552 2264 Vinea,
566 2196 699 2263 Ecclesia,
710 2201 743 2251 ut
755 2197 783 2251 in
794 2196 960 2268 Evangelio:
1004 2194 1121 2251 robusti.
1144 2196 1198 2250 Per
1211 2198 1285 2249 viror
1307 2193 1440 2260 haeretici,
1456 2193 1532 2248 utin
1548 2192 1669 2247 Psalmis
1686 2211 1692 2246 :
1719 2210 1732 2244 c
1756 2189 1810 2246 Vin

144 2349 146 2352 y
165 2281 238 2338 «lte
254 2289 283 2339 et
296 2300 344 2339 vos
358 2285 388 2340 in
407 2286 517 2341 vineam
532 2302 625 2341 meam
643 2286 663 2353 7,
682 2305 694 2339 ι
720 2286 815 2353 idest,
838 2285 908 2340 bene
921 2285 963 2339 vi·
1004 2286 1178 2356 sanguinum
1194 2284 1332 2339 declinate
1354 2300 1371 2337 a
1389 2299 1434 2338 me
1451 2281 1483 2348 2⁵,
1500 2299 1513 2336 ι
1529 2282 1625 2347 idest,
1643 2298 1658 2336 0
1679 2280 1809 2349 haeretici,

165 2372 256 2428 vendo
270 2373 301 2428 in
315 2373 447 2442 Ecclesia,
456 2373 581 2430 laborate
590 2375 620 2429 in
637 2375 760 2430 Ecclesia
771 2391 843 2430 mea.
870 2377 961 2442 Vinea,
1004 2374 1053 2446 qui
1067 2390 1117 2445 per
1133 2373 1329 2445 deceptionem
1346 2372 1506 2427 animarum
1526 2369 1695 2441 sanguinem
1709 2368 1808 2435 bibitis,

165 2477 246 2518 sacra
260 2462 413 2535 Scriptura,
424 2464 551 2519 utiulob
565 2484 570 2519 :
587 2483 599 2516 a
610 2465 644 2519 Et
652 2465 762 2519 vincam
773 2466 844 2536 ejus,
857 2468 866 2488 ·
878 2480 962 2536 quam
1005 2463 1093 2533 tegite
1106 2479 1124 2517 a
1137 2480 1192 2518 mc.
1201 2463 1255 2517 Per
1264 2465 1346 2528 uiros,
1359 2462 1482 2535 quinque
1494 2477 1593 2515 sensus
1600 2459 1772 2531 corporales,
1782 2465 1810 2516 ut

165 2551 192 2606 vi
216 2560 424 2625 oppresserunt,
453 2553 659 2609 vindemiant¹
685 2572 691 2607 :
714 2573 727 2606 ι
752 2554 826 2625 quod
841 2554 964 2610 haeretici
1005 2551 1037 2606 in
1051 2551 1215 2623 Evangelio:
1232 2569 1245 2604 4
1262 2552 1395 2622 Quinque
1420 2551 1495 2605 enim
1507 2550 1581 2604 viros
1596 2547 1746 2619 (habuisti)
1756 2546 1809 2614 ”,ι

167 2641 335 2713 scripturam
357 2642 409 2697 viri
437 2643 574 2710 catholici,
600 2658 684 2715 quem
713 2643 883 2710 afflixerunt,
913 2643 966 2698 sibi
1007 2640 1035 2696 id
1050 2646 1102 2709 θεῖ,
1119 2640 1247 2696 sensibus
1263 2640 1387 2712 quinque
1398 2639 1522 2711 corporis
1532 2639 1573 2692 tui
1589 2637 1745 2692 adhaesisti.

166 2728 318 2785 vindicant.
340 2733 421 2786 Vinea
435 2733 529 2787 anima
544 2732 675 2800 hominis,
686 2737 718 2788 ut
730 2733 760 2787 in
775 2734 789 2787 J
792 2733 851 2789 oele
863 2750 868 2786 :
890 2734 966 2788 ‹Po-
1049 2732 1127 2800 Virgo
1141 2735 1184 2786 θεῖ
1198 2730 1247 2785 illa
1261 2730 1387 2784 omnium
1397 2727 1639 2798 decusrirginum,
1649 2727 1718 2782 utin
1728 2727 1806 2783 isaia:

167 2817 226 2874 suit
240 2818 350 2874 vineam
369 2836 462 2874 meam
486 2821 516 2875 in
539 2821 683 2877 desertum
698 2820 719 2889 7,
736 2840 749 2874 ι
765 2821 794 2876 id
820 2827 871 2889 θεῖ,
887 2821 967 2877 bonis
1011 2819 1109 2875 «Ecca
1122 2819 1201 2890 virgo
1216 2819 1362 2890 concipiet,
1379 2824 1408 2873 ct
1422 2816 1514 2890 pariet
1527 2815 1618 2871 tilium
1637 2814 1670 2883 ’7,
1693 2816 1753 2871 »id
1773 2821 1811 2871 est

167 2905 362 2979 spiritualibus
376 2908 519 2963 evacuavit
541 2908 665 2964 animem
685 2925 788 2965 meam.
810 2912 901 2978 Vinea,
916 2911 968 2965 Eo·
1008 2908 1099 2964 Maria
1113 2908 1256 2964 Christum
1278 2908 1307 2962 in
1328 2912 1412 2980 partu
1427 2906 1525 2973 illaesa,
1542 2904 1617 2978 quod
1635 2905 1665 2960 iu
1681 2911 1811 2978 conceptu

168 2995 254 3051 clesia
275 2995 470 3067 degentibus,
493 2999 575 3053 utin
600 2998 741 3053 Psalmis:
760 3016 774 3052 c
794 2999 913 3055 Vineam
934 2999 968 3054 de
1008 2997 1180 3070 incorrupta.
1211 2999 1300 3066 Virpo,
1324 3002 1422 3051 sancta
1446 2994 1577 3062 Ecclesia,
1594 3000 1627 3049 ut
1651 2995 1681 3051 in
1703 2994 1809 3050 Paulo:

168 3084 289 3158 AEgypto
307 3085 458 3141 trastulisti
476 3085 509 3154 ¹⁰,
537 3106 548 3138 ι
567 3087 596 3142 id
611 3092 663 3155 est,
677 3088 828 3143 Ecclesiam
843 3088 1026 3160 gentiumne
1039 3087 1194 3159 Despondit
1202 3087 1278 3141 enim
1286 3103 1335 3140 vos
1345 3085 1394 3142 uni
1404 3085 1463 3139 viro
1474 3084 1613 3156 virginem
1624 3083 1810 3140 custamenti·

169 3173 205 3232 de
220 3174 344 3230 tenebris
358 3176 523 3247 ignorantia
532 3175 567 3231 ad
581 3177 677 3231 lumen
687 3177 813 3233 veritatis
821 3178 970 3249 praeduxis-
1010 3175 1077 3232 bere
1092 3177 1203 3232 Christo
1216 3174 1250 3244 ’7,
1272 3195 1284 3227 ι
1301 3175 1376 3247 quod
1397 3172 1545 3229 insistebat
1559 3173 1636 3228 idem
1649 3173 1810 3245 praedicator

168 3262 201 3332 ti,
214 3264 289 3335 quod
303 3265 440 3338 AEgyptus
455 3267 578 3320 tenebras
593 3270 684 3321 sonat.
705 3267 797 3334 Vinea,
810 3268 968 3339 Synagoga,
1012 3267 1141 3338 egregius
1153 3266 1252 3321 otierrc
1268 3264 1419 3320 Ecclesiam
1428 3265 1489 3320 sinc
1503 3262 1614 3318 macula
1628 3269 1658 3318 θῖ
1668 3278 1743 3334 ruga
1755 3263 1809 3319 Sel·

169 3356 201 3407 ut
214 3351 245 3407 in
256 3352 371 3408 Cantica
384 3371 390 3406 :
404 3371 418 3407 c
433 3352 551 3408 Vineam
567 3370 659 3408 meam
673 3371 729 3409 non
743 3355 893 3410 custodivit
906 3355 938 3422 ¹¹,
956 3375 968 3408 a
1011 3355 1100 3410 satori
1121 3357 1205 3410 'tua
1227 3355 1314 3423 Virgo,
1335 3353 1430 3408 anima
1448 3358 1554 3418 sancta,
1570 3357 1602 3406 ut
1622 3352 1654 3407 in
1668 3352 1806 3407 Levium:

118 3467 122 3474 ·
170 3441 244 3514 quod
266 3442 445 3515 synagogam
459 3442 495 3497 ob
513 3443 738 3498 incredulitatem
760 3444 896 3499 Dominus
910 3461 927 3499 a
941 3462 971 3500 se
1015 3443 1187 3515 «Virginem
1203 3446 1213 3469 ·
1227 3443 1304 3498 ducit
1318 3458 1433 3499 uxorem
1444 3440 1477 3506 ¹¹,
1495 3461 1506 3493 ι
1523 3441 1597 3514 quod
1610 3441 1809 3496 animamfide

169 3528 281 3603 abjecit.
311 3532 402 3599 Vinea,
426 3532 484 3586 vita
507 3531 658 3603 cujuslibet
678 3534 855 3604 negligentis,
883 3540 915 3589 ut
941 3535 971 3589 in
1012 3533 1066 3588 lem
1083 3533 1134 3588 sibi
1146 3535 1247 3605 junget
1261 3550 1311 3606 pcr
1324 3547 1459 3587 amorem.
1480 3533 1568 3599 l'irpo,
1585 3547 1667 3586 mens
1675 3547 1773 3603 pram,
1782 3536 1807 3586 ut

169 3618 314 3676 Parabolis
328 3639 334 3676 :
352 3640 364 3673 ι
382 3621 417 3676 Εῖ
430 3637 481 3693 per
494 3621 606 3676 vineam
620 3621 671 3675 viri
685 3622 764 3677 stulti
778 3623 895 3677 transivi
910 3622 942 3690 ¹¹,
956 3645 969 3677 ι)
1011 3623 1042 3678 in
1052 3623 1140 3679 isaia:
1154 3641 1167 3676 a
1181 3623 1252 3678 Sede
1265 3622 1432 3694 inpulvere,
1441 3621 1517 3692 virgo
1527 3620 1586 3674 filia
1596 3619 1806 3692 Babylonis¹¹p

170 3707 199 3763 id
214 3713 266 3776 est,
277 3708 397 3765 intuitus
411 3710 571 3766 samnitem
581 3710 759 3782 negligentis.
782 3712 872 3777 Vinea,
885 3711 971 3782 hypo
1013 3712 1352 3785 quodmollitermoratur
1362 3711 1392 3766 in
1405 3717 1520 3765 terrena
1531 3709 1704 3780 cogitatione
1714 3727 1733 3766 a
1743 3709 1807 3765 bauo

170 3797 251 3866 crite,
274 3803 307 3853 ut
323 3797 353 3853 in
365 3798 436 3853 Job:
455 3817 468 3851 c
484 3798 615 3854 Laedctur
639 3799 720 3870 quasi
734 3800 815 3854 vinca
835 3799 865 3853 in
880 3800 971 3871 pruno
1013 3817 1096 3873 opere
1111 3801 1214 3856 sterilis
1229 3801 1324 3855 anima
1343 3800 1474 3855 vitiorum
1484 3799 1494 3823 ⁴
1504 3797 1806 3870 confusionesubjecto.

171 3885 241 3942 tiore
255 3885 352 3942 botrus
368 3889 429 3957 ejus
443 3886 475 3954 ’7,
493 3905 506 3941 o
524 3888 598 3960 quod
607 3887 679 3943 actio
689 3888 840 3960 hypocrite
850 3905 900 3960 per
910 3889 971 3944 lau·
1018 3892 1106 3959 Virpo,
1124 3889 1202 3962 plebs
1226 3889 1397 3955 Judaeorum,
1414 3894 1446 3943 ut
1471 3887 1500 3941 in
1522 3886 1680 3959 propheta:
1700 3887 1807 3960 «Virgo

171 3972 214 4031 dis
223 3976 353 4032 humanae
362 3976 485 4031 favorem
494 3977 717 4049 corrumpiturin
728 3977 818 4049 prima
828 3976 870 4032 sui
881 3984 972 4034 osten·
1012 3979 1099 4035 lsrael
1114 3981 1239 4051 projecta
1252 3984 1295 4033 est
1303 3977 1335 4045 ³¹,
1355 3997 1366 4029 ι
1382 3977 1412 4033 id
1426 3982 1476 4044 est,
1488 3975 1565 4048 plebs
1578 3976 1698 4032 Judaica
1711 3976 1808 4033 sterilis

171 4064 259 4120 sione.
268 4065 440 4120 Pcroineam
451 4065 658 4138 fidelespopuli,
666 4066 732 4121 utin
744 4067 898 4122 Cantium«
916 4069 970 4123 Po·
1012 4072 1041 4124 et
1052 4069 1225 4124 infructuosa
1238 4067 1273 4122 ob
1288 4067 1512 4122 incredulitatem
1525 4064 1679 4137 reprobata
1688 4073 1744 4123 est.

171 4158 290 4208 suerunt
303 4167 348 4207 me
359 4152 504 4207 custodem
516 4153 545 4207 in
556 4153 644 4209 vincis
655 4153 686 4221 ¹⁴,
700 4176 710 4204 ι
723 4155 813 4223 idest,
826 4157 972 4227 elegerunt
1053 4161 1134 4228 l'irpa
1148 4163 1192 4213 ost
1204 4157 1320 4212 verbum
1333 4172 1458 4222 manens,
1467 4161 1499 4211 ut
1512 4155 1542 4211 in
1553 4155 1667 4210 Exodo:
1687 4157 1814 4213 «Tenuit

171 4257 217 4298 me
231 4242 378 4314 prelatum
392 4241 420 4297 in
435 4242 555 4314 populis.
1011 4247 1139 4313 caudam,
1156 4261 1291 4317 versaque
1306 4245 1391 4300 estin
1406 4245 1512 4316 virgam
1525 4241 1557 4310 77,
1572 4260 1585 4296 u
1600 4243 1677 4314 quod
1692 4245 1815 4301 electiin

212 4333 328 4386 Vincula
343 4336 409 4386 sunt
424 4331 603 4388 infirmitates
623 4333 808 4390 humanitatis
822 4339 971 4405 assumptae
1011 4352 1067 4391 uno
1091 4337 1245 4406 eodemque
1260 4334 1370 4390 Christo
1389 4334 1479 4389 Deum
1492 4337 1521 4388 et
1534 4332 1680 4387 hominem
1694 4334 1822 4390 credunt

170 4419 200 4474 in
215 4419 336 4486 Christo,
354 4425 386 4474 ut
399 4420 429 4474 in
444 4418 495 4475 lob
512 4436 518 4475 :
538 4441 548 4471 ι
567 4420 601 4476 Et
621 4420 731 4477 vincula
752 4424 813 4494 ejus
832 4424 894 4494 quis
918 4411 1072 4480 sol-Dosse
1099 4420 1259 4480 Dominum.
1281 4426 1370 4492 Virpa,
1397 4422 1558 4479 humanitas
1588 4421 1704 4490 Christi,
1729 4429 1763 4479 ut
1786 4425 1818 4479 in

170 4507 210 4563 vit
219 4507 265 4567 ¹⁵?
281 4526 294 4562 ι
309 4507 384 4579 quod
398 4524 448 4579 per
462 4509 706 4577 resurrectionem,
720 4511 842 4581 gratiam
856 4527 969 4565 omnem
1010 4515 1112 4570 Paulo:
1132 4515 1188 4569 nEt
1197 4515 1304 4586 virgam
1313 4514 1482 4584 aaronque
1491 4511 1657 4567 fronduerat
1667 4510 1700 4578 77,
1714 4530 1727 4564 ι
1740 4513 1823 4585 quod

167 4595 244 4652 Deus
257 4596 342 4650 Pater
353 4596 383 4651 in
394 4596 525 4652 Christo*
539 4597 731 4654 infirmitatem
742 4600 861 4654 mumvit
870 4601 900 4654 in
913 4601 968 4654 vir-
1009 4604 1171 4659 humanitas
1185 4603 1298 4668 Christi,
1313 4601 1370 4656 reri
1385 4600 1546 4667 sacerdotis,
1560 4600 1637 4654 omni
1652 4601 1822 4656 sanctitatis

167 4689 268 4739 tutem.
291 4686 405 4740 Vincula
408 4692 546 4758 ,peccata
564 4688 617 4742 ut'
610 4705 640 4742 ιιι
653 4689 792 4744 Psalmis:
810 4689 969 4762 «Dirupisti
1010 4693 1109 4748 decore
1121 4691 1289 4763 fulgebat
1288 4692 1367 4759 ι’·,ιρα
1385 4695 1508 4762 potestas
1523 4688 1638 4756 Christi,
1651 4689 1727 4746 utin
1736 4690 1822 4746 Psal

145 4771 279 4829 ,vincula
294 4789 399 4840 mea
368 4773 391 4809 ¹¹
417 4775 476 4830 rid
489 4782 540 4843 θεῖ,
558 4776 707 4832 dissolvisti
718 4783 831 4849 peccata
845 4795 917 4834 men.
1010 4782 1083 4836 mis:
1102 4781 1252 4852 «virgam
1271 4780 1383 4834 virtutis
1402 4784 1457 4834 tuae
1479 4778 1600 4847 (emittet
1621 4778 1765 4835 Dominus
1778 4797 1818 4835 ex

209 4865 305 4934 Vipera
319 4864 613 4933 esttentatiodiaboli,
628 4866 699 4921 utin
712 4866 781 4923 Job:
796 4869 878 4923 «Et
848 4874 968 4924 tacce·
1009 4871 1129 4940 840077),
1145 4871 1207 4926 aid
1223 4875 1274 4940 est,
1289 4869 1457 4943 potestatem
1481 4866 1654 4923 fortitudinis
1669 4884 1729 4924 suae
1744 4885 1810 4942 pro·

165 4953 217 5009 det
228 4952 264 5008 ad
280 4953 597 5026 eumnnguaviperae¹⁷,
608 4975 620 5009 a
630 4955 659 5012 id
670 4961 722 5025 est,
734 4962 809 5012 mort
810 4975 854 5013 em
868 4959 968 5014 aniniae
1008 4961 1091 5017 ducet
1101 4977 1134 5016 cx
1149 4961 1251 5034 populo
1265 4960 1434 5016 iudaeorum.
1456 4959 1547 5028 Virga,
1558 4956 1691 5013 vexillum
1706 4959 1807 5026 crucis,

168 5059 219 5115 per
231 5058 399 5100 consensum
422 5049 580 5116 prosternet
599 5061 664 5102 eum
691 5047 832 5120 suggestio
852 5047 965 5105 diaboli.
1009 5052 1060 5108 ut
1054 5068 1084 5106 m
1097 5051 1190 5108 Exodo
1202 5068 1230 5104 z«
1245 5050 1376 5122 'tulitque
1389 5049 1483 5104 Aaron
1501 5048 1609 5119 virgam
1622 5062 1722 5104 coram
1733 5047 1807 5105 Pha-

202 5221 364 5294 ¹hpoc.v1,
380 5219 407 5278 6
429 5221 534 5278 ’Cant
549 5221 651 5290 ειιι,.3
675 5223 767 5280 ³Joel.
784 5226 846 5293 ι,5.
869 5228 974 5283 ⁴Prov
991 5227 1128 5295 xx111,3t.
1144 5228 1256 5300 ⁵Apoc.
1277 5228 1394 5292 x1v,10.
1411 5229 1519 5283 ⁶Cant.
1544 5227 1655 5292 ιιι,43
1673 5229 1800 5286 ¹biatth.

165 5292 537 5362 inhumanissima
560 5293 654 5350 77004.
675 5311 695 5362 ι,
711 5296 737 5351 7.
753 5297 775 5332 ¹⁰
788 5299 861 5353 Psal
876 5313 967 5366 uxxrx,
983 5299 1010 5355 9.
1025 5301 1045 5336 ¹¹
1062 5299 1230 5366 Can,6.
1258 5297 1281 5333 ¹²
1301 5299 1381 5352 Prov.
1401 5314 1475 5367 xxiv,
1491 5296 1535 5356 36.
1559 5297 1659 5355 ’7707)
1687 5314 1733 5369 ει,
1758 5300 1800 5359 33.

166 5334 356 5431 ¹¹Cant1,6.
380 5364 402 5400 ¹⁵
392 5363 574 5435 Jobxxxrx,
585 5366 611 5421 8.
629 5367 738 5422 ¹¹Psel,
755 5383 817 5436 exv,
838 5367 878 5427 46.
896 5372 990 5426 ¹⁷Job.
1007 5387 1052 5440 xx,
1069 5373 1113 5427 46.
1130 5371 1218 5427 ¹¹lsa.
1233 5385 1297 5436 xxx,
1313 5370 1339 5424 6.
1363 5370 1455 5426 ¹¹Jer
1469 5385 1543 5434 ιιιιιι,
1559 5369 1605 5424 33
1625 5341 1748 5428 ¹⁰Joau.
1764 5387 1802 5437 rr,

131 5502 134 5509 ¹
167 5433 210 5487 44
225 5433 247 5468 ’7
262 5436 331 5488 Cen
346 5451 387 5500 ιιι,
404 5433 551 5493 6.¹¹Psal.
569 5453 631 5504 eux,
647 5439 672 5494 3.
691 5439 805 5497 777000.
832 5457 868 5506 ιι,
886 5443 930 5498 48.
950 5441 973 5477 ’7
987 5443 1039 5498 lob
1053 5458 1145 5510 mu
1161 5442 1206 5499 34.
1230 5441 1336 5497 ¹¹Psal
1355 5455 1487 5507 exuram,
1504 5412 1549 5496 48.
1566 5440 1688 5499 777000.
1704 5458 1743 5511 ru,
1759 5442 1800 5500 48

164 5502 389 5640 :ijsaalwolrxssi
400 5504 423 5541 ’7
438 5508 464 5561 ΙΙ
477 5509 540 5565 Cor
557 5523 594 5574 ιι,
612 5480 638 5565 3.
652 5511 675 5547 77
690 5515 754 5570 Lot
772 5530 828 5575 xxr,
840 5484 883 5571 48.
901 5514 992 5570 ³⁰lsa
1007 5517 1121 5582 intrat
1109 5514 1310 5579 efflamus,
1325 5512 1351 5572 3.
1367 5513 1490 5572 ¹¹Errod.
1506 5527 1543 5579 ιν,
1559 5512 1715 5572 47747064.
1728 5515 1801 5583 ιιι,4
