3772 6120
134 267 157 321 it
364 266 653 325 mandationem
673 269 712 325 IN
732 267 808 325 EPP'.
830 268 936 325 PAULI
956 271 1024 326 ΗΒ.
1046 272 1092 327 lx.
1111 302 1142 314 -
1159 273 1197 328 ΙΝ
1217 272 1327 329 erlsr.
1350 273 1428 329 thu
1448 274 1530 329 COR.
1733 275 1766 333 ‘2⁴2

135 399 204 458 sirim
220 396 297 451 sieut
312 401 409 450 autem
424 412 489 451 curn
504 395 540 450 sit
554 396 582 450 in
598 397 690 468 seipsa
703 397 769 458 uita,
780 397 865 451 etiam
881 398 962 457 κιο-Α
1283 399 1400 455 CAPUT
1419 400 1453 455 ll.

137 487 169 541 ἥδ
182 488 212 540 fit
225 486 294 548 ”¹¹³2
305 502 370 540 ‘³⁰¹⁰
380 487 442 557 eius
456 486 594 568 efficimus
607 491 747 557 utfflffl‘lue
762 486 926 557 ΡῑῑΓῐῙῦῙΡθὲἱ
970 504 1092 559 Ostendit
1105 503 1247 574 ,lpostotas
1261 522 1287 558 sc
1296 523 1378 559 oseem
1390 522 1443 559 reon
1454 509 1538 574 fnisse
1549 511 1707 565 excellentia
1716 525 1767 565 εω-

136 577 168 630 its
178 592 240 629 eum
254 575 285 628 in
300 591 330 628 se
343 575 381 628 sit
385 574 506 645 J'ustitiu,
516 575 601 628 etiarn
610 574 688 628 uobis
701 575 732 628 tlt
742 574 852 645 justitia
863 592 927 629 eum
1004 579 1110 629 certaris
1119 580 1263 641 srrrrmnts,
1275 580 1342 645 piria
1352 579 1465 645 perlecti
1475 583 1593 642 lantum,
1605 583 1711 633 atsnnt
1721 581 1765 634 ho

137 663 336 719 eimhaemndo
359 664 486 727 risimus,
510 669 539 717 et
552 668 632 718 tanto
660 663 749 733 magis
780 664 927 734 minusque
1005 651 1091 700 enines
1104 651 1468 717 illit'l'iiffl'fssoimmitam
1485 665 1586 718 mlieri-

136 756 306 826 iustisumus,
316 760 423 826 quanto
435 753 475 807 illi
488 753 737 824 magisminusque
745 753 925 806 cohaeremus.
1004 755 1037 807 ht
1051 771 1096 822 epo
1111 770 1171 807 cnm
1183 759 1314 808 cessissem
1324 757 1361 809 ad
1375 772 1428 819 eos,
1439 757 1550 823 fratres,
1564 759 1626 809 ceni
1637 771 1691 809 non
1702 771 1764 809 cnm

139 845 206 899 Unde
220 845 357 913 scripturn
373 848 415 896 est
430 843 465 895 de
487 841 631 911 unigenito
652 841 722 895 Filio
738 841 797 905 Dei,
812 858 876 895 curn
891 841 928 896 sit
968 845 1118 895 een-inentia
1138 847 1273 897 scrinariis
1292 849 1341 896 alet
1362 846 1503 911 sapientie
1519 844 1673 912 predicans
1692 845 1764 897 vobis

139 934 224 1003 ntique
239 932 331 986 Patris
345 931 485 1002 sapientia
500 936 584 1001 atque
593 930 714 1000 justitia,
731 935 760 984 et
775 947 886 1000 semper
899 931 927 983 in
969 933 1131 995 mysterium
1142 933 1190 985 liei
1196 952 1204 984 :
1216 948 1300 1000 neque
1309 933 1519 1000 enirnjndieari
1528 934 1597 984 scire
1608 934 1765 1000 isrealiqaid

139 1023 218 1094 seipsa
230 1022 274 1081 sit,
292 1021 366 1091 quod
382 1021 472 1074 iaetus
486 1020 521 1072 sit
534 1018 614 1073 nobis
628 1019 766 1089 sapientia
778 1025 806 1072 et
815 1019 927 1089 justitia
968 1022 1042 1072 inter
1056 1036 1107 1083 eros,
1126 1023 1183 1073 nisi
1198 1021 1339 1074 Christum
1353 1022 1445 1073 lenem
1461 1026 1486 1073 et
1501 1021 1575 1074 brine
1588 1022 1762 1088 errecideune.

139 1116 163 1166 et
174 1109 360 1174 sanctificatio,
375 1116 404 1161 et
417 1108 582 1179 redemptio.
967 1107 1047 1178 (arm
1058 1108 1268 1176 lhcsidiceret,
1283 1109 1354 1172 Quia
1370 1125 1417 1162 vos
1430 1126 1528 1179 carpsere
1537 1109 1691 1163 divinitatis
1704 1111 1765 1179 ejus

170 1201 197 1254 i‘t
208 1199 437 1268 quernudmodnm
452 1201 653 1265 scriptumest:
668 1196 721 1263 Oui
733 1201 880 1265 ploriotor,
895 1200 925 1250 in
968 1198 1102 1268 mysteria
1117 1215 1171 1251 non
1188 1215 1266 1268 posse
1282 1197 1474 1267 pserrsasisssom
1490 1198 1566 1251 vobis
1581 1198 1765 1253 humanitatis

140 1292 241 1344 domino
251 1290 399 1355 oloridur.
411 1287 459 1340 Est
472 1287 553 1357 plane
565 1285 611 1340 ille
625 1302 753 1340 summus
766 1286 849 1347 Deus,
860 1303 926 1339 vera
967 1287 1027 1355 ejus
1041 1287 1152 1340 intirma
1167 1287 1275 1340 loeutus
1290 1303 1362 1339 sum.
1372 1286 1510 1351 Quoniam
1525 1287 1652 1358 superius
1665 1287 1765 1359 gradu·

134 1377 240 1448 justitia,
257 1375 300 1428 rel
316 1375 363 1428 ilie
379 1391 462 1428 verus
482 1373 556 1428 Deus
575 1390 688 1428 summa
702 1374 822 1443 justitia.
840 1391 924 1444 quam
966 1374 1016 1429 tim
1032 1376 1150 1429 formam
1164 1375 1315 1445 disciplinas
1329 1382 1430 1430 nostrie
1441 1377 1573 1436 ostendit,
1583 1393 1656 1431 nunc
1671 1393 1726 1431 non
1734 1393 1763 1431 se
1850 1389 1853 1393 ’

136 1466 243 1537 proiecto
258 1465 368 1518 esurire
382 1480 414 1517 ac
429 1464 508 1517 sitire
523 1462 716 1528 debemus3ea
731 1468 825 1516 nostra
842 1469 883 1517 est
896 1463 924 1516 in
966 1464 1048 1518 aliter
1068 1464 1122 1518 illis
1142 1464 1290 1518 tradidisse
1313 1464 1422 1535 probat,
1445 1482 1529 1536 quam
1551 1482 1612 1537 quse
1631 1464 1762 1521 ostendit.

135 1558 178 1610 bac
190 1554 416 1628 peregrinatione
428 1552 549 1623 justitia,
567 1559 595 1606 et
614 1569 670 1622 qua
692 1557 789 1622 postea
803 1553 924 1605 saturari
967 1553 1104 1623 quinetin
1114 1552 1272 1607 humilitate
1285 1555 1422 1607 sermonis
1434 1559 1463 1608 et
1473 1553 1765 1626 instultitiapraedica·

134 1646 248 1716 cupimus
265 1665 272 1710 ς
288 1661 323 1698 ea
338 1647 436 1696 nostra
446 1642 526 1695 estin
538 1641 694 1695 eternitate
710 1641 792 1711 plena
803 1640 922 1710 justitia.
966 1641 1050 1694 tionis
1064 1641 1135 1695 sicut
1145 1641 1764 1705 mundos-idetur,locutusestillisdeChristo

134 1734 219 1806 (ian.)
239 1735 349 1788 Cuncta
370 1747 493 1802 namque
508 1731 530 1784 si
546 1729 581 1783 ab
597 1746 651 1784 uno
667 1729 779 1782 homine
794 1729 923 1783 volumus
934 1715 956 1774 Β
966 1731 1147 1801 mysterium:
1167 1731 1240 1801 qnod
1256 1731 1318 1786 ideo
1333 1733 1498 1803 mysterium
1515 1740 1594 1787 vocat
1609 1734 1675 1804 quia
1690 1733 1763 1804 quod

134 1823 253 1887 mutuari,
262 1829 312 1876 aut
327 1821 452 1884 difficile,
462 1826 511 1874 aut
520 1825 594 1873 certe
607 1835 761 1889 numquam
775 1819 876 1871 idonea
889 1818 924 1871 nd
966 1819 1141 1873 incarnatum
1154 1826 1205 1881 est,
1219 1821 1357 1875 occultum
1367 1827 1429 1875 erat
1440 1839 1457 1876 a
1470 1822 1578 1877 seculis
1589 1822 1662 1894 apud
1674 1819 1762 1876 Deum

134 1912 288 1966 imitandum
304 1909 433 1981 exempla
448 1909 527 1963 uobis
541 1908 665 1979 poterint
679 1907 806 1978 reperiri.
816 1907 882 1978 quia
893 1907 924 1960 li·
965 1909 1039 1962 Deus
1052 1908 1185 1975 uerbum;
1201 1910 1344 1964 hereticos
1359 1918 1453 1964 autem
1468 1928 1528 1965 csse
1543 1912 1572 1964 in
1587 1910 1688 1982 quibus
1702 1911 1763 1981 gio-

133 2008 168 2054 oet
178 2000 294 2055 necdum
311 1999 457 2053 Christum
473 1999 566 2052 omnia
580 1998 606 2051 in
621 1997 751 2051 omuibus
762 1996 867 2050 ihctum
883 2013 924 2049 se·
964 1997 1119 2062 riabnntur,
1136 1996 1203 2070 quia
1217 2007 1246 2052 et
1265 2016 1314 2070 per
1329 1999 1517 2070 eloquentiam
1532 2016 1646 2071 pravam
1660 2000 1763 2056 doctri-

132 2091 240 2143 cundum
252 2090 421 2160 Apostolum
430 2088 565 2141 videmus.
575 2087 676 2140 suntin
685 2086 815 2139 omuibus
827 2093 922 2139 tamen
963 2103 1028 2140 narn
1042 2088 1285 2148 commendabant,
1305 2089 1483 2159 prudentiam
1500 2088 1597 2144 rnuudi
1613 2094 1761 2145 sectantes.

132 2179 171 2233 boc
186 2179 268 2232 modo
283 2176 481 2249 possumusid
498 2182 549 2239 est,
564 2192 615 2245 per
630 2180 724 2244 partes
737 2175 765 2228 in
781 2174 920 2240 omnibus
962 2193 1072 2229 crucem
1082 2176 1185 2231 Christi
1193 2177 1372 2242 evacuabant,
1383 2178 1577 2233 erubescentes
1585 2178 1662 2232 stulti
1671 2178 1764 2255 appel·

130 2269 249 2322 inuenire.
268 2268 309 2321 De
326 2267 387 2337 ipso
401 2265 476 2318 enim
491 2264 606 2319 dicitur:
621 2266 674 2329 (lui
688 2265 778 2330 fartus
792 2269 829 2317 est
846 2265 921 2316 scobis
962 2265 1045 2319 laria
1062 2266 1175 2328 mundo,
1193 2272 1224 2320 ut
1238 2283 1328 2337 neque
1342 2273 1439 2321 natum
1455 2267 1598 2321 Christum
1613 2285 1644 2320 cx
1657 2267 1764 2341 virgine

132 2373 155 2410 ec
170 2358 219 2410 deo
236 2359 388 2425 sapientia.
405 2356 530 2421 justitia,
551 2356 691 2411 sarsetitas,
715 2358 739 2404 et
761 2353 917 2420 redemptio.
963 2354 1154 2424 predicarent,
1170 2371 1261 2425 neque
1275 2372 1339 2408 uero
1358 2356 1519 2409 crucifixum
1539 2356 1680 2428 docerent,
1697 2357 1762 2426 quia

129 2446 190 2498 ilum
205 2461 274 2515 crgo
288 2445 318 2497 iu
332 2443 388 2496 alio
404 2442 552 2512 sapientia,
571 2442 600 2495 in
617 2440 672 2494 alio
684 2440 804 2509 iustitia.
822 2440 849 2493 iu
866 2441 920 2493 alio
962 2442 1079 2496 stultum
1089 2443 1207 2506 videtur,
1223 2443 1272 2497 Dei
1286 2443 1377 2496 Flium
1387 2442 1763 2498 untumhominemtateriet

130 2534 266 2593 mentitas,
282 2533 313 2586 in
329 2532 383 2585 elio
403 2531 600 2590 mansuetudo,
623 2531 652 2583 in
675 2529 730 2583 alio
745 2529 868 2588 castitas,
892 2530 920 2583 in
961 2530 1132 2584 crucifixum.
1156 2531 1213 2585 Hos
1231 2537 1260 2584 et
1277 2533 1398 2585 loannes
1417 2531 1560 2602 apostolus
1577 2532 1706 2602 designat
1720 2531 1762 2585 dl-

132 2623 179 2675 alio
198 2620 345 2675 humilitas
359 2621 506 2691 reperitur,
524 2618 701 2672 membratim
725 2617 852 2688 Christus
872 2635 922 2688 per
961 2636 1042 2673 cens:
1061 2621 1113 2686 (lni
1129 2627 1209 2688 nepot
1225 2620 1367 2674 Christum.
1380 2622 1694 2685 consentanearum
1708 2628 1762 2676 est:

131 2726 353 2782 unumquemque
375 2725 451 2763 nunc
473 2713 632 2762 sanctorum
653 2707 758 2760 divisus
780 2714 841 2759 est:
858 2724 921 2760 eon·
961 2713 985 2761 ct
1001 2725 1048 2775 nere
1066 2715 1144 2775 erepat
1168 2710 1282 2773 Filium,
1300 2724 1349 2763 nee
1362 2712 1470 2764 Patrem.
1486 2710 1565 2763 isabel
1578 2709 1606 2780 (I
1616 2710 1696 2764 toan.
1714 2711 1761 2780 u);

130 2800 299 2854 amentibus
315 2815 379 2853 sero
395 2798 533 2852 universis
548 2798 577 2851 iu
591 2797 728 2850 unitatem
743 2795 809 2849 srdei
823 2813 855 2849 nc
871 2797 923 2848 vir·
964 2797 1030 2868 quia
1045 2797 1136 2867 ipsum
1149 2798 1261 2852 Patrem
1272 2797 1325 2851 sibi
1342 2797 1442 2852 Filium
1452 2797 1763 2870 appellatumdleebant

130 2891 197 2944 tutis
206 2888 334 2943 redditur
343 2889 373 2941 iu
387 2888 478 2941 uirum
492 2887 655 2957 perfectum,
667 2884 870 2955 plenitudinem
879 2886 922 2938 sui
963 2903 995 2940 ex
1010 2886 1110 2956 quibus
1120 2887 1243 2940 Marcion
1256 2887 1341 2941 traxit
1350 2904 1483 2942 errorem.
1493 2888 1560 2952 Qua
1568 2888 1660 2958 arguit
1668 2888 1763 2943 clausa
1806 2951 1809 2956 Ι

130 2980 242 3049 corporis
250 2979 280 3032 in
288 2977 465 3047 singulorum
473 2975 663 3029 membrorum
676 2990 811 3044 compage
819 2989 851 3027 ae
859 2990 920 3044 pro·
963 2974 1101 3037 vitientur,
1111 2976 1177 3046 quia
1192 2993 1248 3030 non
1264 2976 1312 3031 illa
1326 2977 1495 3036 manifestat.
1505 2978 1551 3031 sed
1567 2977 1684 3048 intelligi
1692 2978 1761 3035 nult.

130 3069 237 3138 prietate
253 3068 412 3139 perficiens.
428 3064 520 3119 Donec
535 3064 629 3117 veniat
643 3078 709 3128 ergo
726 3063 794 3116 illud
807 3032 951 3133 tempusC
962 3081 994 3118 ex
1010 3081 1043 3117 eo
1059 3065 1131 3135 quod
1148 3065 1177 3119 in
1192 3066 1370 3136 prudentiam
1380 3067 1476 3121 mundi
1491 3067 1642 3126 inuehitur,
1652 3073 1763 3139 quaeest

132 3172 178 3226 quo
190 3157 224 3211 sit
238 3157 313 3211 Deus
329 3154 425 3209 omnia
441 3155 469 3208 in
484 3153 622 3215 omnibus,
643 3153 671 3206 in
686 3153 816 3223 prasenti
828 3159 922 3223 potest
961 3153 1091 3223 religioni
1105 3154 1220 3210 inimica
1230 3175 1236 3220 ;
1247 3172 1307 3226 quae
1322 3161 1417 3210 autern
1428 3162 1493 3210 sunt
1504 3173 1565 3227 quse
1575 3155 1691 3227 corripit
1701 3157 1762 3225 ejus

133 3245 175 3298 hoc
188 3262 240 3317 quo
255 3245 379 3299 diximus
395 3243 488 3308 modo,
505 3242 533 3295 ld
547 3247 589 3295 cst
604 3257 653 3313 per
668 3248 761 3313 partes
774 3242 918 3300 virtutum,
959 3241 1065 3312 judicio
1079 3243 1138 3295 vuit
1153 3243 1231 3309 disci,
1254 3249 1286 3297 ut
1306 3261 1423 3314 qunque
1445 3250 1542 3298 nostra
1561 3243 1670 3313 irridet,
1687 3241 1762 3298 velut

134 3347 185 3385 esse
198 3334 225 3386 in
239 3332 371 3387 omnibus
384 3333 468 3393 Deus,
485 3331 550 3384 licet
562 3331 687 3384 nondum
707 3330 851 3400 plenitudo
873 3346 920 3383 ea·
962 3331 1048 3384 stulta
1062 3349 1079 3385 a
1093 3348 1122 3384 sc
1141 3333 1235 3386 omnia
1256 3334 1286 3387 in
1306 3333 1457 3388 Corinthiis
1479 3333 1647 3406 reprehendi
1667 3339 1761 3388 osten·

136 3438 188 3475 mm
199 3424 289 3475 omnia
299 3423 337 3475 sit
348 3422 378 3474 in
388 3419 532 3474 omnibus:
544 3420 680 3490 quialieet
692 3434 765 3474 unus
778 3419 921 3488 religionis
962 3419 1024 3472 dat:
1041 3437 1142 3491 corpus
1157 3421 1231 3474 enim
1249 3423 1341 3493 ipsum
1362 3429 1509 3483 memorat,
1525 3430 1556 3477 ut
1570 3439 1604 3477 ex
1623 3438 1655 3477 eo
1672 3438 1761 3476 mem·

136 3519 223 3565 nostra
235 3512 272 3565 sit
284 3511 359 3574 linis.
376 3509 561 3581 professiones
575 3515 671 3563 tamen
686 3507 921 3579 diverses,quibus
961 3507 1075 3563 brorum
1092 3511 1152 3580 ejus
1171 3511 1242 3564 ratio
1263 3510 1462 3580 dignoscatur;
1487 3512 1639 3567 Corinthiis
1666 3518 1760 3566 tamen

138 3600 165 3651 ad
180 3601 321 3654 Dominum
335 3600 472 3662 tenditur,
489 3599 560 3652 sicut
573 3598 602 3651 in
616 3596 810 3651 collationibus
828 3597 920 3650 senio·
962 3597 1110 3652 manifesta
1124 3607 1205 3653 ernist
1219 3600 1286 3670 quia
1300 3616 1398 3655 causas
1414 3602 1442 3655 in
1456 3601 1557 3672 quibus
1571 3599 1762 3673 arguebantur

140 3704 190 3741 mm
203 3690 309 3759 plenius
322 3688 525 3759 disputandum
541 3692 592 3740 est.
609 3688 730 3757 ideoque
745 3686 920 3740 discretionis
961 3704 1017 3741 non
1031 3686 1207 3757 ignorabant.
1217 3690 1249 3742 Et
1258 3705 1304 3756 epo
1314 3695 1345 3743 in
1356 3693 1521 3758 infirmitate
1529 3697 1554 3745 et
1566 3695 1663 3745 timore
1674 3693 1761 3744 multo

141 3784 163 3829 et
173 3779 342 3832 continentie
353 3777 445 3830 sonna
455 3776 490 3831 ah
500 3777 545 3830 his
554 3781 596 3829 est
607 3776 686 3829 nobis
700 3774 869 3846 peculiarius
877 3791 921 3828 ex·
962 3778 1008 3844 sai
1022 3777 1097 3843 opud
1113 3792 1166 3828 ros.
1180 3778 1276 3843 tinio.)
1287 3777 1429 3830 Christum
1444 3779 1519 3832 enim
1536 3779 1564 3831 in
1578 3778 1699 3831 stultitia
1711 3777 1761 3829 hu-

141 3868 254 3934 pcteude,
263 3883 281 3920 a
295 3867 395 3937 quibus
407 3867 524 3920 virtutes
538 3866 589 3920 has
604 3882 654 3936 per
666 3865 788 3934 gratiam
802 3864 922 3935 Spiritus
963 3881 1053 3917 manee
1067 3865 1211 3933 sapientire
1221 3865 1383 3935 predicans,
1393 3863 1488 3918 odium
1498 3863 1549 3919 sibi
1558 3865 1761 3936 etpersecutio

141 3956 219 4008 ancti
232 3954 345 4009 uberius
357 3956 475 4010 adimus
486 3955 609 4020 effluere,
619 3971 675 4008 non
688 3954 761 4024 quod
774 3954 848 4007 ullus
861 3969 922 4023 qna
964 3969 1028 4006 men
1043 3953 1219 4023 prouocabat,
1236 3952 1315 4023 qnasi
1332 3969 1390 4006 rem
1414 3969 1514 4007 vanarn
1535 3950 1714 4020 annuntians
1733 3960 1761 4008 et

141 4041 164 4096 in
176 4046 273 4098 multos
287 4045 373 4098 disisa
385 4052 461 4104 sunt,
471 4045 546 4099 solus
561 4044 648 4115 possit
661 4043 815 4114 acquirere,
831 4042 879 4095 sed
891 4048 923 4096 ut
963 4042 1139 4096 inimicitiam
1155 4043 1258 4096 ludaeis
1270 4049 1354 4112 atque
1363 4041 1502 4112 gentibus.
1512 4046 1641 4099 Etsermo
1651 4059 1727 4097 eneas
1737 4050 1762 4099 et

141 4132 207 4188 inhis
215 4134 294 4188 bouis
305 4151 425 4205 quorum
431 4151 547 4205 capaces
554 4150 613 4187 esse
624 4149 772 4204 possumus
780 4132 814 4185 ad
824 4148 922 4185 eorum
961 4134 1120 4202 pradicatio
1126 4148 1184 4185 enea
1191 4148 1246 4185 noes
1253 4136 1284 4186 in
1290 4136 1493 4200 persuasionem
1504 4136 1646 4202 sapientia
1663 4132 1761 4188 Osten-

142 4235 180 4276 uos
192 4224 376 4278 imitationem
385 4224 433 4294 qui
443 4240 490 4277 eas
503 4223 671 4295 peculiarius
683 4222 853 4287 abstinuere,
863 4229 922 4274 ten-
963 4221 1005 4274 dit
1020 4220 1085 4291 quia
1105 4236 1140 4273 ne
1160 4219 1306 4275 hominum
1329 4220 1450 4275 fauorem
1471 4221 1638 4293 acquireret,
1659 4218 1760 4274 idcirco

139 4311 362 4384 demusldmbr.)
377 4314 408 4367 ue
422 4313 796 4380 qeeensadmodnmscriptum
810 4311 923 4375 cst:0ni
963 4310 1093 4363 humanae
1108 4310 1251 4380 sapientiae
1268 4311 1376 4380 plaeere
1397 4310 1527 4375 noluisse,
1550 4326 1640 4381 neque
1661 4308 1760 4363 uerbo-

136 4403 263 4465 eloriatur
276 4406 309 4455 in
325 4403 442 4455 donnino
455 4405 599 4469 ptorietar.
615 4401 672 4454 Hoc
687 4400 822 4470 seriptum
837 4399 921 4451 estin
963 4416 1026 4453 rum
1040 4399 1095 4452 arti
1107 4399 1256 4464 studuisse,
1267 4399 1315 4452 sed
1324 4400 1407 4454 fldem
1420 4400 1526 4453 auctori
1535 4397 1701 4461 exhibuisse,
1711 4397 1758 4466 qui

134 4489 243 4544 Ieremia
259 4491 400 4562 propheta
414 4489 479 4548 (ter.
497 4505 535 4544 rx.
537 4492 549 4561 )
571 4490 692 4559 Dignum
708 4495 751 4542 est
768 4488 841 4558 quod
854 4488 922 4541 dicit
963 4488 1118 4542 doctrinam
1131 4502 1211 4542 suam
1223 4505 1279 4542 non
1293 4497 1394 4542 ornatu
1405 4487 1565 4541 traditionis
1579 4486 1760 4540 humanaeac·

132 4579 304 4649 prophetant
319 4580 350 4633 in
364 4580 484 4633 Domino
497 4579 659 4648 gloriemur.
670 4578 742 4642 Quia
755 4577 922 4647 nonpoterit
962 4577 1126 4648 ceptabilem
1143 4593 1202 4631 esse
1217 4576 1304 4631 voluit
1319 4575 1464 4629 verborum
1478 4573 1607 4646 strepitu,
1624 4574 1673 4629 sed
1691 4573 1759 4644 ipsis

129 4668 250 4722 confundi
265 4669 314 4739 qui
329 4668 467 4738 gloriatur
479 4669 508 4722 in
523 4669 581 4722 Deo
595 4687 600 4720 :
619 4685 704 4738 opera
718 4667 793 4720 enim
809 4667 878 4735 ejus,
894 4670 921 4718 et
963 4666 1054 4729 rebus,
1064 4666 1129 4736 quia
1140 4681 1184 4720 res
1192 4672 1257 4719 ante
1271 4663 1355 4718 verba
1367 4671 1441 4719 sunt.
1451 4663 1495 4720 Ad
1508 4668 1687 4719 ostensionem
1698 4662 1759 4734 Spi-

127 4757 329 4827 magnitieeutia
343 4758 372 4811 in
388 4757 469 4812 rebus
483 4763 569 4827 gestis
581 4762 726 4828 apparent.
741 4754 921 4825 Ideoque,in-
963 4760 1035 4810 ritas
1051 4762 1073 4809 et
1091 4759 1204 4809 rietatis
1221 4755 1278 4808 Dei.
1300 4753 1338 4807 Ut
1356 4753 1423 4824 quia
1440 4752 1540 4820 verbis,
1566 4770 1626 4824 quae
1647 4752 1759 4809 intirma

126 4847 409 4917 quit,contundantur
423 4847 451 4899 in
463 4846 544 4900 idolis
555 4846 623 4908 suis,
639 4846 686 4916 qui
698 4844 921 4916 nonpluuntnee
960 4847 1040 4915 J'uxta
1058 4845 1190 4898 virtutem
1216 4848 1290 4908 sunt,
1314 4860 1359 4898 res
1373 4844 1456 4899 iatum
1476 4849 1586 4915 compte
1607 4844 1759 4914 prudentes

124 4935 243 4990 iecerunt
256 4937 358 4990 coelum
371 4942 522 4990 ettemam.
533 4935 723 5001 Similimodo,
733 4942 762 4988 et
775 4933 822 5004 qui
836 4933 923 4986 inho·
964 4933 1103 4997 videntur,
1113 4934 1187 4987 Deus
1201 4932 1425 5003 praedicationem
1437 4950 1517 4988 suam
1529 4949 1584 4987 uon
1598 4931 1759 4987 testimonio

125 5025 243 5079 minibus
262 5027 423 5097 gloriantur
438 5040 507 5096 quos
521 5025 614 5079 sciunt
632 5025 730 5095 utique
744 5023 847 5078 nullius
861 5039 922 5077 esse
963 5023 1110 5077 verborum
1137 5020 1224 5075 voluit
1248 5024 1448 5083 commendari,
1471 5023 1519 5077 sed
1547 5021 1705 5087 virtutibus,
1727 5026 1759 5075 ut

122 5117 339 5187 simultatium
354 5121 382 5169 et
392 5115 433 5169 ait
447 5114 606 5186 Scriptura:
626 5115 699 5168 Vana
709 5130 767 5182 spes
781 5119 817 5165 cst
833 5115 864 5165 in
876 5114 920 5164 tro-
962 5112 1037 5167 verbi
1052 5111 1172 5166 stultitia
1184 5111 1308 5166 iudicata
1320 5112 1399 5168 iactis
1415 5129 1444 5167 se
1458 5112 1624 5183 sapientium
1640 5110 1756 5164 demon-

123 5209 192 5259 mine
208 5206 304 5272 (dccli.
323 5207 432 5271 xxxiv).
443 5204 489 5258 Sic
501 5205 566 5258 enin
582 5203 629 5274 qui
643 5203 781 5274 gloriatur
795 5217 850 5255 non
865 5201 919 5254 nisi
960 5208 1063 5257 straret
1072 5199 1191 5271 spiritali
1202 5201 1310 5255 ratione
1321 5201 1446 5255 fundata
1456 5201 1710 5269 Sapientiamenim
1721 5200 1758 5251 lo·

119 5295 144 5348 in
158 5296 279 5349 Domino
292 5293 442 5365 gloriatin,
460 5308 523 5347 eum
538 5292 680 5364 cognoscit
701 5307 758 5346 non
772 5307 854 5346 suum
871 5291 918 5344 sed
960 5293 1160 5361 quimorinter
1167 5292 1306 5358 perlectos.
1317 5291 1375 5345 Hoc
1388 5296 1431 5344 est
1445 5291 1576 5345 intereos
1588 5288 1635 5360 qui
1646 5303 1756 5348 crucem

118 5385 188 5439 illius
200 5402 272 5452 esse,
282 5400 341 5438 uon
353 5383 445 5437 solum
459 5388 490 5436 ut
499 5383 544 5445 sit,
553 5398 651 5436 uerum
662 5381 748 5436 etiam
761 5387 793 5435 ut
802 5381 918 5435 nonnisi
963 5380 1065 5435 Christi
1084 5379 1197 5433 virtutis
1215 5379 1377 5434 testimonio
1391 5379 1558 5452 sapientiam
1571 5378 1709 5433 fatentur:
1728 5376 1757 5431 hi

117 5474 148 5526 ab
165 5472 214 5529 illo
229 5473 302 5528 hene
318 5473 373 5527 sibi
387 5472 436 5525 sit.
453 5488 539 5542 aquo
552 5471 638 5526 habet
652 5477 685 5525 ut
699 5471 745 5525 sit.
961 5471 1036 5525 enim
1048 5469 1189 5541 sapientes
1201 5474 1230 5522 et
1240 5467 1354 5540 perlecti
1368 5476 1434 5524 sunt
1447 5470 1494 5541 qui
1506 5468 1590 5524 tidem
1602 5482 1659 5522 non
1668 5466 1757 5547 magis

961 5557 1051 5612 verbis
1066 5557 1179 5622 habent,
1194 5572 1279 5628 quam
1294 5556 1386 5613 rebus.
1406 5558 1579 5627 Sapientiam
1593 5564 1685 5614 autern
1702 5569 1756 5609 narr
