3772 6120
117 253 160 310 ut
327 220 616 312 maurimontem
634 234 675 309 nl
693 254 768 310 err.
790 245 897 311 enum
917 250 985 312 me.
1002 240 1138 312 stin-
1158 252 1198 312 m
1217 244 1328 312 uersa.
1349 244 1397 315 ab
1418 250 1542 316 uenas.
1706 262 1759 323 ra

117 380 180 433 lium
194 379 376 450 predicasse,
394 380 448 434 isse
456 379 584 440 Romam.
596 383 632 434 ad
643 380 794 453 Hispanias
804 384 846 435 rel
857 398 918 453 per·
928 382 1052 443 Apatris
1062 399 1124 437 mea
1140 386 1215 443 sunt,
1230 389 1258 436 et
1268 398 1331 437 mea
1349 384 1444 438 omnia
1458 384 1559 439 Patris.
1580 408 1590 431 r
1606 389 1757 456 Propterea.

116 468 224 534 rexisse,
234 469 278 522 rel
286 467 914 540 iredisponere.'l'otusmundusaddoctrinum
958 471 1474 541 inquiteurvupcnuurrrrourtl’utrcnr,
1494 476 1760 532 trtctcteobr‘sserua-

115 558 198 629 ipsium
205 557 391 629 depotestate
399 558 531 629 principis
543 558 702 624 tollebatur,
715 560 916 615 deserebantur
956 561 1304 627 datin‹lieitiurptoriasua
1313 563 1445 614 uirtutem
1459 563 1615 630 confortari
1629 564 1757 636 (Athea.)

116 646 193 705 idola
207 651 238 701 et
252 646 412 700 cultoribus
424 647 528 718 templa
537 647 649 702 deserta
658 650 915 719 squaloreetsordi-
957 649 1042 703 Recte
1064 649 1152 716 igitur
1172 649 1251 719 petit,
1270 666 1303 703 ne
1320 649 1433 703 deficiat
1447 651 1516 703 tides
1532 651 1717 722 Ephesiorum
1729 655 1758 709 in

116 735 366 806 hrsreplebantur‚
374 736 409 790 ob
417 753 501 807 quam
508 753 620 790 causam
627 738 717 791 omnis
724 739 915 792 ‹exercitusdc-
957 736 1096 807 pressuris
1112 737 1171 791 suis
1186 742 1270 809 atque
1282 738 1430 808 angustiis,
1446 756 1515 809 quas
1526 745 1674 811 propterca
1685 743 1759 815 pati·

117 839 239 889 monum,
257 825 352 879 omnis
362 824 445 878 turba
463 825 641 879 inimicarum
651 825 916 881 tortitudinumcon-
957 830 1004 879 tur
1019 825 1085 896 quia
1100 826 1227 897 Ephesiis
1244 826 1424 897 Evangelium
1439 829 1615 898 praedicabat,
1627 847 1688 902 qua
1698 833 1759 903 qui-

117 918 154 967 tos
172 914 281 984 ipsum,
303 914 377 967 sacto
396 931 493 979 cuneo,
515 914 674 979 dimicabat,
692 921 723 969 ut
738 934 788 987 por
802 916 916 970 tribula·
957 915 1164 985 dempressure
1176 916 1248 986 apud
1262 916 1515 987 incredulospoenae
1526 920 1756 990 suntmpudtldc·

117 1003 202 1057 tunes
230 1008 261 1055 et
290 1004 436 1071 angustias
455 1003 634 1072 Evangelium
655 1004 758 1058 Christi
777 1005 917 1059 desineret
958 1002 998 1056 les
1012 1003 1102 1072 gloria
1118 1005 1755 1076 atqucrirtoria:quiaricisseestadrersariis

118 1091 278 1164 poedicare,
296 1093 423 1146 etlassus
432 1093 581 1163 aliquando
592 1094 788 1163 requiesceret.
801 1095 859 1147 Hoc
874 1100 917 1147 est
957 1091 985 1145 in
997 1093 1134 1161 augustiis
1143 1109 1198 1146 non
1210 1093 1336 1148 cessisse.
1348 1095 1509 1148 Notandum
1519 1102 1562 1150 est
1573 1096 1669 1166 igitur,
1681 1099 1754 1170 quod

117 1181 207 1252 itaque
222 1181 301 1252 quod
317 1181 374 1235 ait:
388 1183 624 1248 Perua-eumcum
641 1185 671 1235 ia
688 1184 916 1236 tribulationibus
958 1181 1097 1251 quomodo
1105 1181 1273 1253 quicumque
1287 1183 1430 1252 subjectus
1441 1190 1484 1237 cst
1490 1185 1635 1252 Salvatori,
1645 1187 1756 1242 flectere

118 1274 177 1323 ucis
196 1286 252 1339 pro
272 1272 356 1324 rubis.
368 1270 470 1325 Totum
483 1271 557 1325 enim
573 1271 646 1341 quod
659 1272 760 1342 patior,
775 1270 849 1343 quod
864 1271 916 1325 tri·
957 1269 983 1322 ci
996 1285 1070 1339 genu
1081 1270 1192 1337 dieitur,
1210 1271 1248 1325 sic
1264 1272 1311 1342 qui
1324 1273 1427 1343 peccati
1451 1289 1546 1328 servus
1562 1279 1647 1329 estet
1671 1275 1757 1332 babet
1836 1258 1842 1277 ’

118 1359 199 1424 butor,
216 1359 297 1430 quod
311 1365 447 1424 coarctor,
463 1366 561 1414 restrae
572 1360 670 1414 salutis
684 1367 727 1414 est
739 1377 832 1427 causa,
849 1361 916 1415 dum
958 1359 1088 1429 spiritum
1104 1360 1246 1414 servitutis
1260 1361 1362 1415 iterum
1377 1362 1405 1414 in
1421 1361 1530 1425 umore,
1543 1380 1617 1434 genu
1625 1365 1757 1420 scribitur

118 1447 185 1501 robis
207 1448 395 1519 Evangelium
415 1449 582 1502 annuntiare
597 1449 734 1511 desidero,
752 1466 813 1519 qua
828 1450 915 1505 tribu·
961 1447 1069 1501 flexisse.
1080 1455 1202 1519 peccato.
1216 1450 1280 1502 Hac
1294 1456 1388 1503 autem
1402 1451 1753 1524 spiritaliterexponentes,

119 1536 230 1590 tationes
247 1554 319 1591 meae
343 1544 435 1592 restra
454 1538 609 1607 estgloriu.
628 1539 714 1592 Porro
735 1537 813 1608 quasi
828 1538 917 1610 impe·
959 1552 1014 1590 non
1032 1537 1129 1591 stathn
1150 1539 1230 1607 juxta
1254 1538 1377 1592 litteram
1400 1540 1496 1593 orandi
1526 1542 1756 1597 consuetudinem

118 1625 180 1680 n'tus
194 1626 312 1680 locutus
326 1631 379 1690 est,
398 1632 428 1680 ut
443 1626 543 1697 plumb
562 1626 777 1681 tribulationum
800 1644 918 1682 numero
958 1625 1093 1686 tollimus,
1110 1627 1186 1697 quia,
1199 1629 1252 1680 lixo
1264 1627 1291 1681 in
1307 1632 1412 1682 terram
1423 1629 1536 1700 poplite,
1553 1630 1642 1685 Deum
1657 1632 1757 1686 adora·

119 1714 229 1786 gloriam
238 1715 429 1785 subjungeret
443 1715 612 1786 singularem
623 1723 651 1770 et
658 1715 772 1783 diceret,
783 1720 812 1770 ia
827 1697 1022 1770 tritu-Bmus
1042 1714 1187 1786 magisque
1206 1715 1279 1785 quod
1295 1715 1331 1769 ab
1346 1733 1378 1771 eo
1396 1718 1546 1788 poscimus,
1563 1719 1755 1792 impetramus.

110 1805 267 1858 >lotionibus
282 1807 351 1858 erreis
363 1805 506 1873 procebis,
516 1808 916 1876 quaestploriucestru‚proeo
956 1804 998 1856 Ad
1008 1809 1126 1872 putrem,
1149 1804 1250 1875 inquit,
1271 1806 1384 1859 llorrtini
1404 1810 1494 1861 austri
1511 1810 1574 1861 lesu
1592 1810 1704 1874 Clrristr,
1726 1826 1758 1864 cr

120 1892 184 1964 quod
198 1900 245 1947 cst
263 1912 269 1947 :
288 1910 348 1962 qua
363 1899 430 1947 sunt
444 1893 637 1947 tribulationes
644 1896 736 1962 pluria
747 1900 844 1957 uestra,
863 1894 917 1948 nisi
957 1907 1009 1961 quo
1024 1896 1114 1946 omnis
1122 1897 1277 1962 paterniter
1288 1897 1399 1949 irruatis
1414 1901 1437 1948 ut
1448 1899 1479 1949 iu
1497 1902 1572 1949 terro
1582 1901 1757 1952 reornr'autur.

120 1980 210 2036 furtim
223 1983 291 2053 quis
306 1982 392 2036 attins
406 1998 457 2053 per
470 1981 654 2054 hyperbaton,
670 1983 710 2036 vel
727 1983 761 2036 ad
772 1983 915 2044 fiduciam,
958 1980 1144 2044 Quaerendum
1161 1999 1227 2052 ergo
1240 1988 1291 2045 est,
1304 1985 1444 2054 quomodo
1459 2000 1492 2038 ex
1505 1986 1563 2039 Deo
1574 1986 1657 2041 Patre
1668 1987 1759 2043 omnis

122 2070 153 2125 ui
166 2071 201 2125 ad
215 2087 373 2135 accessum,
390 2071 433 2125 rel
448 2071 482 2125 ad
499 2071 583 2125 fidem
598 2072 649 2125 hoc
664 2072 785 2127 estimet
796 2089 856 2126 esse
872 2090 916 2127 re·
958 2071 1113 2139 paternitas
1128 2071 1156 2124 in
1172 2072 1247 2125 coelis
1257 2079 1285 2124 et
1300 2071 1328 2125 in
1343 2078 1420 2126 terra
1431 2071 1467 2126 sit
1478 2075 1632 2128 nominata.
1643 2076 1757 2130 Nundi-

122 2159 270 2225 tuendum,
299 2165 328 2214 et
342 2160 416 2214 dicat
438 2161 489 2214 :in
505 2176 560 2230 qno
581 2159 716 2215 babemus
745 2161 874 2215 fiduciam
890 2166 918 2214 ct
958 2158 1064 2212 citzex
1079 2176 1134 2230 quo
1149 2160 1241 2214 omnis
1259 2160 1414 2230 paternitas
1430 2162 1458 2215 in
1474 2163 1550 2216 crelis
1574 2170 1603 2216 et
1628 2165 1658 2217 in
1682 2170 1759 2219 terra

124 2265 256 2304 suasum
273 2254 303 2303 et
318 2248 413 2314 tidem,
425 2266 485 2321 quae
496 2249 744 2314 fiduciaaccessas
754 2257 783 2304 et
793 2249 917 2304 sedesve·
958 2253 1026 2300 nata
1039 2251 1090 2305 est.
1108 2249 1150 2300 rel
1165 2256 1268 2309 creata,
1286 2249 1333 2302 sed
1347 2267 1378 2302 ex
1389 2267 1444 2320 quo
1455 2250 1545 2304 onmis
1560 2253 1714 2323 paternitas
1727 2252 1757 2307 in

125 2344 171 2392 tra
191 2339 286 2409 gloria
311 2344 363 2401 cst,
387 2339 436 2392 sed
458 2339 548 2409 magis
568 2338 695 2408 superior
712 2339 861 2393 sectandus
876 2344 918 2393 est
959 2335 1035 2389 culis
1046 2342 1073 2389 et
1087 2336 1115 2390 in
1128 2344 1204 2391 terra
1225 2338 1395 2403 nominatur,
1409 2338 1473 2409 quia
1489 2338 1617 2393 aliudest
1633 2342 1757 2411 appella-

126 2442 220 2482 unsus.
245 2427 344 2481 Potest
368 2434 464 2481 autem
478 2428 633 2482 secundum
647 2428 684 2488 id,
705 2429 779 2498 quod
802 2428 918 2483 Latinus
958 2423 1034 2477 tione
1047 2425 1330 2495 paternitatismereri
1341 2427 1537 2493 nomen,aliud
1549 2427 1759 2484 naturahabere

128 2516 261 2588 expressit,
274 2523 386 2585 propter
402 2518 473 2586 quod
485 2523 544 2585 peto
559 2533 592 2570 nc
607 2518 739 2584 deficiatis
755 2520 785 2570 ia
801 2519 919 2571 tribulu-
959 2514 1139 2577 consortium,
1151 2516 1222 2584 quod
1234 2516 1310 2569 solus
1320 2521 1361 2569 est
1378 2516 1452 2569 tilius
1472 2517 1531 2570 Dei.
1557 2517 1646 2571 Adam
1675 2535 1758 2589 quem

129 2607 237 2659 donibus
254 2608 323 2659 meir
335 2621 387 2674 pro
402 2607 482 2671 rubr's,
494 2622 553 2673 prta
568 2610 604 2658 est
620 2609 711 2673 pluria
731 2610 829 2671 oestro,
850 2606 919 2660 illud
959 2602 1082 2672 primum
1098 2604 1247 2674 plasmavit
1262 2604 1344 2663 Deus,
1364 2611 1392 2659 et
1405 2610 1515 2659 creator
1528 2605 1615 2677 ipsius
1633 2611 1661 2661 et.
1680 2612 1760 2678 pater

132 2693 226 2766 upoai,
243 2694 320 2765 quod
334 2711 385 2765 pro
411 2694 537 2764 Ephesiis
556 2699 642 2765 petat,
668 2711 704 2747 ne
730 2694 759 2747 in
781 2695 919 2765 pressuris
960 2697 1011 2743 est.
1030 2691 1109 2745 Unde
1134 2692 1204 2746 etin
1220 2692 1369 2763 Evangelio
1384 2694 1537 2749 secundum
1560 2695 1675 2761 Lucam,
1694 2713 1758 2751 cunt

133 2782 236 2854 apostoli
252 2782 408 2837 lassescant
421 2789 505 2854 atque
515 2783 656 2847 deliciunt,
669 2783 812 2854 siquidem
821 2790 849 2837 et
858 2802 918 2855 quae
961 2780 1122 2850 paulatima
1137 2781 1248 2835 Christo
1260 2782 1345 2836 David
1357 2788 1385 2836 ct
1400 2782 1541 2838 Abrabam
1561 2801 1674 2838 sursum
1685 2791 1760 2839 esset

133 2872 350 2944 sequunturhuic
366 2874 457 2943 magis
471 2873 565 2928 sensui
580 2878 748 2943 congruunt.
960 2869 1105 2938 generatio
1115 2876 1275 2941 supputata,
1293 2871 1703 2944 adextremumScripturaait:
1718 2875 1760 2928 a·-

159 2963 241 3030 llujur
256 2964 300 3015 rei
312 2966 407 3029 qratia
420 2964 495 3030 flecto
509 2979 599 3030 quartu
617 2979 674 3016 mm
689 2963 725 3015 ud
740 2964 848 3016 Putrem
862 2964 920 3017 llo-
961 2961 995 3011 lir'
1006 2959 1245 3025 Setlrpttiistdum,
1254 2959 1449 3029 tritheitae.
1460 2962 1552 3027 nrtUt
1565 2962 1720 3034 paternitas
1730 2963 1758 3018 in

136 3053 192 3103 nini
201 3054 292 3104 nostri
306 3053 367 3105 lesu
384 3051 496 3115 Christi,
512 3068 603 3120 raquo
613 3053 703 3105 cerritis
717 3055 872 3120 paternitas
888 3036 947 3105 mC
958 3050 1043 3109 terra,
1058 3047 1314 3102 vocabulumaDeo
1338 3049 1460 3120 primum
1480 3057 1572 3104 ortum
1597 3068 1657 3106 esse
1681 3069 1758 3106 mon·

137 3139 268 3192 abactio
285 3144 360 3193 terru
375 3143 549 3201 cornicatur,
568 3147 599 3193 ut
613 3143 656 3194 det
678 3141 750 3193 cobis
769 3141 919 3194 teotradum
959 3140 1070 3189 straret
1084 3136 1163 3191 [inde
1178 3136 1264 3202 abeo,
1276 3137 1321 3208 qui
1336 3153 1445 3192 summe
1460 3145 1503 3193 cst
1517 3146 1598 3210 pater
1608 3145 1636 3194 et
1646 3141 1758 3213 proprie

138 3226 230 3281 diritius
243 3231 341 3297 pluria
347 3232 536 3282 strarirtutrm
549 3230 725 3283 corroborari
728 3245 778 3298 prr
787 3232 920 3298 spiritum
960 3230 1002 3279 est
1015 3225 1406 3297 paterpaternitatisgratiam
1415 3236 1619 3298 promerentur,
1628 3229 1675 3302 qui
1691 3230 1758 3287 dicti

140 3316 220 3380 duria
234 3320 396 3371 interiorem
413 3319 551 3372 lrorniaent
567 3319 692 3371 habiture
707 3318 848 3372 Christum
871 3334 921 3387 per
959 3320 1026 3367 sunt
1040 3314 1089 3367 tilii
1104 3314 1163 3368 Dei·
1176 3316 1318 3378 Quaeritur
1327 3333 1402 3379 reru,
1420 3333 1503 3388 quam
1515 3317 1549 3371 ob
1564 3334 1676 3373 causam
1690 3320 1758 3376 etin
1785 3379 1790 3392 ,

141 3402 383 3466 marcuardum
398 3411 504 3460 cestris.
523 3403 625 3475 thratia.)
642 3406 700 3460 lloc
710 3406 788 3460 tlexis
801 3405 920 3477 genibus
959 3402 1035 3455 omlis
1050 3402 1084 3457 ab
1099 3421 1132 3458 eo
1147 3403 1238 3458 omnis
1252 3406 1407 3476 paternitas
1421 3406 1597 3477 appellaturi
1613 3408 1757 3473 Quomodo

141 3492 354 3560 mensatim,
367 3501 397 3548 ut
405 3495 610 3565 quiadignatus
619 3502 663 3549 est
672 3496 806 3550 advocare
821 3504 920 3566 gentes
959 3506 1010 3545 nos
1022 3492 1069 3562 qui
1085 3509 1139 3546 non
1150 3509 1247 3547 smnus
1259 3493 1293 3547 de
1307 3495 1759 3564 generebbr·abam,sis1demha·

142 3578 400 3653 rdmgnoscendum
427 3584 593 3655 mysterium
608 3584 760 3641 voluntatis
780 3585 851 3654 ejus,
868 3584 920 3638 boc
958 3580 1112 3641 buerimus,
1129 3582 1321 3636 fihisoeamur
1342 3583 1483 3637 Abrabam
1501 3584 1674 3656 patriarchas
1689 3604 1759 3659 quo·
1832 3586 1835 3595 '

143 3668 208 3724 mam
218 3671 312 3737 donet,
332 3672 399 3743 quia
414 3673 490 3727 dives
506 3680 557 3734 est,
574 3679 605 3726 ut
620 3674 761 3743 nutuejus
772 3675 920 3727 firmentur
960 3686 1013 3741 que
1028 3675 1057 3722 ct
1071 3670 1231 3740 prophetas,
1249 3671 1270 3725 si
1287 3678 1380 3725 tamon
1397 3688 1447 3726 nos
1459 3672 1493 3725 ab
1508 3673 1548 3727 eis
1567 3680 1681 3746 peccata
1704 3692 1759 3731 non

144 3755 273 3829 inspiritu,
290 3760 344 3814 boc
360 3767 403 3815 est
418 3769 519 3815 utnon
534 3761 596 3816 illue
616 3761 783 3834 perturbent
796 3762 920 3816 carnalia
958 3762 1100 3828 separant,
1112 3764 1223 3812 nostros
1241 3765 1334 3829 patros
1349 3758 1477 3824 dicimus
1489 3760 1530 3814 ita
1543 3761 1659 3816 tortasse
1670 3768 1699 3817 et
1712 3779 1760 3821 an·

144 3844 315 3903 maritatae
327 3850 451 3920 perfidis,
468 3851 516 3904 sed
529 3851 585 3904 sint
595 3850 717 3913 stabiles
728 3855 920 3920 exspectantes
959 3846 1036 3916 gelos
1047 3851 1217 3916 craterasque
1229 3846 1345 3900 virtutes
1355 3847 1460 3902 hubent
1470 3847 1609 3920 principes
1623 3851 1666 3905 sui
1676 3868 1760 3922 gene·

144 3931 920 4008 intutumhujusreimercedem‚ulninteriorehomine
960 3935 1205 3989 risincrelestibus
1230 3952 1299 4006 quos
1328 3942 1422 4007 patres
1449 3939 1757 4012 gaudeantappcllare.

144 4020 246 4080 babitrue
258 4025 404 4081 Christum
420 4028 560 4098 perfidem
571 4028 599 4081 in
611 4027 874 4083 cordibusvostris.i
888 4028 919 4083 ln
960 4023 1057 4077 Potest
1078 4040 1143 4094 ergo
1158 4030 1186 4078 ct
1200 4025 1252 4079 hoc
1263 4024 1317 4078 dici
1332 4043 1363 4079 ex
1380 4044 1412 4079 eo
1429 4028 1501 4097 equod
1518 4029 1592 4081 Deus
1606 4038 1687 4101 pater
1702 4028 1757 4084 Do-

144 4125 167 4164 a
173 4114 235 4184 petit
243 4132 292 4169 eos
300 4117 610 4188 magisfirrnari,utnon
617 4116 821 4186 ambigantsed
830 4117 920 4188 magis
961 4112 1029 4166 mini
1045 4112 1206 4168 nostrilcsu
1218 4111 1321 4168 Christi
1335 4115 1607 4183 juxtasubstantiam
1619 4123 1757 4189 paterest.

143 4202 385 4259 aedantChristum
395 4205 522 4259 habitare
532 4206 761 4276 inse,quemnon
773 4205 920 4260 videntbis
962 4206 989 4255 et
1001 4201 1163 4271 unigenitus
1178 4218 1233 4257 non
1249 4209 1291 4256 est
1310 4203 1459 4273 adoptione
1484 4205 1567 4271 nlius,
1579 4206 1628 4260 sed
1648 4215 1758 4273 natura,

142 4291 217 4358 aab,
232 4295 397 4366 utspiritus
413 4293 496 4349 datus
511 4295 563 4348 hoc
577 4293 616 4348 eis
631 4310 681 4365 per
691 4294 741 4348 Dei
756 4294 860 4349 donum
877 4295 921 4348 in·
961 4298 1067 4345 catera
1087 4308 1197 4362 quoque
1225 4298 1360 4348 creatura
1380 4293 1557 4364 paternitatis
1586 4311 1686 4350 numen
1709 4297 1760 4351 ad-

141 4375 228 4447 tendat,
244 4388 277 4437 ut
286 4383 356 4438 certi
371 4384 429 4437 sint
442 4383 477 4437 de
491 4382 610 4448 Christo,
628 4382 701 4454 quod
717 4382 784 4436 risit
801 4388 829 4437 et
847 4364 1234 4451 nliusDoptionepossidont.
1247 4382 1276 4435 ta
1290 4384 1332 4434 det
1343 4383 1416 4436 aubis
1426 4385 1696 4437 securrdumdiritius
1705 4389 1760 4451 gilo-

142 4465 178 4522 liei
189 4478 237 4541 est,
253 4479 283 4526 et
298 4472 408 4527 habitat
417 4489 467 4543 per
477 4473 560 4527 fidem
569 4472 598 4526 in
609 4471 737 4526 cordibus
756 4474 868 4539 nostris
890 4478 922 4526 ut
962 4473 1207 4523 riasrneeirtutem
1216 4472 1392 4524 corroborari
1400 4486 1449 4538 per
1459 4472 1590 4538 spiratum
1603 4476 1660 4539 ejus
1671 4475 1702 4526 iu
1714 4476 1760 4528 ia·

141 4571 188 4613 tum
201 4562 282 4617 fidem
293 4564 355 4632 cJus
370 4561 505 4616 habemus
521 4563 550 4616 in
564 4561 695 4616 cordibus
706 4563 818 4623 nostris,
828 4562 920 4632 ipsum
963 4560 1061 4612 tortore
1076 4559 1318 4613 lrorar’achubt'turc
1329 4558 1468 4612 t'ltrr'stum
1479 4574 1527 4626 por
1537 4561 1615 4625 fictum
1628 4563 1658 4614 iu
1671 4563 1760 4617 couti-
1858 4591 1861 4596 ,

141 4642 224 4704 bbere
236 4651 401 4717 viticomam
419 4652 493 4722 quod
509 4668 541 4705 eo
556 4651 675 4722 proiicit,
693 4651 821 4706 utsecuri
833 4651 921 4705 simus
963 4648 1011 4700 bus
1027 4650 1131 4700 vestris
1148 4646 1310 4718 Propterea,
1322 4646 1423 4717 inquit,
1436 4663 1519 4700 cumo
1539 4664 1633 4718 genua
1646 4667 1709 4704 mea
1725 4651 1760 4704 ad

141 4732 166 4789 ie
176 4740 281 4794 amittis
296 4742 367 4810 ejus,
386 4741 522 4811 quianon
539 4740 642 4794 deserit
661 4755 720 4806 nos,
739 4740 787 4795 sed
812 4756 922 4812 semper
963 4735 1085 4799 Patrem,
1098 4735 1133 4788 ad
1143 4728 1224 4804 cujus
1239 4733 1451 4788 similitudinem
1466 4735 1556 4791 omnis
1567 4736 1595 4791 in
1606 4740 1675 4794 coelo
1689 4743 1718 4794 et
1732 4741 1761 4795 in

142 4824 203 4883 rtet
219 4834 335 4901 propter
353 4829 437 4883 fidem
461 4845 656 4900 suan1,quam
680 4829 755 4883 ridet
777 4829 806 4884 in
831 4828 919 4895 nobis,
962 4829 1039 4877 terra
1050 4823 1204 4894 paternitas
1218 4823 1391 4890 nominatur,
1411 4824 1565 4897 deprecans
1588 4845 1652 4882 curn
1676 4834 1761 4902 atque

141 4915 225 4989 qnippe
239 4934 305 4973 eum
318 4918 383 4973 ideo
397 4919 512 4991 spiritus
523 4921 593 4990 ejus,
610 4917 656 4990 qui
671 4924 700 4973 et
708 4917 759 4973 Dei
769 4918 860 4972 Patris
867 4922 919 4983 est,
963 4911 1120 4972 obsecrans,
1139 4916 1171 4967 ut
1189 4912 1294 4968 tribuat
1317 4912 1394 4967 robis
1417 4914 1551 4970 uirtutem
1569 4917 1665 4988 gloria
1693 4936 1758 4987 sua,

105 5058 109 5065 .
140 5002 207 5061 tetur
226 5006 317 5064 nobis.
343 5014 376 5063 ut
397 5007 453 5062 ricc
476 5009 537 5079 ejus
560 5012 764 5078 tutospraestct
783 5024 842 5072 nos,
859 5006 921 5061 sici
962 5000 1057 5064 idest,
1082 5002 1238 5072 majestatis
1252 5019 1309 5057 sua
1331 5001 1433 5057 babere
1460 5004 1647 5075 cognitionem
1675 5015 1760 5077 atquc

140 5098 318 5163 assentiamus,
332 5104 364 5152 ut
379 5102 407 5151 ot
422 5097 717 5169 occoimreeelet,per
731 5095 921 5168 quamtitique
962 5090 1143 5153 consortium,
1162 5108 1264 5162 vosque
1292 5091 1404 5146 roboret
1428 5097 1512 5165 atque
1536 5096 1682 5149 confirmet
1709 5114 1760 5169 per

138 5181 214 5255 ipsum
228 5188 257 5243 in
273 5186 355 5241 nobis
365 5186 493 5241 babitare
504 5187 645 5257 ambigere
656 5203 712 5241 non
721 5186 863 5240 debemus.
873 5186 922 5239 Est
963 5180 1098 5253 Spiritum
1108 5186 1246 5247 sarrctnm,
1260 5181 1324 5252 quia
1337 5182 1413 5236 nulla
1427 5181 1561 5236 fortitudo
1575 5183 1680 5254 absque
1696 5184 1758 5257 Spi-

138 5274 200 5329 enim
212 5277 256 5330 hic
272 5277 346 5332 alius
368 5277 535 5348 paracletus,
552 5277 626 5330 inter
650 5293 720 5347 quus
737 5291 921 5347 personarum
962 5270 1017 5324 ritu
1033 5269 1084 5323 Dei
1096 5274 1148 5335 cst,
1158 5270 1271 5324 roboret
1280 5277 1374 5325 autern
1389 5272 1575 5342 atquetlrmet
1588 5271 1616 5326 in
1626 5273 1760 5331 interiore

135 5360 257 5421 &untia
270 5372 323 5432 est,
347 5382 404 5421 non
424 5371 541 5432 natura,
563 5365 630 5436 quia
652 5366 732 5419 etde
752 5382 784 5419 eo
808 5363 917 5437 accipit,
961 5357 1074 5413 humine
1086 5360 1152 5426 (non
1167 5359 1240 5414 enim
1256 5361 1380 5433 corporis
1393 5358 1474 5423 eires,
1491 5360 1540 5414 sed
1555 5360 1655 5417 animae
1682 5382 1759 5437 qua-

135 5456 183 5508 aa
195 5454 251 5510 Deo
263 5455 406 5528 procedit:
424 5454 569 5526 inquibus
591 5455 667 5508 enim
691 5459 798 5509 naturae
827 5453 921 5508 unitas
962 5450 1061 5515 rimuS,
1073 5463 1123 5502 nec
1133 5449 1299 5505 exteriorem
1321 5450 1369 5503 sed
1385 5449 1700 5508 interiorcmbominem
1714 5472 1760 5511 cu-

133 5546 179 5612 sst,
188 5542 307 5601 invicem
316 5545 362 5601 sui
371 5550 448 5601 sunt.
459 5543 538 5601 Unde
554 5543 620 5599 dicit
635 5543 790 5599 Dominus:
803 5541 923 5598 «omnia
963 5539 1056 5610 pimus
1071 5535 1218 5610 roborari),
1235 5545 1268 5596 ut
1280 5544 1431 5614 postquam
1445 5536 1616 5597 habitaverit
1632 5542 1760 5601 Christus
