3772 6120
8 260 12 267 ’
118 287 171 343 655
408 283 440 338 a.
461 276 737 337 RABANI‘MAURI
756 282 924 337 Ancurae.
945 282 1108 337 uocum.
1129 280 1277 337 cernon
1295 281 1388 337 esus
1407 283 1457 338 ιιι.
1703 284 1758 341 656

116 388 235 466 bescunt
248 409 318 464 falsa
331 408 474 463 simulare.
487 406 542 462 Sed
555 405 689 462 Tatianus
707 406 914 462 Encratitarum
924 408 949 468 A
958 423 988 461 se
1002 422 1113 461 serrum
1133 405 1208 459 fecit.
1225 405 1260 459 Et
1286 404 1315 458 ιιι
1330 404 1385 458 alic
1408 404 1486 459 loco:
1519 406 1627 473 Vester,
1651 409 1756 479 inquit,

118 498 289 572 patriarcha,
306 497 354 569 qui
373 496 474 568 etipse
496 496 646 550 nonnullas
677 496 757 550 Pauli
779 496 917 569 Epistolas
961 512 1084 549 »servus
1099 499 1214 565 propter
1229 493 1384 548 Christum.
1404 513 1415 543 r
1439 495 1540 549 Servus
1559 495 1611 549 Dei
1632 496 1679 550 ille
1702 506 1756 564 est,

118 586 286 660 repudiarit,
310 586 440 640 hancrel
454 584 585 643 maxime.
601 584 654 638 hoc
677 591 728 649 est,
750 585 786 639 ad
809 584 914 652 Titum,
958 583 1073 654 quinon
1089 588 1133 636 est
1159 598 1255 635 servus
1278 581 1394 652 peccati.
1420 583 1571 653 Apostolus
1595 583 1685 654 igitur
1708 588 1757 657 qui

118 676 245 749 Apostoli
274 672 512 747 pronuntiandam
551 672 678 739 credidit,
714 673 917 745 parvipendens
958 671 1064 742 peceati
1084 687 1140 725 non
1160 670 1214 724 tuit
1232 686 1338 734 servus,
1368 676 1443 724 recte
1465 671 1516 725 Dei
1542 672 1636 726 Patris
1659 691 1757 729 sersus

119 763 271 820 Marcionis
283 769 313 818 et
326 763 456 829 aliorum,
469 761 517 833 qui
527 778 592 816 cum
602 777 635 816 eo
648 761 678 814 in
694 762 746 816 hac
760 768 840 833 parte
853 779 918 817 con·
958 766 1072 815 vocatur
1085 766 1114 814 et
1136 759 1251 814 Christi.
1273 760 1361 813 Porro
1386 760 1460 830 quod
1476 760 1517 814 ait
1538 779 1544 813 ι
1573 780 1584 811 ι
1605 762 1757 832 Apostolus

119 853 256 921 sentium,
280 852 475 908 assertionem.
494 850 596 906 Scribit
615 850 702 921 igitur
724 851 917 922 Apostolus,o
958 855 1054 905 autem
1065 848 1170 903 Christi
1183 849 1259 914 Jesu,
1290 867 1301 897 ι
1327 848 1384 901 tale
1404 848 1472 901 mihi
1497 849 1609 903 videtur
1627 851 1711 921 quale
1734 853 1757 906 si

119 943 209 998 Paula
223 940 450 1007 etEustochium,
464 939 700 1011 deNicopoliquae
712 939 741 994 in
748 940 861 994 Actiaco
874 939 919 994 lit
958 938 1091 992 dixisset:
1109 937 1256 1009 praetectus
1270 936 1400 1007 praetorio
1416 938 1535 1008 Augusti
1554 939 1684 1007 Caesaris,
1701 958 1758 995 ma·

119 1036 182 1087 tore
194 1031 258 1098 sita,
270 1046 345 1085 nunc
355 1028 540 1102 possessionis
549 1034 649 1085 vestras
658 1045 724 1100 pars
738 1030 780 1083 vel
795 1029 919 1083 maxima
957 1027 1045 1097 gister
1060 1026 1199 1081 exercitus
1212 1025 1318 1081 'l'iberii
1329 1025 1557 1096 imperatorisUt
1565 1028 1642 1083 enim
1648 1029 1758 1099 Judiees

119 1125 164 1177 est
179 1139 186 1188 ς
213 1126 242 1175 et
264 1119 376 1191 scripsit
389 1118 425 1173 ad
439 1119 534 1174 'litum
550 1117 721 1189 discipulum
741 1134 832 1184 suum,
846 1124 875 1172 et
887 1118 917 1173 in
958 1116 1052 1172 saeculi
1066 1116 1150 1186 hujus
1164 1131 1220 1186 quo
1233 1114 1384 1169 nobiliores
1396 1115 1622 1183 essevideantur‚
1640 1135 1673 1172 ex
1683 1118 1758 1190 regi-

120 1208 234 1265 Christo
247 1208 338 1264 illium
353 1225 437 1281 quem
452 1208 542 1263 Creta
562 1206 717 1278 reliquerat
732 1207 768 1262 ad
788 1206 917 1262 ecclesias
958 1205 1010 1260 bus
1026 1204 1127 1276 quibus
1149 1203 1283 1269 serviunt,
1300 1209 1328 1258 et
1350 1220 1383 1258 ex
1406 1204 1615 1277 dignitateque
1633 1206 1759 1263 intume-

119 1298 308 1355 instruendas:
316 1294 918 1370 precepitqueeimtcumeduobusArternas
959 1300 1050 1359 scunt,
1066 1293 1201 1348 vocabula
1215 1293 1390 1347 sortiuntur:
1405 1293 1446 1346 ita
1460 1299 1489 1348 et
1502 1294 1654 1365 Apostolus
1672 1314 1759 1367 gran-

120 1387 312 1460 seuTychicus
320 1387 434 1442 Cretam
441 1384 676 1456 sueritappulsus‚
692 1384 753 1455 ipse
762 1384 917 1457 Nicopolim
959 1383 1023 1437 dem
1033 1383 1062 1437 in
1077 1382 1253 1438 Christianos
1265 1381 1319 1436 sibi
1332 1382 1475 1437 vindicans
1489 1383 1669 1453 dignitatem,
1680 1402 1760 1456 apos·

119 1474 552 1547 veniatiuctumquippeeratut
561 1473 608 1528 ille
617 1473 665 1544 qui
678 1472 808 1528 dixerat«
819 1474 919 1529 sollici·
959 1473 1049 1527 tolum
1063 1488 1092 1526 ac
1108 1471 1210 1526 Christi
1225 1471 1307 1525 titulo
1318 1471 1493 1543 prenotavit,
1509 1477 1542 1526 ut
1552 1490 1583 1527 ex
1600 1472 1662 1544 ipsa
1670 1474 1760 1529 lectu·

120 1564 191 1620 tudo
200 1568 263 1620 mea
273 1563 401 1619 omnium
415 1562 919 1633 ecclesiarum,setquillvangelium
960 1578 1007 1617 ros
1024 1560 1147 1615 nominis
1176 1560 1343 1615 auctoritate
1370 1565 1499 1624 terreret,
1516 1561 1645 1616 indicans
1662 1579 1760 1618 ornnes

120 1652 226 1708 Christi
239 1668 329 1724 usque
353 1652 389 1706 ad
403 1651 548 1724 Illyricum
563 1651 598 1704 de
616 1651 819 1722 Hierosolymis
833 1653 919 1723 proti-
961 1650 1049 1721 quiin
1064 1649 1176 1704 Christo
1183 1649 1339 1716 crederent,
1352 1649 1454 1703 debere
1467 1648 1520 1703 sibi
1531 1666 1591 1705 esse
1606 1650 1759 1721 subjectos.

120 1741 227 1796 ciscens
244 1740 420 1805 fundaverat,
437 1756 494 1794 non
519 1744 665 1811 pateretur
693 1744 722 1794 et
750 1740 794 1794 sui
813 1745 842 1794 et
864 1723 1149 1796 TitiBeSecundum
1174 1737 1258 1792 fidem
1278 1738 1430 1792 electorum
1449 1738 1509 1805 Dei,
1526 1744 1555 1793 et
1569 1741 1760 1810 cognitionem

121 1829 250 1885 absentia
268 1830 415 1884 Cretenses
429 1844 490 1883 esse
503 1827 639 1895 desertos,
651 1845 668 1882 a
682 1827 783 1899 quibus
797 1829 920 1900 primum
963 1846 975 1879 ι
991 1826 1127 1891 veritatis,
1144 1843 1205 1898 quae
1220 1831 1263 1880 cst
1269 1827 1351 1896 J'uxta
1360 1827 1494 1898 pietatem
1509 1827 1539 1882 in
1549 1845 1599 1899 spe
1614 1828 1760 1884 vitaeaeter-

122 1917 290 1974 idololatria
304 1917 646 1989 seminapullulavemnt:
662 1918 712 1972 sed
731 1917 858 1973 mitteret
879 1918 920 1973 eis
963 1935 975 1967 r
991 1932 1043 1982 nee,
1060 1932 1144 1987 quam
1159 1915 1289 1987 promisit
1297 1931 1353 1970 non
1361 1916 1480 1970 mendax
1492 1917 1567 1971 Deus
1583 1922 1650 1971 ante
1660 1919 1761 1973 saecula

121 2024 172 2079 pro
182 2024 213 2062 se
222 2012 251 2062 et
263 2007 326 2063 Tito
341 2007 478 2061 Arteman
493 2006 537 2060 rel
550 2005 704 2078 Tychicum
719 2023 839 2078 quorum
854 2007 920 2063 doc·
964 2009 1095 2060 «aterna
1108 2022 1113 2056 :
1126 2004 1315 2059 manifestarit
1330 2011 1424 2059 autern
1434 2006 1609 2077 temporibus
1623 2006 1684 2061 suis
1698 2024 1760 2062 rer·

119 2096 196 2152 trina
209 2102 238 2151 et
255 2095 356 2151 solatio
370 2096 592 2150 confoverentur.
963 2113 975 2146 ι
992 2094 1060 2148 bum
1073 2093 1196 2148 suumin
1210 2094 1408 2165 praedicatione
1429 2111 1492 2165 quae
1504 2095 1613 2150 credita
1624 2100 1671 2150 est
1679 2096 1758 2163 mihi,

375 2219 493 2276 CAPUT
507 2220 661 2276 PRIMUM·
963 2182 1150 2238 «secundum
1171 2182 1320 2254 imperium
1336 2183 1486 2238 Salvatoris
1506 2184 1596 2238 nostri
1620 2185 1683 2252 Dei,
1698 2186 1761 2239 'lito

964 2271 1156 2326 «charissimo
1171 2271 1228 2325 filio
1248 2272 1331 2342 juxta
1356 2288 1534 2326 communem
1557 2273 1653 2334 sidem,
1670 2274 1762 2344 gratia

124 2327 922 2467 Β073,οέἍοιῑῗῗὲνὲζ,Ξᾝᾭξξδῗὶξξηῗαξῗρὲῑῧέοζῖξδ
965 2366 1025 2415 «et
1038 2377 1092 2432 pax
1115 2378 1132 2414 a
1159 2361 1218 2414 Deo
1239 2361 1322 2414 Patre
1346 2366 1375 2414 et
1397 2361 1509 2415 Christo
1528 2363 1596 2417 Jesu
1618 2362 1762 2417 Salvatore

161 2471 495 2540 mporfbmdoelmm
508 2471 591 2524 -De
609 2472 725 2539 ,In-,copi
734 2471 875 2537 formula:
897 2473 922 2523 οι
965 2455 1094 2504 «nostro.
1112 2469 1124 2501 s
1143 2449 1261 2519 (Arabe.)
1286 2450 1412 2519 Longam
1434 2450 1501 2504 fecit
1522 2451 1761 2522 prescriptionem

159 2542 231 2610 quod
245 2541 331 2594 iidem
345 2541 484 2609 quondam
499 2543 615 2609 episcopi
636 2541 746 2607 suarim
763 2540 850 2609 quiet
862 2543 922 2608 pri·
963 2537 1093 2609 Epistola
1099 2544 1213 2609 propter
1224 2538 1435 2592 multitudinem
1441 2538 1530 2605 illam,
1541 2556 1761 2610 quamuecessa-

159 2613 264 2678 Sillim
284 2612 458 2665 dicebamur·
479 2611 513 2665 El
537 2612 570 2665 αθ
588 2611 776 2665 ὅθάυθῖθνῖῦῑῑι
799 2612 921 2666 0003052'0·
962 2626 1309 2698 riointerjecissevidetur,
1326 2628 1378 2681 hoc
1389 2627 1475 2681 etiam
1486 2628 1579 2682 etalio
1595 2629 1626 2683 in
1637 2630 1761 2684 locoire·

159 2698 233 2735 rum·
962 2720 1082 2787 quenter
1098 2715 1196 2770 fecisse
1209 2716 1342 2770 noscitur.
1356 2716 1443 2771 Sicuti
1454 2722 1484 2770 et
1498 2717 1528 2771 in
1542 2717 1592 2771 illa
1609 2718 1677 2773 fecit
1696 2718 1763 2789 Epi·

162 2804 292 2859 «Paulus
319 2820 416 2859 servus
438 2803 499 2869 Dei,
528 2805 672 2876 apostolus
695 2812 790 2861 autem
818 2805 921 2862 Christi
962 2805 1128 2876 stolaquam
1141 2805 1177 2859 ad
1201 2805 1342 2860 Romanos
1359 2804 1465 2859 dudum
1492 2806 1653 2877 scripserat.
1684 2808 1760 2861 Prae-

127 2895 203 2949 Jesu.
221 2911 235 2947 ι
252 2891 355 2964 (Hier.)
376 2895 408 2948 ln
423 2892 548 2964 Epistola
562 2894 598 2948 ad
612 2894 753 2950 Romanos
767 2895 808 2949 ita
817 2912 920 2950 orsus:
962 2892 1122 2964 scriptionis
1147 2893 1235 2964 igitur
1257 2893 1329 2948 ratic
1352 2893 1380 2947 in
1403 2894 1448 2948 his
1472 2895 1609 2949 contineri
1639 2895 1760 2951 ridetur.

125 2982 255 3039 «Paulus
268 2997 366 3036 servus
388 2982 454 3036 lesu
474 2981 578 3036 Christi
591 2988 706 3037 vocabas
728 2985 870 3054 apostolus
886 3001 920 3038 :s
964 3001 976 3034 ι
993 2983 1098 3037 Paulus
1117 2999 1214 3037 servus
1229 2982 1280 3037 Dei
1303 2983 1446 3053 apostolus
1461 2989 1557 3037 autem
1575 2984 1681 3039 Christi
1697 2986 1763 3040 lesu

124 3069 154 3125 in
165 3071 218 3125 hac
233 3074 328 3125 autem
345 3086 458 3125 servum
472 3087 502 3124 se
520 3071 572 3125 Dei
587 3070 664 3138 dicit,
685 3073 843 3142 apostolum
856 3039 1024 3128 veroCTito
1035 3071 1198 3125 charissimo
1215 3071 1281 3137 tilio,
1301 3090 1312 3122 r
1330 3076 1358 3125 et
1377 3078 1477 3126 caetera
1503 3088 1564 3143 qurc
1582 3072 1763 3145 subsequun-

125 3159 229 3214 Christi
246 3160 323 3214 Jcsu.
337 3159 367 3215 Si
382 3159 458 3214 enim
472 3159 593 3215 Pateret
602 3160 689 3216 Filius
702 3177 792 3216 unum
806 3168 882 3228 sunt,
894 3167 923 3216 et
961 3165 1031 3226 tur;
1061 3159 1229 3231 interposuit
1258 3176 1323 3214 vero
1348 3159 1451 3214 abillo
1479 3162 1539 3215 loco
1568 3178 1625 3232 quo
1649 3160 1766 3218 dixerat

125 3248 173 3319 qui
180 3248 475 3303 credideritinFilium
483 3249 572 3303 credit
582 3254 610 3303 ct
622 3249 652 3303 in
666 3251 789 3315 Patrem,
802 3251 922 3305 servitus
965 3268 976 3300 ι
993 3249 1147 3303 secundum
1167 3248 1252 3303 fidem
1268 3250 1420 3303 electorum
1430 3250 1489 3313 Dei,
1506 3269 1517 3301 ι
1529 3251 1667 3320 usquead
1681 3252 1773 3307 illurn

124 3353 236 3409 quoque
250 3337 444 3392 indifferenter
456 3337 583 3408 Apostoli
599 3337 680 3392 Pauli
695 3338 737 3392 rel
752 3338 787 3392 ad
809 3339 922 3393 Patrem
963 3339 1055 3393 locum
1067 3354 1122 3409 quo
1131 3337 1210 3402 dixit,
1223 3357 1234 3387 ι
1251 3337 1314 3392 Tito
1328 3338 1492 3392 charissimo
1509 3338 1574 3393 tilio.
1586 3339 1708 3395 »Simile
1723 3350 1778 3397 est

123 3431 167 3481 est
179 3425 336 3493 referenda,
347 3426 391 3480 vel
414 3426 449 3480 ad
469 3426 582 3481 Filium.
599 3426 664 3482 hec
687 3431 782 3482 autem
802 3426 922 3482 servitus
963 3430 1058 3480 autem
1067 3426 1108 3505 illi
1116 3425 1253 3497 principio
1267 3426 1407 3497 Epistolae,
1429 3444 1514 3498 quam
1531 3428 1655 3483 seeundo
1669 3431 1707 3484 ad
1723 3430 1775 3486 Ti-

123 3531 181 3571 non
190 3515 292 3571 estilla
306 3515 340 3570 de
356 3531 413 3586 qua
420 3516 571 3587 Apostolus
585 3515 625 3570 ait
636 3517 723 3585 (Rene.
735 3518 792 3586 ιιιιι)
811 3535 817 3570 ;
835 3536 847 3569 ι
860 3518 923 3572 Νοιι
963 3516 1109 3569 motheum
1125 3515 1199 3569 risus
1214 3521 1256 3569 est
1272 3516 1425 3587 scripsisse,
1438 3516 1486 3569 ubi
1501 3516 1572 3570 dixit
1592 3535 1597 3569 :
1626 3535 1641 3570 c
1659 3519 1774 3575 Paulus

124 3604 200 3659 enim
210 3603 355 3677 accepistis
365 3604 496 3675 spiritum
507 3604 649 3659 servitutis
661 3604 764 3660 iterum
774 3605 920 3665 intimore.
965 3603 1107 3676 apostolus
1115 3603 1218 3658 Christi
1229 3605 1295 3658 lesu
1305 3621 1356 3674 per
1364 3604 1536 3659 voluntatem
1548 3605 1599 3660 Dei
1606 3609 1768 3663 secundum

123 3694 173 3749 sed
187 3693 333 3766 accepistis
341 3693 473 3765 spiritum
483 3693 653 3765 adoptionis,
663 3693 693 3748 in
703 3711 759 3765 quo
769 3695 923 3749 clamamus
964 3692 1178 3763 promissionem
1185 3693 1257 3757 ritae,
1270 3709 1331 3763 quae
1345 3700 1389 3747 est
1397 3692 1427 3746 ιιι
1452 3693 1562 3747 Christo
1582 3694 1661 3749 lesu.
1678 3715 1690 3747 ι
1709 3697 1768 3751 Hoc

123 3781 212 3850 Abba,
227 3783 325 3850 Pater;
343 3801 355 3834 ,ι
375 3798 472 3837 verum
502 3781 603 3837 nobilis
630 3782 749 3837 servitus
770 3783 805 3838 de
825 3789 924 3855 quaet
964 3781 1323 3836 enimetinhoclocodicit:
1340 3782 1767 3853 quoniamapostolusconstitu·.

123 3870 212 3925 David
224 3871 259 3926 ad
269 3872 359 3926 Deum
372 3871 517 3942 loquitur:
536 3890 547 3922 ι
573 3871 631 3941 Ego
650 3887 746 3925 semus
756 3877 831 3938 tuus,
849 3878 878 3926 et
892 3873 923 3924 sr-
962 3869 1278 3940 tussum,itautperme
1293 3871 1512 3924 credantomnes
1526 3871 1574 3941 qui
1588 3872 1659 3926 olim
1675 3892 1694 3927 a
1710 3876 1763 3929 Deo

124 3959 179 4016 lius
189 3959 297 4014 ancilla
309 3962 456 4025 tuaetl’scl.
472 3962 554 4027 cxv),
570 3979 582 4011 r
599 3959 718 4013 etbeata
731 3960 821 4015 Maria
830 3960 923 4015 adan-
964 3957 999 4012 ob
1010 3958 1145 4030 propositi
1163 3959 1207 4013 sui
1216 3957 1371 4013 bonitatem
1385 3964 1451 4013 sunt
1461 3959 1557 4013 adhoc
1572 3961 1667 4029 electi,
1679 3964 1764 4034 quiet

123 4049 243 4118 gelum:
262 4048 360 4103 «Eece
382 4047 483 4102 ancilla
506 4048 619 4102 Domini
649 4065 655 4100 :
686 4049 737 4102 liat
752 4048 821 4103 mihi
842 4049 924 4120 juxta
964 4053 1154 4118 cognorerunt
1168 4047 1281 4118 pietatis
1296 4047 1722 4121 veritatemitautperpetuam
1736 4052 1763 4106 il·

124 4135 240 4191 varbum
262 4141 345 4191 tuum
359 4135 431 4211 (luc.
447 4139 508 4204 ri.»
537 4136 616 4190 Hane
638 4136 802 4191 servitutem
825 4137 925 4193 hahuit
964 4136 1020 4190 lam
1038 4137 1134 4199 vitam,
1160 4153 1245 4208 quam
1273 4143 1475 4208 exspectamus,
1504 4139 1617 4208 assequi
1645 4141 1762 4210 possint,

124 4230 154 4280 et
170 4225 270 4291 Moses,
284 4224 319 4280 de
340 4240 396 4295 quo
419 4223 555 4279 Dominus
567 4224 603 4278 ad
617 4225 713 4280 lesum
734 4224 824 4280 tilium
846 4227 923 4281 Nave
964 4242 1049 4296 quam
1077 4226 1184 4281 dudum
1212 4227 1287 4281 Deus
1311 4243 1341 4280 se
1363 4227 1558 4298 representari
1581 4229 1761 4298 promiserat.

125 4316 191 4382 (los.
203 4331 222 4380 1,
239 4331 335 4381 x1,xn,
351 4315 407 4383 ιιιιι)
427 4330 433 4366 ε
448 4313 591 4385 «Moyses,
598 4313 700 4385 inquit,
716 4313 922 4370 tamulusmeus
967 4334 978 4366 ι
996 4314 1100 4369 Paulus
1110 4332 1206 4369 servus
1223 4314 1284 4380 Dei,
1310 4316 1453 4386 apostolus
1464 4321 1559 4369 autem
1572 4317 1641 4372 lesu
1657 4318 1762 4374 Christi

123 4409 253 4459 mortuus
265 4407 317 4459 est.
338 4402 428 4458 »Etin
436 4401 491 4457 alio
502 4402 581 4456 loco:
597 4403 747 4457 «Mortuus
761 4409 804 4458 est
812 4405 922 4476 Moyses
965 4403 1120 4458 secundum
1141 4403 1226 4458 fidem
1254 4404 1407 4458 electorum
1428 4404 1488 4458 Dei.
1508 4423 1519 4453 r
1538 4405 1643 4476 (Hier.)
1664 4407 1761 4472 idest,

124 4491 246 4548 famulus
259 4492 414 4560 Domini,in
424 4496 501 4546 terra
510 4491 648 4564 Moabper
656 4491 771 4547 verbum
781 4493 921 4548 Domini.»
964 4508 1071 4559 eorum,
1088 4493 1135 4563 qui
1164 4510 1220 4547 non
1247 4498 1358 4548 mutum
1378 4493 1469 4547 vocati
1496 4500 1571 4559 sunt,
1598 4495 1649 4549 sed
1665 4501 1696 4551 et
1709 4498 1764 4552 ele·

124 4580 206 4635 Absit
220 4581 323 4653 quippe
343 4587 376 4636 ut
398 4581 529 4653 spiritum
544 4581 687 4636 servitutis
711 4582 807 4636 Mosen
821 4589 850 4637 et
862 4584 923 4639 Ma-
964 4582 1011 4637 cti.
1020 4582 1178 4636 Electorum
1190 4598 1301 4653 quoque
1308 4582 1433 4653 ipsorum
1444 4598 1547 4654 magna
1556 4582 1710 4640 diversitas
1724 4593 1767 4641 est

124 4669 198 4723 riam
211 4669 363 4737 intimare,
384 4677 413 4725 et
438 4671 538 4726 nonin
561 4670 709 4726 dilectione
726 4671 777 4726 Dei
793 4670 924 4728 habuisse
964 4688 1016 4743 pro
1030 4671 1304 4743 rametateoperum,
1320 4688 1462 4738 sensuum,
1480 4678 1564 4741 atque
1587 4689 1764 4731 sermonum.

125 4756 282 4812 credamus.
294 4760 353 4813 Nec
374 4760 478 4815 mirum
497 4760 625 4832 quamvis
645 4765 756 4815 sanctos
783 4762 921 4828 homines,
964 4761 1022 4815 Nec
1035 4760 1131 4814 statim
1141 4761 1189 4831 qui
1197 4761 1301 4814 electus
1316 4760 1366 4815 Dei
1376 4765 1429 4827 est,
1444 4761 1487 4814 vel
1501 4761 1584 4831 juxta
1596 4762 1765 4820 electionem

125 4852 222 4901 tamen
235 4846 286 4901 Dei
296 4863 390 4900 servos
401 4847 533 4902 nobiliter
542 4849 812 4922 appellari,cumper
821 4851 924 4905 lsaiam
964 4849 1089 4920 possidet
1098 4849 1192 4915 tidem,
1202 4849 1244 4903 rel
1250 4850 1332 4920 juxta
1348 4849 1433 4903 fidem
1452 4849 1537 4903 hahet
1556 4849 1708 4907 scientiam
1723 4871 1766 4908 re·

125 4935 292 5007 prophetam
299 4934 861 5010 Paterloquaturadi'ilium:‹Magnum
872 4938 924 4993 tibi
964 4937 1065 4991 sitatis.
1082 4937 1162 4992 Unde
1171 4942 1199 4991 et
1209 4938 1336 4992 Salvator
1353 4937 1388 4991 od
1408 4937 1518 4991 Judaeos
1542 4937 1592 5009 qui
1617 4956 1687 4994 eum
1705 4959 1766 4997 cre-

126 5029 170 5080 est
192 5025 244 5079 hoc
258 5024 350 5079 vocari
369 5029 398 5078 te
412 5040 532 5095 puerum
547 5028 717 5094 meumllsa.
739 5032 823 5095 xcix).
837 5029 923 5082 »Non
964 5025 1093 5079 diderant
1113 5030 1156 5080 est
1176 5027 1326 5080 locutus«
1356 5026 1386 5080 Si
1406 5026 1617 5095 permanseritis
1632 5028 1665 5082 in
1679 5030 1767 5085 uerbo

126 5120 170 5167 est
183 5113 280 5185 itaque
299 5113 420 5186 impium
434 5113 548 5168 credere
567 5117 632 5170 eum
647 5115 695 5187 qui
717 5115 837 5170 sormam
851 5116 923 5171 servi
964 5131 1037 5177 meo,
1054 5115 1227 5186 cognoscatis
1239 5115 1398 5179 veritatem,
1412 5123 1441 5169 et
1453 5117 1556 5169 veritas
1571 5114 1706 5172 liberabit
1719 5136 1767 5174 ros

125 5207 325 5273 assumpserat,
336 5202 395 5258 haec
411 5201 519 5268 fecisse,
537 5219 599 5274 quae
607 5203 680 5259 servi
694 5209 769 5272 sunt,
781 5207 813 5259 ut
827 5210 922 5276 pater·
965 5194 1055 5269 (locri.
1071 5205 1124 5275 ru).
1144 5224 1155 5256 ι
1171 5204 1206 5259 lit
1225 5203 1527 5274 evangelistatestatur
1537 5205 1613 5275 quod
1627 5205 1690 5262 haec
1704 5225 1767 5264 cre·

126 5288 316 5345 ueroluntati
334 5289 584 5356 servissedicatur,
609 5308 673 5346 cum
689 5291 776 5348 servis
789 5291 848 5347 suis
862 5292 922 5364 ipse
963 5291 1093 5349 dentibus
1108 5293 1221 5364 quidem
1246 5294 1358 5357 dixerit,
1379 5294 1427 5348 sed
1456 5293 1648 5349 nescientibus
1664 5297 1767 5353 verita·

125 5375 263 5431 serrierit.
280 5377 345 5432 Hac
366 5383 463 5435 autem
484 5378 604 5434 servitus
622 5380 767 5436 charitatis
794 5387 847 5448 est,
873 5397 924 5452 per
963 5385 1031 5445 tem,
1048 5398 1133 5452 quam
1153 5383 1285 5454 consequi
1304 5389 1426 5454 possent,
1439 5383 1462 5437 si
1479 5383 1508 5436 in
1523 5398 1656 5438 sermone
1677 5385 1767 5457 ipsius

126 5481 210 5536 quam
234 5464 352 5520 invicem
378 5467 459 5523 nobis
479 5467 585 5523 servire
604 5468 791 5541 precipimur.
814 5470 851 5525 Et
863 5470 923 5541 ipse
963 5477 1210 5540 permanerent,ct
1227 5471 1307 5526 liberi
1324 5471 1505 5539 effecti‚serri
1519 5473 1765 5530 essedesinerent.

126 5554 275 5628 Apostolus
295 5569 360 5610 curn
379 5555 450 5611 hber
474 5561 548 5613 esset
572 5573 605 5611 ex
630 5557 768 5627 omnibus,
796 5558 922 5615 omnium
963 5559 1105 5623 Quaeritur
1126 5575 1214 5631 quare
1233 5561 1268 5614 ad
1279 5560 1308 5615 id
1318 5561 1392 5633 quod
1406 5561 1455 5627 ait,
1475 5562 1663 5618 «secundum
1677 5564 1765 5621 tidem
