3772 6120
297 284 482 346 domm
503 290 543 346 IN
562 286 718 345 onumen
737 287 820 353 QUAE
837 290 885 344 An
907 288 1047 345 anunm
1064 287 1259 345 biduom.
1529 288 1608 357 mbr

99 409 290 480 deceliquae
299 410 411 482 loquar3
421 412 518 467 audiat
527 417 603 466 term
613 411 697 466 verbe
705 411 853 472 orisAvia
868 412 932 482 ejus
940 411 1056 482 judicia,
1076 432 1087 460 ι
1105 413 1173 483 quia
1186 413 1439 469 omniamendeta.
1449 414 1598 484 mturare,

99 497 175 553 bixle
188 498 372 568 primordium
384 501 464 555 Isaiae
473 502 616 571 prophete
627 502 667 554 ita
675 501 763 572 scrip·
805 501 884 555 Unde
895 500 1045 555 Psalmieta
1052 501 1110 555 ait:
1125 520 1138 554 r
1150 502 1207 557 Lex
1220 501 1610 573 Dominiurroprehwibiiiev

114 588 225 654 cludi,
242 588 352 649 coelum,
367 595 395 643 et
413 589 527 644 auribus
546 589 667 661 percipe,
677 595 762 655 terra,
805 594 968 644 convertens
982 589 1101 654 animas,
1122 590 1317 646 testimonium
1331 590 1536 648 nomini-odere
1554 608 1603 651 see

99 675 177 731 ninus
189 677 297 732 locutus
307 685 351 732 est
362 680 425 746 (ira.
444 683 472 747 ι).
490 680 581 750 Supra
595 696 661 750 ergo
671 679 700 734 in
716 695 764 733 eo·
805 678 941 748 pientiam
951 679 1219 750 praestaneparrulis
1230 682 1314 746 (Psoi.
1330 680 1412 752 xviii).
1430 698 1448 733 s
1460 680 1496 737 nt
1513 680 1600 735 item:

99 781 124 831 n,
136 765 201 837 quis
212 767 360 837 Propheta,
372 770 453 838 cnjus
461 768 544 831 silius,
553 768 600 838 qui
611 774 708 822 contra
718 768 765 822 Ju-
808 786 819 818 ι
836 767 956 834 iudicia,
970 767 1072 840 inquit,
1082 768 1134 823 liei
1143 784 1219 835 vera,
1232 768 1431 840 justificata-in
1441 768 1603 841 semetipse,

99 853 273 921 {ierusalem
290 857 346 910 sivc
361 857 520 927 perJudem
535 862 563 911 et
578 857 764 923 Hierusalem,
806 854 1003 910 desiderabilia
1025 873 1111 928 super
1131 872 1233 912 numm
1256 861 1287 912 et
1304 857 1429 930 lapidem
1448 863 1608 930 promtum

99 943 394 1015 mporoviderittitulo
402 946 626 1000 demonstratum
635 951 765 1009 est,nunc
806 944 936 1012 multumi
951 945 1217 1018 etdrilciorasuper
1230 945 1288 1002 mel
1302 952 1335 1002 eb
1351 946 1446 1004 meum
1469 948 1608 1015 (ibidis

99 1037 221 1086 tionem
232 1033 268 1087 sd
278 1034 449 1090 audiendum
458 1042 599 1105 provocat,
605 1036 634 1089 in
641 1035 711 1089 coelo
721 1051 766 1090 su·
807 1033 844 1087 lec
855 1032 922 1089 allbi
934 1051 940 1086 :
953 1052 973 1086 c·
982 1035 1015 1089 ln
1027 1033 1119 1101 labiis,
1131 1034 1180 1101 ait,
1191 1034 1264 1091 meis
1272 1035 1453 1106 pronuntiavi
1464 1036 1609 1107 omnesn-

99 1120 237 1193 gnilicans
246 1123 597 1195 angelicasquevitntes,in
608 1130 685 1178 terre
694 1140 766 1178 mor·
807 1121 880 1176 dicia
893 1121 951 1176 orie
963 1122 1007 1177 tui
1023 1124 1107 1190 (Psoi.
1121 1129 1223 1192 oxvm).
1239 1144 1251 1175 ι

99 1224 176 1272 enus,
184 1212 387 1282 metonymicos
397 1212 431 1266 ab
441 1213 484 1266 his
494 1229 556 1284 quse
563 1213 711 1267 continent
722 1230 765 1279 ea,
847 1230 858 1261 i
872 1210 949 1266 liene
961 1210 1055 1266 lldelis
1063 1216 1097 1266 et
1107 1211 1213 1283 absque
1226 1212 1284 1269 ulla
1300 1212 1456 1284 iniquitate.
1469 1214 1571 1284 iudeo
1581 1220 1610 1269 et

99 1299 227 1353 tinentnr
240 1301 400 1355 ostendens.
415 1302 487 1356 Nam
507 1301 574 1373 quia
592 1319 642 1373 per
653 1302 768 1374 Moysen
811 1320 832 1352 i·
841 1305 943 1355 rectus.
956 1300 1045 1356 sillia
1059 1300 1160 1356 editio:
1181 1324 1192 1349 ι
1208 1299 1283 1357 Deus
1297 1300 1391 1357 fidelia
1401 1307 1431 1358 et
1444 1317 1503 1358 non
1516 1307 1563 1359 aab
1578 1302 1609 1359 in

99 1389 769 1462 caveratllominuscoelumetterramdanspopu·
810 1404 843 1443 eo
854 1388 999 1461 iniquitas,
1012 1390 1108 1460 justne
1121 1396 1150 1444 et
1167 1395 1281 1447 sanctus
1299 1391 1445 1451 Dominus
1466 1409 1480 1445 o
1505 1390 1610 1449 Fidelis

99 1476 190 1549 legem
202 1494 292 1543 suam,
302 1479 460 1533 etdireret:
477 1480 607 1546 attende,
618 1480 729 1545 coelum,
741 1486 770 1534 el
811 1483 863 1544 est,
888 1479 961 1550 quia·
975 1463 1057 1550 cuod*
1072 1479 1211 1551 promisit,
1236 1479 1333 1551 procul
1360 1479 1446 1535 dubio
1474 1480 1609 1552 impleris

99 1565 190 1622 rndlat
199 1573 276 1621 tens
284 1568 432 1622 verbaoris
442 1569 506 1627 mei.
517 1589 529 1621 o
537 1577 600 1640 post
609 1569 770 1639 pravarica-
810 1566 923 1638 Absque
937 1567 996 1622 ulla
1008 1568 1169 1640 iniquitate,
1181 1568 1370 1640 qniasequitao
1384 1585 1496 1625 summe
1508 1569 1613 1640 iniquis

99 1656 186 1727 ›opuli
201 1656 313 1711 eosdem
328 1674 426 1711 rursus
436 1658 466 1711 in
475 1658 667 1713 testimonium
680 1664 767 1721 vocat,
812 1656 879 1711 tatis
890 1656 1239 1719 consortiumnnllomodo
1245 1658 1355 1729 recipit.
1363 1658 1471 1725 iustus,
1478 1656 1615 1731 qrrispoo

99 1744 437 1816 o-elementacognoscant
442 1749 522 1817 juste
528 1747 654 1802 Deumin
664 1747 771 1802 ultione
781 1730 941 1800 Beonums
955 1751 985 1800 et
998 1761 1056 1800 non
1070 1745 1271 1818 poenitentibus
1285 1763 1338 1819 pro
1351 1747 1434 1805 melis
1447 1748 1507 1805 suia
1531 1748 1615 1805 retri-

99 1848 297 1888 irnmsuorum
312 1835 348 1888 sd
363 1836 538 1891 iracundiam
553 1837 735 1892 concitatum.
813 1833 881 1888 buet
902 1849 1024 1906 poenem.
1048 1834 1160 1901 Rectus
1188 1836 1260 1906 quia.
1277 1835 1361 1907 digne
1379 1836 1562 1908 operantibus
1587 1842 1616 1895 a

99 1930 203 1978 crescet
211 1924 241 1976 in
252 1924 374 1994 pluviam
384 1924 512 1979 doctrina
522 1941 594 1990 mea,
607 1926 679 1980 linet
686 1931 719 1979 ut
726 1942 773 1981 ros
814 1922 885 1978 bene
899 1922 1072 1978 merentibus
1089 1922 1178 1978 vitam
1191 1923 1291 1978 reddet
1304 1931 1479 1996 perpetuent.
1496 1925 1617 1992 &noem

99 2027 154 2077 nm,
167 2013 246 2083 quasi
256 2012 346 2067 imber
353 2029 440 2084 super
458 2014 573 2068 herbam
588 2020 617 2068 et
626 2015 706 2085 qnasi
715 2016 774 2071 stil-
816 2013 882 2083 qnia
895 2013 925 2066 in
940 2011 1070 2067 omnibus
1082 2012 1198 2083 iudiciis
1210 2019 1240 2067 et
1252 2012 1361 2069 acubus
1372 2014 1432 2069 suis
1444 2019 1493 2071 est
1512 2014 1615 2086 probe*

99 2101 772 2172 iergramina,quianomenllominiinvocebo.i
815 2101 957 2156 tissimus:
974 2109 1089 2156 sanctus
1107 2101 1184 2156 enim
1203 2105 1234 2156 et
1252 2101 1330 2172 pium
1350 2101 1493 2173 significet
1513 2108 1545 2158 et
1565 2119 1616 2175 par

99 2188 159 2245 tio:
185 2191 398 2261 «Exspectatur
417 2192 490 2246 sicut
512 2193 607 2263 pluvia
630 2193 774 2264 eloquium
814 2190 943 2257 olentem,
954 2189 1134 2246 etbonomm
1149 2189 1282 2245 omnium,
1289 2190 1463 2260 largitorem,
1480 2191 1614 2263 quoniam

99 2279 304 2334 etdescendant
317 2281 444 2335 sicutros
459 2280 542 2336 verba
554 2298 626 2347 mee,
644 2282 715 2336 sicut
724 2282 775 2336 im·
816 2279 952 2351 quidquid
966 2278 1002 2334 ab
1010 2279 1060 2334 illo
1069 2278 1200 2345 officitur,
1211 2277 1347 2335 virtutum
1354 2278 1438 2335 leude
1446 2281 1612 2352 completur.

99 2383 140 2422 ver
169 2385 296 2438 genneo,
326 2375 354 2424 et
385 2370 458 2425 sicut
483 2371 529 2425 nix
557 2388 642 2442 super
666 2370 772 2437 lenum,
853 2369 1111 2424 «Peccavemntei
1124 2368 1245 2423 nonlilii
1258 2369 1322 2438 ejus
1330 2367 1509 2425 insordibus.
1528 2369 1616 2426 »Aba

99 2472 160 2512 men
171 2458 283 2512 Domini
298 2459 458 2514 invocaris
479 2460 627 2531 Eloquium
641 2460 711 2531 legis
724 2461 775 2515 Dei
817 2457 920 2512 editio:
951 2458 1168 2513 uPeccarerunt
1185 2456 1284 2513 nonai
1307 2456 1359 2512 lilii
1381 2457 1614 2513 commaculati.»

99 2550 119 2600 it
131 2546 233 2618 pluvia
244 2564 275 2601 ac
283 2548 350 2614 rori,
364 2550 430 2618 quia
443 2549 572 2620 germina
585 2549 774 2622 spiritualium
816 2546 964 2610 Quomodo
970 2562 1027 2601 non
1039 2546 1089 2601 fllii
1101 2546 1161 2613 Dei,
1172 2545 1228 2601 nisi
1237 2545 1304 2618 qnia
1312 2545 1490 2603 nonexllde:
1506 2546 1616 2610 «Quot-

99 2651 144 2690 ne
153 2636 279 2691 fidelium
289 2638 420 2693 cordibus
427 2639 541 2710 expetit,
554 2638 697 2709 ipsoenim
708 2644 775 2693 sunt
815 2641 885 2706 quot
897 2640 1172 2706 autem-receperunt
1182 2651 1257 2703 eum,
1269 2634 1348 2690 dedit
1356 2635 1616 2706 eispotestaionalir

99 2724 194 2789 omini,
213 2726 287 2780 unde
295 2727 342 2781 ille
353 2726 474 2782 fructum
484 2727 537 2782 sibi
552 2728 712 2795 amabilem,
723 2729 774 2782 hoc
815 2725 866 2779 lios
877 2724 926 2780 Dei
936 2724 998 2780 lieri
1006 2725 1048 2779 his
1060 2724 1108 2796 qni
1119 2723 1272 2779 creduntin
1280 2723 1614 2795 nominoejuelloertr.»

99 2830 180 2870 oium
195 2832 312 2887 operum
323 2819 432 2888 quaerit.
448 2817 520 2872 Huic
529 2817 649 2872 similem
664 2833 774 2889 comps-
814 2812 1145 2868 UndeDominusludais
1155 2813 1240 2867 fidem
1249 2813 1445 2884 ejusnecipere
1454 2813 1615 2873 nolentibus

99 2901 153 2957 nin
165 2903 242 2957 isaie
250 2905 386 2974 propheta
395 2905 554 2959 invenimus
567 2923 572 2957 :
586 2923 599 2957 o
616 2905 771 2970 Quomodo,
815 2908 845 2956 et
857 2902 1014 2957 docuinam
1026 2901 1103 2957 illius
1115 2901 1324 2973 spernentibus,
1339 2903 1399 2959 ait:
1417 2921 1434 2955 s
1443 2898 1501 2959 ilos
1513 2919 1549 2961 e!
1563 2918 1614 2976 per

99 2990 236 3046 leocendit
247 2992 336 3048 imber
344 2999 373 3047 et
382 2995 428 3048 nix
440 2993 475 3048 de
485 2995 563 3060 coelo,
573 3000 602 3048 et
615 2993 681 3047 illuc
698 2992 774 3047 ultre
814 2997 858 3045 tre
875 2989 988 3046 diabolo
1012 2990 1080 3046 estis
1102 2996 1132 3045 et
1153 2990 1295 3046 desideria
1313 2991 1403 3063 petris
1424 2991 1615 3049 veniemus

99 3084 210 3138 artetur.
224 3081 271 3135 sed
286 3081 408 3136 inebriat
417 3087 522 3136 terram
532 3088 561 3136 et
571 3080 770 3146 infunditeam,
783 3051 904 3134 Ciacere
916 3099 922 3147 3
935 3080 986 3135 ille-
996 3079 1201 3135 homicidaluit
1211 3078 1336 3135 abinitio
1351 3079 1470 3137 mbae.
1480 3100 1497 3133 r,
1507 3081 1613 3139 atsto·

99 3168 174 3223 urere
189 3186 252 3225 eam
267 3170 342 3237 lecit,
359 3178 388 3225 et
400 3173 449 3226 det
456 3188 553 3226 semen
568 3171 668 3225 ferenti
683 3176 713 3225 et
725 3186 773 3241 pa·
790 3220 799 3234 ,
813 3169 970 3240 phanusad
981 3170 1094 3225 eosdem
1104 3168 1279 3224 iudeaosait:
1298 3187 1310 3220 i
1325 3168 1424 3226 Patres
1433 3169 1613 3242 vesniquen

99 3257 221 3313 redenti:
239 3259 278 3313 sic
292 3260 347 3314 erit
360 3260 476 3315 verbum
483 3276 587 3325 meum,
605 3260 679 3331 quod
694 3276 772 3331 egre·
812 3259 1015 3330 prophetarum
1026 3275 1083 3314 non
1092 3256 1307 3329 snntpersecuti
1317 3257 1330 3310 l
1339 3258 1611 3326 concederunt-eos

99 3362 176 3403 sore
192 3364 264 3409 meo,
281 3365 337 3403 non
351 3355 509 3403 revertetur
522 3348 557 3402 ad
573 3363 618 3402 me
640 3365 768 3415 vacuum,
812 3346 865 3418 qui·
875 3345 1102 3418 praenuntiabant
1114 3346 1150 3400 de
1164 3345 1374 3416 adventujnsti,
1389 3347 1613 3416 cuim-resnou

99 3442 301 3509 itquecunque
315 3437 389 3493 volui
407 3446 437 3492 et
451 3437 663 3509 prosperabitur
675 3437 705 3492 in
726 3438 770 3492 his
811 3433 1612 3506 proditores,ethomicidaefuism,qmmoepistislegomin

99 3524 161 3579 miei
176 3526 245 3580 illud
264 3530 326 3595 lise.
344 3532 398 3589 nvi
417 3547 429 3578 r
446 3527 549 3581 Verum
572 3526 644 3597 quie¹
660 3527 770 3598 Moyses
810 3524 994 3595 dispositione
1001 3521 1467 3594 angelorumetnoncustodietis.o
1478 3523 1535 3587 Qui
1543 3540 1610 3595 orgo

99 3628 129 3668 nr
140 3630 221 3668 snam
236 3616 268 3669 in·
287 3615 409 3686 pluviem
432 3632 611 3671 concrescere
633 3616 712 3682 dixit,
739 3622 770 3669 ut
810 3612 1038 3684 incorrigibiliter
1048 3616 1154 3683 peccat,
1165 3611 1255 3667 filium
1264 3611 1419 3666 Deisonon
1427 3612 1608 3684 csseprnbat.

99 3723 109 3770 ·,
125 3719 187 3775 quae
202 3703 259 3758 haec
271 3704 364 3774 pluvia
375 3710 457 3769 esset,
473 3704 689 3769 demonstraret,
707 3704 770 3759 sub·
810 3699 1610 3775 lllaautemeditio,quamseptunginteinterpretesedide·

99 3792 179 3857 eene,
192 3812 204 3842 r
222 3793 288 3863 quia
298 3809 400 3847 nomen
411 3794 522 3847 Domini
535 3793 676 3848 invocabo.
691 3794 770 3848 »No-
810 3798 886 3855 runt,
897 3792 939 3845 ita
947 3790 1045 3845 habet:
1060 3790 1275 3844 ePecceverunt
1283 3804 1340 3843 non
1351 3788 1610 3862 einuivuuporsbi·

99 3896 116 3935 o
129 3881 242 3936 Domini
257 3887 300 3936 est
313 3883 452 3949 invocare,
469 3883 650 3952 Evangelium
663 3883 768 3937 Christi
809 3881 859 3935 les.
879 3880 985 3944 »Quod
995 3879 1110 3950 quidam
1120 3896 1154 3933 ex
1164 3879 1260 3934 Gracc
1269 3878 1454 3950 interpretati
1462 3886 1539 3946 sunt,
1557 3879 1609 3936 olii

99 3984 129 4033 e,
151 3971 230 4041 quod
251 3971 299 4042 qui
321 3971 401 4027 audit
422 3978 451 4026 et
475 3970 550 4036 fecit,
581 3971 646 4025 boni
676 3972 768 4042 operis
809 3968 1155 4040 commaculati3quidam,
1169 3967 1220 4023 filii
1234 3967 1327 4022 otiosi.
1345 3967 1608 4040 Undonenmagne

100 4057 132 4113 in
145 4059 223 4113 ooelis
238 4060 299 4114 sine
312 4059 571 4132 dubiopossidebit.
809 4058 935 4129 quaestio,
947 4057 1005 4113 imo
1019 4059 1099 4112 nulla
1110 4062 1162 4112 est.
1186 4056 1241 4112 Sed
1263 4056 1338 4112 illnd
1356 4056 1459 4119 merite
1480 4056 1519 4113 ai
1535 4073 1609 4128 qnie-

99 4148 356 4219 imegniilcentiam
371 4151 428 4205 Deo
443 4154 547 4215 nostro,
570 4149 622 4203 oei
647 4148 769 4219 perlecta
809 4147 928 4202 rendum
942 4154 1045 4214 movet,
1056 4147 1080 4201 ei
1094 4146 1265 4218 generaliter
1276 4147 1383 4202 dictim
1397 4151 1450 4213 est,
1475 4162 1608 4217 peccaro-

99 4252 163 4303 era,
173 4243 307 4292 etomnes
315 4239 366 4294 via
374 4238 557 4310 ejusjudicia.
573 4237 660 4292 »Alia
669 4237 764 4292 editio:
808 4243 943 4292 ruocnon
957 4236 1056 4303 eililii,
1069 4236 1205 4309 quoniam
1217 4235 1267 4307 qui
1278 4241 1384 4308 peccet,
1399 4251 1457 4291 noo
1475 4235 1534 4291 Deo
1545 4252 1608 4306 peo-

99 4325 302 4398 iegnitudinem
314 4329 371 4382 Deo
381 4334 487 4382 nostro.
499 4329 583 4393 Deus,
602 4343 668 4382 vera
682 4321 800 4399 operaD
809 4331 863 4393 cat,
877 4325 967 4394 idest,
983 4326 1107 4382 nonDeo
1120 4333 1212 4392 nocet,
1224 4324 1345 4380 sed-sibi.
1364 4324 1509 4388 Quomodo
1521 4325 1607 4379 intel-

99 4416 442 4497 imnesvioeejusjudicia.
457 4437 468 4468 v
482 4417 661 4488 Magnificam
674 4417 768 4472 Domi·
807 4415 952 4487 ligandum
967 4415 1006 4471 eit
1022 4416 1097 4487 quod
1111 4416 1141 4470 in
1163 4415 1271 4487 psalmo
1290 4413 1411 4484 legitur:
1442 4412 1529 4468 iTibi
1553 4413 1607 4470 eoli

105 4506 285 4576 majestatem
304 4506 456 4561 salvatoris
475 4506 558 4560 corde
572 4507 696 4573 credulo,
719 4523 767 4562 ore
808 4505 918 4576 peccavi
932 4506 1015 4572 (Psoi
1031 4507 1069 4574 n).
1086 4527 1099 4552 n
1115 4505 1151 4559 Et
1163 4505 1193 4557 in
1206 4502 1347 4559 ieremia:
1371 4500 1462 4556 i'libi
1479 4502 1606 4573 peccavi.-

99 4592 108 4646 l
121 4607 189 4648 cunr
197 4593 280 4660 bonis
292 4594 400 4650 actibus
412 4594 572 4666 predicare.
585 4596 665 4651 Unde
679 4596 768 4650 Maria
808 4593 1113 4666 muspetientialsrael,
1121 4590 1607 4661 Domine(lcrern.xul.elltitemne

99 4681 184 4737 omini
193 4682 223 4736 in
232 4682 340 4738 candeo
349 4684 493 4754 Evangelii
503 4684 557 4739 ait:
579 4684 768 4755 ‹Magnificet
808 4682 837 4737 in
847 4684 968 4754 psalmo:
989 4704 1002 4731 i
1011 4683 1088 4737 Sesea
1097 4681 1222 4737 animem
1233 4695 1336 4746 meam,
1347 4679 1480 4751 qnoniam
1494 4680 1608 4752 peccari

100 4770 306 4838 anemium,
318 4779 346 4829 eb
364 4774 499 4827 exultavit
514 4774 630 4844 spiritus
641 4789 721 4828 meus
737 4774 767 4827 in
807 4772 859 4826 tibi
874 4776 1022 4840 (Psalmo).
1034 4795 1047 4820 ι
1063 4772 1206 4826 &mrum
1218 4769 1608 4842 maismacensem

99 4860 310 4924 terimeoiluc.
328 4866 357 4932 r).
374 4881 387 4916 i
406 4882 417 4914 c
435 4863 495 4925 Dei,
516 4863 618 4933 inquit,
644 4863 767 4934 perlaeta
808 4877 923 4932 peccare
936 4861 1081 4928 inlisum,
1101 4859 1219 4915 unde-et
1232 4858 1296 4914 Heli
1309 4859 1439 4915 sacerdos
1458 4860 1519 4916 ait:
1543 4878 1564 4914 e
1575 4859 1608 4915 st

99 4964 143 5004 rra.
160 4950 391 5022 »Quaergoilla
404 4953 493 5007 sunt?
511 4952 577 5007 andi
599 4953 714 5023 Moysen
737 4952 766 5006 in
807 4950 836 5004 in
849 4951 939 5005 Deum
952 4949 1117 5022 peccaverit,
1133 4948 1198 5021 quis
1211 4947 1304 5003 orabit
1317 4965 1369 5021 pro
1393 4950 1602 5018 avrilliaco).

99 5038 279 5096 r-ocemom:
299 5059 310 5092 ι
327 5041 416 5111 lgitur
429 5040 544 5112 perlecti
565 5047 633 5095 sunt
652 5041 714 5095 coeli
738 5048 768 5095 et
807 5037 1208 5096 PeccareinDeumestin-hie
1221 5053 1347 5109 peceare,
1362 5054 1425 5110 qua
1438 5037 1604 5093 adliciend-

99 5127 767 5200 imeisornetuseornm‚complevitqueDeusdie
807 5135 867 5183 turn
875 5129 1026 5200 pertinent,
1043 5127 1525 5198 namhocDouslegituedinissead
1534 5126 1604 5182 Abi.-

99 5232 173 5288 opus
186 5234 279 5285 snum,
297 5219 371 5289 quod
392 5218 496 5272 lecerat
518 5224 547 5272 et
564 5218 701 5289 requievit
721 5218 767 5271 die
808 5219 914 5273 melech
928 5219 963 5273 de
978 5219 1063 5284 Saea,
1081 5217 1263 5287 -cropoereo
1275 5215 1386 5286 peperci
1400 5215 1460 5281 tibi,
1484 5232 1520 5270 ne
1542 5232 1605 5287 peo-

99 5304 435 5377 obmiversooperesuo,
452 5307 525 5378 quod
538 5313 666 5378 patrarat
689 5308 763 5374 (oen.
806 5308 925 5363 caresin
939 5324 985 5363 me
1008 5308 1083 5375 (den.
1108 5310 1168 5375 xx).
1190 5326 1201 5353 ι
1226 5305 1346 5360 Pecoare
1366 5310 1462 5359 entem
1483 5305 1607 5360 Domine

99 5411 200 5468 [eergo
211 5396 263 5451 Dei
278 5402 321 5451 est
341 5396 496 5467 redemptio
511 5396 627 5451 humani
641 5396 762 5466 generis,
805 5397 849 5452 vel
861 5397 954 5468 potius
967 5412 1096 5468 peccasse
1109 5394 1238 5460 Domino,
1253 5393 1307 5448 nisi
1321 5393 1395 5449 loric
1414 5393 1517 5449 alicubi
1538 5393 1610 5449 sei-

99 5485 177 5540 ndo
191 5484 315 5557 perfecit,
340 5485 493 5540 Sabbatum
507 5486 654 5555 spirituale
671 5485 700 5539 in
720 5502 765 5540 se·
806 5491 888 5556 ptum
900 5490 1038 5551 occurrat,
1050 5483 1304 5557 quod-huicseneei
1314 5482 1553 5550 resistatfflmiffi
1565 5483 1609 5538 viv<

99 5575 255 5647 qeiesoem
266 5574 350 5636 nobie
359 5575 492 5632 eomedit
506 5574 645 5641 romeos
661 5574 764 5647 inquio,
806 5575 914 5632 ducar
922 5571 1275 5645 non-inmodicae&
1289 5571 1611 5647 wip-nnn-
