3772 6120
118 268 167 325 tlt
325 268 616 328 ENARRATIONUM
633 272 674 327 lN
692 272 769 328 EPP.
791 273 898 330 PAULI
916 275 985 330 LlB.
1006 275 1157 333 101111.-
1177 278 1216 333 IN
1234 278 1346 335 aelst.
1367 280 1390 336 1.
1405 281 1455 339 Al)
1472 279 1548 338 Tm.
1700 284 1753 342 618

115 393 163 449 illa
171 392 289 465 quidem
299 412 361 467 quae
371 397 530 469 dogmatica
538 398 652 464 suntad
667 397 859 470 probationem
870 417 915 454 re-
922 413 970 469 A«
986 400 1074 456 ricem
1085 402 1201 457 reddere
1212 403 1385 475 parentibus,
1395 406 1448 461 hoc
1461 406 1538 461 euim
1548 411 1694 480 acceptum
1709 416 1753 466 est

116 482 208 540 uitatis
217 484 324 554 posuit,
342 485 464 557 eoquod
479 486 630 540 Ecclesiam
652 487 723 541 dixit
737 504 797 542 esse
808 489 915 543 colum·
958 507 971 541 c
986 506 1081 545 coram
1095 491 1163 545 Deo.
1182 511 1195 544 n
1208 492 1288 556 Quod
1296 493 1495 562 dixit,diseant,
1504 495 1539 548 de
1551 495 1616 549 liliis
1626 501 1655 551 et
1665 513 1753 569 nepo-

117 588 180 627 nam
190 577 220 626 et
230 574 443 629 firmamentum
458 575 593 630 veritatis.
605 577 669 630 Alia
682 594 748 631 vero
763 578 798 632 ad
809 578 916 633 instru-
955 578 1031 633 tibus
1046 579 1124 646 dixit,
1136 581 1239 635 nonde
1251 581 1343 636 uiduis
1357 600 1364 637 :
1381 583 1550 655 properabat
1565 584 1640 638 enim
1653 586 1754 642 docere

118 660 238 717 dionem
253 661 330 717 beati
352 663 422 718 dixit
441 664 590 731 Timothei,
608 682 670 737 quae
689 673 718 721 et
745 668 836 721 lacere
851 684 917 721 eum
958 668 1154 738 quoniamilhe
1172 670 1237 724 solae
1251 670 1356 726 debent
1369 677 1483 744 sumptu
1499 672 1685 729 ecclesiastico
1700 691 1754 737 nu·

116 751 224 823 justum
240 751 428 818 existimabat,
449 753 507 808 sire
529 754 564 807 ob
592 755 667 809 illius
686 754 775 826 ipsius
791 772 915 821 eausam,
957 757 1030 823 triri,
1046 775 1107 829 quae
1120 758 1233 813 aliunde
1253 759 1416 816 alimoniam
1440 760 1543 816 habere
1559 761 1674 817 minime
1689 780 1754 835 pos·

119 839 173 895 sire
192 839 229 893 ob
243 845 411 896 caeterorum
433 842 577 912 juvamen.
594 844 686 914 Coepit
704 850 799 898 autem
813 844 848 898 ab
870 844 918 899 illo
958 846 1016 901 sint
1031 864 1037 898 :
1055 846 1078 900 si
1094 847 1180 918 igitur
1193 848 1276 902 vidua
1290 856 1341 904 ant
1357 849 1430 904 lilios
1450 856 1501 905 aut
1527 855 1644 922 nepotes
1658 852 1753 918 habet,

119 929 245 999 locoque
261 928 340 989 dixit.
354 949 368 982 ι
379 929 501 985 Obsecro
514 948 580 1002 ergo
588 933 712 1003 primum
722 933 848 987 omnium
857 932 918 988 fieri
959 935 1068 989 discant
1081 935 1121 989 illi
1135 936 1182 1007 qui
1205 953 1238 990 ex
1252 955 1286 991 ca
1300 938 1360 992 nuti
1378 944 1445 994 sunt
1470 940 1545 994 alere
1564 945 1683 995 manem
1697 940 1755 996 sive

119 1019 271 1083 orationes,
289 1018 510 1089 deprecationes,
531 1020 743 1091 postulationes,
761 1023 919 1092 gratiarum
959 1023 1059 1090 aviam,
1076 1023 1203 1095 quiahoc
1218 1026 1307 1096 magis
1321 1027 1456 1098 placitum
1470 1034 1514 1083 est
1527 1029 1594 1095 Deo,
1605 1034 1638 1084 ut
1655 1029 1757 1086 abillis

119 1106 280 1174 sationem
298 1108 547 1179 quaeuniversaad
572 1110 723 1165 utilitatem
740 1111 819 1165 etad
835 1127 919 1165 oma·
959 1111 1131 1180 nutriantur,
1149 1117 1178 1166 et
1202 1129 1259 1168 non
1283 1114 1469 1171 ecclesiastico
1486 1116 1632 1187 indigeant
1645 1117 1756 1175 solatio.

120 1200 247 1250 mentum
264 1197 422 1252 communis
439 1198 567 1253 Ecclesiae
582 1198 724 1270 pertinere
740 1198 917 1255 ridebuntur.
961 1200 1068 1255 Deinde
1085 1200 1154 1256 dicit
1166 1201 1201 1256 de
1229 1202 1285 1257 illis
1304 1202 1406 1271 viduis,
1420 1221 1491 1276 quas
1505 1221 1570 1260 vere
1584 1205 1681 1261 viduas
1696 1224 1757 1262 esse

120 1284 189 1340 llam
201 1285 280 1357 quod
295 1285 365 1340 dicit
381 1305 387 1340 :
403 1304 416 1337 n
431 1293 497 1341 ante
512 1288 617 1353 omnia,
635 1308 648 1341 n
665 1288 736 1343 illud
748 1288 789 1343 vel
801 1288 920 1343 maxime
960 1289 1113 1358 existimat,
1130 1290 1226 1345 dicens
1243 1309 1248 1344 :
1267 1309 1281 1344 o
1304 1291 1371 1356 Quae
1387 1299 1482 1349 autem
1494 1311 1559 1349 rere
1574 1294 1658 1351 vidua
1672 1300 1759 1360 estet

121 1375 260 1445 designat,
275 1375 349 1446 quod
366 1376 552 1430 communiter
565 1378 811 1449 congregationem
826 1379 921 1434 Eccle-
963 1379 1124 1445 «desolata,
1139 1385 1236 1451 sperat
1249 1380 1279 1434 in
1289 1381 1389 1446 Deum,
1407 1388 1436 1436 et
1451 1382 1539 1438 instat
1557 1382 1759 1439 obsecrationi·

121 1462 212 1521 siuab
226 1463 283 1518 illis
303 1464 365 1519 lieri
392 1472 522 1537 oportere
543 1466 730 1532 existimabat,
759 1467 866 1522 scilicet
889 1473 922 1522 ut
963 1467 1045 1522 rbus
1059 1474 1088 1523 et
1102 1468 1286 1533 orationibus,
1307 1476 1388 1524 nocte
1402 1488 1435 1525 ac
1457 1471 1512 1525 die.
1536 1492 1549 1524 ι)
1580 1472 1699 1529 Eridens
1717 1479 1761 1528 est

121 1552 317 1609 omniscultus
338 1553 397 1608 Deo
424 1552 535 1608 debitus
559 1556 734 1623 restituatur,
747 1573 812 1611 cum
826 1556 922 1611 debita
962 1555 1037 1627 quod
1050 1573 1146 1611 reram
1161 1556 1275 1611 viduam
1291 1556 1400 1612 duabus
1415 1575 1449 1612 ex
1466 1559 1558 1615 causis
1573 1560 1760 1617 ecclesiastico

120 1642 277 1715 gratiarum
288 1641 409 1707 actione,
426 1659 488 1713 quae
502 1643 528 1696 ei
538 1643 661 1698 debetur.
670 1661 720 1716 pro
730 1644 795 1711 illis,
811 1662 873 1716 qnae
885 1644 921 1699 ab
962 1651 1078 1716 sumptu
1088 1645 1149 1699 vult
1162 1644 1274 1712 nutriri,
1288 1662 1377 1701 unum
1393 1652 1425 1701 ut
1449 1653 1478 1701 et
1495 1647 1621 1703 moribus
1635 1648 1673 1703 sit
1686 1649 1764 1704 ordi·

122 1747 152 1787 eo
166 1731 236 1786 data
248 1736 320 1786 sunt
332 1731 413 1785 nobis
429 1749 434 1784 :
452 1736 481 1785 et
491 1732 604 1802 quidem
620 1733 775 1788 orationem
787 1729 953 1790 facientesB
962 1739 1038 1796 nata,
1055 1733 1242 1788 etrirtutibus
1256 1734 1420 1802 illustrata,
1445 1735 1566 1790 alterum
1581 1753 1614 1792 eo
1638 1739 1713 1809 quod
1726 1739 1762 1793 ad

123 1836 176 1877 nen
192 1837 247 1892 pro
258 1819 339 1875 nobis
352 1819 420 1892 ipsis
435 1821 501 1874 solis
512 1821 756 1889 faceredebemus‚
770 1822 858 1878 sedet
871 1840 922 1895 pro
963 1822 1077 1894 plenum
1092 1822 1235 1877 nerninem
1249 1823 1360 1878 videtur
1369 1823 1482 1891 habere,
1494 1824 1543 1896 qui
1551 1825 1728 1897 diligentiam
1736 1827 1762 1882 ei

124 1908 254 1964 omnibus
266 1908 437 1964 bominibus·
450 1909 530 1964 Unde
540 1915 569 1964 et
580 1910 610 1964 in
623 1910 857 1983 subsequentibus
872 1929 922 1966 ne·
964 1910 1276 1967 adhibeatflaecautem
1283 1918 1328 1966 est
1337 1929 1402 1966 vera
1412 1913 1568 1985 viduaque
1575 1915 1764 1988 propinquum

124 1998 244 2053 ooesario
257 1997 365 2069 adjicit,
382 1999 479 2070 quales
505 2015 552 2053 eos
581 2016 642 2053 esse
663 2000 819 2067 conveniat,
836 2002 879 2056 rel
894 2001 923 2056 in
965 1999 1125 2066 nonhabet,
1143 2006 1320 2071 etperomne
1340 2005 1453 2072 tempus
1463 2000 1525 2056 vitu
1533 2019 1591 2058 suae
1607 2004 1674 2059 solis
1683 2011 1765 2061 racat

125 2087 186 2154 rita,
204 2086 249 2141 rel
265 2086 295 2141 in
310 2087 445 2153 moribus,
469 2088 512 2142 vel
531 2087 561 2142 in
575 2089 794 2157 conversatione,
821 2095 849 2144 et
865 2089 924 2161 pri·
965 2087 1148 2143 orationibus.
1165 2107 1177 2141 r
1194 2089 1262 2153 Qua
1272 2093 1369 2143 autern
1383 2089 1413 2142 in
1423 2089 1530 2145 deliciis
1537 2092 1686 2158 est,rirens
1693 2110 1767 2150 mor-

127 2192 200 2231 num
215 2175 248 2230 in
260 2176 405 2230 communi
419 2182 527 2232 naturae
542 2176 647 2232 abusus
660 2185 704 2233 est
717 2178 925 2245 divisione,alie
965 2181 1014 2231 tua
1027 2182 1078 2232 est.
1093 2197 1106 2229 r
1120 2177 1149 2232 Si
1163 2177 1258 2248 aliqua
1271 2177 1376 2232 amisso
1396 2177 1455 2232 viro
1471 2178 1500 2233 in
1510 2179 1645 2235 viduitate
1655 2199 1686 2236 se
1700 2199 1766 2255 per-

126 2264 217 2320 dicens
234 2264 274 2320 ad
288 2265 503 2321 instructionem
521 2266 655 2334 virorum,
671 2267 813 2322 instruens
828 2267 925 2339 quales
965 2265 1063 2321 sistere
1077 2265 1227 2338 promittit,
1240 2271 1269 2320 et
1280 2266 1443 2321 deliciosam
1455 2274 1566 2323 exercet
1575 2267 1672 2335 ritem,
1690 2287 1766 2327 mor·

127 2370 167 2410 eos
182 2358 319 2426 oporteat
342 2370 423 2423 esse;
448 2355 505 2410 alie
526 2372 592 2410 vero
614 2356 650 2411 ad
674 2357 817 2422 mulieres,
829 2357 924 2428 sicque
965 2360 1068 2411 tuaest
1090 2355 1180 2426 magis
1195 2371 1280 2426 quam
1298 2355 1369 2422 vira,
1385 2355 1452 2410 licet
1468 2356 1492 2410 si
1515 2362 1545 2412 et
1569 2357 1661 2414 rivere
1676 2359 1768 2415 videa·

127 2444 314 2499 communiter
336 2443 372 2497 ad
395 2460 493 2499 omues
512 2461 598 2516 super
610 2444 760 2499 virtutibus
775 2445 925 2516 implendis
964 2449 1021 2498 tur.
1038 2444 1095 2498 Nec
1110 2449 1206 2499 autem
1221 2444 1310 2498 altera
1325 2443 1448 2498 maritali
1462 2445 1632 2502 conscientia
1641 2454 1764 2517 tenetur,

127 2532 274 2589 consilium
282 2533 408 2587 risusest
418 2533 539 2601 dedisse,
548 2533 924 2589 deindeadordinemtrans-
965 2549 1058 2603 neque
1076 2532 1187 2587 virtutis
1200 2533 1292 2588 studio
1306 2532 1474 2601 illustratur,
1487 2535 1537 2589 sed
1551 2535 1618 2590 solis
1632 2538 1722 2608 epulis
1732 2555 1765 2592 ac

127 2620 274 2679 itiilorum
302 2621 351 2694 qui
371 2639 423 2677 nec
451 2622 578 2677 Ecclesiae
599 2621 787 2677 ministerium
807 2623 925 2694 implere
966 2620 1071 2675 deliciis
1086 2637 1185 2675 vacare
1196 2638 1359 2693 properans
1368 2621 1439 2676 nihil
1450 2639 1483 2676 ex
1492 2623 1548 2679 illis
1563 2642 1625 2696 quae
1635 2625 1687 2681 sibi
1701 2642 1766 2683 eon·

129 2709 264 2777 ridentur,
289 2716 425 2782 reputans
455 2711 588 2782 quoniam
609 2710 717 2783 privata
737 2710 766 2765 hi
780 2711 926 2781 indigeant
967 2710 1186 2765 veniuntfacere
1201 2710 1314 2782 poterit.
1341 2712 1475 2780 (Moyses.)
1491 2712 1564 2767 Nam
1579 2715 1763 2784 quemadmo-

132 2799 330 2865 ubortatioue,
341 2816 375 2854 eo
388 2800 462 2871 quod
477 2800 506 2854 in
521 2816 670 2855 commune
688 2799 855 2854 conveniens
873 2801 925 2855 Ec-
967 2799 1035 2854 dum
1047 2797 1144 2855 Zabuli
1151 2816 1270 2870 regnum
1284 2799 1548 2870 perconniventiam
1566 2803 1718 2875 suscipitur
1726 2804 1765 2860 ri·

133 2888 208 2944 alesia
220 2905 325 2944 eornm
342 2889 476 2960 impletur
489 2888 664 2943 ministerio:
688 2895 717 2943 et
735 2889 796 2943 istis
812 2889 926 2960 quidem
967 2887 1082 2955 tiorum,
1095 2889 1135 2942 ita
1144 2905 1263 2960 regnum
1270 2888 1321 2943 Dei
1327 2904 1378 2959 per
1392 2889 1620 2945 exercitationem
1629 2892 1766 2948 virtutum

134 2975 194 3033 beue
207 2976 362 3049 agentibus
382 2978 502 3032 multum
522 2982 640 3048 possunt
658 2978 752 3033 caeteri
775 2978 924 3050 adjuvari:
968 2978 1091 3048 puritate
1101 2977 1193 3033 cordis
1208 2994 1240 3032 ac
1257 2976 1380 3048 spiritali
1393 2978 1512 3033 scientia
1526 2979 1694 3049 possidetur.
1711 2981 1765 3038 Ubi

137 3067 295 3123 econtrario
310 3067 396 3122 etiam
411 3067 472 3121 istis
486 3067 535 3120 illa
554 3084 615 3138 quae
630 3067 799 3122 conveniunt
812 3067 928 3121 minime
937 3071 960 3132 ss
969 3071 1063 3131 autem
1079 3083 1197 3137 regnum
1207 3065 1258 3121 Dei
1274 3072 1326 3133 est,
1341 3065 1380 3119 ibi
1395 3066 1492 3137 procul
1511 3066 1595 3122 dubio
1605 3074 1634 3123 et
1650 3069 1708 3126 rita
1719 3070 1768 3125 ha·

140 3155 352 3226 procurantibus,
363 3154 763 3228 plurimadetrimentamnltis
778 3155 927 3210 videantur
967 3154 1050 3209 betur
1062 3161 1177 3222 aterna,
1194 3162 1222 3209 et
1238 3155 1285 3209 ubi
1295 3171 1415 3227 regnum
1422 3153 1517 3210 Zabuli
1527 3161 1579 3224 est,
1596 3157 1634 3212 ibi
1644 3163 1765 3214 mortem

141 3243 256 3316 irrogari.
272 3245 354 3300 Unde
362 3249 391 3299 et
399 3245 434 3299 de
444 3244 615 3318 presbyteris
625 3245 745 3317 primam
760 3245 871 3300 ridetur
885 3245 926 3300 fe·
968 3250 1052 3315 atque
1061 3244 1203 3299 infernum
1214 3261 1284 3309 esse,
1295 3260 1352 3298 non
1367 3243 1483 3298 dubium
1491 3250 1542 3312 est,
1551 3245 1581 3300 in
1588 3263 1643 3318 qno
1649 3247 1698 3317 qui
1706 3248 1765 3304 fne-

143 3330 198 3388 cisse
211 3333 441 3406 disputationem,
458 3335 601 3389 instruens
608 3335 705 3406 quales
712 3351 760 3389 eos
771 3351 832 3389 esse
842 3351 926 3407 opor·
967 3331 1014 3397 rit,
1024 3348 1075 3386 nec
1084 3332 1199 3386 laudare
1214 3330 1364 3386 Dominum
1374 3333 1631 3402 potestsecuudum
1639 3335 1764 3407 Prophe-

144 3426 196 3487 tut,
211 3422 314 3478 deinde
328 3423 501 3491 diaconibus,
517 3429 615 3495 postea
623 3440 688 3478 rero
703 3424 738 3478 de
752 3423 819 3478 viris
832 3430 861 3479 et
867 3440 927 3479 mu·
967 3426 1002 3476 tm
1016 3421 1187 3476 sententiam
1198 3420 1315 3475 dicentis
1332 3438 1337 3472 :
1351 3438 1363 3471 d
1375 3421 1439 3475 Non
1448 3423 1552 3477 mortui
1562 3423 1762 3493 laudabuntte,

147 3508 253 3579 linibus,
264 3517 331 3583 post
343 3512 614 3567 consummationem
627 3529 692 3567 vero
708 3513 810 3567 horum
825 3513 926 3569 adhoc
966 3527 1057 3582 neque
1082 3526 1180 3565 omnes
1203 3508 1251 3580 qui
1277 3508 1450 3563 descendunt
1470 3510 1500 3564 in
1524 3510 1666 3567 infernum
1682 3516 1763 3581 (Psal.

148 3595 344 3656 hstructionem
358 3617 439 3655 sunm
454 3601 617 3672 produxisse
636 3601 712 3656 visus
727 3606 778 3667 est,
797 3618 881 3673 quam
898 3606 927 3656 et
967 3602 1052 3668 cxrn),
1066 3622 1078 3652 n
1093 3599 1154 3653 sine
1168 3597 1252 3653 dubio
1267 3597 1384 3669 peccati,
1402 3616 1415 3649 c
1436 3598 1485 3652 sed
1507 3615 1568 3666 nos,
1596 3599 1698 3672 iuquit,
1715 3603 1764 3675 qui

149 3683 324 3761 interpositam
330 3694 359 3744 et
369 3690 547 3761 interjectam
553 3690 926 3746 essediximus.00nveniens
967 3687 1095 3751 vivimus,
1112 3707 1125 3741 n
1142 3703 1199 3741 non
1212 3685 1297 3752 vitiis,
1314 3686 1420 3740 scilicet
1434 3703 1486 3741 nec
1503 3688 1609 3742 mundo
1624 3689 1699 3758 huic,
1714 3692 1765 3746 sed

151 3782 224 3832 anm
237 3785 300 3833 erat
313 3783 378 3851 post
397 3795 575 3833 communem
595 3779 827 3845 exhortationem,
841 3796 925 3851 quam
967 3777 1034 3843 Deo,
1048 3796 1060 3829 o
1073 3775 1264 3831 benedicimus
1276 3774 1428 3830 Dominum
1437 3792 1470 3829 ex
1485 3776 1538 3830 hoc
1548 3793 1624 3832 nunc
1638 3784 1766 3852 etusqne

152 3862 272 3923 xdomnes
285 3867 384 3924 secisse
398 3867 555 3936 ridebatur,
570 3873 598 3922 et
621 3869 734 3941 proprie
747 3869 782 3923 ad
798 3869 860 3924 illos
879 3868 927 3940 qui
968 3865 996 3920 in
1011 3866 1144 3921 sacculum
1161 3866 1265 3934 (loia).
1280 3883 1293 3916 n
1319 3864 1383 3918 Non
1411 3863 1486 3918 enim
1500 3872 1544 3920 est
1556 3864 1586 3919 in
1600 3872 1702 3935 morte,
1718 3869 1766 3940 qui

152 3949 256 4012 helesiae
280 3956 454 4012 functionem
475 3957 639 4029 implebant,
655 3957 826 4029 conjungere
841 3957 926 4012 etiam
967 3972 1077 4011 memor
1091 3959 1135 4010 est
1148 3955 1183 4021 ei,
1199 3953 1228 4008 in
1238 3953 1347 4008 inferno
1357 3958 1453 4007 autem
1463 3955 1569 4025 peceati
1578 3955 1642 4028 quis
1651 3958 1766 4013 confite·

152 4038 186 4099 'ils
195 4063 251 4118 quae
265 4046 300 4102 de
317 4045 408 4102 viduis
418 4046 473 4101 diei
487 4046 697 4114 conveniebant,
713 4064 783 4119 quas
799 4047 883 4102 etiam
896 4047 927 4103 in
967 4044 1044 4100 bitur
1057 4044 1197 4099 Domino?
1212 4043 1303 4110 idest,
1318 4059 1401 4097 nemo
1423 4061 1429 4096 :
1454 4043 1550 4099 nullus
1563 4044 1638 4101 enim
1650 4046 1765 4103 tametsi

152 4135 288 4191 uoordine
302 4152 460 4191 memorare
479 4153 530 4208 par
551 4143 613 4191 erat
627 4136 662 4191 ob
686 4136 763 4191 illam
778 4137 927 4207 providen-
967 4133 1086 4188 militem
1104 4132 1297 4204 semetipsum,
1320 4133 1363 4187 vel
1383 4132 1585 4200 Christianum,
1600 4137 1767 4206 profiteatur

152 4217 211 4291 ϋιιιι,
220 4241 306 4297 quam
321 4241 390 4296 erga
399 4241 447 4280 eas
462 4225 579 4297 implere
599 4224 755 4297 oportebat.
771 4225 925 4290 Hincvero,
967 4239 1038 4291 esse,
1054 4223 1097 4277 rel
1112 4223 1290 4287 monachum,
1305 4239 1370 4277 cum
1384 4226 1490 4293 peccat,
1507 4223 1603 4278 nullus
1616 4227 1767 4282 confitetur

152 4312 173 4362 n
185 4311 244 4380 dixi,
259 4313 295 4368 ad
303 4313 477 4384 propositam
490 4312 714 4384 interjectionem
728 4313 763 4367 ab
773 4313 823 4367 illa
836 4311 1067 4411 egres-DDeum,
1086 4310 1180 4367 nullus
1194 4310 1346 4365 admittens
1360 4326 1402 4375 ea,
1421 4327 1482 4381 quae
1496 4310 1633 4366 Dominus
1643 4329 1767 4369 exsecra·

151 4410 186 4452 rus
195 4408 233 4455 est
244 4401 410 4474 sequentia,
425 4408 489 4473 post
497 4402 673 4473 sequentiam
682 4407 777 4457 autem
789 4401 927 4456 dictorum
967 4404 1023 4466 tur,
1040 4400 1237 4455 reminiscetur
1250 4399 1310 4465 Dei,
1318 4415 1369 4453 nec
1378 4415 1490 4453 servum
1503 4416 1534 4453 se
1543 4399 1679 4455 veraciter
1690 4402 1765 4458 illius

151 4490 302 4547 omuemdo
321 4496 366 4546 est
379 4490 420 4545 illi
444 4491 530 4545 etium
543 4497 573 4546 et
594 4491 803 4561 interjectiones
823 4491 924 4558 iacere,
968 4489 1125 4561 profitetur.
1136 4488 1216 4559 crpus
1226 4486 1765 4559 praeceptacontumacitemeritntecon-

150 4573 227 4649 eisque
238 4579 273 4635 ad
286 4579 351 4635 illos
365 4597 510 4636 sermones
519 4580 595 4647 exiit,
614 4580 662 4652 qui
672 4596 758 4652 super·
771 4575 861 4634 viduis
871 4579 926 4634 dici
968 4578 1078 4644 temnit,
1090 4577 1120 4631 in
1135 4594 1191 4648 qua
1200 4582 1291 4630 morte
1305 4575 1383 4629 illam
1393 4575 1506 4629 viduam
1522 4592 1583 4647 quse
1597 4577 1677 4633 estin
1693 4579 1764 4634 deli·

150 4662 278 4735 debebant,
290 4669 409 4734 honora,
426 4669 527 4741 inquit,
547 4669 637 4736 «illas,
655 4685 716 4740 quae
727 4684 791 4722 vere
806 4672 873 4722 sunt
884 4668 927 4722 ri·
967 4666 1027 4733 ciis,
1044 4665 1143 4720 beatus
1161 4664 1312 4736 Apostolus
1328 4679 1389 4717 esse
1411 4665 1585 4734 pronuntiat,
1596 4683 1610 4718 c
1621 4665 1713 4732 vidua,
1724 4669 1766 4724 in·

149 4750 928 4831 due,rnonabsolutampromissionemearumintendere
968 4754 1076 4826 quiens,
1090 4770 1151 4825 quae
1174 4753 1204 4807 in
1223 4751 1331 4807 deliciis
1355 4756 1406 4817 est,
1430 4752 1525 4806 virens
1548 4759 1763 4812 mortuaest.»

148 4844 227 4914 voluit,
241 4847 290 4901 sed
305 4846 418 4919 quando
432 4848 580 4920 promissio
595 4845 656 4918 ipso
671 4863 754 4917 opere
768 4844 879 4916 impleri
889 4845 928 4898 ri·
969 4844 1041 4898 Sunt
1056 4859 1122 4913 ergo
1136 4842 1218 4897 multi
1228 4841 1276 4912 qui
1290 4841 1413 4895 viventes
1428 4840 1457 4895 in
1467 4841 1519 4896 hoe
1528 4859 1645 4914 corpore
1659 4847 1766 4903 mortui

145 4929 223 4989 deur.
234 4936 306 4990 Nam
322 4936 397 5007 quod
413 4937 467 4991 boc
476 4936 506 4991 in
519 4937 579 4991 loco
593 4936 665 4989 dixit
680 4953 693 4987 ι(
712 4935 829 5000 honora,
844 4953 857 4987 n
874 4935 927 4988 boc
967 4937 1043 4999 sunt,
1059 4937 1087 4986 et
1101 4931 1131 4986 in
1145 4930 1254 4985 inferno
1266 4931 1392 5001 jacentes
1403 4931 1493 4985 Deum
1507 4932 1623 4987 laudare
1637 4949 1765 5007 nonpos-

143 5025 186 5090 est,
196 5023 370 5096 diligentiam
380 5024 435 5079 illis
450 5024 562 5093 adhibe,
576 5024 651 5095 quod
663 5023 775 5078 evidens
785 5024 817 5077 nt
830 5023 926 5077 exiliis
967 5026 1034 5076 sunt
1049 5039 1056 5087 ;
1068 5025 1097 5075 et
1111 5019 1280 5075 econtrario
1294 5023 1370 5084 sunt,
1381 5018 1503 5091 quicum
1516 5021 1622 5075 mortui
1631 5021 1688 5077 sint
1702 5039 1765 5078 cor-

141 5108 211 5167 dietis
220 5130 280 5185 quae
293 5120 461 5187 sequuntur,
477 5130 547 5186 quas
557 5113 671 5184 quidem
684 5111 726 5167 ita
738 5129 804 5167 vera
819 5111 927 5168 ratione
967 5126 1045 5182 pore,
1056 5110 1148 5165 Deum
1160 5108 1261 5180 spiritu
1276 5106 1446 5163 benedicunt
1459 5115 1544 5179 atque
1558 5109 1766 5168 collaudantes·

139 5199 270 5258 existimat
283 5219 345 5259 esse
359 5203 467 5269 viduas,
483 5203 556 5258 sicut
568 5202 597 5257 in
611 5201 848 5273 subsequentibus
864 5218 927 5256 me·
968 5199 1166 5254 cundumillud
1184 5196 1390 5263 :oBenedicite
1404 5196 1518 5268 spiritus
1528 5202 1557 5253 et
1566 5197 1667 5254 anima
1675 5201 1766 5272 justo

138 5285 188 5344 lius
205 5289 379 5347 intruimur.
395 5290 503 5346 lterum
516 5307 582 5345 vero
595 5290 630 5345 de
654 5289 709 5345 illis
727 5289 852 5361 loquitur
866 5307 928 5361 quae
968 5305 1041 5354 rum,
1058 5288 1210 5343 Dominum
1223 5287 1307 5355 (Dare.
1324 5286 1361 5356 ιιι)
1380 5304 1386 5353 ;
1406 5292 1458 5341 »et
1475 5303 1489 5339 (ι
1514 5304 1520 5338 :
1537 5282 1636 5343 O‘mnis
1649 5289 1765 5363 spiritua

136 5392 189 5433 non
197 5378 301 5434 debent
314 5379 501 5435 ecclesiastico
507 5384 621 5451 sumptu
630 5378 677 5445 ali,
694 5378 830 5449 adjiciens
844 5378 879 5433 de
893 5378 928 5433 il·
970 5378 1066 5432 landet
1075 5376 1226 5433 Dominum
1240 5378 1323 5442 (Psal.
1339 5377 1394 5444 ct).
1408 5392 1422 5428 r

135 5466 185 5521 lia:
198 5486 213 5520 r
228 5468 259 5523 Si
273 5485 330 5540 qua
343 5474 439 5527 autem
452 5469 536 5525 vidua
550 5469 633 5536 illios,
651 5472 702 5522 aut
714 5474 830 5539 nepotes
845 5467 930 5524 habet
1007 5463 1765 5543 ‹Ethocpraecipe,utirreprehcnsibilessint.rjdrnbr.)
1788 5480 1792 5487 '

137 5555 252 5613 «discat
265 5556 395 5632 [dirum]
408 5558 532 5631 primum
545 5559 661 5615 domum
686 5569 767 5613 suam
777 5574 885 5630 regere,
901 5563 931 5613 et
971 5558 1031 5613 lloc
1044 5563 1096 5624 est,
1112 5556 1194 5613 ethis
1208 5553 1302 5622 dicito,
1323 5559 1356 5609 ut
1367 5553 1473 5626 optime
1495 5554 1619 5613 viventes
1633 5567 1768 5619 maneant

335 5658 469 5722 Parnon.
483 5656 564 5722 exn
1571 5652 1612 5720 20
