3772 6120
120 301 187 360 ltut
413 298 445 354 B.
466 294 602 355 ansam
622 294 738 353 uacat
757 292 925 350 ARCHIEP.
945 289 1107 349 mosum.
1128 289 1277 350 OPERUM
1298 291 1391 351 PARS
1408 294 1459 351 111.
1692 294 1758 354 12⁰8

118 427 201 500 pulus
216 426 246 483 in
260 422 443 500 Babyloniam
458 421 770 480 ductusadserritutem
785 418 913 491 irejube-
922 417 1116 490 Aprophetias
1130 419 1313 492 prophetatus
1328 425 1371 475 est
1382 420 1521 491 Christus,
1537 437 1595 478 non
1616 420 1711 478 solnm
1723 421 1756 478 ah

115 523 164 574 tur
177 533 194 574 a
208 515 328 573 Domino
340 530 392 588 per
404 513 555 571 ieremiam
571 510 788 583 illiustemporis
798 508 915 581 prophe·
955 507 1015 578 ipso
1029 507 1118 562 David
1133 507 1161 562 in
1175 507 1246 562 libro
1255 509 1440 577 Psalmorum,
1452 510 1502 566 sed
1517 511 1605 566 etiarn
1621 528 1640 566 s
1653 510 1757 568 crateris

116 611 176 663 tam
192 624 198 660 ε
213 611 242 661 et
255 605 422 661 exstiterunt
434 620 516 674 reges
528 598 865 674 Babyloniae,subquibus
875 597 916 651 illi
957 601 986 652 et
996 596 1105 667 magnis
1118 603 1146 651 et
1160 597 1264 652 sanctis
1278 598 1422 670 prophetis
1437 601 1575 672 usquead
1587 606 1703 673 tempus
1716 617 1756 656 ca·

116 694 284 760 serviebant,
294 693 341 766 qui
350 693 492 749 exhorum
507 691 651 747 occasione
661 688 794 744 commoti
805 686 917 759 quibus·
957 684 1093 756 ptiritatis
1108 685 1137 740 in
1150 685 1332 758 Babyloniam
1344 707 1350 755 ς
1367 693 1396 743 et
1406 689 1435 743 in
1445 689 1508 760 ipsa
1522 690 1688 762 captivitate
1699 689 1755 746 fue·

116 785 184 842 dam
198 784 340 840 miraculis
355 785 564 855 cognoscerent,
581 786 610 835 et
624 779 756 843 colerent,
774 777 861 833 etcoli
868 778 917 846 ju·
958 781 1025 829 runt
1034 775 1185 846 prophetae,
1196 775 1243 847 qui
1252 782 1400 831 venturum
1410 778 1565 833 Dominum
1572 779 1755 835 Jesumcun'-

118 873 218 930 harant
229 889 319 930 unum
333 888 430 927 verum
444 871 544 938 Deum,
561 869 609 942 qui
619 866 744 924 condidit
757 866 918 922 universam
958 869 1034 918 stum
1048 863 1228 919 liberatorem
1244 866 1370 921 omnium
1385 867 1599 938 prophetarent.
1617 869 1756 940 Etpasto·

119 967 289 1019 creaturam.
300 961 375 1016 iussi
384 964 450 1016 sunt
459 966 554 1015 autem
565 962 594 1014 et
601 974 682 1013 orare
693 954 919 1030 proeisaquihus
960 970 1044 1025 quam
1058 954 1194 1025 templum
1206 955 1354 1009 transactis
1365 957 1546 1027 septuaginta
1555 957 1641 1012 annis
1653 960 1756 1015 restite

121 1052 224 1124 captivi
238 1050 417 1117 tenebantur,
435 1054 464 1105 et
477 1049 612 1104 incorum
621 1063 689 1120 pace
697 1062 795 1119 pacem
806 1060 920 1117 sperare
960 1047 1022 1096 tum
1035 1047 1096 1108 est,
1113 1047 1208 1097 tantas
1221 1060 1368 1114 pressuras
1380 1051 1408 1099 et
1421 1045 1600 1103 calamitates
1619 1063 1637 1100 a
1652 1048 1755 1119 regibus

121 1142 156 1196 ad
166 1140 323 1213 gignendos
333 1130 920 1206 lilios,'etdomosedificandasatplantan·
959 1131 1087 1201 gentium
1098 1131 1187 1187 iudai
1198 1132 1322 1204 perpessi
1340 1141 1415 1201 sunt,
1437 1141 1470 1189 ut
1484 1135 1679 1208 intelligerent
1692 1153 1755 1192 non·

120 1231 171 1286 dos
185 1230 282 1285 hortos
295 1234 324 1284 et
337 1228 442 1284 vineas.
452 1228 519 1282 Post
532 1225 713 1298 septuaginta
725 1230 821 1279 autem
831 1238 920 1277 annos
961 1219 1029 1275 dum
1044 1220 1153 1275 venisse
1166 1219 1353 1289 liberatorem,
1363 1240 1510 1294 quemnon
1520 1224 1755 1296 spiritaliterliba·

122 1312 921 1393 promittitureisabillacaptivitateliberatio.Hocautem
962 1315 1091 1365 naturum
1104 1309 1308 1381 intelligebant,
1323 1311 1372 1366 sed
1392 1328 1442 1384 pro
1468 1311 1640 1369 liberatione
1660 1314 1755 1372 cernaii

122 1413 214 1464 totum
228 1408 348 1479 figurate
362 1406 503 1477 significat
517 1403 669 1460 Ecclesiam
688 1401 792 1458 Christi
810 1401 839 1456 in
863 1416 922 1454 om·
962 1397 1170 1454 desiderabant.
1181 1399 1306 1455 Peractis
1313 1417 1380 1471 ergo
1386 1402 1511 1473 quinque
1521 1402 1753 1473 aetatibussaeculi,

49 1474 54 1485 ¹
122 1497 206 1553 nibns
212 1497 316 1553 sanctis
326 1494 448 1567 ejusqui
455 1499 521 1549 sunt
527 1492 600 1548 cives
606 1491 782 1547 Hierusalem
789 1489 920 1555 celestis,
963 1504 1083 1560 quarum
1096 1489 1188 1559 prima
1201 1494 1244 1543 est
1257 1488 1293 1543 ab
1307 1490 1387 1544 initio
1396 1493 1511 1560 generis
1525 1492 1656 1558 humani,
1669 1493 1695 1548 id
1709 1500 1752 1560 est,

123 1587 291 1642 servituram
305 1583 357 1640 suh
371 1583 484 1654 regibus
499 1583 584 1654 liujus
596 1580 699 1636 saculi.
715 1578 788 1635 Dicit
807 1579 882 1633 enim
895 1582 924 1633 et
964 1575 1094 1631 shndsm
1103 1577 1150 1648 qui
1161 1577 1270 1650 primus
1280 1579 1364 1633 homo
1375 1578 1464 1634 iactus
1473 1587 1526 1646 est,
1540 1597 1632 1653 usque
1646 1582 1681 1636 ad
1694 1583 1752 1649 Noe,

124 1675 278 1748 apostolica
292 1673 421 1729 doctrina
434 1678 466 1727 ut
483 1692 494 1724 r
507 1671 599 1726 omnis
605 1670 701 1725 anima
714 1667 923 1724 sublimioribus
964 1666 1012 1737 qui
1024 1665 1091 1721 iecit
1104 1683 1198 1721 arcam
1215 1666 1244 1721 in
1257 1667 1369 1722 diluvio.
1385 1669 1453 1723 lnde
1469 1670 1598 1724 secunda
1618 1677 1661 1725 est
1677 1688 1753 1743 usque

125 1762 311 1838 potestatibus
323 1761 436 1818 subdita
445 1762 483 1817 sit
494 1761 578 1828 (nom.
588 1772 647 1822 xrrr,
658 1759 695 1828 l),
714 1777 725 1809 r
749 1763 779 1812 et
805 1761 838 1812 nt
862 1718 955 1811 red·n
965 1755 999 1809 ad
1012 1754 1165 1821 Abraham,
1182 1756 1230 1828 qui
1245 1764 1326 1827 pater
1339 1757 1444 1813 electus
1459 1762 1503 1814 est
1512 1758 1643 1816 omnium
1655 1760 1752 1832 quiden

125 1853 252 1909 dantur«
269 1850 399 1907 omnibus
413 1850 516 1917 omnia,
526 1848 714 1906 cuitributum
722 1847 869 1911 tributum,
879 1845 925 1901 cui
964 1845 1102 1915 gentium,
1113 1860 1174 1916 quae
1187 1845 1565 1918 tidemipsiusimitarentur,
1574 1849 1625 1903 sed
1633 1854 1752 1904 mmener

127 1940 245 2012 vectigal
260 1939 482 2011 vectiganum,
493 1955 520 2006 s,
537 1939 574 2005 il,
586 1957 601 1992 a
612 1943 641 1993 et
655 1940 839 2009 caetera,'quae
849 1937 925 1991 salso
966 1934 1119 2006 propagine
1131 1934 1223 1989 carnis
1239 1951 1295 1990 suae
1309 1934 1405 1990 sutura
1419 1937 1515 2008 populi
1529 1938 1693 1993 iudaeorum
1701 1944 1752 1994 ante

126 2029 240 2086 Domini
255 2029 345 2085 nostri
360 2027 446 2093 cultu,
464 2027 674 2083 constitutionis
686 2027 816 2081 humanae
825 2025 926 2097 princi·
968 2021 1053 2075 tidem
1066 2021 1255 2076 Christianam
1269 2023 1396 2093 gentium
1411 2040 1486 2079 unus
1507 2025 1585 2081 inter
1598 2042 1695 2081 omnes
1708 2042 1753 2082 on

128 2118 211 2192 pibus
221 2117 375 2185 reddimus,
390 2117 502 2190 quando
517 2122 546 2173 et
558 2117 619 2189 ipse
632 2116 769 2170 Dominus
792 2119 825 2170 ut
848 2112 928 2168 nobis
968 2110 1048 2165 nium
1061 2116 1203 2166 terrarum
1217 2112 1336 2183 populos
1350 2128 1437 2167 unum
1452 2128 1552 2168 verum
1566 2115 1657 2170 Deum
1670 2114 1750 2181 coluit,

37 2248 45 2255 -
131 2205 929 2279 hujussanredoctrinaepraehcretesemplumproeaparte
969 2215 1002 2254 ex
1016 2215 1071 2271 quo
1085 2199 1187 2272 populo
1202 2200 1330 2255 Salvator
1344 2201 1473 2257 Christus
1489 2203 1647 2259 secundum
1656 2220 1751 2260 carnem

129 2297 252 2354 hominis
268 2314 323 2369 quo
337 2302 399 2352 erat
409 2295 525 2352 indutus
538 2294 676 2352 tributum
690 2295 796 2349 solvere
812 2309 868 2348 non
882 2292 929 2347 de·
968 2287 1084 2344 reniret.
1101 2288 1150 2343 lsti
1166 2289 1241 2343 enim
1254 2290 1364 2345 articuli
1376 2291 1498 2346 duarum
1513 2298 1632 2349 aetatum
1646 2292 1752 2349 eminuit

131 2387 323 2459 dignatusest.
337 2385 476 2442 iubentur
489 2391 585 2441 autem
599 2384 764 2440 etiamserri
778 2381 929 2438 Christiani
969 2377 999 2432 in
1014 2377 1154 2433 vetenhus
1167 2376 1255 2432 libris.
1271 2379 1454 2450 Reliqusmm
1468 2387 1567 2436 autern
1578 2381 1665 2438 trium
1683 2383 1751 2438 etiam

132 2473 729 2547 ethonilidelesdominissuistemporalibns
735 2472 931 2546 aequanimiter
971 2466 1121 2538 Evangelio
1133 2467 1322 2535 declarantur,
1338 2484 1402 2525 cum
1416 2471 1539 2526 camillis
1559 2471 1638 2543 origo
1659 2471 1751 2527 Domini

133 2566 310 2637 fideliterque
320 2562 683 2637 servire:quosjudicaturi
696 2568 762 2619 sunt
771 2562 892 2632 eiusque
901 2561 931 2616 in
971 2557 1037 2611 lesu
1066 2555 1170 2611 Christi
1191 2564 1437 2613 commemoratur.
1462 2560 1536 2614 Nam
1557 2561 1643 2615 tertia
1671 2567 1710 2616 est
1725 2559 1752 2614 ab

133 2656 221 2710 tinem
233 2653 344 2725 iniquos
358 2653 526 2720 invenerint,
533 2657 583 2707 aut
596 2668 660 2707 cum
674 2652 775 2724 quibus
787 2651 932 2723 aequaliter
972 2645 1114 2700 Abraham
1128 2661 1216 2717 usque
1231 2645 1267 2700 ad
1282 2646 1370 2701 David
1386 2663 1482 2719 regem
1497 2664 1504 2703 :
1521 2654 1626 2720 quarta
1643 2666 1660 2703 a
1682 2648 1751 2705 Darii

134 2739 279 2813 regnaturi
294 2745 369 2806 sunt,
376 2740 401 2795 si
409 2745 438 2796 et
446 2740 529 2796 illiad
543 2756 639 2797 verum
648 2739 799 2797 Dominum
807 2736 932 2794 conversi
973 2750 1062 2807 usque
1073 2734 1108 2788 ad
1118 2734 1196 2789 illam
1207 2734 1752 2810 captivitatemquapopulusDeiinBaby·

135 2829 242 2886 fuerint
259 2848 264 2883 :
280 2827 410 2883 omnibus
423 2833 518 2884 tamen
541 2829 702 2902 praecipitur
716 2829 820 2884 servire
835 2828 933 2882 huma-
973 2823 1079 2879 loriam
1093 2823 1360 2895 transmigraverat:
1373 2826 1473 2896 quinta
1484 2825 1520 2881 ab
1534 2826 1752 2900 illatransmigra

137 2915 934 2990 nispotestatibusatqueterrenis,quousqueposttempus
975 2913 1051 2968 tione
1063 2912 1470 2983 usqueadadventumDomini
1481 2916 1572 2971 nostri
1582 2917 1649 2972 iesu
1657 2914 1750 2971 (unm.

134 3002 1109 3102 praetinitumquodsigniticantscptuagintaunni,abistineGEx'cujus
1122 3000 1243 3057 adventu
1258 3006 1336 3057 serta
1349 3008 1417 3058 aetas
1431 3004 1534 3076 agitur,
1552 3009 1586 3059 ut
1600 3003 1753 3078 etiamspiri·

138 3093 932 3167 seculiconfusionemnquamdecaptivitateBahyloniae,
976 3092 1041 3146 talis
1049 3091 1150 3162 gratis,
1163 3109 1225 3164 quae
1234 3092 1331 3164 paucis
1340 3094 1583 3166 tuncpatriarchis
1594 3099 1623 3150 et
1631 3092 1753 3168 prophetis

138 3184 211 3240 sicut
221 3183 397 3239 Hierusalem
409 3183 545 3239 liberetur
558 3183 689 3239 Ecclesia.
697 3183 736 3240 Ex
750 3183 835 3254 nujus
850 3185 937 3258 capti·
977 3185 1121 3247 notuerat,
1135 3180 1364 3236 manifestaretur
1375 3181 1505 3238 omnihus
1514 3182 1754 3255 gentibusmequia

139 3272 234 3328 vitatis
249 3273 393 3328 occasione
407 3272 461 3344 ipsi
476 3273 562 3327 etiam
585 3273 690 3328 terreni
713 3289 802 3345 reges,
818 3274 937 3330 desertis
979 3286 1063 3342 quam
1084 3268 1235 3325 Dominum
1256 3270 1310 3324 nisi
1333 3271 1422 3341 gratis
1445 3272 1560 3339 coleret,
1577 3287 1635 3329 non
1655 3270 1754 3327 risibilis

138 3359 220 3415 idolis
234 3377 285 3432 pro
300 3360 401 3433 quihus
410 3360 652 3434 persequebantur
658 3362 840 3430 Christianos,
848 3380 937 3420 unum
978 3359 1094 3432 praemia
1105 3359 1247 3414 servitutis
1256 3375 1313 3414 ⁸11ae
1322 3365 1350 3414 et
1364 3361 1510 3432 praestnliss
1525 3361 1590 3417 lit&
1601 3360 1754 3426 felicitatem,

140 3450 339 3505 serum-Deum
348 3456 538 3521 cognoverunt
547 3451 693 3506 etcolnnt:
706 3468 757 3523 pro
765 3451 938 3527 quibusapo-
978 3448 1028 3503 ssd
1041 3449 1130 3503 solam
1138 3448 1224 3503 vitam
1233 3454 1377 3514 arternum·
1385 3450 1414 3503 in
1424 3466 1480 3521 qua
1489 3449 1551 3521 iP⁸0
1558 3451 1617 3505 Det*
1625 3449 1754 3515 frueretur»

141 3538 229 3593 stolus
244 3539 349 3594 Paulus
356 3539 525 3609 jubetorare
535 3540 622 3595 ctiam
629 3557 693 3596 cum
704 3548 939 3613 persequerentur
979 3536 1014 3592 ab
1027 3537 1075 3593 illo
1085 3537 1247 3592 desiderans
1261 3557 1267 3606 3
1281 3544 1314 3593 ut
1323 3539 1375 3593 hac
1384 3544 1462 3593 sexta
1471 3543 1555 3594 aetate
1566 3540 1757 3595 menshumam

141 3626 307 3695 Ecclesiam,
319 3628 358 3682 sic
365 3628 440 3683 enim
447 3627 515 3683 dicit
521 3630 550 3702 (I
558 3630 664 3698 Timar,
675 3629 718 3697 ll:
732 3650 744 3682 ι
757 3629 878 3687 Obsecro
888 3631 938 3688 ita·
977 3632 1128 3682 renovetur
1142 3627 1178 3680 ad
1191 3627 1343 3698 imaginem
1357 3628 1418 3693 Dei,
1433 3628 1507 3682 sicut
1523 3634 1604 3684 sexta
1628 3628 1671 3683 die
1688 3628 1756 3682 homo

143 3731 197 3788 que
218 3715 342 3788 primum
365 3717 426 3771 fleri
450 3717 670 3789 deprecationes,
686 3717 936 3792 interpellationes,
979 3716 1068 3771 lactus
1082 3721 1126 3771 est
1139 3716 1174 3770 ad
1184 3716 1336 3786 imaginem
1350 3717 1411 3771 Dei.
1430 3718 1508 3772 'lunc
1522 3718 1601 3773 enim
1616 3724 1645 3773 et
1661 3718 1701 3772 lex
1718 3716 1757 3770 im

142 3803 297 3878 gratiarum
308 3806 494 3878 actiones,pro
504 3806 939 3879 regibus,proomnibushomini·
980 3807 1082 3878 pletur,
1098 3806 1164 3861 dum
1177 3821 1233 3859 non
1244 3805 1398 3877 cupiditate
1407 3822 1501 3861 rerum
1509 3801 1756 3880 temporationem

143 3892 205 3961 bus,
218 3893 382 3949 etomnihus
388 3895 436 3966 qui
442 3895 471 3948 in
477 3894 649 3951 sublimitate
656 3902 730 3964 sunt,
741 3902 940 3955 utsecuramet
980 3893 1117 3949 charitate
1132 3893 1206 3948 illius
1221 3910 1269 3965 qur
1285 3894 1426 3967 praecepit,
1439 3896 1512 3949 tlunt
1527 3907 1757 3968 quacunquepra·

144 3983 326 4053 tranquillam
334 3984 419 4038 vitam
426 4000 543 4056 agamus
551 3999 614 4040 cum
622 3985 699 4040 omni
706 3986 940 4058 pietateetchari-
980 3982 1063 4054 cepit.
1079 3982 1149 4047 Quis
1162 3987 1257 4038 autem
1271 3999 1326 4037 non
1352 3985 1499 4039 redamare
1527 3984 1638 4040 affectet
1656 3980 1756 4054 jusum

144 4072 336 4143 cerealiaque
343 4088 393 4143 per
403 4073 478 4144 ipsos
485 4073 658 4145 dataestpas
669 4074 805 4143 Ecclesia,
814 4077 940 4148 quamvis
982 4088 1059 4127 mum
1074 4077 1103 4127 et
1116 4071 1409 4127 misericordissimum
1424 4072 1586 4141 Dominum,
1603 4069 1755 4146 quipriorsit

144 4160 502 4232 temporalistranquillitas
510 4163 877 4235 temporisadadificandas
886 4166 942 4240 spi-
982 4160 1753 4234 amantjmtissimosessuperhissimosnominesmtpm

145 4246 266 4303 ritaliter
274 4249 381 4315 domos,
390 4255 419 4305 et
428 4252 596 4322 plantandos
606 4252 703 4308 hortos
712 4257 742 4308 et
751 4253 855 4309 vineas.
982 4257 1046 4323 pter
1056 4267 1103 4305 eos
1113 4250 1239 4305 mitteret
1247 4251 1361 4305 unicum
1372 4251 1485 4318 Filium,
1494 4252 1698 4324 perquemfecit
1708 4262 1752 4303 on·

181 4355 194 4393 r
204 4338 275 4393 Nam
282 4343 310 4393 et
316 4341 500 4395 eccetemodo
506 4356 556 4412 per
562 4341 648 4397 istum
655 4358 813 4398 sermonem
824 4341 1029 4413 adificn.1)nia
1042 4340 1166 4411 :quinon
1176 4340 1220 4395 sui
1231 4338 1449 4402 mutatione,sed
1457 4341 1581 4396 hominis
1589 4338 1751 4411 assumptione

146 4442 229 4481 «mus
237 4432 322 4500 atque
328 4428 503 4499 plantamus:
516 4428 623 4484 »lithos
630 4431 662 4484 lit
673 4447 724 4501 per
736 4436 826 4487 totum
846 4435 943 4495 orbem
983 4430 1067 4484 h0¹¹¹0
1082 4428 1170 4485 factuss
1189 4445 1245 4484 ¹¹⁰¹]
1260 4429 1349 4483 SOlum
1363 4445 1427 4483 ⁰11¹ss
1442 4430 1483 4483 eis
1496 4430 1599 4497 vilere,
1620 4430 1665 4484 ⁸0d
1688 4426 1749 4482 etim

144 4520 354 4572 terrarumcum
365 4534 433 4588 pace
445 4534 542 4589 regum
551 4518 941 4588 Christianorum,sicutidem
983 4535 1034 4590 pro
1048 4519 1088 4572 eis
1100 4522 1129 4572 et
1141 4517 1176 4572 ab
1191 4518 1232 4572 eis
1242 4525 1336 4590 posset
1350 4518 1456 4573 occidi?
1469 4519 1569 4591 ltaque
1581 4535 1677 4575 norum
1685 4520 1748 4571 tans·

144 4586 213 4659 clic‘it
222 4606 372 4677 Apostolus
388 4624 394 4659 :
413 4626 427 4658 a
448 4607 499 4663 Dei
514 4607 694 4679 agricultura,
720 4610 771 4665 Dei
794 4611 941 4671 aedisscatio
983 4613 1108 4662 mentum
1121 4605 1747 4680 haredimtissempitamaemannoembsrinqu

144 4693 212 4747 estis
228 4694 253 4761 (l
265 4694 326 4748 Cor.
343 4711 381 4762 nr,
395 4692 453 4766 9).»
465 4696 500 4751 Et
509 4701 573 4769 post
586 4712 674 4753 annos
698 4699 811 4770 quidem
827 4708 941 4775 septua—
982 4702 1132 4752 renovatus
1140 4697 1224 4752 homo
1234 4693 1745 4769 pergrauamneiageretnorsnriun

142 4781 231 4852 ginta,
240 4797 310 4854 quos
324 4783 440 4856 mystice
454 4785 670 4857 prophetaverat
678 4788 850 4846 ieremiasut
856 4793 940 4848 tinem
982 4787 1034 4842 1100
1049 4793 1099 4854 est,
1114 4786 1270 4860 Spiritalem
1286 4787 1381 4853 Vitam,
1397 4792 1429 4841 ut
1442 4791 1523 4842 l'fltlls
1538 4787 1688 4843 Ostenderit
1706 4776 1746 4852 Pii·

143 4876 302 4943 temporum
315 4873 517 4944 praefigrrraret,
532 4879 627 4930 tamen
642 4880 674 4930 ut
688 4877 749 4949 ipsa
763 4880 854 4950 figura
867 4880 941 4938 inte.
982 4890 1059 4931 mum
1072 4875 1103 4930 in
1117 4893 1172 4947 quo
1187 4875 1307 4930 carnalis
1322 4877 1442 4948 populus
1457 4892 1545 4948 agens
1566 4876 1695 4932 hominem
1713 4881 1745 4920 tt

142 4965 283 5031 graretur,
291 4961 363 5016 facta
370 4968 413 5017 est
419 4963 448 5017 in
454 4962 631 5018 Hierusalem
637 4965 777 5021 restitutio
783 4968 942 5025 aedillcatio·
981 4971 1070 5020 terem
1085 4965 1207 5037 exceptis
1221 4965 1317 5039 paucis
1331 4965 1555 5035 intelligentibus
1570 4957 1745 5038 patriarchiael

142 5049 187 5104 nis
196 5050 294 5123 templi
304 5051 368 5118 Dei;
381 5051 503 5124 sedquia
511 5055 729 5125 totumllgurate
737 5056 941 5127 agebatur,non
982 5055 1135 5127 prophetis,
1152 5060 1181 5110 et
1191 5055 1334 5110 nonnullis
1343 5053 1495 5109 latentibus
1506 5054 1619 5123 sanctis,
1630 5046 1744 5109 mmditr

143 5145 205 5194 erat
213 5140 296 5194 firma
309 5158 362 5213 pax
376 5157 409 5195 ac
423 5140 538 5197 libertas
553 5143 663 5198 reddita
676 5144 789 5199 ludmis.
813 5147 910 5219 Itaque
925 5166 942 5204 a
982 5146 1076 5200 visens
1088 5145 1211 5200 carnalia
1226 5144 1341 5216 praemia
1356 5143 1534 5199 desiderabat
1547 5161 1565 5200 a
1579 5144 1687 5200 Domino
1696 5136 1742 5194 litu

143 5227 276 5285 Romanis
291 5235 389 5303 postea
401 5231 467 5286 victi
481 5236 547 5286 sunt
562 5238 590 5287 et
602 5232 745 5288 tributarii
757 5235 831 5303 sacti,
846 5252 879 5290 ex
892 5237 940 5293 illo
982 5241 1011 5290 et
1024 5235 1053 5290 in
1065 5235 1157 5306 ligura
1169 5233 1339 5306 spiritalium
1353 5233 1491 5288 bonorum
1505 5233 1663 5306 accipiebat.
1672 5220 1743 5284 Cutil

142 5332 209 5372 sane
223 5324 350 5391 tempore
366 5337 399 5375 ex
413 5336 469 5393 quo
484 5325 590 5376 terram
613 5324 806 5395 promissionis
829 5342 941 5399 accepe-
982 5341 1048 5394 crgo
1063 5323 1136 5378 hona
1150 5329 1262 5378 terrena
1276 5322 1444 5394 contempsit
1454 5323 1635 5378 lromosactus
1644 5312 1742 5376 pominus

143 5412 218 5473 runt,
225 5412 255 5462 et
264 5424 344 5480 reges
354 5409 457 5466 habere
468 5418 613 5484 coeperunt
624 5431 630 5466 ε
642 5428 676 5467 ne
686 5414 715 5468 in
733 5414 827 5485 aliquo
841 5431 941 5486 regum
982 5413 1118 5478 Christus,
1132 5419 1164 5468 ut
1178 5411 1382 5466 contemnenda
1388 5417 1561 5467 monstraret
1572 5406 1741 5480 ,stomata-

143 5509 259 5550 suorum
267 5499 435 5570 completum
446 5517 507 5557 esse
518 5501 724 5558 arbitrarentur
734 5504 809 5575 quod
828 5503 868 5560 eis
878 5504 945 5560 libe-
986 5519 1053 5558 rena
1069 5502 1144 5557 mala
1163 5502 1306 5570 sustinuit,
1324 5518 1385 5573 quae
1400 5502 1565 5558 sustinenda
1580 5492 1740 5584 praecipiebtif

142 5586 219 5641 rator
232 5585 359 5644 Christus
371 5590 596 5664 promittebatur.
612 5593 744 5669 Apertius
766 5609 816 5665 per
839 5593 942 5651 multas
984 5600 1016 5651 ut
1029 5608 1119 5666 neque
1134 5592 1162 5649 in
1176 5591 1231 5649 illis
1245 5598 1418 5666 quareretur
1428 5590 1557 5661 felicitas,
1573 5606 1658 5667 neque
1671 5581 1741 5642 insta
