3772 6120
90 270 139 326 161
323 272 612 327 ENARRATIONUM
630 273 669 328 IN
688 272 764 328 EPP.
786 257 892 331 PAULI
911 275 980 330 LlB.
1001 273 1103 330 x11.-
1117 274 1156 329 ΙΝ
1176 274 1286 331 EPIST.
1308 275 1333 331 ll
1352 275 1400 332 AD
1419 276 1500 336 COR.
1683 277 1734 334 162

87 395 174 458 saria,
191 395 264 449 semi
288 396 372 451 ambo
399 403 550 469 ponuntur.
574 400 644 454 Cam
671 400 799 454 altricibus
825 401 1118 466 sart-Ariusferrent,
1131 402 1154 456 si
1165 402 1373 474 corriperentur
1385 405 1614 460 erroresillorum
1630 404 1664 459 ab
1680 407 1733 472 his,

88 488 148 537 ctis.
168 485 220 538 llic
242 486 333 541 sancti
356 494 474 557 possunt
496 487 584 558 accipi
608 488 776 554 sacerdotes,
798 490 846 560 qui
865 490 895 545 in
937 491 984 562 qui
995 491 1052 546 hac
1063 498 1122 544 tani
1138 508 1238 562 aspera
1251 491 1410 546 tolerabant
1426 511 1477 563 pro
1495 493 1559 547 illis.
1577 494 1644 557 Quis
1659 494 1735 549 erum

87 575 183 644 prima
197 581 346 645 ponuntur
358 576 509 631 Dominum
521 577 690 643 invocantes,
703 579 775 633 etad
791 578 895 650 Philip
936 580 1108 634 medicorum
1118 597 1174 634 non
1184 583 1736 653 arguatsusceptmnsuumnegligentius

88 680 192 733 penses
212 680 279 718 eum
302 665 445 736 Episcopis
470 672 499 720 et
516 665 694 731 Diaconibus,
711 667 775 722 ideo
798 674 894 722 autem
936 655 1423 733 sctractantem,necuramcdicinae
1437 672 1498 741 cius
1512 671 1572 725 sine
1586 673 1737 727 allectore-

89 760 189 823 postea
215 753 418 817 nominantur,
443 771 478 808 ne
507 772 608 825 parum
632 755 820 826 intelligentes
847 774 895 812 ees
938 764 1060 811 maneat.

88 843 252 911 praemissas
273 860 334 897 esse
359 849 500 914 putarent,
517 861 579 898 eum
593 845 653 914 jain
668 845 726 899 sint
748 845 776 898 in
802 846 895 900 Eccle-
972 847 1024 902 Sed
1038 849 1091 915 ipsi
1105 850 1136 901 in
1153 848 1229 900 nobis
1245 863 1403 916 responsum
1428 851 1523 901 nrortis
1536 849 1693 914 lrabnimus,
1706 855 1737 904 nt

89 932 347 1003 siaeornprehensi.
361 934 414 999 (tui
425 939 490 986 stant
502 936 533 987 in
545 937 675 987 tertiariae
686 934 799 988 elebata.
810 935 897 1004 Cujus
940 952 993 989 nrm
1009 939 1097 989 sinrns
1112 937 1224 1002 fideritcs
1239 940 1269 990 in
1288 938 1373 992 trabis.
1383 939 1428 990 scd
1443 940 1473 991 in
1489 939 1548 1002 lien,
1566 941 1615 1007 qni
1624 942 1737 992 suscitat

89 1026 134 1074 est
148 1021 315 1091 metropolis
329 1021 490 1075 Corinthus.
501 1022 598 1077 Gratia
609 1023 681 1076 cabis
697 1028 720 1076 ct
735 1038 791 1091 aaa
803 1040 820 1076 a
833 1024 895 1077 llea.
939 1029 1071 1078 mortuos.
1084 1024 1205 1079 Tantam
1226 1024 1406 1079 insolentiam
1425 1025 1582 1097 iniqnitatis
1600 1026 1749 1096 significat¹

90 1109 206 1163 Gratias
227 1115 316 1178 agunt
334 1110 393 1164 Deo
411 1108 567 1181 gaudentes
586 1128 615 1164 se
634 1110 698 1164 ideo
712 1111 850 1165 consolari
864 1117 898 1167 ut
938 1112 1121 1166 insurrexisse
1137 1119 1233 1167 contra
1256 1114 1320 1167 littei
1345 1114 1549 1184 predicatores,
1568 1121 1600 1169 ut
1618 1122 1738 1170 mortem

90 1199 147 1270 ipsi
170 1198 243 1252 alios
270 1199 460 1254 consolentur.
482 1201 642 1254 Beriedictns
668 1200 737 1254 ltcas
765 1205 789 1254 ct
816 1203 898 1255 Pater
940 1207 1005 1255 ante
1020 1202 1114 1256 oculos
1128 1201 1273 1266 haberent,
1291 1203 1412 1274 deniquo
1431 1203 1519 1273 erepti
1539 1203 1574 1257 de
1589 1203 1650 1275 ipsa
1663 1220 1739 1275 pres·

92 1290 210 1342 Domini
225 1291 314 1342 nostri
325 1290 389 1343 lesa
406 1289 519 1353 Christi,
532 1291 613 1343 Pater
628 1292 896 1344 nn'sericardiarmn.
940 1307 1005 1344 sura
1027 1291 1207 1344 resuscitatos
1232 1308 1261 1345 se
1285 1291 1391 1345 dicunt.
1409 1291 1453 1346 Sic
1468 1293 1544 1346 enirn
1566 1291 1661 1347 alllicti
1676 1293 1737 1348 fue-

92 1376 168 1440 Quia
191 1393 224 1429 ex
250 1376 311 1447 ipso
335 1377 428 1431 omnis
451 1377 651 1432 misericordia.
679 1379 710 1431 Et
724 1381 795 1433 llam
816 1381 899 1433 tatius
940 1384 1013 1441 rant,
1034 1384 1067 1433 ut
1090 1380 1274 1450 desperarent
1295 1381 1329 1434 de
1350 1381 1480 1450 prasenti
1502 1381 1567 1435 rita.
1593 1381 1647 1436 Sed
1672 1382 1740 1452 quia

92 1469 301 1519 consolationis.
324 1465 355 1520 Id
385 1471 436 1532 est,
461 1466 589 1536 perfectae
610 1467 817 1533 consolationis,
834 1467 900 1538 quia
939 1467 1015 1522 Deus
1037 1468 1166 1539 praesidia
1185 1485 1236 1521 sna
1258 1485 1313 1522 non
1340 1475 1425 1539 negat
1447 1469 1475 1523 in
1499 1470 1663 1524 necessitate
1688 1487 1739 1542 po·

94 1571 151 1607 non
167 1558 210 1607 est
228 1554 321 1608 minus
341 1554 371 1608 in
386 1555 565 1610 tribulatione
582 1554 724 1610 solatium.
740 1556 898 1622 Otticenso-
940 1558 1010 1620 sitis,
1037 1557 1157 1611 maxime
1185 1557 1253 1623 suis,
1278 1557 1383 1629 eripuit
1407 1557 1468 1612 illos
1496 1559 1677 1630 desperantes
1705 1557 1739 1613 dc

94 1644 854 1716 talarnosinprcssnranestraNoninaliquibus,sed
870 1645 900 1699 in
941 1645 1107 1717 semetipsis,
1134 1647 1253 1700 fidentes
1275 1652 1370 1702 autern
1398 1648 1432 1700 de
1458 1647 1535 1712 Deo;
1555 1647 1645 1702 nimia
1665 1647 1740 1701 enim

94 1731 238 1786 ominbus.
258 1732 288 1787 b't
299 1736 437 1801 possimus
451 1739 475 1787 ct
496 1736 549 1802 ipsi
562 1737 701 1788 consolari
714 1751 755 1788 eos
771 1738 820 1804 qni
833 1722 931 1789 santB
941 1752 1072 1806 pressura
1082 1735 1200 1790 deficere
1214 1752 1243 1789 se
1256 1735 1468 1807 profitebantur,
1476 1736 1529 1789 nisi
1535 1737 1646 1791 adesset
1655 1737 1739 1792 Deus.

95 1823 126 1874 in
142 1823 224 1875 ornrn'
231 1823 372 1890 anqustia,
380 1822 900 1892 percebortationcntqaacaliertamnr
942 1827 995 1893 Oai
1008 1826 1040 1878 de
1056 1828 1139 1878 teritis
1148 1828 1280 1893 periculis
1291 1828 1393 1894 cripuit
1410 1842 1457 1879 nes
1471 1831 1495 1879 ct
1510 1829 1583 1879 erait
1595 1846 1603 1880 :
1616 1829 1647 1880 in
1660 1842 1741 1895 quem

94 1915 120 1964 ct
135 1913 190 1980 ipsi
202 1927 221 1963 a
240 1912 301 1968 Deo.
320 1911 473 1980 Propterea
485 1910 647 1977 liberamur,
666 1917 698 1966 ut
719 1918 748 1966 et
765 1929 816 1966 nos
831 1911 900 1966 alios
941 1929 1093 1982 speramns,
1110 1917 1242 1982 quoniam
1255 1918 1279 1967 et
1292 1915 1383 1968 adbuc
1396 1916 1741 1983 eripietadp'aeantibusct

95 1999 238 2054 consolari
256 2005 285 2053 et
298 1999 333 2053 de
352 1999 470 2054 tristitia
487 1999 606 2055 liberare
621 2001 771 2072 passimus,
789 2007 838 2055 aut
861 2001 901 2055 ita
942 2004 1015 2056 rabis
1031 2005 1061 2056 in
1077 2005 1199 2056 oratione
1211 2019 1263 2071 pro
1276 2004 1352 2056 trabis
1367 2007 1398 2056 ut
1408 2020 1440 2056 ea
1455 2007 1608 2057 tarantarum
1616 2006 1742 2073 persenis

95 2089 219 2143 fonnem
235 2086 314 2142 nobis
328 2088 377 2142 dat
392 2089 461 2143 alios
474 2090 646 2157 consolandi,
664 2096 692 2144 et
706 2107 756 2162 per
770 2091 900 2144 exhorta·
942 2095 1000 2160 ejas
1015 2108 1073 2160 qna
1093 2094 1123 2144 in
1147 2092 1222 2145 trabis
1241 2097 1277 2144 cst
1294 2093 1451 2145 donationis
1467 2108 1518 2160 per
1532 2096 1632 2147 nautes
1644 2096 1743 2161 pratia
1820 2103 1824 2109 '

95 2179 216 2239 tionem,
234 2194 291 2248 qua
312 2178 366 2249 ipsi
394 2195 412 2231 a
434 2178 492 2233 Deo
515 2179 703 2246 consolamur,
724 2179 901 2250 agnoscimus
943 2186 1066 2247 aperitur
1083 2196 1135 2248 pre
1157 2181 1242 2234 nabis.
1261 2181 1320 2234 Hoc
1334 2180 1411 2244 dicit,
1435 2181 1568 2250 quoniam
1585 2181 1678 2251 gratia
1691 2180 1743 2236 Dei

98 2267 174 2337 quod
197 2267 275 2321 Deus
293 2265 455 2320 timentium
470 2283 500 2320 se
515 2268 658 2322 neminem
676 2268 904 2339 derelinquebat
944 2269 1098 2322 multorum
1111 2285 1195 2322 causa
1209 2269 1352 2322 consolata
1367 2274 1410 2321 est
1423 2269 1573 2339 apostolas,
1583 2269 1612 2322 id
1622 2273 1673 2332 est,
1685 2285 1744 2322 om·

98 2355 189 2410 multo
207 2355 298 2426 magis
320 2354 349 2409 in
368 2355 463 2409 future
486 2362 657 2422 remuneret,
673 2374 743 2428 quos
764 2357 849 2411 etiam
873 2356 904 2412 in
945 2356 1022 2410 nium
1030 2357 1213 2422 credentium,
1222 2374 1432 2427 quorumcausa
1440 2363 1468 2410 et
1476 2373 1612 2428 pressura
1620 2357 1744 2427 eisinge·

101 2445 236 2516 prasenti
247 2461 302 2500 non
317 2444 431 2499 deserit.
450 2444 586 2511 Onanimn
602 2450 674 2500 sicat
688 2447 832 2500 abundant
841 2462 904 2515 paa-
945 2444 1136 2505 rebantur.llc
1150 2462 1199 2515 per
1208 2446 1260 2499 hoc
1273 2445 1339 2516 quia
1352 2445 1479 2499 onmium
1493 2462 1577 2500 causa
1592 2444 1743 2511 est,cuncti

99 2538 190 2589 tiones
197 2535 309 2599 Christi,
320 2538 390 2589 itaet
395 2551 445 2604 pcr
452 2535 488 2590 Cb
495 2536 727 2589 ristumabundat
739 2539 823 2590 etiam
838 2551 902 2589 con-
945 2534 1002 2588 Deo
1008 2533 1113 2605 gratias
1119 2533 1413 2599 referant,cumcessat
1419 2534 1744 2602 tentati0,autoritur,si·

99 2626 199 2693 qotatia
214 2629 319 2691 nostra,
331 2629 364 2677 ut
376 2628 405 2678 et
421 2623 521 2677 Petrus
536 2631 579 2678 cst
595 2624 630 2678 de
645 2640 755 2678 carcere
770 2620 904 2678 liberatus
945 2623 1004 2677 mul
1015 2621 1204 2677 obsecrentur.
1215 2624 1310 2679 Gloria
1323 2626 1398 2677 anim
1407 2629 1501 2677 nostra
1511 2623 1564 2678 bac
1575 2630 1610 2677 cst
1628 2627 1744 2678 testimo-

101 2713 170 2775 Μαί.
188 2716 251 2777 xnl3
267 2716 297 2766 et
318 2711 378 2784 ipse
403 2712 506 2767 Paulus
528 2712 634 2767 visione
654 2712 767 2768 Domini
792 2718 821 2767 et
838 2728 904 2767 voce
945 2715 1035 2767 tntum
1046 2713 1397 2767 conscicntienostrae.lloc
1410 2711 1487 2777 dicit,
1498 2712 1609 2782 quiade
1620 2728 1744 2767 suacon-
1782 2770 1785 2779 Δ

101 2803 287 2855 confirmatus
301 2801 330 2854 in
351 2802 457 2872 templo
479 2801 547 2870 (Act.
569 2806 648 2871 xxa).
664 2802 725 2858 Sicc
743 2808 836 2856 autem
851 2818 904 2856 an-
946 2800 1064 2855 scientia
1078 2799 1295 2871 presumebant,
1312 2817 1373 2871 quae
1392 2817 1463 2871 pura
1483 2806 1544 2854 erat
1563 2799 1598 2853 ab
1614 2800 1691 2854 omni
1705 2799 1744 2855 si-

100 2894 225 2958 amtiam
240 2893 369 2960 patimur
384 2906 438 2960 pre
451 2896 540 2945 cestra
554 2891 750 2956 ealiortatione,
766 2896 791 2944 et
806 2894 903 2945 salute.
947 2889 1110 2955 mulatione,
1123 2888 1305 2960 quamobrem
1321 2889 1355 2943 de
1369 2889 1419 2943 Dei
1436 2889 1547 2943 auxiliis
1562 2906 1617 2943 non
1634 2889 1744 2945 diffide·

102 2979 176 3043 Quia
189 2996 239 3033 ros
258 2979 294 3033 ad
316 2979 437 3034 salutem
451 2978 606 3048 hortamur,
617 2978 801 3034 sireutrobis
815 2996 906 3034 exem·
946 2980 1024 3033 bant.
1041 2978 1141 3046 (Grcp.)
1158 2979 1261 3032 Srmcta
1276 2977 1398 3031 Ecclesia
1416 2977 1446 3030 in
1469 2977 1618 3047 Evangelio
1635 2978 1742 3044 (llattlr,

103 3069 182 3139 plum
210 3068 367 3123 tolerantia
390 3067 564 3139 praebeamus
593 3087 598 3121 :
630 3085 695 3122 nam
725 3037 1014 3136 manifestumcxxv)
1035 3067 1131 3121 decem
1145 3065 1299 3136 virgimbus
1320 3065 1421 3120 similis
1435 3066 1627 3131 denuntiatur,
1645 3066 1672 3119 in
1689 3081 1744 3136 qua

103 3165 155 3219 est,
178 3156 246 3227 quia
260 3173 310 3227 pro
325 3172 379 3226 quo
401 3157 533 3227 patimur,
549 3157 609 3228 ipse
624 3156 703 3211 nobis
716 3156 797 3211 adest
811 3174 907 3211 conso·
948 3157 1014 3226 quia
1028 3156 1095 3210 mali
1110 3172 1174 3209 curn
1189 3154 1268 3209 honis
1279 3160 1307 3208 et
1321 3154 1432 3226 reprobi
1446 3172 1510 3208 cum
1521 3154 1616 3209 clectis
1628 3155 1744 3210 admixti

104 3247 167 3300 lans
184 3263 245 3311 nos,
257 3262 309 3315 per
318 3244 513 3299 liberationem
528 3246 649 3317 eripiens
662 3263 713 3300 nos
728 3247 762 3300 de
775 3262 907 3317 pressura
947 3250 1022 3313 sunt,
1038 3251 1112 3299 recte
1127 3245 1227 3299 similis
1240 3244 1395 3315 virginibus
1414 3242 1598 3315 prudentibus
1616 3249 1645 3298 et
1660 3243 1745 3299 fatuis

105 3335 270 3389 interventu
295 3334 452 3404 majestatis
478 3352 544 3390 suae.
560 3335 622 3391 Siee
636 3341 729 3389 antem
744 3350 906 3403 pressuram
948 3352 1008 3388 esse
1021 3333 1200 3405 perhibetur:
1214 3339 1280 3387 sunt
1291 3350 1413 3405 namque
1424 3333 1549 3405 plerique
1560 3334 1744 3401 continentes,

104 3427 244 3492 patienter,
257 3439 310 3493 pra
323 3429 413 3478 restra
427 3425 614 3479 exhortatione
627 3429 652 3477 et
665 3426 753 3478 salute
769 3441 774 3475 :
790 3426 845 3477 siva
860 3439 907 3477 ea·
949 3424 997 3494 qui
1013 3423 1048 3476 ab
1063 3422 1194 3477 exteriori
1217 3439 1246 3476 se
1268 3423 1396 3494 appetitu
1411 3423 1582 3489 custodiunt,
1601 3429 1630 3477 et
1647 3440 1697 3494 spe
1710 3422 1746 3478 ad

107 3516 296 3567 tertationem
323 3515 528 3582 consequimur,
538 3529 589 3582 pro
603 3517 693 3567 restra
711 3513 905 3578 caliartationc,
950 3512 1085 3567 interiora
1103 3511 1385 3583 rapiuntur,earnem
1398 3517 1551 3576 macerant,
1563 3518 1592 3566 et
1601 3516 1660 3566 teto
1675 3510 1747 3566 desi·

108 3620 167 3672 que
182 3607 315 3671 operatur
327 3617 378 3670 per
391 3605 558 3671 patientiam
567 3602 727 3655 carumdem
734 3604 905 3670 passionum,
949 3601 1027 3656 derio
1041 3602 1075 3656 ad
1091 3617 1242 3672 supernam
1257 3600 1378 3671 patriam
1397 3600 1540 3666 anhelant,
1557 3606 1662 3653 aeterna
1673 3617 1745 3670 prae·

108 3708 177 3761 qaas
191 3697 216 3744 ct
240 3693 558 3759 anapauomenen
584 3695 678 3745 nestra
703 3695 776 3744 certa
797 3696 835 3744 est
856 3705 908 3759 pra
950 3691 1006 3744 mia
1026 3695 1169 3762 expetunt,
1190 3706 1241 3761 pro
1262 3687 1404 3743 laboribus
1424 3689 1483 3741 suis
1505 3688 1629 3760 recipere
1649 3689 1747 3743 laudes

109 3781 190 3843 rabis,
208 3781 393 3849 quiescimus
408 3780 479 3847 quod
495 3782 520 3833 si
533 3781 600 3833 socii
614 3782 675 3833 ostis
688 3782 909 3848 pressionemque
949 3779 1088 3833 humanas
1099 3779 1209 3844 nolunt,
1226 3777 1254 3830 hi
1271 3777 1406 3830 nimirum
1419 3776 1539 3847 gloriam
1554 3792 1634 3830 suam
1650 3776 1746 3830 nonin

109 3874 132 3922 et
146 3871 351 3923 consolationis.
369 3865 545 3921 Generaliter
562 3868 696 3939 loquitur,
712 3874 744 3922 ut
764 3868 831 3938 quia
847 3883 907 3922 cre·
950 3885 997 3921 ore
1008 3867 1155 3921 hominum
1167 3865 1341 3938 ponunt‚sed
1351 3865 1426 3918 intra
1440 3863 1640 3918 conscientiam
1655 3870 1747 3918 conte-

109 3957 238 4012 dentium
250 3973 335 4012 causa
348 3956 557 4028 persecutiones
571 3956 751 4027 patiebantur
764 3975 781 4011 a
795 3955 909 4028 perfidis
948 3961 1032 4026 gnrnt:
1045 3961 1074 4009 et
1086 3962 1153 4009 sunt
1167 3954 1293 4026 plerique
1307 3954 1355 4024 qui
1369 3970 1469 4025 corpus
1485 3970 1534 4024 per
1547 3952 1747 4008 abstinentiam

108 4045 230 4117 subjecti
244 4045 356 4116 injuriis
370 4050 400 4100 et
412 4044 542 4111 caedibus,
558 4045 598 4099 sie
612 4046 715 4100 iterum
738 4045 841 4101 auxilia
857 4045 908 4099 Dei
950 4041 1748 4116 affligunt,seddeipsasuaabstinentiahumanosfavores

109 4134 299 4189 liberarentur
314 4135 351 4190 ad
366 4134 585 4189 consolationem
600 4134 773 4189 credentium
785 4151 821 4188 ne
830 4150 909 4189 scan-
950 4132 1749 4207 expetunt,doctrinaeinserviunt,indigentibusmultalar·

107 4224 208 4278 dalum
229 4223 303 4294 passi
325 4240 343 4278 a
363 4223 419 4277 side
439 4223 608 4290 exciderent,
630 4224 696 4295 quia
719 4222 829 4294 injuria
844 4240 909 4294 apo-
949 4225 1075 4294 ginntur,
1085 4223 1133 4277 sed
1144 4223 1356 4295 satureprosecte
1365 4228 1432 4277 sunt
1440 4223 1571 4292 virgines,
1581 4222 1648 4294 quia
1660 4222 1749 4277 solam

107 4311 248 4368 stolorum
267 4312 436 4367 tentationes
455 4318 537 4366 erant
552 4312 736 4378 credentium,
752 4312 824 4366 sicut
843 4312 910 4366 scri-
951 4313 1043 4367 laudis
1057 4312 1225 4367 transitoriae
1247 4312 1463 4367 retributionem
1478 4318 1616 4382 (quaerunt,
1632 4311 1750 4365 undeet

108 4407 192 4473 ptum
206 4407 251 4456 est
270 4400 300 4456 in
323 4402 460 4473 propheta
478 4400 634 4455 Zacharia:
652 4403 808 4456 Percntiant
820 4407 910 4469 pasto-
951 4399 1748 4472 apertesubditur:Ouinqncfataatransturrpseruatoteum

108 4507 179 4556 rem,
196 4496 222 4546 ct
235 4491 428 4560 dispereantur
444 4507 502 4545 anes
516 4493 605 4559 pranis
622 4490 712 4557 (Zacli.
723 4494 791 4558 xnr).
808 4490 910 4554 Quam·
950 4491 1297 4559 sccumprudontesautenr
1308 4492 1468 4556 acceperant
1478 4488 1749 4540 alcuinineasissnis

108 4579 151 4634 vis
163 4579 263 4635 futura
274 4578 390 4634 credant
404 4578 510 4644 fideles,
519 4584 615 4632 tarnen
628 4578 702 4632 inter
715 4577 778 4649 ipsa
792 4578 910 4649 primor·
951 4595 1015 4632 curn
1026 4579 1208 4647 lampadibus,
1219 4594 1269 4648 per
1279 4578 1371 4631 oleum
1380 4573 1562 4646 quippenitor
1569 4573 1667 4644 gloriae
1677 4573 1749 4628 desi·

108 4669 158 4723 dia
184 4682 323 4740 pressura
350 4666 466 4723 novellis
488 4666 595 4722 faciunt
618 4666 793 4733 scandalum,
809 4672 910 4738 putant
950 4672 1063 4738 gnatur,
1079 4665 1191 4719 vascula
1209 4670 1303 4719 autern
1327 4668 1423 4718 nostra
1443 4668 1511 4717 sunt
1531 4663 1624 4730 corda,
1642 4662 1671 4718 in
1686 4663 1749 4735 qui·

109 4757 187 4813 enim
202 4755 318 4811 inanem
340 4773 401 4811 esse
424 4756 649 4828 promissionem,
666 4756 689 4810 si
705 4756 731 4810 ri
746 4772 910 4827 oppressum
952 4754 1003 4809 bus
1035 4754 1151 4808 terimus
1181 4759 1281 4807 cuncta
1307 4769 1368 4822 quar
1398 4751 1563 4823 cogitamus.
1594 4751 1751 4808 Prudentes

109 4845 235 4901 viderint
256 4843 464 4917 praedicantem.
482 4846 536 4901 Sed
555 4845 579 4900 si
596 4847 656 4916 jam
676 4847 774 4900 firmus
794 4851 837 4899 est
850 4861 910 4899 cre·
953 4843 1126 4898 rerooleum
1145 4841 1265 4895 invasis
1291 4841 1405 4906 babent,
1423 4840 1490 4912 quia
1511 4841 1633 4895 nitorem
1654 4840 1751 4911 gloria

109 4935 190 5002 dens,
212 4934 383 5006 compatitur
395 4951 459 4989 cum
481 4952 532 4990 suo
547 4935 692 5006 magistro,
710 4933 799 4989 fidens
812 4934 846 4988 de
862 4950 911 5005 spe
952 4932 1026 4987 intra
1041 4930 1241 4985 conscientiam
1251 4936 1358 4993 tenent,
1368 4930 1455 4984 Paulo
1469 4935 1622 4984 attestante
1633 4930 1681 5001 qui
1692 4930 1748 4984 ait:

111 5025 220 5091 marra,
236 5029 269 5078 ut
286 5023 370 5079 simul
385 5023 551 5090 consoletur,
568 5040 632 5078 cum
646 5041 701 5095 quo
716 5029 745 5077 et
759 5023 874 5094 patitur.
953 5022 1047 5077 Gloria
1059 5020 1256 5073 nastraluaccst
1266 5022 1452 5073 testimoniam
1464 5022 1751 5073 canscientienostra:

148 5113 213 5170 n’on
227 5115 303 5167 enim
316 5115 443 5168 colurnus
458 5116 589 5182 ignorare
601 5129 655 5178 uos,
671 5116 783 5181 fratres,
798 5113 830 5165 dc
838 5127 913 5181 pres·
954 5108 1036 5164 fatua
1059 5113 1154 5162 autem
1176 5107 1297 5178 virgines
1319 5108 1411 5162 oleum
1434 5124 1529 5161 secum
1549 5123 1605 5161 non
1625 5112 1750 5169 sumunt,

111 5219 181 5258 sura
192 5202 490 5271 nostraqaesactaest
505 5201 691 5271 inlitaque
704 5202 913 5270 supramodum
956 5199 1023 5269 quia
1035 5197 1156 5269 gloriam
1170 5197 1245 5250 intra
1261 5196 1461 5251 conscientiam
1476 5211 1532 5248 non
1551 5193 1665 5260 habent,
1684 5195 1752 5250 dum

111 5294 227 5361 pracati
245 5307 342 5350 summ
363 5307 449 5360 supra
471 5294 669 5356 virtutemne
689 5296 721 5344 at
746 5291 853 5345 tederet
868 5305 915 5343 nos
955 5284 1753 5358 hancaboreproximorumquaruntoniainstmpticitate

112 5384 200 5437 ett'am
213 5383 313 5435 tinere.
329 5380 396 5437 Ideo
416 5379 559 5451 passiones
586 5395 781 5450 pressurarum
810 5378 917 5433 indicat
958 5374 1754 5444 etsincerilate,noninsapientiacarnati,sedinpratiallei

112 5486 202 5543 prope
216 5469 364 5540 usquead
385 5473 507 5524 martem
529 5468 637 5535 allatas,
654 5474 687 5523 ut
701 5469 832 5523 ostendat
855 5484 916 5539 qua
957 5463 1754 5529 conversatiaamusinbacmirado‚abundantimantemad

113 5559 191 5616 mala
205 5556 426 5615 salutisillorum
439 5574 524 5614 causa
537 5557 726 5630 patiebantur,
741 5562 774 5614 ut
788 5572 844 5613 nan
853 5571 916 5629 gra-
956 5572 1010 5611 eos.
1024 5552 1127 5623 (amb.)
1146 5554 1211 5610 Hac
1232 5558 1275 5610 est
1291 5551 1383 5622 gloria
1395 5550 1571 5607 canscientia
1586 5566 1670 5622 quam
1684 5549 1755 5620 dixit
