3772 6120
120 318 173 395 did
414 322 445 379 B.
466 322 603 379 menni
621 323 738 380 neunt
757 324 925 382 ARQHlEP.
944 324 1107 383 MOGUN'I'.
1128 326 1278 384 bennun
1296 324 1389 386 PARS
1406 322 1459 387 lli,

120 468 171 508 vus
185 451 296 507 existit:
311 462 376 505 nam
387 453 416 503 et
424 449 486 513 iste,
499 450 547 520 qui
563 448 679 503 alterius
691 449 814 506 libidinis
825 456 952 514 servusA
962 458 1018 520 tur,
1029 470 1065 507 ne
1074 454 1103 508 in
1114 454 1338 524 desperationem
1351 455 1635 510 deciderentcontm

122 544 173 609 est,
191 540 299 611 cogitur
321 544 453 610 appetere
467 539 599 610 plurima,
620 538 730 609 cogitur
748 540 840 594 aliena
854 542 920 595 diri·
963 542 1081 595 «nilion
1100 543 1165 607 niel,
1182 559 1261 614 quos
1277 544 1377 614 inquit,
1393 545 1498 599 iterum
1516 543 1635 616 parturii

120 642 197 704 perc,
216 629 308 701 turpis
322 632 352 682 ct
365 628 529 683 inhonestus
544 632 663 691 exstare,
679 634 712 683 ut
727 636 792 700 pote
805 630 858 684 sub
872 630 920 684 illo
961 631 1097 685 formetur
1112 632 1241 686 Christus
1255 633 1283 686 in
1302 632 1380 687 vobis
1397 635 1467 697 ttici.
1484 640 1559 703 iv),a
1576 632 1635 705 quil

121 716 266 774 momiiero
272 734 374 789 gerens
380 717 560 772 durissimam
568 718 741 772 servitutem.
751 719 920 789 Hujusmodi
961 720 1086 774 dicebat:
1097 721 1169 785 «Qui
1180 721 1208 774 in
1220 722 1280 792 lege
1288 722 1510 791 justificaminia
1517 721 1635 794 gratiae

122 808 225 882 quippe
235 808 329 874 homo,
345 806 446 879 sepius
460 807 546 861 etiam
561 805 756 877 blasphemare
764 824 815 879 pro
831 808 919 862 nihilo
963 812 1031 877 (Gal.
1049 814 1085 878 v).
1100 828 1113 862 r
1131 811 1199 864 Ecce
1213 812 1273 881 ipse
1287 816 1417 877 testatur,
1436 812 1503 883 quia
1516 811 1635 867 cecidere

121 896 466 971 putat,nulliuemomenti
475 899 575 968 pensat
584 896 726 967 primitiva
736 896 920 962 sua,nullius·
961 913 1027 966 ergo
1038 903 1094 952 stat
1107 904 1136 952 et
1150 899 1369 970 auditquoniam
1379 901 1428 971 qui
1438 901 1635 966 cecideritven

122 985 341 1060 quedignitatis,
356 985 408 1040 boc
423 991 474 1051 est,
486 985 534 1056 qui
550 1001 599 1056 pro
614 984 800 1039 delectatione
815 990 921 1057 tempo·
961 985 1035 1039 valet
1052 985 1214 1056 impetrare,
1228 987 1346 1041 validius
1361 987 1449 1042 stabit
1462 993 1491 1043 et
1509 987 1623 1043 cautius

121 1074 223 1132 talium
236 1080 331 1130 mrum
343 1074 476 1145 usquead
490 1074 636 1128 vendenda
644 1074 788 1146 primitiva
796 1091 849 1129 sua
858 1090 920 1146 per·
961 1075 1068 1128 etrirca
1078 1091 1143 1128 eum
1155 1076 1202 1145 qui
1210 1076 1319 1139 recidit,
1329 1077 1416 1130 simili
1424 1077 1545 1131 volucris
1557 1077 1600 1131 uti
1611 1092 1635 1131 u

122 1167 208 1220 lenit.
220 1162 341 1220 Proinde
360 1180 417 1217 non
439 1166 507 1218 sunt
523 1163 684 1218 Judaeorum
703 1163 853 1235 primitiva,
870 1164 919 1218 sed
961 1164 1010 1224 tia,
1027 1163 1061 1216 ad
1075 1161 1101 1216 id
1118 1164 1263 1233 redigatur
1278 1181 1390 1219 necesse
1405 1170 1457 1227 est,
1471 1171 1504 1219 ut
1518 1180 1635 1237 nunqua

122 1259 228 1310 nostra.
239 1252 479 1323 liaeoauteinquai
490 1252 623 1307 dicuntur
633 1251 763 1307 etiamad
773 1253 921 1307 levandam
962 1268 1118 1322 assurgere.
1136 1252 1218 1316 Quali
1234 1254 1309 1306 enim
1331 1270 1380 1324 spe
1394 1255 1608 1308 conversionem
1625 1270 1635 1307 i

122 1344 282 1416 passionem
309 1341 438 1396 moeroria
465 1356 563 1396 eorum
587 1342 666 1395 valde
687 1341 847 1413 proliciunt,
873 1341 921 1413 qui
962 1339 1396 1412 tructususcipiattnonsolum,
1412 1343 1514 1413 inquit.
1530 1344 1635 1415 lacryrn

122 1432 240 1506 primus,
251 1434 410 1504 postremus
423 1430 538 1485 allectus
551 1434 603 1495 est,
621 1433 651 1484 et
661 1431 801 1485 secundus
815 1431 921 1485 exstitit
961 1430 1010 1484 sed
1018 1430 1103 1484 etiam
1109 1432 1267 1501 exquisivit.
1277 1432 1310 1486 Et
1316 1432 1425 1486 videtur
1431 1432 1545 1502 quidem
1552 1446 1635 1487 none

122 1522 240 1594 primus,
256 1520 309 1575 istc
323 1532 374 1592 per
386 1518 562 1591 patientiam,
577 1519 624 1573 ille
637 1535 702 1573 vero
714 1535 765 1591 per
775 1520 921 1590 negligen·
963 1518 1164 1589 poenitentiam,
1173 1519 1222 1572 scd
1230 1520 1367 1574 cautiores
1378 1537 1426 1574 eos
1436 1526 1465 1575 et
1479 1520 1635 1576 munitiora

121 1607 201 1667 tiam.
215 1612 377 1679 (Catalauni
388 1610 430 1663 Ne
441 1609 504 1680 quis
512 1608 672 1674 fornicator,
683 1608 784 1679 inquit,
798 1614 848 1662 aut
860 1606 921 1679 pro·
962 1623 998 1661 ne
1008 1607 1135 1661 serantur
1144 1608 1259 1678 pronius
1267 1610 1302 1663 ad
1309 1609 1430 1663 ruinam.
1438 1609 1635 1681 Quotiescunqi

122 1699 213 1766 ianus,
229 1702 262 1753 ut
276 1698 359 1752 Esau.
373 1718 386 1750 n
399 1698 497 1768 ltaque
512 1702 650 1768 quantum
665 1697 785 1752 sublime
798 1699 922 1751 coeleste·
963 1713 1018 1750 non
1032 1697 1151 1751 credunt
1165 1714 1226 1751 esse
1239 1698 1408 1767 gebennam,
1426 1700 1484 1752 llaec
1497 1699 1527 1752 in
1543 1700 1635 1754 mente

123 1802 178 1861 que
188 1792 231 1842 est
240 1788 387 1859 praemium
401 1786 549 1851 mstitatis,
557 1791 637 1841 tanto
643 1786 819 1856 gravioribus
831 1786 926 1840 adver-
935 1776 1034 1850 licent,
1044 1794 1073 1840 et
1082 1792 1220 1858 quotquot
1228 1787 1390 1841 existimant
1401 1787 1541 1858 impunita
1549 1802 1635 1843 remei

122 1877 261 1932 sariorum
281 1874 391 1931 insidiis
408 1874 572 1931 lacessatur.
590 1875 625 1929 nt
639 1874 743 1929 idcirco
757 1875 922 1946 propensius
963 1882 1034 1937 cata.
1046 1876 1104 1930 haec
1118 1876 1327 1930 considerantes
1340 1876 1489 1929 attendant
1498 1893 1550 1930 cur
1565 1876 1635 1931 Esau

123 1966 203 2021 nobis
224 1968 268 2020 est
285 1980 343 2019 non
364 1965 455 2020 solum
475 1965 647 2019 continentia
669 1964 803 2035 corporis,
824 1980 921 2018 rerum
963 1982 1018 2019 non
1034 1966 1126 2036 potuit
1138 1965 1264 2035 adipisci,
1281 1965 1348 2035 quia
1367 1966 1496 2019 videlicet
1510 1982 1569 2019 non
1582 1982 1635 2037 pun

123 2055 207 2110 etiam
218 2054 349 2109 contritio
359 2053 451 2108 cordis
465 2054 586 2108 assiduis
596 2054 756 2107 orationum
771 2053 922 2123 gemitibus
963 2054 1069 2109 debuit.
1083 2055 1225 2125 Lacrymae
1235 2054 1337 2125 quippe
1349 2053 1402 2108 illae
1417 2070 1474 2107 non
1488 2061 1571 2108 erant
1581 2070 1635 2126 poer

122 2142 674 2210 adhibendamclibanuscarnisnostrae
684 2142 923 2213 quemrerliaby-
964 2144 1012 2198 sed
1027 2143 1113 2197 animi
1128 2143 1240 2197 uiolenti
1256 2149 1284 2197 et
1298 2142 1500 2212 indignationis
1515 2148 1631 2211 exortae,

122 2218 583 2304 ioniusincentivissuggestionum
591 2231 921 2286 camaliumsuccendere
962 2234 1023 2302 ejus
1037 2232 1167 2303 operibus
1180 2233 1315 2303 aperitur.

122 2328 179 2377 iton
188 2320 308 2388 desistit,
318 2320 505 2376 descendente
515 2323 544 2375 in
554 2321 639 2375 corda
650 2326 747 2375 nostra
757 2336 821 2375 rore
831 2320 920 2374 sancti
998 2339 1011 2371 u
1022 2322 1085 2376 Non
1100 2321 1175 2375 enim
1190 2321 1345 2375 accessistis
1359 2321 1395 2374 ad
1412 2320 1590 2375 tractabilem
1604 2326 1635 2377 et

123 2408 245 2482 Spiritus
255 2411 458 2481 exstinguatur.
964 2430 976 2461 ι
990 2409 1076 2463 bilem
1088 2410 1193 2481 ignem,
1203 2415 1233 2463 et
1244 2410 1396 2476 turbinem,
1408 2416 1437 2463 et
1450 2409 1635 2480 caliginem

160 2498 286 2554 «Scibis
292 2499 426 2570 quoniam
432 2502 461 2552 et
468 2501 565 2569 postca
576 2497 691 2569 cupiens
701 2496 867 2555 baranum
876 2498 922 2551 be-
964 2518 977 2551 ι
993 2499 1059 2564 lam,
1072 2504 1101 2552 et
1109 2498 1297 2559 tubaesonum,
1305 2505 1334 2552 et
1345 2515 1440 2554 vorem
1451 2499 1635 2571 verborum,q

124 2587 348 2652 tnedietionem,
357 2586 522 2658 reprobatus
531 2592 583 2649 est,
592 2602 648 2640 non
658 2586 734 2641 enim
744 2586 852 2641 invenit
863 2602 922 2658 pos·
964 2605 978 2639 u
994 2588 1144 2643 audierunt
1157 2593 1359 2642 excusaverunt
1375 2604 1405 2642 se
1420 2604 1456 2642 ne
1471 2589 1512 2642 eis
1526 2590 1609 2643 tieret
1622 2604 1635 2642 ι

123 2694 137 2728 u
153 2675 280 2731 nitentia
292 2676 384 2730 locum
398 2690 560 2747 quanquam
575 2692 638 2729 cum
650 2676 780 2747 lacrymis
793 2675 922 2747 inquisis·
965 2697 977 2729 ι
993 2694 1050 2731 non
1065 2677 1139 2730 enim
1152 2676 1311 2747 portabant,
1321 2677 1395 2748 quod
1411 2676 1566 2743 dicebatur,
1583 2678 1635 2733 liti

124 2784 136 2816 ι
151 2766 195 2820 s'et
209 2776 281 2819 earn.
298 2767 417 2831 dicon.)
436 2763 508 2828 Quid
527 2764 573 2818 hic
585 2763 722 2819 dicimus?
741 2779 810 2819 num
831 2766 921 2836 poeni·
964 2786 977 2819 u
991 2766 1116 2836 tetigerit
1130 2772 1264 2828 montem,
1275 2765 1454 2836 lapidabitur,
1465 2766 1544 2821 etita
1554 2765 1635 2821 tertii

122 2852 693 2924 tentiamPauluaexcluditlnequaquam.
704 2853 922 2925 Quomodoergo
965 2874 977 2907 u
993 2855 1067 2926 quod
1079 2854 1233 2920 videbatur,
1251 2855 1361 2926 Moyses
1376 2855 1446 2909 dixit
1462 2874 1467 2908 :
1487 2856 1635 2911 Exterritus

123 2942 201 3009 dltit,
212 2940 286 3014 quod
296 2958 352 2997 uon
366 2928 504 2997 invenerit
511 2941 682 3013 poeuitentiae
691 2942 837 2997 locumiSi
846 2944 921 2997 enim
965 2964 976 2995 ι
994 2943 1205 2998 tremebundus.
1216 2945 1319 2998 »Erant
1328 2945 1441 3015 quidem
1452 2945 1635 3017 omniatempl

122 3030 246 3105 culpabit
264 3031 458 3101 semetipsum,
470 3030 494 3085 si
506 3031 658 3102 gemitibus
671 3031 762 3102 magis
772 3032 919 3102 ingemuit,
936 3088 940 3095 ,
964 3033 1139 3087 admiranda.
1151 3034 1223 3087 Nam
1238 3038 1320 3087 erant
1331 3033 1368 3086 ibi
1381 3039 1480 3089 sancte
1495 3040 1635 3090 sanctorm

122 3120 450 3193 cnrpoeintentiaelocnm
461 3136 517 3175 non
527 3120 921 3192 meruitinrenireiquoninm
931 3098 953 3159 G
964 3122 1050 3176 etiam
1063 3121 1231 3187 ueneranda,
1247 3128 1277 3176 ct
1289 3123 1347 3177 haec
1369 3139 1430 3194 quae
1445 3123 1475 3178 in
1498 3124 1566 3178 Sina
1582 3138 1635 3179 moi

122 3220 179 3265 non
194 3210 256 3264 erat
270 3209 320 3264 illa
332 3209 506 3281 poenitentia,
523 3209 595 3263 sicut
609 3215 635 3263 et
651 3208 767 3263 tristitia
781 3209 850 3263 Cain
864 3226 921 3265 non
963 3211 1130 3273 referuntur,
1152 3211 1234 3280 ignis.
1253 3212 1386 3277 tenebrae,
1407 3213 1506 3283 caligo,
1533 3212 1635 3284 procall

123 3300 156 3354 eit
169 3298 336 3370 prenitentia
349 3297 545 3360 descendebat,
560 3297 634 3368 quod
649 3298 750 3351 occisio
764 3297 858 3352 fratris
875 3316 922 3371 ap-
963 3306 1015 3365 est,
1031 3300 1131 3372 inquit,
1148 3300 1223 3355 Deus
1234 3300 1263 3354 in
1275 3308 1369 3354 monte
1386 3301 1462 3362 Slnu,
1475 3308 1505 3355 et
1521 3302 1635 3357 omnial

121 3387 226 3460 patuit,
244 3386 284 3442 sic
297 3387 384 3443 etiam
401 3387 446 3441 liic
460 3403 516 3441 non
530 3392 611 3441 erant
626 3387 675 3441 illa
689 3385 773 3441 verba
786 3388 922 3458 poeniten·
962 3389 1149 3443 admiratione
1158 3389 1396 3443 memorabantur.
1409 3390 1635 3447 Novumuero'l'u

120 3478 177 3532 tloe.
189 3478 262 3532 Nam
272 3474 318 3532 liic
330 3476 427 3531 fratris
436 3474 573 3531 occisione
582 3476 737 3547 depalatur,
747 3476 922 3549 quandoqui-
961 3484 1022 3532 tum
1051 3494 1106 3531 non
1133 3485 1176 3532 est
1202 3495 1265 3532 oum
1292 3478 1386 3549 aliquo
1407 3479 1458 3532 tali
1486 3479 1567 3534 nobis
1595 3480 1635 3535 exl

121 3566 376 3638 dem,quantumad
385 3567 447 3636 ejus
454 3565 759 3631 attinuitroluntatem,
770 3566 921 3637 etiarnipse
961 3568 1009 3621 sed
1024 3572 1134 3621 tantuin
1150 3567 1268 3637 simplici
1289 3568 1392 3621 Christi
1415 3584 1545 3623 sermone
1559 3566 1635 3625 conti

121 3654 201 3711 fratri
220 3672 271 3710 suo
289 3642 374 3711 iacob
389 3654 487 3709 intulit
512 3660 641 3709 mortem.
667 3656 738 3709 Nam
760 3655 800 3709 sic
821 3656 891 3709 dixit
912 3675 917 3708 :
961 3657 1074 3711 Intuere
1093 3656 1180 3725 igitur
1200 3657 1321 3727 qualiter
1337 3658 1560 3728 comparationes
1574 3659 1635 3713 eillc

123 3744 395 3817 «appropinquant,
411 3743 513 3815 inquit,
525 3744 586 3797 dies
597 3744 735 3815 passionis
749 3746 837 3816 patris
853 3745 917 3810 mei,
961 3746 1088 3809 istorum,
1106 3762 1190 3815 quarn
1217 3746 1339 3807 illorum,
1360 3752 1389 3800 et
1408 3748 1531 3817 qualiter
1557 3748 1587 3802 in
1613 3762 1635 3819 p

121 3822 150 3889 et
163 3832 331 3889 interficiam
347 3834 431 3888 Jacob
445 3834 561 3887 tratrem
577 3849 681 3887 meum.
702 3852 712 3883 ι
731 3834 794 3887 Non
810 3850 861 3904 ego
875 3850 920 3887 va·
962 3850 994 3887 ea
1008 3833 1142 3904 posuerit.
1165 3834 1316 3904 Postquam
1339 3835 1415 3889 enim
1440 3852 1487 3888 eos
1508 3834 1635 3906 plurimis

121 3922 235 3978 luerunt
249 3921 314 3978 solae
327 3924 456 3994 lacryma
471 3922 665 3993 paenitentiam
680 3922 721 3976 illi
736 3923 868 3977 tribuere.
885 3924 920 3977 Et
960 3921 1082 3976 tionibus
1096 3923 1257 3985 continiavit,
1270 3929 1298 3976 et
1309 3929 1457 3995 postquam
1470 3925 1635 3980 differentia

120 4018 177 4066 lion
187 4011 257 4065 dixit
266 4011 439 4082 simpliciter,
447 4011 513 4082 quia
523 4011 772 4081 perpoenitentiam
782 4013 917 4083 quaesivit,
961 4011 1047 4065 menti
1063 4013 1209 4082 utriusque
1224 4014 1399 4079 monstravit,
1416 4021 1445 4067 et
1463 4021 1542 4068 vetus
1568 4030 1635 4086 repr

121 4100 170 4154 sed
187 4116 199 4151 u
215 4114 277 4154 etim
294 4100 425 4170 lacrymis
438 4099 583 4171 inquisivit
597 4100 768 4169 penitentis
783 4101 874 4155 locum
891 4106 919 4155 et
960 4106 1020 4155 tuin
1034 4102 1148 4154 deinum
1163 4103 1239 4154 velut
1251 4101 1376 4156 liuiliore
1391 4102 1436 4155 uia
1451 4103 1535 4156 ctiam
1550 4103 1582 4157 in
1595 4102 1635 4159 h!

121 4198 178 4243 non
192 4188 308 4242 invenit.
322 4207 335 4240 n
348 4187 419 4252 Quid
436 4184 504 4259 ergo
518 4188 563 4241 hic
573 4188 710 4241 diciiniisl
722 4189 775 4243 nisi
786 4191 918 4261 quianon
959 4197 1135 4261 argumenta.
1151 4190 1224 4253 Quid
1238 4207 1305 4259 ergo
1317 4191 1405 4245 dicit'l
1418 4209 1431 4243 ι
1443 4208 1499 4245 non
1515 4192 1592 4246 enim
1605 4206 1635 4248 ar

121 4277 253 4349 poenitiiit
276 4282 308 4332 ut
331 4276 470 4331 convenit.
499 4277 557 4330 Hoc
581 4276 655 4329 enim
676 4283 719 4332 est
741 4279 915 4349 penitentia,
962 4279 1024 4332 «ad
1045 4279 1189 4332 tractabile
1217 4285 1246 4331 et
1274 4280 1463 4334 accessibilem
1487 4281 1593 4352 ignem,
1617 4298 1635 4336 e

120 4364 919 4438 utcongruentergaratur3alioquinsipoenitentiamdain-
960 4384 1064 4429 «neni,
1080 4375 1109 4421 et
1122 4368 1282 4437 caliginem,
1299 4376 1327 4421 et
1346 4370 1505 4440 procellam,
1522 4377 1552 4424 et
1565 4386 1635 4425 sonu

120 4457 178 4522 nat,
195 4457 335 4528 quomodo
345 4457 448 4511 iterum
464 4453 540 4509 velut
552 4470 652 4524 segnes
665 4455 799 4510 admonet
812 4462 841 4510 et
855 4428 950 4511 bor·D
961 4475 972 4509 ι
986 4461 1015 4510 et
1026 4473 1120 4510 vocem
1129 4455 1286 4522 uerborum,
1300 4473 1385 4528 quam
1396 4459 1444 4528 qui
1455 4459 1635 4514 audieruntrl

119 4546 218 4600 taturi
233 4544 373 4617 quomodo
388 4542 502 4599 claudos
516 4543 628 4598 eiiectos
643 4549 672 4598 et
686 4544 818 4600 remissos
833 4552 918 4617 utque
960 4552 1060 4607 crunt,
1078 4561 1113 4599 ne
1129 4545 1299 4614 adjiceretur
1314 4545 1354 4599 eis
1369 4545 1502 4601 uerbum:
1521 4567 1532 4597 ι
1549 4548 1635 4603 veluti

118 4630 233 4699 solutos,
243 4633 317 4704 quod
332 4638 375 4688 est
389 4633 479 4687 ruinas
491 4631 668 4703 principium,
677 4637 710 4688 ut
722 4633 918 4704 eriganturin-
958 4639 1003 4688 ret
1018 4652 1024 4686 ε
1039 4633 1175 4689 terribilia
1183 4641 1250 4688 sunt
1263 4635 1375 4705 quidem
1385 4634 1448 4697 ista,
1459 4643 1489 4689 et
1502 4636 1542 4690 ita
1556 4644 1635 4692 trouu

119 4718 208 4774 vitati
225 4721 436 4787 (Paenitentia,
453 4722 555 4793 inquit,
576 4721 669 4777 locum
687 4736 744 4776 non
767 4722 883 4777 Invenit.
903 4744 913 4773 ι
958 4740 991 4778 ea
1006 4740 1041 4777 ne
1056 4724 1168 4778 auditus
1187 4722 1260 4776 ferre
1285 4730 1387 4794 posset,
1408 4730 1437 4778 et
1461 4740 1552 4796 neque
1576 4726 1635 4782 illut

119 4807 215 4864 Potest
229 4815 258 4864 et
271 4809 355 4865 aliter
375 4810 494 4882 intelligi
511 4810 578 4882 quia
591 4816 736 4882 paccatum
750 4812 916 4883 poenitentia
957 4812 1087 4884 quaelibet
1099 4813 1216 4866 auderet
1229 4812 1369 4866 accedere.
1384 4814 1588 4871 Verumtamen
1600 4830 1635 4873 uo

120 4900 212 4970 maius
221 4898 345 4954 admisit.
353 4900 625 4971 Sunteuimpeccata
635 4900 918 4972 poenitentiamsupe·
956 4902 1033 4965 talia,
1051 4902 1145 4972 qualia
1159 4902 1226 4966 liaec,
1243 4918 1304 4971 quta
1319 4908 1417 4972 postea
1429 4911 1511 4974 gesta
1531 4907 1635 4963 sunt(

118 4989 220 5054 nautia,
229 4987 315 5045 ueluti
322 4989 346 5043 si
356 4989 470 5054 diceret,
482 5006 517 5043 ne
524 4990 657 5044 cadamus
667 4989 814 5044 insanabili
822 4991 913 5045 ruina.
958 4991 1033 5045 enim
1048 5006 1127 5044 mons
1142 4991 1209 5044 Sina
1230 4990 1259 5044 in
1273 4992 1481 5062 comparatione
1500 4995 1585 5049 cmlii
1599 5010 1635 5067 qu

118 5076 191 5132 Dum
204 5078 280 5131 enini
294 5074 432 5133 claudicat
440 5079 568 5150 quisque,
580 5078 659 5133 facile
669 5084 762 5149 potest
771 5085 863 5134 rectus
873 5080 917 5133 vel
957 5079 1113 5134 tractabilis
1123 5080 1156 5132 ad
1169 5081 1259 5132 Deum
1270 5079 1494 5135 intractabilem?
1506 5104 1517 5133 r
1528 5083 1606 5139 Deus
1615 5100 1635 5139 e:

118 5180 203 5221 sanus
218 5166 305 5221 ellici:
324 5167 348 5222 si
360 5183 425 5221 rere
445 5168 566 5238 poenitus
581 5166 770 5234 subvertatur,
789 5168 855 5239 quid
871 5184 915 5222 re·
958 5169 1027 5239 quit,
1039 5169 1116 5238 ignis
1139 5184 1306 5222 consumens
1333 5173 1386 5223 est.
1402 5168 1464 5224 Non
1488 5171 1632 5242 loquatur,

118 5254 244 5310 manebit
257 5242 393 5311 ulterius?
405 5257 524 5311 Proinde
535 5257 654 5310 necdum
663 5256 748 5327 lapsis
758 5257 817 5311 brec
828 5258 915 5328 loqui-
956 5257 1036 5310 nobis
1051 5258 1135 5316 liene,
1155 5280 1165 5303 »ι
1181 5254 1229 5308 sed
1245 5256 1377 5327 loquatur
1388 5259 1468 5314 nobis
1481 5261 1604 5333 Moyses.
1615 5262 1635 5318 8

117 5348 174 5404 tur,
190 5338 223 5397 ui
237 5356 284 5399 eds
298 5346 400 5401 timore
415 5346 563 5417 deprimat,
578 5347 664 5400 veluti
678 5346 702 5399 si
717 5346 831 5412 diceret,
848 5348 916 5416 quia
955 5346 1080 5400 terriliile
1095 5349 1164 5405 erni,
1182 5345 1255 5414 quod
1275 5346 1310 5399 ad
1335 5364 1382 5401 eos
1400 5349 1606 5419 proferebatur,
1622 5368 1635 5407 ι

118 5430 165 5502 qui
173 5431 282 5495 cecidit,
290 5433 727 5490 nullamconsolationeinmereri
732 5435 792 5504 jam
800 5435 912 5505 poterit,
956 5437 1065 5506 Moyses
1079 5435 1192 5498 diceret,
1210 5435 1283 5503 quod
1298 5438 1447 5492 exterritus
1461 5446 1535 5494 esset
1549 5448 1578 5495 et
1592 5448 1635 5497 tre

117 5525 146 5574 et
159 5518 205 5575 hic
218 5520 332 5592 quidem
345 5523 470 5583 istosne
483 5525 624 5584 caderent.
638 5524 722 5578 aliter
733 5523 911 5578 admonebat.
953 5525 1006 5578 dus
1018 5526 1142 5578 allectus
1154 5522 1226 5586 Quid
1238 5523 1359 5591 miraris,
1371 5527 1471 5598 inquit,
1482 5529 1517 5583 de
1527 5529 1629 5601 plebei

116 5608 149 5664 ln
162 5608 218 5666 'cllo
232 5606 293 5666 ioco
305 5616 381 5678 varo,
390 5611 506 5683 ubitam
512 5612 564 5682 cis,
576 5612 625 5685 qul
638 5612 806 5681 ceciderant,
820 5614 912 5685 loqui·
953 5614 1101 5683 caliginem
1110 5613 1253 5681 ingressus
1266 5620 1319 5681 est,
1335 5615 1502 5688 laquearet
1514 5616 1635 5695 Deus,ip
