3772 6120
111 269 182 330 titt
451 268 636 328 COMMENT.
658 272 697 326 IN
717 271 874 326 CANTICA
893 270 976 335 QUAE
993 271 1041 325 Ab
1060 271 1201 327 munes
1219 271 1414 329 DlCUNTUR.
1685 276 1754 335 1130

112 400 189 470 quod
201 401 297 471 ipsum
308 398 391 453 verbo
409 404 543 468 sequente
558 397 735 451 manifestius
750 394 1106 466 explicatur,Amajestate
1120 392 1236 448 laetabor
1253 395 1342 449 :ficus
1360 413 1416 451 non
1436 397 1556 465 ssorebit,
1572 403 1602 454 ct
1623 416 1679 456 ιιοιι
1701 403 1757 456 erit

112 505 179 545 cum
191 489 314 544 dicitur:
955 498 1072 552 germen
1085 482 1115 536 in
1125 483 1222 550 vineis,
1234 484 1386 538 mentietur
1400 502 1469 556 opus
1482 487 1569 553 olivae,
1584 493 1614 542 et
1622 505 1689 545 arva
1698 507 1755 547 ιιοιι

150 578 217 632 snt
240 577 340 632 subtus
353 594 399 631 me
417 576 530 631 turbata
547 581 592 630 est
607 576 694 629 virtus
708 590 780 628 mea.
807 592 819 625 ι
841 574 915 627 Bone
956 571 1191 639 afferentcibum,
1208 578 1235 626 et
1258 578 1368 642 caetera,
1395 591 1456 646 qua·
1476 576 1613 647 quianon
1633 580 1754 635 multum

112 672 210 722 autern
228 668 361 721 virtutem
371 683 451 721 suam
466 683 522 719 non
537 665 563 718 in
580 682 619 730 se,
635 665 683 717 sed
696 664 833 718 subterse
848 661 916 715 dicit
956 659 1093 714 distante
1107 662 1180 715 Lxx
1199 678 1263 716 cum
1284 663 1514 734 interpretatione
1527 683 1625 722 eorum
1648 669 1756 739 pariter

111 772 174 810 csse
188 756 343 822 turbatam,
360 755 427 826 quia
440 753 578 825 raptusad
589 752 852 822 contemplationem
863 767 915 803 ειε-
955 748 1136 804 disseramus.
1153 752 1224 804 Corn
1244 753 1351 806 venerit
1370 753 1430 807 dies
1446 754 1636 811 tribulationis
1656 763 1685 812 et
1703 775 1755 830 ego

111 844 228 900 lentium
240 862 406 899 armenorum
422 843 558 914 propheta
566 841 771 912 quodammodo
786 856 914 910 superse
955 839 1105 893 ascendero
1120 840 1155 892 ad
1170 841 1314 910 populum,
1328 842 1376 912 qui
1388 859 1497 897 mecum
1513 844 1664 916 aliquando
1673 864 1755 919 pere-

111 948 174 987 esse
187 934 260 987 vidit
273 934 422 991 elevatum,
439 937 468 985 et
490 947 545 1001 quo
566 931 651 984 altior
669 930 789 983 efficitur
809 928 914 982 lumine
954 926 1083 997 grinatus
1097 933 1150 994 est,
1167 929 1380 994 volterranum
1398 933 1507 989 venerit
1521 934 1582 988 dies
1603 936 1755 992 eversionis

111 1022 371 1094 contemplationis
395 1038 427 1075 eo
448 1038 478 1074 se
497 1019 732 1090 imperfectiorem
756 1018 913 1087 conspicit:
956 1016 1077 1071 iudaicae
1098 1024 1126 1070 ct
1152 1018 1246 1089 populi
1267 1018 1377 1088 prioris,
1393 1026 1423 1073 et
1440 1021 1573 1077 derelicta
1592 1024 1679 1080 suerit
1696 1027 1756 1081 lilia

111 1109 277 1166 mbleratus
291 1112 365 1166 enirn
380 1111 415 1164 ad
429 1109 565 1164 intuenda
581 1125 712 1179 superna,
726 1108 790 1178 jure
810 1107 845 1161 de
860 1106 914 1172 his,
957 1104 1034 1169 Sion,
1051 1106 1124 1161 sicut
1143 1106 1353 1162 tabernaculum
1374 1108 1403 1162 in
1419 1109 1508 1177 vinea,
1527 1117 1555 1166 et
1569 1112 1642 1168 sicut
1658 1117 1756 1170 casula

113 1215 174 1271 qua·
198 1201 228 1254 in
245 1200 349 1255 infimis
371 1204 506 1270 gesserat,
525 1196 717 1252 conturbatur.
735 1195 859 1251 Turbata
872 1201 914 1250 est
954 1193 985 1248 in
1009 1195 1212 1261 cucumerario,
1234 1201 1263 1250 et
1277 1196 1350 1251 sicut
1363 1198 1469 1266 civitas
1486 1217 1548 1272 quae
1567 1209 1754 1274 expugnatur,

113 1294 210 1344 autern
225 1290 315 1344 virtus
327 1284 916 1360 prophetae,contremueruntossa‚expavit
955 1298 988 1337 eo
1010 1284 1125 1354 quidem
1149 1292 1284 1355 percunte
1299 1286 1404 1342 electus
1424 1305 1487 1344 sum
1511 1293 1625 1362 populo,
1644 1293 1679 1347 de
1698 1310 1754 1365 quo

114 1377 451 1448 reatennonsolumquia
459 1375 747 1447 minuspericctumse
756 1375 865 1429 actione
872 1391 915 1428 co-
956 1372 1137 1428 detumesce
1156 1393 1169 1426 e
1186 1375 1221 1429 Et
1231 1375 1285 1430 nisi
1293 1376 1428 1432 Dominus
1444 1379 1603 1450 reliquisset
1617 1381 1698 1437 nobis
1712 1400 1755 1439 se·

114 1468 320 1537 maritumum
330 1464 815 1536 etiamquiaomnes,quipieveilent
825 1464 915 1517 virere
957 1478 1031 1528 men,
1044 1463 1124 1534 quasi
1140 1464 1426 1533 Sodomafuissemus,
1438 1474 1467 1522 et
1479 1469 1558 1540 quasi
1568 1471 1706 1526 Gomorra
1715 1470 1754 1527 si·

118 1554 267 1611 inchristo
283 1555 490 1628 persecutiones
500 1570 632 1624 passuros
642 1552 747 1606 didicit.
765 1552 857 1607 Sedet
871 1552 915 1622 ip·
956 1551 1038 1606 miles
1051 1552 1201 1607 fuissemus
1217 1555 1302 1617 (dont.
1312 1559 1360 1624 ιιι).
1375 1575 1389 1607 ιι
1405 1556 1547 1627 Copulabo
1555 1575 1601 1614 me
1611 1560 1755 1632 discipulis

121 1659 178 1698 sam
186 1646 341 1711 Christum,
352 1644 399 1715 qui
410 1644 470 1697 sine
481 1648 593 1714 peccato
602 1641 757 1695 intraretin
766 1641 912 1705 mundum,
955 1640 1069 1707 Christi,
1085 1659 1155 1712 quos
1166 1643 1233 1712 quia
1242 1642 1271 1697 in
1283 1646 1474 1713 montedocet,
1483 1647 1574 1702 turbis
1584 1646 1755 1705 etdsbilibus

125 1748 173 1787 ιιοιι
182 1735 242 1789 sine
255 1750 338 1805 piena
346 1733 452 1805 peceati
466 1732 607 1786 exiturum
614 1716 1085 1784 viditessedcmundo.Bdoorsum
1100 1730 1214 1796 relictis,
1230 1748 1281 1801 ego
1298 1732 1334 1786 ad
1347 1742 1482 1789 montana
1502 1738 1698 1792 conscendam.
1718 1739 1755 1794 Hi

155 1823 364 1894 «Requieseam
379 1822 408 1876 in
423 1821 468 1875 die
482 1820 672 1875 tribulationis
682 1836 760 1885 meae,
769 1825 801 1874 ut
815 1836 912 1873 ascen-
953 1824 1048 1873 autem
1064 1836 1168 1885 versuS,
1186 1821 1209 1873 si
1223 1821 1285 1891 quis
1301 1829 1417 1893 quaerat,
1424 1824 1491 1895 quid
1505 1827 1662 1895 tiguraliter
1671 1827 1756 1899 signi·

132 1910 211 1966 sdan
220 1913 256 1966 ad
269 1911 403 1983 populum
416 1909 671 1979 transmigrationis
682 1925 782 1963 mete.»
796 1907 913 1978 Requie·
954 1908 1047 1975 dcent,
1064 1909 1105 1962 ita
1121 1915 1213 1978 potest
1227 1910 1329 1981 erponi
1350 1929 1355 1964 :
1372 1913 1450 1976 sicus,
1465 1914 1548 1968 vinea
1565 1923 1594 1970 et
1607 1916 1681 1970 oliva
1695 1923 1757 1972 erat

134 1998 174 2054 scit
192 2001 264 2057 enim
285 2001 314 2054 in
335 2000 382 2054 die
404 2015 460 2053 non
485 1999 576 2052 solum
600 1997 803 2062 retributionis,
821 1997 870 2050 sed
885 2001 913 2050 et
954 1998 1275 2068 synagogaludaeorum,
1289 2000 1677 2070 quandodulcedinembonae
1690 2021 1755 2077 ope·

136 2087 312 2155 tribulationis,
328 2089 395 2159 quia
409 2105 459 2158 per
473 2087 638 2141 afflictiones
651 2087 821 2157 temporales
830 2093 912 2141 aeter·
954 2085 1080 2150 rationis
1099 2087 1278 2157 flagrantiam
1293 2088 1405 2143 serridae
1420 2090 1587 2158 dilectionis,
1604 2093 1754 2164 pinguedi-

138 2179 313 2249 mscgaudia
323 2184 471 2232 aucturum
482 2194 542 2230 esse
557 2193 613 2230 non
626 2175 737 2230 dubitat
747 2177 828 2245 juxta
843 2174 912 2229 illud
954 2191 1018 2229 nem
1046 2175 1132 2230 animi
1159 2175 1347 2231 misericordis
1373 2178 1431 2232 Deo
1456 2180 1556 2234 devota
1583 2182 1752 2251 proferebat.

140 2268 258 2340 Apostoli:
276 2286 290 2319 e
305 2269 359 2338 Spe
370 2267 444 2320 enim
460 2266 527 2320 salvi
538 2266 604 2319 facti
618 2281 716 2320 sumus
726 2265 812 2333 (dona
828 2274 910 2333 vnn.»
954 2263 1026 2319 Oros
1041 2269 1070 2318 et
1083 2264 1165 2319 bores
1173 2265 1258 2336 typici
1265 2266 1382 2320 erantin
1395 2268 1493 2321 eadem
1505 2267 1594 2338 plebe,
1607 2271 1753 2325 oresvide-

142 2356 267 2424 lititerum
284 2375 290 2409 :
309 2375 322 2409 e
346 2357 401 2426 Spe
424 2355 589 2426 gaudentes
608 2355 638 2407 in
657 2353 839 2408 tribulatione
862 2370 912 2424 pa·
953 2351 1018 2406 licet
1033 2352 1060 2406 in
1075 2353 1115 2407 eis
1131 2353 1178 2424 qui
1193 2370 1287 2408 rocem
1301 2354 1403 2409 summi
1411 2356 1531 2426 pastoris
1544 2357 1690 2412 humiliter
1700 2375 1752 2414 au·

142 2443 220 2500 ticntos
233 2447 314 2512 (doira
330 2450 370 2513 x).
392 2464 405 2497 ι
422 2445 486 2498 Haec
505 2447 548 2498 est
571 2447 666 2497 autem
679 2443 709 2496 in
728 2444 781 2496 hac
795 2443 852 2496 rita
866 2459 911 2496 re·
952 2440 1076 2496 diebant.
1088 2442 1250 2496 Boresrero
1264 2442 1292 2497 in
1305 2443 1370 2507 illis,
1385 2445 1432 2515 qui
1444 2446 1545 2516 jugum
1560 2446 1630 2515 legis
1644 2448 1753 2503 naviter

142 2532 202 2602 quies
221 2534 379 2590 electorum.
405 2539 446 2598 ut,
468 2532 564 2587 relicto
589 2533 752 2585 infimorum
774 2531 910 2602 appetitu,
953 2535 1097 2601 portantes
1111 2530 1146 2584 ad
1173 2530 1313 2586 iaciendos
1337 2531 1474 2587 bonorum
1493 2550 1610 2604 operum
1633 2535 1751 2604 tructus,

143 2626 188 2675 tota
198 2623 290 2677 nentis
304 2622 460 2676 intentione
473 2628 502 2675 et
512 2621 682 2693 quotidianis
694 2621 829 2674 bonorum
845 2637 912 2691 ope·
953 2619 1038 2673 corda
1047 2620 1323 2675 audientiumsedulo
1332 2622 1456 2676 docendo
1465 2624 1752 2697 etcastigandoquasi

144 2712 330 2782 congressibus
351 2711 502 2765 ascendere
525 2727 557 2764 ac
570 2710 772 2780 transmigrare
786 2709 914 2764 nitantur
953 2714 1059 2762 terram
1074 2709 1184 2763 Domini
1200 2711 1306 2764 arando
1316 2710 1463 2780 parabant,
1479 2711 1578 2783 hisque
1589 2713 1754 2785 spiritaliter

145 2798 339 2857 adtonsortium
350 2817 457 2864 eorum,
475 2800 522 2871 qui
544 2817 573 2852 se
593 2799 621 2853 in
636 2798 747 2852 Christo
762 2814 911 2868 pracesse·
953 2797 1117 2861 viventibus,
1130 2798 1272 2869 spiritales
1287 2799 1427 2853 iaciebant
1440 2802 1615 2872 eseascampi
1630 2802 1753 2874 Scriptu-

145 2893 207 2956 nst,
221 2891 264 2945 sed
280 2897 309 2944 et
322 2894 387 2945 ante
401 2889 582 2943 novissimum
594 2888 662 2942 illud
681 2903 714 2957 ac
723 2887 854 2958 generale
864 2887 912 2956 ju·
953 2901 1049 2940 rarum
1063 2886 1221 2941 divinarum
1230 2887 1369 2954 latissimi,
1380 2904 1499 2958 quorum
1513 2888 1615 2960 pabulo
1629 2889 1753 2946 delecta·
1837 2932 1849 2947 ,

144 2973 221 3033 titiun
234 2979 319 3035 sancti
326 2979 506 3050 requiescunt
519 2978 549 3031 in
563 2977 608 3030 die
618 2976 809 3030 tribulationis
818 2992 912 3030 ascen·
952 2973 1036 3029 batur
1049 2975 1106 3041 ilie,
1118 2975 1166 3047 qui
1180 2981 1212 3030 ut
1219 2977 1381 3046 jumentum
1396 2977 1485 3032 factus
1499 2983 1560 3032 erat
1575 2979 1649 3050 apud
1662 2980 1752 3035 Deum

144 3062 217 3121 tantm
230 3069 262 3123 ad
285 3068 419 3139 populum
443 3065 699 3136 transmigrationis
719 3082 785 3130 suae,
801 3032 942 3135 quandoC
953 3069 982 3118 et
998 3081 1109 3136 semper
1122 3065 1162 3118 illi
1178 3065 1339 3120 adhaerebat
1352 3066 1468 3121 dicens:
1487 3085 1500 3118 e
1516 3067 1652 3123 Dominus
1677 3069 1751 3140 regit

144 3158 190 3221 post
199 3154 261 3211 bona
276 3174 363 3227 opera
374 3155 503 3210 translati
516 3155 551 3209 de
564 3154 669 3208 mundo
684 3154 808 3224 priorum
819 3155 912 3224 justo·
953 3170 999 3207 me
1011 3159 1040 3207 et
1049 3154 1120 3208 nihil
1134 3154 1203 3208 mihi
1216 3154 1314 3220 deerit,
1324 3155 1353 3209 in
1368 3156 1427 3210 loco
1436 3171 1546 3227 pascum
1562 3156 1599 3210 ibi
1614 3174 1659 3212 me
1669 3158 1752 3213 collo-

145 3247 300 3316 rungaudiis
318 3245 461 3300 sociantur
481 3245 510 3298 in
530 3244 697 3305 catiacum
719 3250 911 3314 persecutores
953 3243 1026 3297 cavit
1041 3245 1123 3310 (Psoi.
1145 3242 1221 3311 xxii).
1240 3263 1253 3294 n
1269 3245 1324 3297 Sed
1336 3244 1395 3298 hoec
1409 3245 1479 3299 sicus
1493 3246 1613 3300 Domino
1629 3247 1664 3300 ad
1688 3263 1751 3301 eam

144 3343 216 3388 aren
224 3336 327 3406 pariter
335 3335 370 3389 de
384 3334 436 3387 hac
449 3334 507 3386 rita
517 3332 619 3386 sublati
628 3337 769 3385 tormenta
775 3333 911 3402 gehennae
952 3331 1036 3385 tertio
1051 3332 1187 3390 veniente,
1204 3331 1256 3385 hoc
1265 3339 1317 3398 est,
1329 3332 1358 3386 in
1371 3333 1545 3403 legislatione
1560 3352 1610 3405 per
1624 3335 1749 3407 Moysen,

145 3429 248 3491 aneae
262 3423 416 3479 tribulandi
430 3422 559 3477 subeant.
572 3423 667 3475 Potest
682 3427 777 3474 autem
793 3421 852 3475 dies
862 3420 910 3474 tri·
951 3419 979 3472 in
995 3420 1093 3474 sedula
1106 3421 1297 3490 increpatione
1312 3425 1340 3474 ct
1349 3422 1542 3476 exhortatione
1556 3439 1607 3494 per
1629 3424 1751 3494 prophe·

144 3502 263 3568 brictionis
282 3514 368 3568 etiam
391 3513 420 3566 in
435 3512 487 3565 hac
510 3511 566 3565 vita
584 3510 712 3579 intelligi,
731 3527 794 3564 cum
815 3526 911 3578 grave·
952 3512 1006 3571 tas,
1020 3507 1303 3578 inoblationegratire
1314 3509 1497 3580 perseipsum
1509 3510 1751 3566 virtutisfructum

143 3607 211 3657 sena
222 3602 417 3673 temporalium
436 3601 573 3654 bonorum
586 3600 712 3672 penuria,
728 3599 757 3653 hi
779 3598 826 3671 qui
845 3597 913 3651 tertia
954 3596 1027 3650 serre
1038 3597 1170 3667 neglexit,
1182 3603 1296 3667 propter
1310 3597 1383 3666 quod
1399 3597 1433 3650 ad
1449 3598 1673 3653 maledictionem
1688 3600 1750 3670 ejus

100 3704 104 3711 ·
142 3682 268 3747 dilexerant
276 3678 396 3746 nimium
403 3689 483 3761 quasi
494 3688 785 3743 miseriiscircumdati
796 3687 909 3741 dolent:
953 3692 1058 3740 aeterna
1071 3685 1202 3739 ariditate
1216 3685 1351 3739 damnata
1369 3685 1537 3745 madefecit
1557 3687 1702 3758 generatio
1719 3689 1749 3742 in

140 3777 174 3832 ted
191 3780 289 3836 electus
311 3796 439 3852 quisque,
469 3779 595 3849 quamvis
611 3777 709 3831 eadem
732 3775 911 3830 incommoda
951 3772 1195 3843 vineisquondam
1209 3773 1430 3839 Domini,idest,
1446 3775 1553 3829 tinctus
1567 3775 1749 3832 charitatisin

137 3870 295 3940 aqualiter
308 3869 459 3931 sustinens,
481 3870 534 3921 tina
548 3885 596 3938 spe
612 3867 714 3919 mentis
733 3865 762 3920 iu
778 3865 907 3929 Domino,
952 3861 1040 3915 turbis
1056 3861 1226 3927 ludaeorum,
1243 3866 1357 3933 propter
1372 3863 1446 3934 quod
1460 3863 1566 3919 sitienti
1581 3864 1622 3919 illi
1637 3870 1749 3920 acetum

134 3958 238 4028 requiem
252 3957 338 4012 habet
351 3957 441 4011 sciens
456 3956 522 4026 quia
540 3972 594 4027 quo
615 3953 728 4024 gravius
752 3953 780 4006 in
803 3953 909 4007 intimis
950 3966 1000 4021 pro
1010 3951 1074 4004 vino
1088 3950 1260 4017 obtulerunt,
1272 3951 1299 4005 id
1314 3958 1365 4017 est,
1384 3951 1520 4007 virtutum
1538 3953 1705 4009 suavitatem
1721 3954 1750 4010 in

131 4036 287 4117 deprimitur,
312 4063 345 4101 eo
369 4044 470 4099 celsius
490 4049 553 4114 post
570 4060 715 4114 pressuras
741 4043 776 4096 ad
805 4049 910 4097 aterna
950 4055 980 4094 sc
994 4040 1130 4110 quaerenti
1143 4040 1275 4094 vitiorum
1289 4041 1449 4096 acredinem
1470 4042 1658 4113 proferebant,
1673 4060 1750 4099 men-

126 4137 287 4207 apenorum
311 4134 413 4189 civium
435 4133 577 4188 consortia
597 4131 732 4196 ascendit,
749 4132 794 4186 eui
815 4132 908 4186 sensui
950 4127 1073 4183 tiebatur
1088 4145 1158 4200 opus
1167 4130 1255 4196 olivae,
1275 4147 1339 4184 cum
1359 4130 1457 4186 eadem
1473 4131 1552 4203 plebs
1574 4133 1635 4187 oleo
1657 4133 1751 4188 adola-

122 4225 240 4280 noverit
254 4229 329 4296 apte,
345 4222 419 4294 quod
434 4221 561 4292 sequitur
576 4239 581 4272 :
951 4217 1034 4272 tionis
1042 4218 1234 4290 impinguaret
1242 4220 1336 4291 capita
1350 4220 1749 4294 miserorum,ductaqucp1o·

158 4313 260 4369 «Ficus
274 4313 351 4367 enim
365 4328 422 4367 non
435 4309 547 4364 florebit
560 4315 589 4363 et
602 4326 659 4364 non
674 4309 728 4364 erit
748 4326 865 4380 germen
880 4309 909 4362 in
950 4307 1042 4377 phetae
1053 4309 1164 4362 veracia
1173 4308 1243 4363 salso
1254 4326 1302 4363 ore
1319 4315 1462 4364 resonaret
1476 4310 1571 4365 dicens
1583 4329 1613 4364 :e
1629 4312 1686 4381 Ego
1701 4328 1749 4366 au·

113 4406 130 4439 ‘
147 4402 239 4470 noeis,
252 4403 406 4458 mentietur
420 4416 490 4471 opus
505 4399 582 4454 oliva
598 4404 626 4453 et
636 4416 703 4453 arra
718 4415 773 4452 non
791 4366 1007 4452 aderentDtem
1029 4397 1107 4451 sicut·
1118 4397 1190 4451 oliva
1214 4397 1358 4452 fructifera
1379 4398 1407 4452 in
1428 4399 1511 4453 domo
1527 4399 1577 4453 Dei
1598 4399 1706 4470 sperari
1717 4399 1747 4454 in

107 4492 126 4529 q
148 4489 245 4556 dbum,
256 4488 620 4560 abscideturdeorilipecus
631 4495 723 4542 etnon
734 4488 907 4541 eritarmen-
949 4484 1139 4540 misericordia
1153 4486 1203 4540 Doi
1226 4489 1307 4561 (Psoi.
1325 4491 1368 4554 ιι).
1388 4487 1506 4558 Propter
1523 4487 1596 4556 quod
1619 4493 1746 4559 ternpore

104 4582 122 4615 ⁸
148 4578 437 4651 nninprnsepibus.
457 4597 467 4628 ι
486 4578 575 4631 LXX:
592 4598 603 4626 ι
619 4577 758 4641 Quoniam
773 4578 908 4630 ticusnon
949 4575 1055 4629 ultimae
1077 4574 1272 4629 retributionis
1290 4575 1439 4629 exstinctos
1452 4576 1573 4629 allatura
1591 4576 1745 4647 lampadas,
1847 4616 1852 4629 .

99 4661 194 4723 mett
205 4669 327 4724 fructum
342 4672 371 4721 et
384 4684 440 4721 non
450 4667 504 4720 erit
516 4667 660 4736 generatio
675 4667 704 4719 in
719 4665 815 4732 rineis,
828 4682 908 4723 men·
949 4667 978 4718 et
991 4680 1055 4717 cum
1068 4663 1127 4718 suis
1142 4663 1264 4717 tenebris
1274 4663 1308 4717 ab
1320 4663 1449 4733 ingressu
1457 4670 1500 4718 est
1514 4664 1611 4735 patria
1626 4667 1747 4721 coelestis

99 4742 198 4812 [ieter
210 4775 281 4830 opus
295 4757 374 4811 oliva
390 4761 418 4811 ct
435 4756 527 4826 campi
540 4772 595 4809 non
611 4755 717 4809 faciunt
731 4771 817 4819 escas,
834 4754 907 4808 dese·
949 4752 1745 4826 excludenda.CampinonfaciuntescaS,cumplebseadem

99 4844 209 4903 etrum
221 4847 256 4901 ab
269 4863 335 4901 esca
350 4863 424 4912 ores,
444 4850 472 4899 et
486 4861 542 4899 non
559 4851 643 4898 erunt
661 4845 691 4897 in
705 4844 840 4914 praesepio
856 4843 906 4898 bo·
948 4841 1052 4911 apertis
1064 4841 1221 4894 divinorum
1242 4841 1354 4912 apicum
1371 4843 1481 4913 paginis
1502 4860 1606 4914 pascua
1619 4844 1745 4900 veritatis

99 4930 169 4989 'es
184 4955 197 4989 ι
213 4937 296 4992 turta
306 4934 485 4997 Hebraicum,
502 4934 531 4987 in
546 4951 601 5005 quo
616 4950 701 5004 supra
719 4932 849 4996 diximus,
867 4933 907 4987 in·
947 4929 1072 4984 invenire
1086 4935 1161 4983 recte
1176 4930 1358 4999 intelligendo
1372 4947 1428 4985 non
1444 4932 1518 4986 valet
1533 4951 1538 5001 ;
1561 4933 1695 4987 deliciunt
1709 4931 1744 4987 ab

99 5021 253 5081 &edens
261 5025 381 5097 putredo
400 5025 430 5078 in
445 5023 554 5078 ossibus
569 5024 639 5077 meis
650 5029 679 5078 et
693 5022 906 5077 subtermesca-
947 5036 1011 5072 esca
1025 5036 1098 5083 ores,
1122 5019 1189 5090 quia
1211 5018 1312 5090 quibus
1326 5019 1444 5075 interna
1460 5021 1573 5076 relectio
1588 5021 1744 5076 dulcedinis

99 5098 177 5180 ktbat,
192 5121 224 5169 ut
232 5113 442 5187 requiescamin
455 5114 500 5167 die
507 5112 707 5177 tribulationie,
717 5118 748 5167 ut
754 5113 903 5166 ascendam
947 5108 1035 5176 abest,
1047 5109 1121 5163 unde
1135 5108 1362 5163 innocentiavitee
1372 5110 1505 5181 simplicis
1520 5111 1674 5181 prroreniat,
1687 5127 1743 5166 non

99 5198 284 5276 deopulum
293 5203 449 5258 accinctum
458 5219 560 5267 meum,
572 5203 612 5256 ita
622 5208 903 5273 quapreeosserunt,
947 5203 999 5253 est.
1016 5199 1060 5253 Sic
1075 5204 1170 5252 nutem
1185 5198 1289 5252 dictum
1306 5205 1349 5252 est
1362 5198 1522 5254 deiecerunt
1534 5200 1569 5255 ab
1590 5217 1653 5255 osca
1668 5216 1742 5266 oves,

99 5292 312 5364 eupunbuntur
336 5291 527 5363 sequentibus,
551 5291 613 5346 ideo
634 5290 844 5346 tribulationem
869 5290 904 5345 ad
947 5289 1040 5353 idest,
1068 5288 1134 5360 quia
1159 5305 1221 5342 esca
1236 5288 1342 5353 decrat,
1363 5288 1435 5343 sicut
1452 5295 1481 5343 et
1500 5289 1530 5345 in
1550 5290 1658 5361 psalmo
1675 5291 1742 5346 Pro·

105 5380 465 5447 Ummvoloisustiucra
476 5386 505 5436 et
512 5386 609 5452 postea
615 5380 650 5435 ad
661 5381 794 5452 populum
804 5380 905 5434 sortem
945 5379 1031 5450 pheta
1048 5397 1054 5430 :
1074 5397 1085 5430 t
1104 5378 1207 5432 Etcaro
1218 5393 1289 5443 mea,
1298 5378 1399 5450 inquit,
1412 5378 1562 5434 immutata
1576 5385 1619 5435 est
1629 5385 1743 5452 propter

113 5472 268 5536 waere,
284 5470 453 5542 quiareniet
466 5471 527 5524 dies
541 5469 730 5524 tribulationis
744 5475 773 5524 et
783 5469 905 5524 necessi·
947 5467 1040 5523 oleum
1056 5469 1138 5534 (Psoi.
1159 5469 1245 5535 cunr),
1262 5486 1274 5519 ι
1290 5466 1386 5531 idest,
1407 5467 1473 5538 quia
1492 5467 1594 5534 oleum,
1611 5484 1666 5540 quo
1680 5469 1744 5524 reti·

114 5551 178 5614 tati„
191 5567 239 5618 :et
252 5560 360 5617 coeoeris
374 5560 404 5616 in
417 5559 547 5631 angustia
557 5559 727 5615 constitutis.
742 5576 794 5628 ego
809 5559 838 5612 in
857 5563 906 5612 tua
947 5573 1025 5612 cerer
1038 5555 1095 5611 sive
1108 5572 1230 5626 ungerer
1241 5571 1298 5610 non
1311 5561 1382 5610 erat.
1402 5555 1529 5627 Denique
1542 5556 1657 5627 quidam
1670 5557 1744 5612 codi-

229 5662 363 5723 Ptraot.
382 5659 459 5721 GXll
727 5681 732 5690 ·
1588 5657 1628 5717 36
