3772 6120
118 276 187 336 rra
416 278 447 333 a.
469 266 605 332 ussus
624 268 741 333 unum
759 266 927 332 racana
948 260 1284 332 uocalesonssult
1299 260 1395 330 tlte
1410 274 1461 331 nr.
1684 265 1735 333 trit

116 405 203 459 Filius
218 418 252 455 :c
278 403 370 467 Pater,
389 402 491 472 inquit,
508 410 566 455 hon
574 401 693 471 sedicet.
712 400 762 454 sed
779 392 1124 472 juilleiurri'krereperunt
1144 401 1240 455 lumen
1255 406 1337 455 sumn
1353 404 1382 455 et
1400 399 1555 472 pristinum
1574 398 1691 453 hamos
1698 400 1736 456 hl

116 508 198 547 omne
212 491 290 544 dedit
297 491 367 544 Filio
380 493 471 551 (liert.
489 495 526 557 v).
543 509 553 539 ι
960 506 1067 559 goram.
1080 490 1264 560 sagittatum
1278 495 1305 543 et
1321 489 1469 559 fulgurans
1484 489 1566 542 hasta
1581 494 1639 543 tua.
1654 488 1678 542 id
1696 498 1732 553 est

155 579 299 634 «Fluvios
327 580 457 633 scindens
477 584 571 632 terrae.
592 604 603 625 ·›
633 579 762 633 Primum
782 590 921 650 ponamus
961 579 1049 649 plage}
1064 588 1129 639 tuae.
1148 586 1176 633 et
1189 578 1310 632 eruditio
1328 579 1424 631 lurncrt
1443 582 1494 631 tuo
1513 577 1619 647 populo
1638 576 1734 647 prabos

117 669 286 739 exemplum,
302 674 334 721 ut
349 669 401 722 hnc
414 667 635 739 quesigraduad
647 668 748 721 altiora
764 668 917 723 veniamus.
960 672 1035 722 nint.
1064 669 1190 738 Denique
1213 669 1241 722 iu
1268 668 1330 721 luce
1355 666 1524 736 sagittarum
1547 672 1658 719 tuarum
1676 670 1733 723 etia

118 757 249 825 legimus
273 757 303 810 in
322 758 366 810 his
382 757 428 826 qui
444 757 478 810 de
493 756 670 810 mirabilibus
682 756 861 811 contecerrmt
875 772 920 811 vo-
961 757 1108 828 splcndore
1125 758 1212 810 hasta
1225 763 1290 815 tuce,
1308 772 1369 826 quar
1394 770 1441 809 eos
1454 755 1490 809 ad
1507 755 1559 807 hoc
1572 754 1734 825 corripuitrl

119 847 235 909 lumina,
245 852 272 899 et
283 846 330 916 qui
338 846 520 916 Olympiadas
529 845 642 899 (scocie
649 844 686 899 ad
697 850 821 900 nostram
830 858 919 916 nscpre
960 846 1131 903 emendaret.
1143 845 1297 899 ambulavit
1312 845 1432 915 populus
1447 851 1514 897 tuus
1530 844 1558 897 in
1574 843 1683 897 fremitu
1693 850 1733 899 tao.

99 936 103 941 '
119 936 284 989 memoriam
293 936 492 1004 perduxerunt,
509 938 679 1005 exponentes
690 934 920 1005 quid'insihgulis
960 934 1078 999 (laetula
1088 949 1155 1005 ergo
1171 934 1266 1006 populi
1280 934 1322 988 tui
1336 932 1490 987 vindicabis
1505 932 1734 1001 injuriamaerrtna

119 1024 202 1077 asnis
221 1024 286 1078 novi
307 1022 483 1077 accidentia
499 1024 614 1087 mundo,
627 1024 703 1093 quod
725 1024 800 1078 inter
819 1026 922 1077 cetert'
962 1036 1049 1093 regna
1061 1023 1190 1089 calcabis,
1214 1027 1242 1077 et
1268 1036 1366 1076 omnes
1382 1028 1483 1092 gentm
1507 1020 1645 1074 admirari·
1664 1022 1734 1081 acia.

120 1120 201 1165 terrae
219 1118 295 1165 mota
305 1111 450 1182 eruperint
461 1110 728 1181 fluminaquarante
735 1111 918 1177 metuerant,
962 1113 1028 1183 quia
1040 1120 1168 1182 egressus
1183 1128 1213 1166 es
1228 1113 1256 1165 iu
1271 1113 1391 1165 salutem
1407 1110 1504 1181 populi
1518 1110 1560 1163 tui
1575 1116 1603 1163 et
1616 1111 1735 1165 venistiad

120 1210 150 1254 ct
160 1200 426 1270 aliasbsrrptasint.
443 1206 472 1253 et
485 1214 597 1270 peamm
611 1200 704 1259 ierint,
718 1201 795 1271 quod
814 1200 922 1254 scilicet
962 1216 1010 1254 eos
1021 1212 1084 1255 curn
1095 1200 1208 1254 Christo
1220 1206 1269 1254 tuo
1281 1220 1287 1264 ς
1300 1201 1381 1253 lesus
1396 1200 1476 1252 enirn
1485 1199 1614 1253 Salvator
1625 1198 1736 1271 intexpre

121 1304 218 1343 omnes
229 1294 460 1354 cei-rarumvena,
471 1288 551 1358 quasi
560 1289 589 1341 in
600 1289 724 1342 humano
734 1302 849 1359 corpore
860 1296 922 1343 sair-
962 1296 1048 1343 tatur.
1071 1290 1206 1343 Veniente
1218 1294 1311 1343 aumnr
1326 1291 1393 1343 lesu
1408 1288 1521 1341 Christo
1537 1288 1608 1341 Filio
1621 1292 1677 1349 tuo,
1695 1302 1737 1359 pes

120 1379 245 1446 guinem.
262 1378 305 1431 ita
316 1377 344 1430 in
355 1394 384 1430 scr
400 1376 522 1430 habeant
534 1376 653 1431 latentes
659 1394 756 1448 aquas.
770 1382 923 1449 quaetcxras
963 1378 1074 1431 cessisti
1084 1377 1290 1431 Antichristum
1304 1377 1339 1430 de
1353 1377 1437 1429 dorne
1447 1375 1538 1446 impii,
1552 1376 1604 1428 hoc
1614 1382 1663 1435 est.
1675 1377 1738 1431 iria

124 1467 483 1536 concussionommpantur
504 1472 532 1519 ct
551 1471 666 1520 manent
680 1467 807 1520 llumina.
824 1462 883 1521 lloe
897 1466 922 1521 si
963 1467 1073 1530 saeculo,
1090 1466 1163 1537 quod
1180 1467 1208 1519 iu
1235 1465 1359 1535 maligno
1382 1464 1506 1535 positum
1530 1470 1583 1517 cst.
1599 1465 1656 1518 sive
1671 1465 1737 1535 ipsun

123 1555 481 1613 intelleximus.i·tdea1nus
502 1555 625 1608 animam
648 1556 801 1609 humanam
819 1554 922 1610 habere
963 1554 1105 1608 diabolum
1129 1555 1300 1625 percussisti,
1318 1554 1365 1623 qui
1383 1553 1540 1624 impietatis
1560 1558 1644 1624 caput.
1668 1560 1738 1608 estet

124 1646 153 1698 in
168 1662 198 1698 se
213 1644 381 1697 naturaliter
395 1660 483 1714 aquas
497 1650 526 1697 ct
540 1644 648 1708 duvios,
662 1650 690 1698 ct
709 1661 758 1715 per
767 1644 923 1698 socordiam
964 1644 1111 1697 denudasti
1126 1644 1342 1698 lunilamentum
1365 1643 1425 1710 ejus
1451 1658 1542 1712 usque
1557 1643 1592 1695 ad
1612 1643 1738 1707 collumi'd

123 1738 249 1787 nostram
263 1748 323 1786 esse
339 1732 516 1786 absconditos
527 1737 556 1786 et
566 1748 621 1786 non
636 1734 741 1786 llaere:
755 1750 818 1787 cum
829 1738 955 1816 acrmmB
966 1739 1009 1786 cst
1023 1732 1186 1786 abscondita
1198 1733 1258 1801 ejus
1269 1736 1367 1802 aperta
1377 1730 1466 1784 iecisti
1482 1746 1538 1784 non
1550 1732 1585 1784 ad
1604 1731 1739 1785 brevessr

124 1824 160 1876 ad
175 1822 402 1893 praedicationem
411 1822 550 1876 sermonis
564 1822 614 1875 Dei
628 1832 765 1876 concussa·
778 1823 871 1884 fixerit,
897 1828 925 1877 et
966 1836 1027 1893 pus,
1044 1822 1091 1875 sed
1108 1822 1324 1892 inperpetuum.
1341 1821 1391 1873 hoc
1405 1819 1480 1872 cirini
1496 1820 1637 1889 significat
1648 1820 1739 1885 Selail

40 1920 44 1927 ’
124 1912 161 1964 da
175 1911 260 1981 priori
276 1916 352 1964 statu
366 1916 452 1975 mota,
467 1917 534 1964 tuuc
553 1926 710 1982 erumpere,
730 1912 804 1982 quod
821 1911 926 1966 latebat
967 1916 1018 1976 est,
1032 1924 1152 1981 semper.
1169 1908 1324 1973 Quodvero
1336 1909 1415 1977 juxta
1431 1907 1517 1961 aliam
1530 1907 1678 1962 editionem
1689 1908 1738 1977 legi·

125 2006 156 2053 st
166 2000 195 2053 in
205 1998 356 2053 relectione
371 1999 531 2070 potantium
542 2000 639 2054 liuere.
649 2000 729 2064 Quod
739 2006 833 2054 sutem
845 2001 926 2070 juxta
967 2004 1015 2052 tur
1031 2017 1036 2050 :

126 2087 373 2142 aliamsaitionen
399 2089 524 2158 legitur:
546 2106 559 2139 c
588 2087 763 2142 Fluminibus
783 2089 926 2143 scindetur
1005 2108 1016 2137 v
1038 2087 1180 2141 Videbunt
1206 2092 1234 2141 te
1256 2092 1285 2140 et
1312 2086 1447 2141 dolebunt
1461 2086 1567 2156 pupuli.
1591 2105 1602 2135 ι
1624 2086 1691 2140 'l'alis
1709 2092 1739 2139 at

124 2184 210 2230 terra.
232 2197 245 2227 a
261 2176 391 2230 Flumina
405 2177 457 2242 hoc
471 2177 531 2231 loco
546 2177 718 2239 noncadem,
731 2176 927 2248 quibussupte
968 2192 1075 2240 sensus,
1093 2176 1179 2229 scissa
1193 2176 1296 2246 quippe
1311 2182 1486 2246 peccantium
1497 2175 1582 2228 corda
1596 2175 1630 2227 ad
1645 2173 1737 2245 agnitio

126 2266 197 2319 iram
211 2266 332 2324 bethim.
353 2266 536 2336 erroremque
554 2265 680 2332 timebas
694 2266 743 2319 sed
758 2266 807 2319 illa
834 2266 928 2336 potius
968 2276 1032 2319 nem
1056 2265 1316 2335 confessionemque
1332 2264 1459 2317 veritatis
1478 2263 1577 2317 crebra
1601 2264 1738 2316 allocutione

126 2355 204 2412 dicit.
216 2354 250 2408 de
267 2354 372 2425 quihus
387 2355 446 2425 ipse
463 2354 490 2408 in
501 2354 668 2425 Evaugelio:
683 2372 696 2401 v
713 2354 766 2418 Qui
777 2355 874 2415 credit,
887 2355 928 2409 pa
968 2354 1127 2408 docentium
1144 2353 1222 2423 quasi
1248 2353 1395 2407 abluvione
1414 2352 1604 2423 trequentium
1623 2351 1736 2422 mmmm

128 2444 199 2515 quit,
211 2444 240 2497 in
250 2460 304 2509 me,
318 2444 390 2497 siout
403 2444 472 2497 dicit
482 2444 636 2514 Scriptura.
654 2444 771 2497 llumina
786 2444 820 2496 dr
832 2446 928 2498 ventus
968 2443 1064 2496 vident
1078 2443 1229 2496 Dominum
1239 2442 1352 2495 interim
1364 2442 1504 2512 perfidem
1521 2449 1549 2495 et
1562 2442 1654 2496 dolent
1665 2445 1736 2495 seton

128 2534 190 2602 ejus
203 2532 293 2586 tlucnt
302 2546 381 2601 niptris
392 2532 469 2585 vivan.
491 2554 501 2573 -ι
519 2534 551 2586 tt
565 2548 705 2602 cxponeus
734 2532 927 2602 evaugclhtb':
970 2522 1018 2585 diu
1033 2531 1131 2584 abillo
1146 2531 1292 2585 recessisse
1307 2546 1356 2600 per
1371 2531 1500 2601 culpam;
1516 2531 1565 2584 sed
1581 2530 1656 2584 llnito
1667 2530 1736 2583 dolor

130 2639 142 2667 v
159 2622 218 2674 Hoc
228 2628 322 2673 autem
331 2621 408 2673 dixit.
422 2621 523 2690 iuquit,
532 2622 567 2674 de
577 2620 686 2691 spiritu.
697 2636 779 2691 quem
788 2622 927 2691 accepturi
971 2620 1153 2691 maruntha
1171 2620 1267 2673 vident
1284 2636 1348 2673 surii
1364 2620 1474 2689 plenius
1488 2619 1518 2672 in
1532 2619 1627 2673 futuro
1639 2636 1682 2690 per
1695 2630 1736 2688 spe

128 2710 369 2764 erantcradentes
384 2710 412 2762 in
423 2713 584 2775 cuvlrfdoon.
600 2724 656 2778 vn).
674 2730 687 2755 n
704 2710 826 2780 Hiscrgo
838 2711 929 2764 tluini-
969 2710 1051 2773 cinni,
1063 2726 1095 2763 ac
1107 2709 1142 2762 dc
1157 2709 1218 2779 ejus
1233 2709 1314 2762 beata
1328 2708 1357 2761 in
1372 2714 1540 2778 perpetuum
1557 2708 1657 2762 visione
1668 2709 1735 2761 lem

128 2797 212 2851 nibus
227 2798 370 2852 scindetur
383 2806 468 2851 terra.
485 2799 554 2852 Cum
575 2798 729 2853 carnalium
745 2799 836 2853 verbis
845 2800 930 2853 corda
969 2804 1025 2852 tur.
1042 2797 1195 2868 Sequitur:

129 2886 399 2940 doetrinresalutnris
414 2887 531 2953 irrigata
544 2887 677 2941 duritiam
689 2904 746 2941 sua
757 2888 929 2942 infidelitatis
1008 2905 1022 2936 a
1040 2887 1199 2957 Aspergens
1209 2898 1297 2956 aquas
1307 2887 1335 2941 in
1352 2886 1500 2940 itineribus
1515 2887 1583 2951 suis,
1597 2884 1669 2939 dedlt
1678 2883 1733 2954 abys

128 2990 190 3029 sese
208 2975 383 3029 humiliando
397 2982 547 3029 conterunt
559 2976 707 3046 sinumque
724 2978 839 3031 internae
854 2978 929 3046 cogi-
968 2996 984 3025 -ι
1006 2992 1053 3029 sus
1070 2989 1164 3028 vocern
1179 2990 1259 3028 suam
1277 2975 1311 3028 ab
1331 2975 1479 3029 altitudine
1496 2976 1648 3046 phantasiae
1663 2988 1731 3028 aua-v

129 3063 259 3125 tationis·
269 3064 400 3135 quintalc
410 3064 521 3118 clausus
532 3065 631 3119 luerat.
640 3065 675 3118 ad
686 3065 847 3135 accipienda
856 3065 958 3132 salute
970 3064 1058 3117 iidem
1072 3065 1200 3117 doctores
1210 3063 1302 3135 abyssi
1314 3063 1480 3133 nominequi
1488 3072 1518 3117 et
1528 3064 1732 3132 huminumsupe

129 3152 218 3206 tilcrta
232 3152 430 3223 increpationis
444 3153 501 3206 sive
528 3154 727 3207 exhortationis
748 3153 832 3219 dicta,
848 3160 928 3225 pate·
969 3153 1137 3221 ligurantur.
1154 3152 1213 3206 Sed·
1231 3151 1348 3206 llumina
1361 3159 1429 3206 sunt
1449 3154 1631 3223 proptervim
1644 3148 1732 3205 aaut

129 3240 244 3294 saciant.
971 3241 1142 3295 invectionis.
1159 3256 1215 3311 qua
1236 3240 1370 3294 duritiam
1385 3248 1504 3295 terraenae
1519 3242 1621 3295 trientis
1635 3241 1732 3308 mnae

167 3329 377 3389 «Videruntte,
393 3330 477 3385 lleus.
491 3331 678 3385 etdolusrunt
692 3330 812 3392 montes,
825 3348 928 3403 gurges
969 3330 1033 3384 dem
1062 3344 1113 3401 pro
1141 3329 1281 3383 erratibus
1309 3330 1367 3383 suis
1391 3330 1587 3400 poenitcntiam
1597 3328 1732 3384 rescindunt.

131 3438 142 3466 v
160 3432 297 3489 aquarum
317 3419 439 3481 transiit,
457 3419 536 3472 dedit
551 3418 668 3491 abyssus
677 3432 771 3474 vocem
786 3436 876 3479 suurn,
890 3421 929 3475 al·
969 3418 1093 3490 hispasus
1109 3428 1175 3473 vere
1188 3426 1262 3472 recte
1277 3418 1457 3471 vocanturah
1473 3419 1622 3473 altitudine
1634 3415 1732 3472 scientia

131 3507 249 3562 «titudo
264 3522 365 3562 manus
379 3522 445 3561 suas
461 3507 569 3567 levavit,
587 3509 628 3561 sol
644 3516 673 3562 et
697 3509 768 3562 luna·
791 3515 930 3564 steterunt
970 3516 1026 3579 qua
1039 3508 1093 3579 ipsi
1107 3509 1183 3562 intus
1199 3508 1360 3578 implentur,
1379 3507 1529 3561 Salomone
1544 3500 1734 3572 attestantem

132 3616 143 3647 ι
161 3597 189 3650 iu
219 3597 378 3651 habitaculo
398 3612 458 3661 suo,
476 3598 504 3650 in
529 3599 590 3651 luce
616 3598 783 3667 sagittarum
804 3606 927 3661 tuarum,
970 3598 1011 3650 ait
1025 3614 1030 3649 :
1044 3615 1057 3648 c
1070 3597 1296 3667 liquaprolhnde
1309 3596 1486 3650 verlraexorc
1498 3597 1644 3665 viricl’rnv.
1655 3594 1733 3650 xisti-¹

131 3685 241 3739 vibant
255 3686 447 3756 insplendore
463 3686 632 3755 dilgurantis
647 3687 733 3741 hasta
749 3688 854 3746 tanain
872 3688 929 3741 l'rc-
969 3687 1128 3756 aspergens
1149 3700 1216 3755 crgo
1242 3701 1330 3756 aquas
1348 3686 1377 3738 in
1396 3685 1554 3747 itineribus,
1579 3686 1627 3739 dat
1652 3684 1734 3755 abyr&
1776 3722 1779 3743 ι

131 3794 142 3823 v
162 3775 232 3828 mitu
251 3774 426 3828 conculcabis
437 3780 552 3837 terram,
569 3776 597 3829 in
614 3775 707 3829 lirrorc
726 3775 929 3847 obstupefacies
970 3790 1063 3828 vocem
1076 3790 1236 3839 suam,cum
1254 3774 1450 3844 predicatores
1467 3775 1557 3828 salicti
1573 3773 1698 3846 pvohrnda
1710 3782 1735 3820 a

132 3869 270 3932 «genas,
281 3875 410 3933 egressus
424 3864 452 3917 in
470 3864 589 3918 salutem
609 3864 704 3935 populi
729 3865 781 3929 tui,
797 3866 826 3918 in
852 3865 929 3920 saltr-
970 3863 1063 3917 ritatis
1077 3863 1195 3917 scientia
1207 3864 1284 3917 intus
1308 3864 1336 3916 in
1355 3864 1439 3917 corde
1458 3863 1559 3934 repleti
1585 3860 1736 3917 miniario

133 3970 145 4000 c
162 3957 294 4005 tem-cum
305 3952 417 4005 Christo
431 3958 490 4011 tuo,
508 3952 669 4022 percussisti
693 3960 781 4023 caput
795 3954 829 4007 dc
844 3955 929 4008 dumo
969 3952 1046 4006 verbi
1074 3952 1141 4005 loris
1168 3951 1347 4006 audientibus
1357 3952 1497 4015 exhibent,
1520 3953 1692 4023 paulatimet
1707 3956 1737 4018 pet
1777 3954 1779 3959 ’

134 4040 252 4109 vimpii,
282 4040 430 4093 denudasti
443 4041 657 4095 fundamentum
674 4058 762 4112 usque
777 4042 812 4096 ad
827 4042 928 4096 collum
970 4046 1064 4111 parles
1077 4056 1128 4111 pro
1145 4041 1300 4111 capacitate
1316 4042 1494 4095 inlurnorum
1512 4042 1737 4112 professoresque
1776 4026 1779 4037 ¹

135 4145 313 4197 asemper.»
340 4129 433 4182 Solam
457 4136 582 4183 nostram
598 4130 748 4184 editionem
772 4131 926 4202 posuimus,
970 4130 1022 4200 ipsi
1032 4130 1108 4184 intus
1123 4129 1212 4184 multa
1221 4131 1304 4185 simul
1317 4138 1345 4183 ct
1354 4131 1448 4201 ampla
1458 4130 1584 4201 capiunt,
1593 4125 1738 4185 initiarentur
1777 4122 1779 4129 '

131 4222 163 4269 ut
173 4217 254 4285 juxta
260 4232 331 4273 eam.
345 4217 372 4271 id
392 4223 441 4277 est,
449 4219 530 4287 jcrxta
543 4219 707 4273 Hebralcam
722 4224 850 4274 texentes
866 4234 930 4274 con·
971 4225 1075 4283 autem,
1085 4219 1115 4272 in
1126 4217 1257 4289 oporibus
1267 4219 1336 4273 dicit
1351 4220 1392 4273 vel
1408 4220 1536 4290 ipsorum
1547 4218 1740 4273 vicleliatdntv

130 4305 305 4375 sequentiam
319 4306 380 4367 loci,
394 4312 493 4376 postea
513 4308 585 4361 Lxx
607 4308 770 4363 comnraticc
788 4324 838 4381 per
858 4310 1043 4408 capi-nrum,
1055 4309 1095 4360 vel
1107 4308 1267 4361 auditorum
1284 4324 1409 4361 suorum.
1425 4310 1591 4379 aspergunt
1600 4308 1669 4363 enim
1678 4314 1739 4375 aqut*

131 4394 386 4448 tuladisseramus.
404 4396 540 4450 Viderunt
558 4398 692 4460 te‚Dsus,
723 4404 752 4451 et
780 4398 931 4452 doluerunt
972 4398 1000 4450 in
1016 4396 1164 4449 itineribus
1174 4397 1243 4461 suis,
1255 4410 1319 4450 eum
1328 4397 1487 4466 ubicunque
1502 4397 1635 4452 incedunt
1646 4387 1740 4460 exempli

132 4489 250 4548 montes,
277 4484 384 4537 excelsa
398 4485 503 4539 scilicet
528 4498 615 4556 regns
641 4493 669 4539 et
687 4486 820 4540 sublimes
846 4488 930 4557 liujus
971 4489 1045 4539 recte
1059 4484 1168 4539 visendi
1182 4502 1245 4538 cum
1256 4500 1321 4539 voce
1332 4485 1537 4555 predicationis
1545 4486 1741 4557 seniperintun

131 4572 223 4626 saculi
238 4578 400 4642 potestates,
416 4580 445 4627 et
460 4575 603 4644 quadrigis
611 4580 732 4646 quatuor
754 4576 783 4629 in
797 4576 930 4631 Zacharia
970 4573 1046 4627 tibus
1059 4573 1220 4627 ostendunt.
1229 4575 1391 4645 Aspergunt
1401 4586 1490 4644 aquas
1501 4575 1567 4629 etin
1578 4567 1742 4629 itineribusiss·

132 4676 193 4729 quse
203 4660 429 4729 egrediunturde
443 4663 586 4718 montibus
605 4665 705 4718 aereis.
726 4656 790 4719 illac
801 4669 830 4718 te
857 4665 931 4720 vide-
971 4662 1188 4723 tuentium,cum
1199 4663 1239 4715 eis
1247 4663 1371 4717 ducendo
1380 4663 1487 4732 pariter
1496 4670 1527 4718 ct
1536 4664 1660 4728 vivendo,
1668 4656 1744 4731 quito

130 4749 460 4815 runtstintremuerunt,
473 4758 502 4806 et
526 4766 630 4823 gurges
650 4768 788 4822 aquccrum
805 4754 927 4815 transiit,
971 4751 1113 4805 adiormm
1128 4751 1178 4805 viis
1193 4751 1300 4822 ingredi
1316 4751 1438 4805 debeant
1452 4757 1675 4822 praemonstmnt.
1691 4748 1746 4802 lltlt

131 4837 184 4891 hoc
196 4843 247 4901 est,
261 4838 353 4892 omnis
368 4854 465 4894 eorum
487 4842 609 4913 impetus
625 4848 656 4895 et
678 4843 844 4912 persecutio.
874 4852 930 4914 q'ua
969 4844 1141 4897 autemcum
1148 4840 1272 4899 dixisset,
1280 4840 1442 4911 quoddaret
1449 4840 1569 4911 abyssus
1579 4844 1748 4895 vocemmass·

130 4925 268 4980 vexabant
286 4928 421 4998 populant
448 4935 539 4990 tuum.
555 4937 704 5001 postquam
730 4937 758 4984 tc
788 4932 925 4997 viderunt,
970 4928 1442 4999 addiditabaltitudiuephantasiae
1451 4914 1754 5002 aequiescamus

130 5015 243 5070 transiit
256 5022 323 5070 nine
336 5016 464 5087 abyssus,
487 5019 539 5072 hoc
560 5024 611 5084 cst,
637 5018 718 5073 interi
744 5021 929 5075 laudaverunt
969 5018 1097 5073 mirabile
1120 5018 1209 5073 saneti
1223 5019 1420 5089 predicatores
1434 5020 1511 5072 toras
1526 5020 1713 5090 pronuntient,
1726 5014 1757 5062 ex

128 5111 166 5160 te.
179 5106 341 5159 nuncetiam
355 5106 459 5176 superi,
473 5106 555 5161 idest
569 5108 662 5179 angeli
675 5109 705 5163 in
720 5109 849 5180 plausum
869 5109 928 5164 suls
969 5122 1002 5162 eo
1016 5108 1151 5161 nimirum
1165 5109 1242 5161 tonte
1257 5108 1401 5178 sapientire
1416 5108 1552 5178 procedit.
1571 5100 1765 5180 quointusip⁸¹

130 5193 259 5247 manibus
284 5200 489 5264 concreparunt
514 5200 544 5248 et
578 5196 710 5251 victorem
738 5197 822 5251 veluti
845 5202 927 5267 gestu
970 5196 1126 5251 mirabilius
1159 5197 1354 5265 contemplatis
1380 5195 1541 5251 celestibus
1573 5197 1683 5268 gaudiis
1709 5192 1770 5249 itit

128 5282 250 5349 quodam
265 5288 294 5335 et
311 5282 435 5352 tripudio
457 5284 627 5339 elevatarum
653 5302 786 5340 mcmuum
815 5287 928 5341 demon·
969 5290 1104 5339 strarrtur.
1122 5285 1166 5338 An
1179 5299 1235 5337 non
1251 5284 1369 5355 abyssus
1384 5274 1779 5355 rucumadediti-ocerusuul*1

128 5374 263 5423 strarant.
281 5371 327 5423 Sol
341 5376 410 5425 tuas
423 5377 452 5426 et
466 5373 534 5427 lune
545 5381 574 5427 et
587 5375 678 5428 onmis
704 5375 844 5446 splendor,
872 5390 927 5446 quo
969 5374 1003 5428 ab
1017 5373 1167 5427 altitudine
1182 5374 1336 5444 phantasiae
1356 5390 1433 5437 suess
1448 5380 1512 5427 cum
1535 5373 1645 5429 diceret
1670 5364 1779 5428 Pauli¹⁵

129 5456 207 5525 prius
217 5455 349 5512 illuxeras
366 5461 469 5531 populo
483 5467 533 5516 tuo
552 5463 732 5518 etmalorum
749 5470 845 5535 postea
860 5478 927 5534 pon-
968 5463 1109 5534 apostolus
1127 5480 1132 5515 :
1151 5484 1164 5511 v
1175 5462 1214 5517 Os
1230 5470 1356 5517 nostrum
1372 5468 1451 5533 patet
1462 5462 1499 5516 ad
1514 5472 1574 5521 voa.
1591 5479 1608 5517 o
1624 5452 1779 5518 conatui*

126 5544 196 5598 dore
208 5545 647 5608 universahteranttsnsbramm
657 5553 774 5608 horrore
781 5556 924 5624 cooperta,
967 5568 1016 5608 cor
1037 5556 1173 5607 nauem
1190 5551 1347 5605 dilatatum·
1366 5556 1419 5609 est,
1445 5559 1509 5604 nen*
1524 5551 1727 5622 mgusdsmlffl
1741 5550 1779 5605 iv
