3772 6120
156 253 208 311 215
348 302 353 310 .
448 257 480 310 B.
501 255 636 311 RABANI
655 256 770 312 unum
794 255 961 312 ARCHIEP.
982 254 1143 311 MOGUNT.
1164 255 1313 311 OPERUM
1331 254 1423 310 PARS
1442 254 1491 310 ΙΙΙ.
1732 255 1786 313 tic

88 397 91 401 ’
154 381 356 455 accipiuntsub
365 382 477 438 nominc
488 380 600 445 Christi,
611 395 668 434 non
678 379 850 434 mendicitati
859 378 1037 450 subje-Aqui
1051 381 1158 451 spernit
1175 380 1321 451 spiritalia,
1336 384 1419 450 putat
1436 378 1485 432 illa
1499 379 1632 435 carnalia.
1653 382 1688 435 In
1702 396 1787 435 carne

153 469 201 537 cti,
212 472 262 525 sed
274 472 342 538 Deo,
354 473 389 525 de
404 472 483 539 cujus
497 468 577 522 bonis
587 469 624 521 ali
640 486 670 520 sc
684 474 796 534 norunt,
814 484 870 523 non
885 475 949 521 tan-
989 472 1064 522 enlm
1073 470 1257 534 ambulantes,
1269 469 1482 521 consecrandum
1492 484 1605 523 carnem
1615 471 1784 523 militamus.

151 560 214 613 tum
224 559 259 613 ab
269 560 309 613 eis
321 559 419 630 gratia
430 559 484 611 illis
495 558 664 623 referuntur,
676 558 724 612 sed
736 575 753 611 a
767 557 882 628 reliquis
892 557 949 611 sra-
989 557 1049 611 Hoc
1059 562 1111 621 est,
1119 556 1147 610 in
1158 572 1273 627 corpore
1283 556 1376 626 positi,
1384 556 1549 627 spiritaliter
1558 557 1675 611 vivimus
1688 576 1694 610 ι
1706 557 1789 629 spiri·

58 660 60 665 ·
151 645 251 712 tribus,
264 647 372 719 quipro
383 645 538 716 hisgraties
548 645 710 716 ngentDeo,
721 646 948 700 commendantes
989 645 1085 699 taliter
1093 645 1168 699 enim
1175 645 1249 710 risit,
1261 644 1310 715 qui
1323 644 1390 699 iacit
1398 645 1472 715 quod
1480 645 1572 716 placet
1581 646 1649 711 Deo,
1661 645 1707 700 hic
1719 663 1787 716 ergo

151 733 391 807 iectumipsorurn
401 735 529 800 Domino,
542 734 949 806 utpaucistribuentesamul-
989 735 1142 788 secundum
1150 750 1262 787 carnem
1271 733 1383 799 militat,
1391 733 1438 804 qui
1446 733 1591 789 desideriis
1599 733 1785 806 obtemperat.

152 827 246 877 torum
253 823 491 878 obsecrationibus
501 824 733 877 commendentur
742 824 799 878 Deo
813 822 948 895 :proban-
990 821 1088 877 Omnis
1103 822 1179 875 enim
1194 838 1272 876 error
1282 837 1346 875 caro
1361 821 1464 875 dicitur
1477 841 1483 874 :
1497 823 1608 877 Christo
1620 828 1716 877 autem
1727 823 1788 894 ipse

150 912 276 966 tesemm
286 918 408 967 mentem
418 928 514 966 eorum
527 912 556 965 in
565 913 719 983 hocopere,
729 912 910 982 magnificant
919 911 946 966 in
989 910 1100 974 militat,
1109 909 1383 982 quiobauditeumin
1391 910 1641 982 srdcetdisciplina.
1650 912 1726 966 Nam
1737 928 1787 965 ar-

152 999 193 1053 eie
200 999 451 1071 Dominum‚cujus
465 1018 514 1072 spe
524 1001 638 1066 firmati,
652 1000 786 1055 obediunt
799 1001 947 1072 Evangelio
988 1016 1035 1053 rna
1042 1002 1150 1054 militie
1159 1005 1318 1053 nostraene
1325 1003 1463 1065 carnal-ia,
1471 1002 1515 1055 sed
1521 1004 1644 1069 patentia
1651 1003 1711 1055 Deo.
1720 1000 1786 1055 Ideo

151 1086 255 1143 Christi
271 1090 300 1144 in
312 1089 484 1161 subjectione
499 1089 610 1155 urentis,
622 1105 657 1142 nc
668 1088 754 1143 velint
768 1105 815 1143 eos
831 1089 883 1142 sibi
893 1089 947 1143 bu·
987 1088 1071 1142 sortia
1080 1088 1146 1159 quia
1154 1088 1324 1159 incorrupta,
1334 1088 1429 1141 omnia
1436 1088 1510 1142 enirn
1520 1089 1644 1143 carnalia
1653 1096 1786 1161 corrupta

150 1175 263 1243 miliari,
274 1186 307 1233 ut
321 1179 464 1251 praebeant
472 1195 534 1249 qure
548 1177 705 1232 necessaria
713 1184 780 1232 sunt
789 1177 908 1244 sanctis;
919 1183 948 1231 et
987 1182 1062 1241 sunt,
1079 1193 1159 1230 arma
1171 1193 1238 1246 crgo
1249 1176 1321 1243 ideo,
1332 1176 1398 1246 quia
1407 1183 1566 1246 repugnant
1575 1177 1659 1243 vitiis,
1671 1179 1783 1248 signnm

151 1264 946 1338 hoceritinsimplicitateagcrcgratiascommunicationis
987 1264 1307 1336 babentia'imperatoris
1317 1265 1362 1319 sui
1371 1265 1484 1331 Christi,
1498 1266 1545 1337 qui
1555 1266 1644 1321 hostis
1653 1273 1697 1321 est
1705 1267 1784 1320 vitio

150 1352 272 1423 illorum,
290 1357 519 1411 commendantes
538 1372 568 1409 se
588 1355 761 1410 orationibus
779 1356 903 1426 ipsorum
918 1363 946 1409 et
986 1370 1060 1407 rum.
1070 1353 1148 1408 Sicut
1157 1354 1392 1425 enimimperator
1401 1354 1560 1425 permitites
1569 1355 1692 1409 vindicat
1700 1372 1782 1409 suum

149 1441 295 1499 desideriis
304 1460 411 1499 eorum.
420 1440 491 1509 *Quis
501 1443 575 1498 enim
586 1460 642 1498 non
652 1443 747 1516 cupiat
755 1443 842 1497 ocutis
852 1442 945 1498 videre
986 1458 1114 1512 regnum,
1127 1442 1167 1495 ita
1176 1448 1205 1496 et
1214 1443 1400 1514 Salvatorper
1409 1459 1459 1496 nos
1474 1459 1568 1498 servos
1578 1461 1643 1498 suos
1660 1444 1784 1498 defendit

149 1532 362 1588 necessitatibus
372 1534 429 1588 suis
439 1533 720 1604 propterDeinomcn
730 1532 946 1602 subjectalee·
987 1530 1069 1585 uniue
1079 1531 1130 1586 Dei
1139 1531 1339 1602 professionem
1350 1537 1379 1584 et
1387 1531 1783 1603 disciplirram.dddestructio·

150 1618 235 1690 nique
249 1621 301 1675 Dei
322 1622 396 1675 donn
414 1626 549 1676 vocantur
565 1640 570 1674 :
589 1620 650 1675 Deo‘
667 1621 742 1675 enim
760 1621 818 1686 dat,
835 1620 882 1695 qui
901 1620 944 1675 bis
987 1635 1049 1673 nem
1064 1623 1255 1674 inanitionem
1270 1623 1386 1674 consilia
1399 1622 1606 1685 destruenles,el
1622 1625 1782 1674 orrrnemal-

148 1707 299 1778 ministret,
316 1711 382 1781 quia
397 1712 445 1782 qui
456 1709 538 1781 jubet
551 1710 622 1774 fieri,
634 1709 687 1780 ipsi
696 1709 860 1780 imputatur,
870 1709 943 1780 quod
955 1682 977 1740 Β
987 1709 1134 1762 titudinem
1144 1711 1321 1763 ectollcatnm
1329 1725 1356 1762 se
1364 1711 1497 1762 adversus
1508 1712 1652 1763 scientiam
1663 1711 1721 1763 ilci.
1733 1710 1783 1762 hr-

148 1795 241 1852 detur.
259 1799 371 1854 Gratias
386 1805 481 1854 autem
496 1799 553 1853 Deo
568 1798 598 1852 in
616 1799 659 1852 hie
677 1804 802 1869 agentes,
819 1804 847 1852 ct
861 1815 945 1869 super
986 1796 1178 1868 maspiritalia
1189 1797 1258 1850 fides
1269 1802 1312 1850 est
1325 1797 1492 1868 incorruptae
1506 1797 1722 1868 predicationis,
1733 1814 1783 1869 per

147 1885 280 1942 ineffabili
288 1887 361 1942 dono
372 1889 446 1958 ejus3
457 1888 562 1942 donum
572 1887 647 1941 enim
654 1887 704 1941 Dei
714 1893 757 1941 eet
766 1888 840 1958 quod
847 1887 945 1941 incitat
986 1885 1044 1939 haec
1059 1885 1133 1939 Deus
1152 1885 1237 1939 vincit
1254 1885 1394 1956 principes
1410 1892 1438 1938 et
1451 1890 1613 1956 potestates
1632 1902 1701 1957 quos
1715 1902 1782 1940 con-

148 1973 253 2030 bonum
268 1993 338 2048 opus
352 1976 489 2042 homines,
505 1992 569 2048 spes
583 1977 658 2031 enirn
678 1976 816 2048 promissa
834 1976 945 2031 lacessit
986 1977 1043 2027 stat
1056 1977 1089 2026 ut
1102 1972 1155 2026 sihi
1170 1978 1307 2044 usurpent
1318 1973 1469 2045 imperium
1480 1974 1574 2028 extolli
1585 1979 1685 2028 contra
1697 1975 1782 2029 tidem

148 2063 184 2118 ed
198 2065 385 2120 ministerium
404 2065 605 2136 supradictum.
986 2060 1099 2128 Christi,
1116 2061 1331 2131 cogitationibus
1352 2079 1383 2116 sc
1401 2063 1547 2116 hominum
1566 2063 1732 2127 inserentes
1751 2072 1783 2117 ut

460 2171 577 2226 CAPUT
595 2173 628 2226 X·
986 2155 1102 2204 avocent
1116 2166 1164 2204 cos
1184 2167 1201 2204 a
1222 2150 1272 2204 Dei
1291 2150 1425 2217 dominio,
1442 2168 1511 2222 quas
1530 2151 1714 2221 cogitationes
1733 2152 1782 2206 dc·

165 2258 284 2314 Bccesat
297 2276 324 2313 se
339 2262 443 2314 Paulus
457 2260 489 2314 de
501 2261 556 2313 sihi
566 2262 635 2326 salse
650 2262 785 2328 impositis
797 2276 847 2328 per
859 2262 927 2328 sacti
986 2238 1071 2293 ⁸³¹¹st
1084 2239 1187 2292 veritas
1202 2239 1277 2293 fidei·
1290 2240 1461 2295 Muniti⁰¹¹⁹⁸
1470 2257 1537 2311 0¹⁸8⁰
1547 2241 1688 2312 principes
1700 2241 1778 2306 dicits

263 2332 436 2396 euidentiam,
452 2347 502 2399 per
516 2334 653 2384 rationem
667 2336 691 2384 cl
705 2335 837 2399 crernpla.
986 2333 1015 2381 ct
1024 2332 1185 2399 potestates,
1199 2334 1227 2381 et
1236 2327 1374 2398 spiritalia
1384 2329 1526 2400 nequitiae,
1538 2330 1586 2400 qui
1596 2346 1626 2384 se
1636 2330 1781 2395 extollunt,

184 2420 945 2488 lpseaulemepal'aelus,ohsecronospermansaetacli-
986 2420 1015 2469 et
1035 2421 1148 2470 armant
1171 2416 1327 2471 infidelium
1351 2416 1460 2471 animos
1480 2418 1516 2471 ad
1534 2418 1782 2473 contradicendum

147 2522 211 2562 nem
225 2513 250 2561 el
263 2509 422 2562 modestiam
431 2509 543 2573 Christi,
556 2511 606 2577 qui
617 2511 647 2561 in
655 2510 726 2575 facie
735 2509 843 2576 quidem
854 2508 945 2561 haeai·
987 2504 1107 2565 Christo,
1118 2511 1214 2558 contre
1225 2522 1294 2575 quos
1304 2511 1411 2576 pugnat
1420 2506 1471 2560 Dei
1481 2507 1680 2577 iex‚dissipens
1690 2507 1783 2560 consi-

147 2597 183 2649 lis
196 2597 271 2649 inter
280 2611 337 2661 nos,
351 2596 446 2649 absens
464 2601 556 2649 autem
571 2597 675 2662 confido
688 2594 943 2666 iacohr's.(Amb1·.)
985 2592 1025 2646 lia
1037 2608 1145 2646 eorum.
1161 2594 1194 2647 lit
1209 2597 1241 2648 in
1251 2597 1436 2662 captivitatem
1451 2595 1602 2663 redipentes
1615 2611 1725 2649 eirenem
1736 2599 1782 2649 in·

148 2683 208 2736 Hoc
222 2688 265 2736 eet
279 2683 354 2753 quod
368 2683 435 2736 dicit
448 2700 532 2747 nunc,
545 2683 610 2754 quia
620 2683 684 2737 talis
699 2690 742 2737 est
755 2683 864 2748 absens,
878 2700 944 2754 qua·
986 2684 1120 2735 tellectum
1131 2684 1162 2735 in
1173 2683 1332 2749 obsequium
1343 2683 1456 2737 Christi.
1468 2683 1597 2753 Captirat
1608 2683 1781 2738 intellectum

146 2770 220 2825 lieet
230 2787 361 2843 precene,
373 2787 423 2824 nec
433 2771 509 2825 enim
520 2771 634 2826 humilis
644 2777 706 2825 erat
716 2772 751 2826 ad
765 2772 864 2827 faciem
878 2773 944 2826 edu-
986 2769 1053 2822 dum
1071 2770 1309 2824 contradicentem
1324 2770 1463 2824 rationem
1483 2771 1578 2837 vincit,
1594 2776 1623 2825 et
1643 2772 1678 2826 ad
1697 2772 1781 2826 isdem

91 2890 96 2895 -
145 2859 261 2927 latione,
277 2864 327 2914 aut
346 2859 518 2930 subjectione
541 2860 660 2931 aiicujus
679 2861 729 2923 rei,
747 2860 795 2931 qui
813 2866 944 2915 constan·
986 2857 1099 2921 Christi,
1111 2858 1155 2913 cui
1166 2859 1463 2930 priusrepugnarerat,
1474 2860 1609 2914 humilem
1617 2866 1647 2914 et
1654 2877 1782 2915 mensue-

146 2948 217 3003 tiam
227 2964 307 3003 suam
318 2948 357 3003 sic
367 2948 518 3015 zelabatur,
530 2955 562 3002 ut
572 2948 721 3021 aliquando
731 2950 817 3003 etiam
832 2966 849 3004 a
862 2950 944 3005 licitis
954 2997 976 3058 C
985 2951 1046 3000 tum
1058 2945 1175 3012 inducit,
1184 2953 1309 3017 etparat.
1318 2948 1351 3002 iit
1360 2952 1392 3002 in
1401 2954 1532 3017 praerepta
1548 2950 1674 3003 trahentes
1685 2954 1783 3005 ulcisci

144 3040 317 3109 temperaret
331 3052 367 3091 ne
380 3037 579 3105 inclinaretur3
596 3038 670 3093 unde
686 3039 753 3092 dicit
767 3039 795 3092 iu
811 3039 867 3093 alia
879 3038 943 3110 Epi·
985 3051 1093 3089 olltltem
1105 3037 1396 3103 inobedientiam,cam
1407 3041 1519 3107 impleta
1529 3040 1616 3104 fucrit
1626 3045 1716 3092 restra
1726 3041 1783 3092 ohe-

147 3126 220 3181 stola
232 3125 261 3195 (l
273 3127 333 3181 Cer.
352 3127 410 3194 r1):
430 3126 530 3181 Omnia
550 3128 621 3181 inihi
642 3131 733 3193 licent,
758 3129 804 3181 sed
826 3145 872 3197 epo
893 3129 943 3181 suh
984 3123 1780 3195 dientia.Maniiestumest,quiavindicatinobedientiam,

145 3216 256 3269 nullius
269 3215 382 3280 redipar
397 3220 544 3282 potestate:
557 3231 616 3269 esca
627 3220 717 3269 uentri
728 3221 753 3270 et
762 3221 857 3274 center
866 3220 940 3281 escis,
984 3228 1049 3266 cum
1063 3212 1140 3267 iilam
1158 3214 1325 3268 condemnat
1345 3231 1396 3286 per
1410 3213 1607 3282 obedientiam,
1622 3221 1690 3270 tunc
1705 3216 1781 3270 iiiam

146 3307 172 3357 et
181 3302 287 3356 hunccl
298 3303 448 3358 hancllcns
462 3304 591 3357 destinet.
601 3303 666 3358 Ideo
677 3320 745 3373 ergo
755 3303 856 3359 absens
866 3303 943 3358 obse·
984 3302 1140 3368 destruens,
1157 3303 1267 3373 quando
1283 3304 1389 3375 eosqui
1403 3304 1539 3358 resistunt
1551 3305 1680 3375 perducit
1695 3305 1730 3360 ad
1748 3307 1781 3360 sr-

76 3434 79 3440 .
145 3396 251 3457 cretur,
263 3397 292 3445 et
300 3390 467 3445 modestiam
482 3392 585 3446 Christi
597 3392 759 3463 interponit,
771 3409 806 3447 ne
821 3410 943 3464 praesens
984 3391 1058 3457 dem,
1071 3391 1230 3462 utpersrdia
1244 3391 1279 3445 ab
1294 3392 1346 3460 his,
1364 3392 1464 3464 quibus
1479 3393 1689 3459 defendebatur,
1702 3395 1780 3448 dem-

145 3479 243 3534 durior
255 3480 423 3545 invenietur,
436 3496 520 3534 cauea
534 3480 663 3534 vitiorum
680 3497 787 3548 corum,
799 3497 884 3552 quam
900 3488 943 3536 est
983 3486 1075 3533 netur.
1089 3479 1151 3545 One
1162 3483 1312 3534 recaredum
1326 3483 1426 3548 sanem
1440 3487 1515 3549 stent,
1527 3483 1710 3537 aidetc.Nunc
1722 3484 1781 3538 vuit

144 3567 175 3623 in
183 3567 316 3639 Epistola,
328 3572 360 3622 ut
369 3574 568 3639 componentes
577 3585 607 3622 se
619 3569 667 3640 qui
680 3570 772 3624 adhuc
783 3586 839 3624 non
850 3587 942 3625 ereren·
983 3584 1031 3622 cos
1045 3584 1107 3638 qua>
1121 3570 1213 3639 pelam
1224 3573 1291 3622 sunt
1300 3569 1487 3636 considerare,
1499 3570 1527 3624 id
1541 3577 1592 3638 est,
1606 3588 1639 3625 ea
1648 3588 1710 3642 quae
1720 3572 1779 3626 edi-

144 3656 624 3728 deverant,mollirentsibirigorem
632 3659 942 3730 Apostoliutmodcra-
983 3662 1079 3711 cturus
1094 3647 1145 3723 est',
1158 3657 1225 3728 quie
1238 3663 1304 3711 sunt
1318 3664 1415 3729 aperta
1430 3659 1595 3729 dijudicare.
1607 3659 1681 3714 Dicit
1695 3677 1777 3731 crgo:

143 3750 188 3801 tce
197 3761 245 3800 eos
259 3745 403 3800 inveniens
416 3763 512 3818 presse
526 3747 673 3801 severitate
688 3749 832 3803 laetaretur
843 3748 872 3802 in
887 3748 935 3802 eis.
983 3746 1015 3801 Si
1028 3749 1090 3815 quis
1101 3748 1275 3814 calliditati
1287 3747 1390 3802 Christi
1398 3765 1425 3802 se
1435 3765 1496 3814 esse,
1513 3750 1562 3803 hoc
1571 3753 1665 3818 copitet
1675 3753 1779 3804 ilerum

145 3834 351 3890 Confidentiem
358 3835 453 3906 itaque
463 3836 594 3890 hduciam
602 3837 759 3891 severitatis
766 3837 939 3907 significavit,
983 3836 1057 3903 apud
1066 3852 1101 3900 sc,
1116 3838 1184 3904 quia
1197 3838 1269 3890 sicat
1279 3839 1336 3904 ipse
1346 3835 1451 3890 Christi
1460 3843 1505 3900 est,
1518 3840 1559 3890 ila
1570 3843 1593 3891 el
1606 3854 1664 3892 reos.
1677 3839 1728 3892 His
1737 3839 1780 3893 lo-

145 3923 308 3995 quemiorte
318 3924 595 3994 inEpistolatantum
606 3924 942 3996 babereputabatur,non
983 3922 1080 3994 quitur
1094 3939 1213 3995 quorum
1227 3924 1320 3992 tangit
1332 3924 1502 3996 superbiam,
1515 3926 1563 3996 qui
1577 3925 1612 3979 de
1627 3943 1656 3979 se
1672 3944 1779 3997 praesu-

143 4015 239 4066 tnmen
249 4011 450 4081 praeseusiacie
464 4012 530 4082 quia
540 4013 569 4066 in
579 4014 670 4084 prima
686 4014 939 4084 Epistolasererus,
983 4016 1092 4066 mentes
1099 4013 1243 4067 inflatione
1251 4014 1447 4075 animi,minus
1456 4031 1541 4084 quam
1549 4015 1665 4085 dignum
1675 4023 1738 4070 erat
1745 4018 1780 4071 de

145 4099 265 4153 etuimie
274 4099 380 4170 rigidus
390 4099 511 4166 videtur,
520 4100 618 4155 etidco
628 4108 789 4155 commonet
800 4119 835 4155 ne
843 4103 941 4156 eadem
981 4102 1115 4171 Apostoio
1134 4100 1301 4167 sentiebant,
1320 4103 1399 4173 quasi
1419 4119 1476 4157 non
1496 4111 1612 4173 egerent
1633 4107 1780 4176 praeceptis

142 4187 421 4258 severitatcpraesens
434 4194 540 4252 utatur,
552 4189 624 4242 sicut
635 4206 690 4243 non
702 4190 862 4261 sperabant.
872 4193 941 4259 ltopo
983 4190 1060 4260 ejue;
1077 4206 1147 4260 quos
1157 4197 1324 4257 commonet,
1338 4196 1369 4245 ut
1383 4191 1406 4245 si
1422 4192 1456 4244 de
1470 4209 1500 4246 se
1514 4193 1696 4257 confiderent,
1714 4195 1780 4266 quia
1801 4188 1805 4195 ’

142 4281 237 4331 auem
251 4293 284 4330 ne
291 4291 414 4345 presens
420 4277 539 4330 audeam
545 4293 596 4345 per
602 4294 662 4331 eam
674 4281 877 4346 confidentiam,
885 4297 972 4374 qaaD
982 4284 1063 4332 erant
1073 4279 1145 4332 servi
1156 4279 1269 4347 Christi,
1281 4295 1337 4334 non
1347 4287 1445 4350 utrque
1459 4281 1593 4335 deberent
1602 4282 1637 4335 de
1646 4284 1779 4353 ApostoIo

142 4368 286 4427 eeistimcr
298 4366 400 4419 audere
415 4369 446 4419 in
460 4367 601 4433 quosdam,
616 4369 666 4436 qai
679 4369 861 4421 arbitrantur
880 4385 938 4434 nos,
982 4367 1110 4422 dubitare
1127 4386 1133 4420 :
1150 4369 1244 4422 sedet
1260 4369 1295 4423 de
1315 4386 1348 4423 eo
1363 4371 1491 4440 quamvis
1509 4370 1661 4441 impersit,
1678 4373 1721 4426 rel
1740 4373 1778 4426 si-

144 4454 940 4524 nequamsemmamcoracinarahelemns.ldemsensus
981 4456 1208 4523 mirina-sentire,
1218 4474 1282 4512 cum
1290 4459 1387 4529 utique
1395 4459 1484 4529 magis
1495 4459 1625 4530 preferre
1634 4459 1687 4513 sibi
1697 4459 1778 4514 debe

142 4548 195 4607 eet,
213 4558 296 4613 quem
310 4547 343 4596 ut
356 4541 505 4607 delucidet,
522 4543 640 4613 repetit:
658 4548 720 4596 orat
734 4544 808 4598 enirn
824 4551 858 4600 ut
870 4546 940 4599 tales
980 4551 1045 4599 rent
1057 4546 1223 4616 magistrum
1237 4547 1379 4616 gentium3
1391 4548 1495 4601 sedhic
1511 4548 1700 4603 humilitatem
1715 4550 1778 4604 ilios

143 4629 206 4685 illos
223 4630 356 4697 inveniat,
374 4647 409 4684 ne
429 4636 546 4701 cogatur
563 4630 656 4697 irasci,
673 4632 723 4686 sed
737 4640 769 4687 ut
782 4634 940 4705 requiescat
980 4634 1009 4688 in
1023 4634 1266 4705 sedocctaequens
1280 4636 1464 4700 milliacum
1479 4643 1553 4690 esset
1566 4654 1613 4691 ves
1623 4638 1776 4703 electionis,

142 4718 271 4773 cumeis.
292 4719 343 4772 Hic
358 4735 424 4788 ergo
440 4720 551 4790 aperuit
568 4720 641 4791 quod
660 4738 747 4792 supra
762 4722 937 4793 significarit,
981 4728 1009 4776 ct
1025 4723 1160 4793 magister
1173 4724 1301 4793 gentium
1322 4725 1351 4778 in
1366 4726 1420 4778 tide
1443 4732 1471 4779 et
1492 4727 1619 4780 veritate.
1637 4727 1695 4780 Hoc
1711 4744 1777 4797 crgo

142 4810 172 4860 et
184 4805 277 4860 adhuc
291 4806 321 4861 in
334 4806 467 4877 subjectis
482 4808 590 4878 plenius
605 4809 774 4877 manifestat,
791 4811 863 4865 hanc
879 4829 939 4866 esse
980 4813 1040 4866 vult
1048 4812 1111 4866 illos
1120 4813 1389 4884 considerare,quod
1399 4815 1496 4886 utique
1506 4816 1582 4868 clara
1589 4817 1650 4870 luce
1656 4815 1776 4872 videtur.

141 4894 350 4960 confidentiam,
363 4911 448 4966 quam
458 4897 502 4950 hie
513 4897 645 4951 fiduciam
655 4898 734 4964 dixit,
743 4900 815 4954 date
826 4900 878 4954 sibi
889 4917 939 4972 po·
981 4900 1048 4972 quia
1062 4901 1096 4954 dc
1110 4901 1243 4972 Apostolc
1258 4918 1341 4956 nemo
1360 4903 1534 4957 credentium
1550 4920 1606 4957 non
1626 4905 1688 4975 plus
1702 4905 1778 4958 aesti-

139 4983 252 5039 tentetis
266 5000 281 5037 a
297 4983 417 5051 Christo,
434 4986 513 5055 cujus
527 4986 646 5040 vicarius
662 4995 713 5053 cst,
730 4994 762 5042 ut
775 4989 897 5043 vindicet
910 4990 939 5042 in
980 4995 1047 5056 met,
1065 4990 1194 5060 quamde
1209 5007 1249 5055 se,
1266 4998 1371 5061 quanto
1384 4993 1473 5062 inagis
1485 5009 1566 5047 nemo
1577 4993 1680 5059 minus,
1693 5010 1778 5064 quam

141 5088 190 5128 coe
207 5072 254 5143 qui
273 5072 325 5127 sub
340 5073 453 5127 nominc
469 5074 571 5127 Christi
590 5080 705 5144 egentes
718 5093 775 5131 non
785 5077 940 5133 obaudiunt
980 5078 1015 5131 de
1028 5095 1058 5133 se
1073 5077 1173 5133 debeat
1187 5080 1344 5133 aestimare?
1354 5080 1405 5134 bos
1415 5097 1481 5151 ergo
1496 5086 1671 5136 contestatur
1684 5099 1718 5136 uc
1731 5083 1778 5136 do·

82 5176 89 5186 ·
142 5166 175 5216 ut
187 5161 339 5232 corrigant,
355 5162 384 5216 in
401 5161 501 5233 quibus
515 5162 767 5232 reprehenduntur.
789 5166 847 5220 Hos
861 5166 937 5233 dicit,
979 5168 1192 5222 cctneelationc
1200 5169 1466 5235 mentis,bonaevitae
1475 5171 1608 5225 meritum
1615 5172 1776 5242 perderent,

142 5249 191 5321 qui
206 5265 263 5304 non
278 5251 437 5323 recipiendo
451 5250 589 5321 spiritalia
598 5268 659 5321 quie
675 5253 709 5306 ab
723 5255 857 5325 Apostolo
866 5255 939 5309 dice·
980 5257 1027 5327 qui
1039 5257 1113 5311 enim
1125 5257 1216 5311 scitse
1226 5258 1331 5327 aliquid
1342 5275 1412 5325 csse,
1430 5260 1561 5314 humiliat
1572 5276 1602 5313 se
1614 5265 1646 5314 ut
1658 5260 1778 5331 amplior

140 5337 254 5405 benur,
265 5339 305 5393 sic
320 5356 384 5394 eum
399 5338 605 5403 existimabant,
617 5342 696 5411 quasi
711 5344 836 5397 carnalia
846 5344 940 5415 loque·
981 5346 1040 5399 iret.
1053 5347 1122 5400 Nam
1141 5352 1166 5400 el
1184 5349 1210 5400 si
1227 5349 1350 5415 amplias
1370 5351 1479 5417 aliquid
1491 5348 1629 5416 {storiatus
1647 5352 1728 5416 fecero
1745 5353 1777 5404 dc

141 5431 229 5494 retur,
246 5444 308 5498 quae
327 5427 487 5499 recipienda
498 5442 555 5480 non
572 5437 675 5482 essent.
697 5431 762 5485 Ideo
778 5432 864 5489 dicit:
885 5434 938 5499 Qui
976 5439 1102 5502 potestate
1123 5439 1224 5499 nostra,
1245 5452 1330 5503 picam
1348 5437 1422 5490 dedit
1439 5439 1583 5503 Dnrrcinas,
1605 5442 1637 5492 in
1653 5438 1775 5509 edifica-

141 5530 190 5570 πω
203 5517 384 5570 arbitrantur
401 5516 551 5568 sedendum
569 5532 678 5571 carnem
700 5523 855 5585 candidare,
872 5521 937 5591 quia
979 5525 1453 5581 tionem,ctnonindcstmrclionem
1464 5532 1592 5593 cestram,
1605 5543 1659 5581 nen
1677 5528 1774 5581 erethr-
