3786 6128
148 307 200 368 bb!
443 306 475 363 ll.
492 305 629 363 ensem
647 305 764 363 neoni
782 305 950 364 sabinae.
969 304 1133 363 nouum.
1153 305 1304 365 ornauit
1321 307 1415 365 PAR!
1431 308 1486 367 nu
1731 312 1787 371 ibi

147 435 254 492 nullius
269 432 374 505 negotii
388 448 481 498 causa,
497 442 555 486 non
569 433 660 487 solum
674 442 753 498 cura,
769 432 818 486 sed
833 446 870 487 ne
883 443 944 487 me-
952 431 1128 503 Asi,inqult,
1136 432 1297 488 seductores
1305 433 1423 500 timetis,
1434 433 1552 504 areipite
1558 431 1607 489 illa
1617 433 1788 505 qundioun·

146 523 357 595 muriaquidem
363 521 945 593 penitusudmittendadetractioneavani·
985 526 1041 583 tur,
1053 521 1203 592 probantes
1217 523 1274 589 illa,
1286 528 1313 578 et
1329 523 1352 577 si
1368 523 1482 578 inventa
1494 523 1787 594 suerintaliquadiri·

148 614 305 686 loquisueu
313 610 687 682 multiloquia,scurrilitates
696 611 945 682 quoquesimiliter
985 610 1029 665 nis
1042 610 1151 681 legibus
1165 611 1306 666 contraria
1317 611 1352 666 do
1365 611 1494 683 illisque
1505 612 1649 677 dicuntur,
1661 612 1712 668 illa
1724 614 1788 669 sole

146 701 335 775 amputanda:
351 700 399 755 ires
413 710 471 771 pius
485 699 616 755 omnibus
629 700 686 754 sire
700 699 944 771 tristitiaepertur-
984 699 1102 769 rejicite,
1124 705 1218 756 tenue
1242 715 1306 755 raro
1326 700 1452 755 meliora.
1473 701 1580 756 Deinde
1605 702 1728 773 adiicit:
1746 705 1788 759 illi

146 792 222 846 butio
237 790 366 845 funditus
379 789 520 857 entends3
531 788 763 860 eoncupiscentia
777 789 944 845 carnalisne
984 791 1234 857 emnispeeiemeio
1244 806 1289 843 uos
1298 792 1440 857 abstinete,
1446 790 1527 862 quasi
1533 790 1582 862 qui
1591 791 1682 847 atheo
1691 791 1787 863 ipsum

144 879 324 954 philargyria
331 878 431 934 noxius
438 879 526 933 fomes
536 879 670 933 radicitus
680 878 848 945 credendus,
861 883 890 933 et
903 879 943 935 ita
984 882 1095 933 versute
1107 877 1241 945 sererent,
1259 879 1355 934 dicens
1371 897 1376 931 :

143 964 188 1025 lile
201 982 235 1025 su
247 968 387 1024 similibus
400 967 476 1023 vitiis
491 968 612 1023 extrusis
625 967 747 1039 penitus,
760 971 790 1022 et
801 966 942 1037 abscissis,
1019 968 1078 1036 lpse
1089 973 1183 1022 autem
1206 969 1273 1023 Deus
1284 971 1361 1037 punis
1383 970 1532 1037 sanctificet
1546 982 1590 1023 uos
1604 970 1740 1041 perfectos
1761 976 1786 1025 et

144 1071 207 1132 quo
220 1058 367 1114 bominum
377 1073 489 1129 quoque
498 1062 616 1129 possunt
626 1062 724 1129 petere
737 1056 942 1128 conspectibus,
983 1059 1089 1125 inteper
1097 1062 1182 1112 buter
1188 1061 1306 1127 minius
1316 1063 1340 1113 et
1349 1061 1449 1113 animo
1459 1063 1485 1113 et
1493 1071 1591 1128 corpus
1601 1061 1663 1114 sine
1671 1063 1786 1127 querela

144 1148 260 1220 talique,
272 1146 941 1218 utdiximus,repurgliemundationspraemissa,
985 1147 1013 1197 in
1029 1146 1178 1200 aduentum
1199 1148 1311 1201 Domini
1333 1149 1423 1201 riustri
1435 1149 1498 1201 Jeru
1522 1147 1627 1202 Christi
1646 1153 1784 1203 sumetur.

54 1236 58 1247 '
145 1250 207 1310 ques
213 1236 401 1308 simplicitatis
407 1235 607 1291 etinnocentias
614 1235 736 1307 puritate
746 1236 943 1307 perlinitur,ja·
983 1234 1053 1289 Orat
1066 1251 1117 1306 pro
1131 1234 1186 1289 illis
1201 1236 1241 1290 ita
1250 1242 1282 1290 ut
1295 1236 1385 1290 sancti
1402 1252 1452 1307 per
1465 1236 1561 1291 omnia
1573 1236 1785 1305 custodiantur,

143 1323 943 1396 ciendasuntprimumprofunduhumllitatieinconcussa
984 1330 1011 1377 et
1025 1323 1086 1378 sine
1097 1326 1220 1394 quercla,
1238 1325 1332 1378 sisinio
1351 1341 1463 1396 quoque
1476 1325 1534 1379 sint
1548 1330 1577 1379 et
1596 1342 1726 1397 corpore,
1744 1327 1786 1381 its

142 1415 335 1482 lundunam,
343 1428 405 1485 qua
411 1413 622 1468 sollicetturrim
630 1413 889 1468 intraturamooelos
896 1430 942 1468 va·
982 1417 1056 1467 utet
1074 1412 1183 1467 tributa
1195 1413 1319 1484 Spiritus
1336 1413 1426 1468 sancti
1444 1413 1536 1484 gratia
1553 1413 1666 1485 integra
1679 1415 1709 1469 in
1727 1414 1784 1473 illis

142 1504 220 1559 leant
226 1503 374 1559 sustinere.
382 1501 488 1557 Deinde
498 1503 853 1573 superponendariitutum
863 1503 942 1574 spiri·
982 1501 1156 1556 custodiatur
1169 1501 1426 1557 nullamsusiinens
1437 1496 1654 1557 minorationem
1668 1510 1785 1575 propter

141 1590 207 1648 talls
217 1590 461 1655 exstructio,stab
471 1591 547 1645 omni
557 1591 685 1646 discursu
695 1597 780 1662 atque
794 1591 942 1661 rogatione
982 1606 1079 1645 eorum
1094 1591 1243 1657 malitiam,
1263 1591 1304 1645 ita
1318 1598 1350 1646 ut
1367 1592 1396 1646 in
1411 1591 1515 1647 Christi
1529 1593 1652 1647 adventu
1671 1593 1785 1665 suequi

142 1680 941 1751 lubricaanlmusinhibendus,ulitapaulatimadcontem·
982 1680 1091 1751 possint
1104 1686 1223 1735 aeternas
1234 1681 1385 1734 mercedes.
1402 1683 1500 1749 (Hier.)
1515 1681 1650 1737 Formosa
1664 1681 1785 1753 quaetio

140 1772 294 1844 plutionern
300 1770 530 1842 Deiacspiritalis
538 1770 777 1840 iutuitusinoipiat
783 1770 938 1825 sublimari.
950 1757 1027 1822 Bhic
1035 1769 1134 1832 oritur,
1144 1769 1195 1824 sub
1211 1769 1287 1823 brevi
1301 1784 1430 1824 sermone
1439 1770 1698 1842 tractanda.Supra
1708 1771 1785 1826 dixe·

140 1860 281 1932 Quidquid
295 1859 370 1914 enlm
391 1866 457 1913 ante
472 1859 608 1913 orationis
622 1860 719 1913 hoium
734 1860 830 1914 anima
844 1865 942 1915 nostra
981 1861 1166 1926 ratepiritum
1177 1862 1260 1912 nol-ite
1269 1862 1449 1925 erstinpuere,
1460 1859 1533 1930 quod
1544 1859 1568 1913 si
1578 1858 1665 1914 l'oerit
1674 1860 1783 1916 intelle·

139 1949 298 2021 conceperit
311 1958 424 2003 necesse
438 1954 481 2003 est
495 1948 641 2003 orantibus
651 1946 732 2002 nobie
745 1965 796 2020 per
805 1949 941 2019 ingestio·
980 1953 1065 2009 ctum,
1078 1948 1175 2002 stetim
1184 1947 1305 2001 sciemus
1318 1947 1381 2018 quis
1396 1947 1447 2001 iste
1463 1948 1499 2001 sit
1512 1948 1637 2019 spiritus,
1654 1949 1704 2020 qui
1717 1964 1781 2005 cusu

139 2037 941 2108 nernmcordetionisoccurratQuamobremqualesorun·
980 2036 1075 2091 anima
1088 2042 1118 2090 et
1131 2052 1247 2107 corpore
1260 2037 1290 2090 in
1311 2037 1357 2090 die
1379 2037 1514 2091 adrentus
1537 2037 1652 2093 Domini
1666 2052 1780 2094 censer·

137 2126 533 2194 tesrolumusinreniii,tales
544 2143 596 2181 nos
610 2127 940 2199 anteorationistempus
980 2125 1088 2180 raudus
1102 2130 1145 2180 est
1161 2142 1168 2178 :
1184 2125 1247 2197 quis
1266 2126 1342 2180 enim
1357 2126 1445 2196 possit
1463 2127 1578 2181 credere
1595 2127 1670 2196 quod
1691 2128 1780 2183 instas

138 2228 296 2290 praeparare
307 2216 676 2288 debemustcrpreecodeuti
688 2217 849 2271 enimstatu
860 2233 939 2272 mens
981 2214 1110 2279 ilamma,
1134 2231 1196 2286 qua
1215 2215 1351 2270 exstincta
1375 2214 1480 2270 desinit
1498 2232 1560 2270 esee
1585 2215 1662 2287 quod
1677 2216 1779 2285 iuerat,

137 2306 167 2360 in
188 2307 391 2379 supplicatione
415 2305 564 2372 formatur,
580 2306 799 2381 eorumdemque
818 2306 938 2362 Actuurn
980 2304 1175 2374 exstinguatur
1189 2304 1311 2374 Spiritus
1325 2309 1449 2371 sanctus,
1461 2308 1491 2359 st
1503 2304 1780 2362 sustineatebolitie·

136 2391 384 2467 procumbentibus
397 2394 477 2450 nobis
491 2395 527 2448 sd
539 2410 650 2465 precem
666 2394 817 2449 uerborum
827 2412 939 2467 quoque
978 2407 1045 2446 nem
1064 2392 1119 2457 sui,
1136 2393 1185 2463 qui
1200 2392 1253 2447 fuit
1274 2393 1416 2462 quondam
1430 2392 1460 2447 in
1481 2394 1577 2458 isreel,
1595 2394 1712 2464 quando
1731 2410 1780 2465 par

136 2485 179 2539 vel
193 2496 328 2541 sensuum
337 2490 402 2539 ante
413 2484 508 2538 oculos
517 2484 611 2553 imago
621 2483 789 2554 praeludens.
799 2490 849 2538 aut
856 2485 937 2539 irasci
979 2481 1080 2536 lusiam
1093 2486 1123 2535 et
1134 2480 1286 2536 tenemium
1296 2488 1326 2536 et
1332 2482 1458 2552 singulos
1470 2481 1673 2552 prophetarum
1686 2482 1780 2537 dicere

135 2582 186 2626 rios
195 2572 350 2627 wcundum
360 2571 934 2644 praecedentemqualitatemauttristari,
978 2575 1090 2641 poterat
1106 2587 1111 2622 z
1128 2572 1188 2625 linc
1206 2572 1274 2624 dicit
1298 2572 1443 2637 Durriinus,
1461 2575 1490 2624 et
1504 2584 1580 2625 nuno
1601 2570 1631 2626 in
1655 2571 1780 2627 Ecclesia

136 2666 187 2715 aut
200 2661 440 2732 concupisoentiss
453 2675 585 2714 causasve
599 2661 757 2730 praeteritas
771 2665 935 2730 retractare,
977 2675 1029 2730 per
1046 2658 1175 2729 Agabm
1190 2659 1316 2729 loquitur
1332 2678 1337 2712 :
1358 2661 1416 2714 lieo
1432 2661 1500 2713 dicit
1514 2660 1638 2728 Spiritus
1652 2666 1777 2715 sanctus.

136 2754 186 2804 aut
199 2750 258 2804 risu
272 2749 360 2816 fatuo,
371 2749 445 2820 quod
458 2747 545 2802 etiam
555 2747 642 2818 pudet
655 2748 757 2816 dicore,
768 2751 936 2821 cujusquam
977 2749 1129 2802 Diuisione
1135 2754 1229 2802 cutem
1237 2749 1374 2802 donorum
1380 2752 1456 2814 sunt,
1466 2750 1538 2803 idern
1546 2752 1776 2818 uuururpiritus,

136 2839 262 2895 soumssis
283 2838 351 2892 diotl
370 2839 412 2892 rel
431 2837 497 2891 iacti
516 2836 679 2891 titillatione
697 2837 813 2909 pulsari,
835 2841 936 2895 autad
975 2841 1000 2889 et
1010 2838 1157 2891 divisiones
1174 2839 1480 2902 rniuuleriorurnsunt,
1491 2839 1563 2892 idern
1574 2843 1668 2892 autern
1680 2840 1780 2895 Domi·

135 2929 244 3000 priores
253 2923 337 2984 reciet
349 2927 467 2981 volitare
480 2925 633 2980 discursus.
645 2927 680 2980 Et
688 2926 790 2981 idcirco
798 2928 935 3000 quidquid
976 2941 1037 2987 nite,
1051 2931 1076 2979 et
1087 2927 1233 2979 divisiones
1244 2927 1437 2994 operationum
1447 2930 1521 2991 sunt,
1531 2932 1556 2980 ct
1565 2928 1780 3000 instruierque

136 3016 282 3072 &tulllius
292 3014 373 3071 nobis
382 3014 934 3079 nolumusutinherent,anteoretionem
974 3019 1106 3083 operatur
1119 3017 1216 3068 cinisio
1230 3016 1261 3068 in
1271 3016 1409 3068 ornnibus.
1423 3015 1575 3083 Unicuique
1583 3022 1678 3072 ortum
1688 3020 1780 3074 datur

134 3106 170 3161 ds
184 3105 286 3160 abditis
300 3105 389 3160 nostri
403 3103 524 3175 pecteris
537 3104 684 3159 excludere
698 3104 863 3161 mstinemus
879 3124 885 3160 ε
902 3100 965 3162 uti}
976 3104 1164 3169 manifestatio
1178 3105 1297 3171 spiritus
1313 3104 1349 3156 od
1371 3105 1401 3156 id
1420 3104 1493 3171 quod
1512 3106 1617 3172 cupedit
1632 3122 1640 3156 .·
1656 3109 1714 3162 olii
1729 3124 1780 3178 per

133 3196 174 3250 iss
186 3195 255 3250 iilud
267 3193 452 3266 apostolieum
468 3192 608 3264 possimus
621 3193 738 3264 implere
750 3211 756 3247 ε
771 3193 838 3249 Siue
847 3198 933 3250 inter·
973 3191 1113 3259 Spiritron
1125 3192 1211 3245 dotrtr
1219 3204 1308 3246 serino
1318 3194 1460 3260 sequentia
1474 3211 1480 3247 ι
1492 3196 1547 3246 otii
1557 3209 1646 3248 sensio
1655 3198 1780 3253 ruentia

133 3286 353 3347 mittioneorutn
366 3278 404 3349 el,
414 3286 446 3336 in
456 3284 535 3336 omui
547 3284 604 3336 toco
613 3285 730 3338 leuentur
738 3297 932 3351 purusrncnus
972 3281 1122 3334 sewnduru
1132 3279 1465 3348 eumainSpuuomnrn
1474 3282 1576 3349 poesin
1587 3283 1780 3354 mucra-ipim·-

132 3374 192 3426 u‘ttt
211 3374 257 3427 itu
279 3377 303 3426 et
318 3373 512 3440 disceptatione
526 3370 554 3441 (l
576 3370 646 3424 Tim.
665 3374 703 3439 nt.
719 3371 796 3426 Alias
810 3388 933 3444 namque
974 3370 1642 3439 turotitprutiusunitutumtnuuoSpiritu:ulii
1651 3377 1778 3442 operatio

132 3461 297 3516 multatum
306 3460 382 3515 istud
396 3460 531 3532 perlicere
544 3474 601 3514 non
610 3458 775 3527 valebimus,
786 3461 841 3516 nisi
851 3478 932 3519 meus
972 3459 1110 3512 uirtutum
1127 3469 1135 3512 .⁸
1149 3460 1204 3512 ulii
1215 3459 1371 3526 prophetia,
1386 3461 1441 3514 etii
1454 3460 1582 3514 discretio
1594 3464 1752 3529 spirituum
1766 3478 1778 3516 .·

131 3547 932 3621 nostruabomniumuitiorumcontagior'iepurificaturir
972 3549 1068 3600 omnio
1079 3551 1171 3600 autom
1181 3547 1236 3601 bac
1244 3552 1376 3615 operetur
1387 3562 1461 3601 unus
1474 3553 1556 3617 utque
1565 3551 1638 3605 idem
1646 3548 1775 3619 Spiritus

130 3637 932 3710 tutibustantum,utnaturalibusbonisdeditu,jugiomni·
972 3636 1096 3690 dicident
1118 3638 1238 3703 etrrprslis
1260 3640 1342 3703 prout
1368 3639 1428 3690 uuit
1444 3637 1469 3703 (l
1482 3639 1544 3694 Gor.
1562 3642 1630 3707 xm).
1651 3639 1693 3694 De
1721 3641 1776 3697 lion

130 3728 839 3800 potertlsDelootitamplationepascatur.Spirituru
847 3734 931 3784 notite
972 3723 1079 3795 Spiritu
1089 3739 1124 3777 ne
1135 3740 1191 3777 ase
1202 3724 1346 3778 auferatur
1354 3723 1473 3794 rogabat
1487 3725 1573 3780 David
1584 3726 1681 3781 dicens
1695 3728 1776 3798 :Spi-

130 3821 297 3887 ectittpuere,
307 3819 463 3887 prophetias
478 3821 561 3871 rietus
575 3832 713 3885 spernere,
725 3821 823 3871 omnio
836 3824 930 3874 utitem
971 3816 1062 3866 ritum
1076 3819 1202 3866 mirorum
1218 3817 1298 3867 terum
1310 3829 1343 3867 ue
1357 3815 1470 3881 cesseras
1484 3830 1502 3869 c
1517 3832 1559 3869 ine
1571 3817 1655 3883 (Prot.
1671 3821 1712 3887 e),
1724 3819 1774 3889 qui

127 3901 248 3976 prototo,
265 3908 337 3975 quod
351 3906 453 3959 bortrus
467 3910 505 3959 est
521 3906 715 3975 tenutaidug.)
733 3906 795 3960 Non
807 3908 874 3978 quia
883 3908 930 3963 ills
972 3902 1083 3972 quando
1098 3901 1225 3956 aufertur
1240 3918 1296 3956 non
1311 3902 1631 3971 insubstantialiter
1647 3906 1672 3960 ei
1688 3923 1777 3979 aquo

129 3985 433 4065 eustingulpotssl,sed
441 3994 614 4064 quantumin
622 3994 690 4064 ipsis
698 3995 930 4051 eatexstinetores
971 3990 1097 4045 aufertur
1115 3990 1314 4061 exstinguitur.
1332 3991 1389 4061 Ego
1404 3999 1471 4062 puto
1487 4009 1575 4049 unum
1595 3998 1682 4065 atque
1696 3996 1775 4053 idem

129 4083 192 4152 elus
207 4082 308 4136 merito
322 4082 464 4148 dicuntur,
481 4083 528 4152 qui
543 4082 583 4136 sic
606 4088 694 4151 agunt
712 4085 744 4136 ut
761 4084 929 4140 assumtum
970 4079 1774 4153 significareSpiritumnoltteerstinpueremtquodinalio

129 4170 224 4225 velint.
236 4168 351 4239 (Ambr.)
359 4170 479 4223 Multum
494 4168 719 4224 existimantibus
732 4174 780 4242 qui
794 4177 862 4226 tunc
875 4174 930 4244 spi·
969 4169 1030 4222 loco
1036 4167 1133 4222 scribit
1143 4169 1229 4235 (iiorn.
1238 4171 1284 4239 xu)
1297 4187 1302 4221 :
1316 4169 1425 4237 Spiritu
1435 4171 1577 4237 feruentes,
1588 4171 1618 4226 in
1628 4186 1684 4244 quo
1694 4174 1773 4231 enim

127 4250 224 4312 rit‘eles
237 4257 343 4328 gratias
357 4254 507 4311 habebant.
523 4258 610 4312 Erant
624 4257 709 4312 etism
732 4264 761 4312 et
775 4260 822 4313 ulii
839 4261 886 4331 qui
900 4268 928 4316 st
971 4255 1061 4310 terror
1073 4257 1188 4327 spiritus
1204 4256 1393 4328 multiplicata
1410 4257 1560 4330 iniquitate
1579 4265 1609 4315 et
1622 4261 1774 4321 charitatis

129 4340 165 4402 ed
179 4347 339 4402 suasionem
353 4346 448 4418 eliqua
463 4345 665 4418 proponebant,
677 4347 757 4418 quasi
771 4349 819 4418 qui
831 4354 860 4403 et
873 4345 1072 4441 ipsinrigore
1094 4362 1151 4400 non
1170 4351 1303 4418 tepescet,
1321 4347 1350 4401 in
1372 4345 1425 4402 hoc
1448 4349 1564 4419 spiritus
1588 4366 1773 4423 nequaqum

127 4444 161 4492 ei
174 4428 268 4491 tllrina
280 4435 450 4490 revelatione
464 4435 513 4489 ills
528 4450 589 4489 esse
604 4436 772 4492 simulantes
787 4454 849 4508 quae
865 4455 883 4492 a
896 4452 927 4495 se
967 4435 1164 4505 exstinguitur,
1181 4437 1251 4490 Deru
1273 4439 1362 4504 ipitur
1380 4441 1458 4505 poris
1480 4441 1630 4506 sanctificet
1652 4456 1699 4495 uos
1721 4458 1773 4511 per

127 4525 242 4591 flebant,
260 4522 342 4580 siouti
358 4530 387 4579 et
400 4524 512 4580 ludaeos
525 4525 682 4580 exorcizare
696 4531 723 4580 et
741 4527 927 4583 damonisoos
967 4528 1063 4579 omniu
1078 4527 1118 4578 oct
1133 4527 1165 4578 in
1180 4527 1318 4591 ornrribus,
1331 4525 1390 4581 sive
1403 4526 1503 4597 plenus
1517 4533 1602 4598 atque
1616 4528 1769 4599 perfectus.

127 4615 156 4670 in
179 4613 293 4670 nomine
314 4614 419 4669 onusti
439 4626 590 4686 usurpasse
605 4616 756 4685 pernotus
779 4617 926 4672 didicimus
967 4613 1020 4668 hoc
1045 4611 1119 4667 enim
1139 4611 1262 4686 blaseii<
1280 4620 1372 4670 sonat.
1395 4615 1470 4671 Deus
1490 4621 1585 4671 autem
1609 4619 1774 4689 appellatur

126 4697 318 4775 apostolorum
334 4704 399 4771 (Act.
417 4707 485 4773 xix).
510 4704 649 4768 Quoniam
664 4718 731 4775 ergo
748 4706 824 4776 apud
842 4706 927 4761 Thes·
968 4709 1182 4781 pacis,quiaper
1190 4710 1334 4766 Christum
1342 4712 1367 4766 ei
1374 4713 1545 4768 reconciliati
1555 4721 1724 4784 sumus,qui
1732 4724 1772 4773 eet

125 4782 312 4848 salonicenses
322 4791 437 4863 quidam
453 4797 535 4847 erant
544 4793 661 4864 quinon
674 4794 864 4865 suscipiebant
877 4796 925 4850 ills
963 4804 1129 4868 pernostra,
1141 4802 1191 4867 qui
1196 4800 1384 4870 secitutreque
1390 4818 1480 4856 uuum
1486 4803 1592 4872 (Epiros.
1600 4805 1698 4875 n),qui
1704 4807 1770 4863 etin

127 4880 348 4953 queieeuudum
359 4880 581 4951 inoperationem
591 4881 747 4954 eplritalem
756 4884 924 4954 profiteban-
964 4886 1253 4957 aliolocopnndicitur
1265 4894 1769 4961 superansomnemeensumffbitrrl.

124 4974 181 5039 itii,
191 4969 239 5042 qui
252 4974 282 5023 st
291 4964 487 5040 confingebant
498 4970 677 5025 seductorum
692 4986 722 5026 ss
735 4986 820 5027 causa
830 4974 923 5028 studio
965 4992 1026 5047 ques
1039 4976 1162 5031 custodit
1169 4978 1254 5031 corda
1266 4978 1506 5051 cogitationesque
1520 4986 1700 5049 sanctorum
1717 4987 1770 5056 qui

125 5054 241 5115 moute
256 5058 285 5114 ld
303 5050 454 5126 declinare,
470 5058 576 5113 flebant
596 5064 691 5115 autem
712 5060 768 5116 ista
785 5061 821 5115 ab
835 5061 924 5117 indis·
965 5068 1060 5118 autem
1073 5063 1265 5120 sanctificatur
1283 5065 1340 5121 sire
1355 5066 1494 5138 periectos
1512 5073 1556 5122 ost
1572 5069 1601 5123 in
1621 5071 1768 5139 omnibus,

122 5148 274 5221 cipllliatli,
291 5156 324 5202 so
339 5147 412 5219 quod
426 5158 500 5219 supe
523 5148 739 5220 indisciplinatio
759 5165 857 5204 eorum
876 5164 922 5206 ar·
964 5152 993 5206 in
1007 5152 1060 5206 hoo
1071 5152 1232 5223 etspiritus‚
1244 5155 1386 5217 stenima,
1399 5162 1429 5210 et
1442 5157 1542 5226 corp'us
1551 5156 1582 5211 in
1592 5157 1638 5213 die
1650 5158 1769 5217 Domini

122 5226 263 5308 guebstur
275 5244 308 5291 er
319 5229 384 5303 illis,
402 5248 464 5308 que
477 5248 496 5290 u
508 5238 653 5308 prophetis
667 5239 841 5305 dicebantur,
858 5240 921 5295 ideo
963 5247 1153 5296 conservatur.
1162 5244 1270 5314 Corpus
1279 5244 1455 5314 singulorum
1465 5244 1655 5301 membrorum
1665 5254 1770 5306 utatur

122 5326 193 5381 dixit
206 5332 212 5377 !
227 5326 379 5396 prophetas
392 5325 480 5380 nolite
494 5326 644 5396 reprobare
659 5345 750 5400 neque
764 5329 920 5400 spiritalem
962 5329 1293 5401 omniumomniuni
1304 5337 1555 5402 opereturmanus,
1567 5335 1765 5406 pesambulot,
1778 5376 1784 5385 ·

122 5413 314 5485 operationem
329 5415 486 5485 prohiberer
504 5415 576 5469 Nom
598 5418 671 5487 quod
686 5417 756 5471 dixit
776 5418 920 5489 reprobari
961 5419 1058 5474 oculus
1072 5420 1175 5485 rideat,
1198 5420 1274 5475 auiis
1299 5421 1405 5487 audiat,
1423 5423 1521 5478 dentes
1543 5422 1620 5479 cibos
1643 5426 1765 5495 molant,

122 5501 283 5573 prophetas,
299 5506 329 5556 et
342 5503 391 5557 llla
406 5504 480 5558 nolle
496 5503 636 5575 suscipere
650 5520 711 5576 quae
724 5505 760 5559 ab
774 5506 830 5561 illis
844 5508 919 5561 dice·
961 5509 1121 5563 stomachus
1144 5515 1308 5580 concoquat,
1324 5511 1396 5566 alius
1418 5512 1538 5582 digerat,
1565 5518 1616 5568 aut
1638 5514 1662 5571 si
1685 5517 1768 5575 nulls

118 5587 233 5658 usim,
243 5591 296 5648 lies
309 5591 499 5663 dleltspiritus
510 5602 644 5664 spernere
653 5593 857 5667 operationem,
866 5597 916 5652 sed
958 5598 1150 5654 membrorum
1163 5604 1243 5670 parte
1257 5604 1421 5658 meatum
1433 5606 1525 5670 estet
1538 5601 1592 5659 hoc
1605 5602 1761 5677 quisquam
