3772 6120
120 292 169 349 tut
416 290 447 344 Β.
464 286 601 343 RABANI
619 286 735 343 MAURI
754 285 922 341 Ancurae.
943 285 1105 341 MOGUNT.
1127 282 1277 341 OPERUM
1295 281 1388 338 PARS
1406 274 1458 338 lii.

119 416 163 470 ria
176 432 240 471 vero
252 416 277 469 ei
293 414 347 469 suit
356 414 385 467 in
396 413 526 485 presenti
536 412 648 483 negotio
656 412 758 466 horum
768 411 915 465 memoria.
925 412 973 470 A«
991 410 1111 465 introibo
1127 410 1162 463 ad
1173 409 1263 473 illum,
1271 413 1298 461 et
1313 405 1428 461 cenabo
1439 420 1506 458 cum
1517 402 1576 470 illo,
1588 408 1617 458 at
1628 402 1658 475 lp

120 504 272 574 Postquam
289 502 364 555 enirn
378 502 541 555 exhortatus
551 506 594 554 est
604 516 669 553 eum
684 515 813 569 arguere,
826 499 917 552 incre·
962 520 972 549 «
989 516 1062 565 cum,
1083 500 1171 573 [Apros.
1185 504 1234 561 ur).
1254 518 1264 545 ι
1281 496 1387 567 [Anah]
1403 496 1502 564 ltaque
1515 491 1658 564 proposi«

121 608 198 663 pare,
218 598 247 646 ot
259 591 413 655 obsecrare,
431 607 466 644 ne
481 590 575 643 animo
590 589 722 643 deficeret
739 588 808 659 ipse,
825 588 849 641 si
861 588 918 640 haec
959 588 1059 658 inquit,
1075 595 1104 642 et
1118 588 1166 641 tibi
1182 603 1292 640 corone
1303 584 1458 656 premium,
1475 583 1626 636 sitantum
1639 596 1657 633 v

120 680 269 734 facientem
275 679 391 734 minime
400 679 486 733 velint
496 678 583 750 aliqui
591 677 746 741 intendere,
754 677 784 731 in
793 676 918 731 deterius
959 676 1096 731 laborare.
1113 676 1248 731 Miraculo
1264 691 1329 729 vero
1343 674 1460 743 dignum
1474 670 1607 741 estquod
1621 684 1658 724 no

120 774 345 840 prorumpentes,
370 768 434 822 idco
460 766 584 821 insinuat
611 766 685 837 quod
710 766 810 820 horum
830 765 918 819 multo
959 766 1014 820 illis
1034 766 1081 836 qui
1093 765 1299 830 laboraverunt,
1315 768 1365 817 aut
1377 761 1453 833 passi
1465 765 1540 825 sunt,
1559 759 1609 815 sed
1634 772 1658 830 qr

121 856 274 912 deteriores
283 862 367 912 erunt
375 857 404 910 hi
419 856 467 927 qui
481 856 511 910 in
524 854 631 910 ultimis
641 859 725 910 erunt
733 852 917 925 temporibus,
958 862 1030 925 gunt
1043 855 1194 908 artnentum
1206 855 1277 923 ejus,
1290 869 1323 906 eo
1331 851 1404 922 quod
1415 849 1604 904 certaminum
1618 852 1650 901 at

121 946 323 1018 majoremsuis
337 945 497 1001 doctoribus
504 944 684 1016 providentes
696 943 829 998 laborem.
839 941 919 996 Unde
960 960 1029 998 num
1043 949 1153 1014 tempus
1167 959 1222 997 non
1234 945 1405 1012 semperest,
1420 939 1658 993 charitatisverot

122 1038 151 1089 et
160 1035 265 1106 adjecit
280 1054 286 1089 :
960 1038 1011 1099 est,
1029 1033 1052 1086 si
1068 1048 1101 1087 ea
1116 1033 1200 1086 etiam
1215 1032 1381 1102 intempore
1396 1029 1473 1100 pacis
1490 1032 1575 1099 prout
1587 1040 1658 1098 opor

160 1123 229 1178 «Tu
244 1129 339 1178 autem
351 1122 460 1177 sobrius
470 1128 540 1187 esto,
552 1119 719 1176 inomnlbus
725 1119 832 1185 labora,
849 1136 919 1191 opus
960 1116 1658 1192 lutarequisdeproperaverit,nullamfraudemass

124 1211 196 1266 «iac
210 1211 402 1283 Evangelistae,
418 1210 608 1265 ministerium
623 1216 705 1264 tuum
719 1209 814 1279 imple.
833 1227 844 1259 x
862 1208 920 1262 Hoc
960 1211 983 1264 si
1010 1216 1122 1281 tempus
1136 1210 1323 1264 certammurn
1348 1207 1463 1263 minime
1478 1206 1610 1261 adfixerit.
1627 1205 1658 1260 ln

122 1307 174 1367 est,
191 1300 280 1355 sinon
293 1300 464 1371 adjuventur
472 1298 568 1370 aliqui,
582 1297 675 1352 tuille
688 1314 751 1368 quse
766 1302 796 1351 tc
809 1304 920 1368 oportet
960 1298 1042 1353 dictis
1055 1314 1139 1352 suum
1165 1313 1363 1352 consummans
1377 1296 1523 1350 consilium
1536 1295 1658 1353 amone

124 1404 217 1459 agere,
232 1406 294 1460 age,
308 1392 338 1443 et
350 1386 765 1458 cumomniagesolticitudina
777 1386 920 1441 sustinens
961 1404 1012 1442 sua
1031 1387 1082 1442 sub
1108 1387 1308 1441 testificatione
1329 1385 1498 1440 concludens
1513 1383 1658 1449 docmna,

122 1492 173 1549 pro
184 1476 335 1549 Evangelio
348 1476 482 1541 laborem,
499 1482 528 1530 et
541 1475 611 1530 illud
625 1475 700 1546 quod
714 1474 749 1528 ad
760 1481 788 1529 ta
798 1475 921 1545 pertinet
961 1477 995 1530 ad
1010 1492 1075 1530 eum
1089 1475 1186 1530 iecisse
1201 1475 1319 1541 videtur,
1337 1474 1434 1528 scribit
1440 1474 1516 1527 ultra
1527 1472 1614 1526 dehis
1624 1470 1658 1527 η’

121 1565 205 1619 facito
221 1585 227 1618 ε
244 1580 295 1636 pro
309 1566 361 1619 hoc
373 1565 449 1619 eninr
465 1564 645 1618 strationem
661 1562 762 1627 reddit,
787 1578 844 1617 non
869 1579 919 1633 pro
961 1565 1062 1636 quibus
1074 1564 1194 1619 scribere
1211 1581 1275 1618 eum
1291 1565 1362 1618 ratio
1372 1563 1510 1633 exigebat,
1524 1566 1658 1633 utpotae

123 1652 242 1707 allorum
256 1652 382 1707 arbitrio.
399 1654 475 1707 Bene
490 1656 585 1706 autern
599 1651 702 1706 dixit«
732 1651 919 1705 ministerium
961 1655 1137 1726 discipulum,
1155 1660 1183 1707 et
1198 1654 1318 1708 maxime
1332 1652 1384 1706 sibi
1401 1652 1533 1706 dilectum
1550 1668 1581 1702 :a
1599 1651 1658 1704 Fast

125 1746 231 1796 «tuum
244 1742 339 1813 imple,
359 1762 370 1792 i
386 1742 438 1796 hoc
449 1747 493 1796 est
505 1741 685 1796 commissum
699 1740 751 1794 tibi
766 1757 836 1811 opus
854 1740 919 1794 dili·
931 1712 975 1794 B«
993 1760 1038 1797 me
1048 1743 1142 1797 venire
1157 1743 1221 1796 cito.
1241 1762 1253 1794 s
1270 1743 1305 1796 Et
1319 1757 1433 1795 causam
1456 1740 1596 1810 explicans
1624 1754 1658 1810 qu

122 1836 223 1901 genter
234 1830 329 1902 imple,
346 1837 456 1885 maturo
472 1836 619 1885 contentus
634 1845 718 1900 opere
732 1834 791 1896 tuo,
812 1829 878 1882 licet
896 1830 920 1883 si
961 1848 1025 1886 eum
1038 1833 1074 1887 ad
1088 1849 1118 1886 se
1133 1830 1226 1885 venire
1251 1832 1396 1902 jusserat:
1417 1848 1428 1880 «
1446 1831 1558 1891 Demas,
1585 1827 1658 1900 inqu*

123 1918 253 1990 illaque
263 1920 464 1990 discipulorum
478 1924 554 1985 sunt,
571 1918 862 1974 minimeconcurrere
877 1918 918 1972 vi·
963 1941 974 1970 «
990 1920 1141 1992 dereliquit
1156 1921 1274 1989 diligens
1295 1936 1417 1991 presens
1432 1918 1574 1981 seculum,
1590 1923 1621 1971 et
1643 1932 1658 1970 a

123 2007 921 2080 deantur.thuiatestiticatusestdehis,postexhortatio-
962 2008 1225 2064 «Thessalonicam.
1245 2029 1255 2060 ι
1272 2010 1330 2062 lloc
1339 2013 1391 2074 est,
1404 2009 1433 2061 in
1443 2007 1568 2061 deterius
1592 2020 1658 2060 vers

124 2112 189 2150 nem
196 2098 343 2152 ostendere
354 2096 441 2170 cupit,
451 2096 525 2168 quod
536 2104 649 2169 tempus
656 2100 845 2167 opportunum
852 2096 919 2149 sitei
960 2102 1051 2150 totum
1063 2114 1092 2151 se
1102 2098 1222 2168 negotiis
1232 2097 1379 2168 presentis
1389 2097 1452 2150 vita
1460 2095 1620 2165 implicans:
1628 2094 1658 2147 h«

123 2201 141 2238 a
155 2186 367 2241 contestatione.
379 2185 460 2241 Unde
466 2191 495 2240 et
504 2185 584 2240 dicit:
598 2205 609 2236 «
626 2185 683 2255 Ego
697 2184 772 2239 enirn
782 2185 842 2254 jam
852 2184 920 2238 deli·
961 2184 1028 2240 dicit
1042 2187 1186 2257 presentis
1195 2186 1288 2240 seculi
1301 2185 1525 2239 delectationem.
1540 2201 1554 2236 «
1579 2184 1658 2237 Ores«

123 2290 137 2326 «
154 2273 250 2341 bonet
263 2282 375 2346 tempus
387 2291 457 2329 meas
471 2274 649 2329 resolutionis
657 2273 753 2327 instat.
771 2292 785 2326 x
801 2274 919 2344 Propin-
964 2296 974 2326 «
991 2275 1147 2342 Galatiam,
1167 2295 1178 2326 s
1199 2275 1340 2328 Galatiam
1356 2274 1434 2332 dixit,
1449 2289 1534 2344 quam
1548 2288 1623 2326 nunc
1637 2287 1657 2327 u

122 2377 195 2434 quus
203 2364 274 2418 mihi
284 2369 328 2419 est
336 2364 426 2418 exitus
434 2364 498 2418 vitm
507 2363 653 2435 presentis
663 2363 761 2432 etjam
775 2363 850 2417 ultre
864 2378 920 2416 non
961 2380 1024 2417 mus
1032 2364 1145 2429 Gallias,
1158 2364 1198 2418 sic
1212 2364 1296 2417 etiam
1307 2362 1416 2434 antiqui
1425 2378 1522 2416 onmes
1537 2362 1599 2416 loca
1612 2358 1658 2416 illa

122 2451 231 2506 habebo
245 2458 356 2523 tempus
365 2468 542 2506 commonere
557 2452 634 2506 tede
649 2452 693 2505 his
709 2468 770 2522 qum
785 2451 846 2506 lieri
857 2467 920 2504 con·
961 2451 1075 2513 nebant,
1090 2453 1162 2506 sicut
1175 2468 1373 2522 recognoscere
1387 2451 1450 2522 quis
1460 2451 1564 2521 poterit
1578 2455 1607 2504 et
1620 2466 1656 2505 ox

123 2540 246 2594 veniant.
259 2541 339 2595 Unde
346 2546 375 2594 et
383 2541 456 2594 hanc
469 2541 521 2593 feci
535 2540 570 2594 ad
585 2548 613 2593 te
628 2539 920 2605 exhortationem,sub
961 2542 1034 2607 aliis,
1052 2546 1081 2595 et
1096 2560 1128 2595 ex
1140 2541 1260 2595 historia
1270 2538 1658 2610 ludaica,quamlosephusd

123 2635 194 2681 teste
204 2629 271 2682 Deo.
285 2630 348 2682 Non
360 2628 488 2682 absolute
499 2628 578 2694 dixit,
594 2628 710 2692 delibor,
726 2629 776 2681 sed
791 2628 857 2698 quia
870 2645 919 2699 pro
961 2631 1029 2684 sisse
1043 2631 1161 2684 ridetur.
1175 2632 1247 2684 Nam
1256 2630 1319 2683 ethi
1332 2628 1658 2700 quinuncdicunturGal

123 2716 920 2781 Christiconsessionemortemeratsubiturus,libati0nem
961 2724 1167 2790 nuncupantur,
1184 2720 1258 2790 quod
1273 2736 1305 2772 ex
1318 2719 1373 2772 illis
1387 2717 1514 2789 partibus
1530 2717 1565 2770 ad
1576 2718 1633 2773 isia
1644 2718 1658 2771 l«

123 2803 212 2871 dixit;
227 2820 294 2858 narn
308 2804 405 2858 libatio
416 2805 472 2859 vini
487 2805 591 2858 dicitur
605 2805 713 2871 effusio,
745 2821 807 2875 quae
835 2806 867 2858 iit
890 2805 919 2859 in
961 2808 1034 2861 nisse
1049 2809 1229 2879 antiquorum
1245 2809 1370 2861 insinuat
1384 2807 1519 2861 narratio.
1537 2807 1658 2861 «Titum

123 2891 210 2946 divini
225 2892 340 2949 honoris
356 2893 523 2965 expiatione.
542 2913 553 2945 «
572 2894 681 2947 Bonurn
701 2900 843 2948 certamen
857 2910 918 2946 cer·
960 2897 1085 2951 matiam.
1104 2916 1118 2950 n
1139 2898 1197 2950 Hos
1216 2913 1272 2950 non
1292 2896 1503 2950 similitudinem
1525 2895 1658 2949 discessis

124 3002 135 3032 «
152 2981 218 3048 tavi,
234 2980 561 3048 cursum'consummavi,
578 2983 662 3036 tidem
680 2983 796 3035 serrari.
813 3001 827 3033 e
855 2983 917 3035 Non
960 2994 1132 3040 memoratus
1147 2991 1198 3052 cst,
1215 2992 1265 3039 aut
1278 2987 1308 3038 in
1319 2985 1443 3039 deterius
1455 3001 1560 3051 versus,
1573 2984 1658 3039 sedin

121 3069 258 3140 plaudens
273 3070 329 3124 ista
342 3070 419 3136 dicit,
435 3071 483 3125 sed
496 3070 532 3124 ad
547 3071 768 3124 exhortationem
784 3070 852 3124 dicit
868 3071 916 3125 'l'i-
960 3075 1077 3140 ratione,
1087 3074 1160 3147 quod
1172 3074 1457 3144 nousintpraesentes.
1472 3094 1482 3124 «
1495 3075 1584 3127 Lucus
1594 3077 1658 3127 esti

121 3158 226 3212 mothci
243 3177 249 3212 :
265 3159 318 3213 hoc
331 3165 384 3226 est,
391 3159 546 3214 secundum
555 3165 666 3230 tempus
677 3159 751 3230 quod
759 3159 789 3213 in
796 3159 849 3213 hac¹
860 3160 918 3213 vita
960 3183 972 3214 «
989 3163 1074 3216 solus.
1091 3163 1217 3216 Marcum
1232 3179 1378 3216 assumens
1392 3162 1483 3216 adhuc
1494 3167 1598 3215 tecum.
1618 3178 1634 3214 n
1650 3161 1658 3216 l

121 3246 269 3312 habebam,
285 3248 457 3319 omniaque
476 3248 511 3302 ad
526 3264 572 3302 me
585 3248 727 3319 pertinere
751 3248 918 3302 videbantur
958 3251 994 3304 sit
1007 3251 1127 3311 retinui
1135 3251 1245 3305 Marcus
1259 3251 1361 3315 veniat,
1381 3271 1392 3301 «
1410 3255 1453 3303 est
1465 3250 1545 3315 mihi,
1562 3249 1657 3320 inquit

120 3335 281 3407 implebam.
299 3338 395 3406 (dass.)
410 3338 444 3391 Et
466 3337 532 3408 quia
545 3354 575 3391 se
589 3344 706 3391 noverat
720 3344 783 3410 post
801 3336 917 3391 odorem
957 3339 987 3393 in
999 3339 1165 3394 ministerio.
1185 3358 1198 3392 a
1215 3339 1473 3410 Opportunusrnihi
1489 3346 1540 3403 est,
1557 3356 1589 3392 eo
1603 3354 1658 3410 quo

119 3430 328 3495 unguentorum
342 3425 448 3480 Christi
461 3426 576 3498 prepeti
588 3426 763 3480 conscientia
771 3426 917 3480 devotione
958 3428 1263 3483 summasollicitudine
1272 3428 1403 3482 universa
1412 3429 1567 3499 adimplere
1577 3427 1658 3499 depr«

120 3513 332 3585 infatigabiliter
346 3514 512 3582 cucurrisse,
530 3521 559 3568 et
572 3515 705 3586 spiritalis
717 3514 814 3587 agonis
825 3521 916 3569 certa-
960 3518 1131 3588 «Tychirum
1146 3518 1209 3571 misi
1218 3517 1658 3588 Ephesum.«Deindepraecepite

118 3618 183 3656 men
196 3602 288 3657 carnis
301 3603 484 3674 castigatione
498 3603 605 3666 vicisse,
622 3620 686 3657 curn
699 3602 800 3658 fiducia
813 3604 913 3657 infert:
958 3606 1005 3660 illa
1019 3607 1142 3677 exsequi,
1160 3624 1221 3677 qua
1237 3612 1366 3677 oporteat
1384 3622 1448 3659 eum
1470 3606 1561 3659 iacere
1576 3605 1658 3660 servi«

120 3708 134 3743 «
150 3691 190 3744 De
202 3698 303 3746 cetero
316 3693 440 3764 reposita
454 3698 497 3746 est
507 3692 574 3746 mihi
585 3708 689 3746 corona
692 3692 818 3762 justitie,
832 3682 916 3763 q'uam
959 3716 970 3746 «
990 3695 1134 3759 Penulam,
1160 3712 1244 3765 quam
1270 3694 1370 3765 reliqui
1395 3695 1510 3748 Troada
1532 3695 1608 3764 apud
1624 3694 1658 3750 Oa

121 3799 133 3831 «
149 3780 248 3835 reddet
261 3781 330 3834 rnihi
348 3781 484 3836 Dominus
499 3781 528 3834 in
543 3780 591 3834 illa
609 3780 654 3834 dic
670 3783 765 3850 justus
786 3781 882 3851 judex.
903 3801 915 3833 s
960 3783 1099 3837 «veniens
1114 3784 1182 3836 atter
1201 3790 1229 3838 et
1244 3784 1362 3848 codices,
1383 3783 1503 3836 maxime
1517 3788 1614 3838 autern
1628 3789 1658 3838 et

120 3868 221 3938 (drap.)
236 3869 309 3933 Quia
319 3869 394 3923 enirn
404 3876 502 3924 contra
513 3870 586 3923 mala
596 3869 773 3924 transcuntia
781 3870 916 3923 defructu
960 3872 1114 3927 «branae»
1129 3872 1229 3926 Latina
1238 3872 1483 3941 linguavolurnina
1490 3871 1559 3926 dixit
1567 3873 1658 3926 merul

118 3962 281 4022 certaverat,
297 3957 332 4012 de
346 3958 486 4013 mansuris
504 3957 639 4012 nimirum
658 3959 768 4028 gaudiis
788 3958 848 4013 sine
863 3958 917 4013 du·
957 3962 1111 4017 secundum
1127 3961 1204 4015 illam
1220 3960 1451 4015 consuetudinem
1467 3978 1522 4031 qua
1547 3962 1643 4017 Roma

119 4043 223 4099 hietate
236 4043 432 4116 presumebat.
451 4046 549 4115 (eliab.)
566 4047 641 4101 Bene
653 4046 771 4117 justitiae
784 4064 916 4101 coronam
956 4050 1069 4116 bantur,
1095 4050 1245 4104 indiscrete
1265 4066 1333 4103 usus
1364 4056 1406 4103 cst
1426 4050 1478 4103 hoc
1498 4065 1658 4116 sermone·

118 4133 226 4208 vocavit
236 4133 323 4197 illam,
340 4134 776 4205 quacontemplationelaborum
786 4135 916 4203 detonet
957 4139 1025 4193 urbe
1039 4140 1124 4193 etiem
1140 4139 1294 4209 Epistolarn
1310 4139 1380 4192 hanc
1393 4138 1538 4208 scripsisse
1553 4139 1630 4194 visus
1655 4162 1658 4186 ι

117 4222 227 4291 lustum
239 4221 364 4292 judicem
373 4221 580 4287 nominavit,ad
599 4223 840 4278 confirmationem
852 4225 916 4278 illo·
957 4226 1153 4293 voluminibus,
1169 4227 1293 4297 antiquis
1301 4227 1474 4297 temporibus
1489 4226 1658 4281 habebanto

118 4326 183 4364 rum
198 4327 259 4382 qure
272 4310 313 4365 illl
327 4312 447 4366 aderunt
460 4328 510 4382 pro
525 4310 628 4378 labore,
647 4317 674 4366 et
685 4312 835 4367 ostendens
849 4330 915 4386 quo
956 4317 1084 4370 tudinem
1093 4316 1200 4369 divinas
1210 4315 1330 4369 scribere
1342 4315 1511 4387 Scripturas,
1528 4316 1612 4370 sicuti
1622 4322 1654 4371 et

119 4399 195 4454 niam
209 4416 265 4455 non
280 4400 370 4455 solum
380 4399 440 4472 ipse
455 4400 727 4472 luctamhujusmodi
736 4407 912 4473 assequatur,
923 4370 1121 4476 Dadpraesens
1135 4405 1149 4458 J
1154 4404 1224 4458 udeei
1234 4405 1323 4457 multa
1338 4404 1367 4457 in
1382 4404 1571 4458 voluminibus
1585 4405 1658 4477 scrip

117 4487 166 4543 sed
181 4495 210 4544 et
223 4490 378 4562 omnesqui
391 4490 496 4561 adejus
505 4489 720 4544 sollicitudinem
727 4490 854 4546 laborare
864 4510 914 4564 pro
956 4493 1022 4547 bere
1031 4494 1174 4559 videntum
1186 4492 1271 4546 libros
1282 4497 1376 4546 autern
1391 4493 1624 4548 dixitsecunduru
1634 4508 1658 4548 c«

117 4576 266 4649 Evangelio
280 4579 429 4645 soluerint,
445 4580 520 4634 unde
534 4585 563 4634 et
581 4579 648 4634 dicit
672 4599 707 4634 z«
732 4581 795 4635 Non
822 4582 915 4635 solum
957 4599 1020 4637 nom
1036 4599 1129 4648 usum,
1150 4599 1183 4636 eo
1198 4582 1272 4652 quod
1287 4582 1316 4635 in
1326 4581 1382 4635 alia
1396 4581 1488 4652 specie
1499 4587 1581 4635 erant
1590 4582 1656 4636 libri

118 4670 243 4721 «autem
257 4669 335 4735 mihi,
357 4668 406 4723 sed
421 4668 592 4723 etomnibus
605 4670 652 4741 qui
667 4668 789 4740 diligunt
808 4671 913 4725 adven·
955 4689 1020 4726 rero
1034 4672 1150 4742 dignuin
1166 4676 1209 4724 est
1223 4671 1257 4724 de
1272 4671 1334 4735 illis,
1352 4671 1399 4741 qui
1415 4671 1465 4724 hoc
1487 4670 1515 4723 in
1540 4671 1601 4724 loco
1624 4687 1658 4743 pc

117 4759 208 4807 «turn
229 4756 299 4825 ejus.
316 4773 329 4809 r
345 4758 442 4828 (Casa)
472 4758 626 4830 participes
650 4774 701 4813 nos
726 4776 834 4814 coronae
856 4777 913 4816 suae
955 4761 1121 4832 Apostolum
1131 4778 1187 4816 non
1195 4760 1392 4814 indumentum
1402 4758 1658 4829 significasseexist

117 4841 231 4896 indiam
243 4842 341 4912 iudicii
350 4842 610 4915 iorepronuntians,
623 4848 646 4901 si
655 4848 803 4919 diligentes
809 4849 914 4903 adren-
956 4855 1031 4910 runt,
1048 4850 1097 4905 sed
1110 4849 1230 4921 speciem
1242 4848 1393 4920 quamdam
1404 4849 1467 4902 libri
1480 4868 1485 4913 ;
1497 4849 1545 4922 qui
1560 4848 1658 4904 nonin

119 4933 180 4984 tum
193 4930 307 4997 Christi,
321 4932 463 4986 nonillum
475 4940 586 4990 tantum
598 4935 645 5007 qui
656 4936 742 4990 etiarn
755 4938 914 4992 nolentibus
955 4948 1022 4993 runt
1037 4940 1085 4993 illa
1097 4957 1158 5010 qnae
1174 4938 1383 5009 subsequuntur
1399 4959 1405 4992 ;
1422 4939 1597 5008 superfluum
1608 4938 1658 4992 eni

119 5019 273 5091 apparebit,
286 5019 334 5074 sed
347 5018 432 5073 etiarn
443 5022 526 5089 hunc,
541 5024 588 5095 qui
599 5025 723 5095 quotidie
732 5027 765 5080 iit
772 5024 801 5079 in
811 5027 915 5081 sanctis
956 5028 1058 5094 dicere,
1075 5035 1103 5083 et
1119 5028 1212 5090 libros,
1225 5029 1248 5081 si
1261 5032 1356 5080 tamen
1367 5033 1395 5080 et
1406 5028 1474 5081 illud
1486 5026 1549 5079 libri
1564 5027 1658 5098 speeie

119 5107 276 5176 animabus,
292 5108 436 5163 rictoriam
451 5113 620 5175 certaminis,
641 5114 824 5184 castigatione
852 5131 915 5169 eor·
956 5118 1029 5187 quod
1043 5123 1153 5189 poterat
1167 5117 1252 5171 etiam
1268 5133 1331 5169 curn
1345 5116 1453 5170 ceteris
1468 5116 1629 5186 significari.

117 5197 193 5264 poris
207 5196 393 5268 acquiramus.
408 5198 510 5269 Deque
521 5201 642 5255 adventu
649 5200 819 5256 Dominusin
826 5202 914 5257 Evan—
993 5207 1176 5260 «Alexander
1191 5206 1306 5261 erarius
1324 5206 1414 5258 multa
1429 5205 1503 5258 nrala
1528 5204 1599 5258 mihi
1620 5218 1658 5260 os*

122 5282 207 5350 qelio:
226 5304 236 5335 ι
249 5286 424 5356 Egminquit,
432 5292 460 5340 et
473 5286 557 5341 Pater
568 5306 648 5343 meus
658 5291 800 5344 veniemus
807 5291 841 5344 ad
849 5308 914 5344 eum
957 5312 970 5346 «r
986 5294 1095 5348 Reddet
1113 5295 1153 5348 illi
1169 5295 1307 5349 Dominus
1322 5295 1476 5348 secundum
1488 5295 1655 5364 operaejus.

120 5391 131 5421 «
148 5376 177 5425 et
189 5374 363 5428 mansionem
378 5376 452 5447 apud
467 5392 532 5430 eurn
547 5376 679 5432 faciemus
691 5383 783 5450 (roan.
800 5384 856 5449 xrv)
869 5398 875 5446 3
898 5400 911 5434 s
957 5401 972 5433 u
987 5390 1015 5436 et
1027 5390 1057 5436 tu
1070 5384 1177 5450 devitu
1192 5385 1272 5437 valde
1287 5383 1361 5437 enim
1378 5383 1482 5437 restitit
1497 5382 1590 5436 verbis
1606 5399 1658 5439 nos

117 5464 146 5514 et
157 5458 261 5513 iterum
277 5478 282 5514 :
302 5482 313 5513 «
333 5464 401 5518 Ecce
414 5480 466 5535 ego
482 5470 525 5519 sto
544 5466 579 5519 ad
605 5468 708 5522 ostium
723 5473 752 5522 et
766 5468 846 5540 pulso
862 5487 869 5533 ;
890 5469 914 5522 si
956 5472 1014 5525 Hoc
1030 5473 1123 5542 posuit
1131 5473 1167 5526 ad
1177 5473 1332 5527 custodiam
1348 5478 1376 5525 et
1386 5473 1523 5527 cautelam
1532 5470 1658 5527 'limotin

118 5564 132 5603 ι
148 5547 211 5620 quis
224 5548 345 5604 audierit
360 5568 457 5609 vocem
469 5563 572 5622 meam,
589 5562 618 5611 et
631 5558 775 5627 aperuerit
783 5558 911 5628 januam,
955 5561 990 5615 ad
1000 5562 1206 5617 accusationem
1214 5561 1378 5628 Alexandri3
1388 5561 1540 5619 nihilenim
1547 5561 1658 5633 pertine
