<?xml version="1.0" encoding="UTF-8"?>
<!DOCTYPE html PUBLIC "-//W3C//DTD XHTML 1.0 Transitional//EN"
    "http://www.w3.org/TR/xhtml1/DTD/xhtml1-transitional.dtd">
<html xmlns="http://www.w3.org/1999/xhtml" xml:lang="en" lang="en">
 <head>
  <title>
</title>
<meta http-equiv="Content-Type" content="text/html;charset=utf-8" />
  <meta name='ocr-system' content='tesseract 3.04.00' />
  <meta name='ocr-capabilities' content='ocr_page ocr_carea ocr_par ocr_line ocrx_word'/>
</head>
<body>
  <div class='ocr_page' id='page_1' title='image "./patrologiaecurs22goog_0283.png"; bbox 0 0 3772 6120; ppageno 0'>
   <div class='ocr_carea' id='block_1_1' title="bbox 116 302 1752 371">
    <p class='ocr_par' dir='ltr' id='par_1_1' title="bbox 116 302 1752 371">
     <span class='ocr_line' id='line_1_1' title="bbox 116 302 1752 371; baseline 0 -10"><span class='ocrx_word' id='word_1_1' title='bbox 116 303 163 360; x_wconf 75' lang='lat'><strong>553</strong></span> <span class='ocrx_word' id='word_1_2' title='bbox 310 302 662 361; x_wconf 65' lang='lat' dir='ltr'><strong>annumerandum</strong></span> <span class='ocrx_word' id='word_1_3' title='bbox 681 302 757 358; x_wconf 76' lang='lat' dir='ltr'>EPP.</span> <span class='ocrx_word' id='word_1_4' title='bbox 779 303 886 359; x_wconf 80' lang='lat' dir='ltr'>PAULI</span> <span class='ocrx_word' id='word_1_5' title='bbox 904 303 973 359; x_wconf 85' lang='lat' dir='ltr'><strong>LIB.</strong></span> <span class='ocrx_word' id='word_1_6' title='bbox 994 304 1067 359; x_wconf 84' lang='lat' dir='ltr'><strong>xxl.</strong></span> <span class='ocrx_word' id='word_1_7' title='bbox 1084 332 1117 345; x_wconf 88' lang='lat'><strong>-·</strong></span> <span class='ocrx_word' id='word_1_8' title='bbox 1137 303 1176 359; x_wconf 79' lang='lat' dir='ltr'><strong>lu</strong></span> <span class='ocrx_word' id='word_1_9' title='bbox 1195 304 1307 361; x_wconf 81' lang='lat' dir='ltr'>EPIST.</span> <span class='ocrx_word' id='word_1_10' title='bbox 1329 308 1350 362; x_wconf 94' lang='lat' dir='ltr'><strong>l.</strong></span> <span class='ocrx_word' id='word_1_11' title='bbox 1366 306 1415 362; x_wconf 78' lang='lat' dir='ltr'><strong>Ab</strong></span> <span class='ocrx_word' id='word_1_12' title='bbox 1431 306 1556 364; x_wconf 67' lang='lat' dir='ltr'>THESS.</span> <span class='ocrx_word' id='word_1_13' title='bbox 1701 316 1752 371; x_wconf 68' lang='lat'><strong>554</strong></span> 
     </span>
    </p>
   </div>
   <div class='ocr_carea' id='block_1_2' title="bbox 115 426 1758 1485">
    <p class='ocr_par' dir='ltr' id='par_1_2' title="bbox 115 426 1758 1485">
     <span class='ocr_line' id='line_1_2' title="bbox 115 426 1754 508; baseline 0.007 -25"><span class='ocrx_word' id='word_1_14' title='bbox 115 444 162 502; x_wconf 90' lang='lat' dir='ltr'><strong>qne</strong></span> <span class='ocrx_word' id='word_1_15' title='bbox 178 429 271 484; x_wconf 84' lang='lat' dir='ltr'><strong>ullum</strong></span> <span class='ocrx_word' id='word_1_16' title='bbox 282 446 355 502; x_wconf 89' lang='lat' dir='ltr'><strong>opus</strong></span> <span class='ocrx_word' id='word_1_17' title='bbox 369 431 460 485; x_wconf 82' lang='lat' dir='ltr'><strong>iacere</strong></span> <span class='ocrx_word' id='word_1_18' title='bbox 472 426 602 484; x_wconf 81' lang='lat' dir='ltr'><strong>volebant</strong></span> <span class='ocrx_word' id='word_1_19' title='bbox 611 432 639 483; x_wconf 91' lang='lat' dir='ltr'><strong>et</strong></span> <span class='ocrx_word' id='word_1_20' title='bbox 648 429 790 483; x_wconf 75' lang='lat' dir='ltr'><strong>otiositate</strong></span> <span class='ocrx_word' id='word_1_21' title='bbox 804 429 865 501; x_wconf 89' lang='lat' dir='ltr'><strong>ipsa</strong></span> <span class='ocrx_word' id='word_1_22' title='bbox 879 428 1181 501; x_wconf 79' lang='lat' dir='ltr'><strong>adAtiamquoque,ct</strong></span> <span class='ocrx_word' id='word_1_23' title='bbox 1191 435 1344 500; x_wconf 81' lang='lat' dir='ltr'><strong>operemini</strong></span> <span class='ocrx_word' id='word_1_24' title='bbox 1354 436 1483 487; x_wconf 75' lang='lat' dir='ltr'><strong>inanibus</strong></span> <span class='ocrx_word' id='word_1_25' title='bbox 1497 436 1603 501; x_wconf 78' lang='lat' dir='ltr'><strong>cestris,</strong></span> <span class='ocrx_word' id='word_1_26' title='bbox 1609 439 1681 491; x_wconf 84' lang='lat' dir='ltr'><strong>sicut</strong></span> <span class='ocrx_word' id='word_1_27' title='bbox 1684 454 1754 508; x_wconf 81' lang='lat' dir='ltr'><strong>pra·-</strong></span> 
     </span>
     <span class='ocr_line' id='line_1_3' title="bbox 116 517 1753 589; baseline 0.006 -16"><span class='ocrx_word' id='word_1_28' title='bbox 116 517 157 573; x_wconf 81' lang='lat' dir='ltr'><strong>illa</strong></span> <span class='ocrx_word' id='word_1_29' title='bbox 170 534 234 588; x_wconf 82' lang='lat' dir='ltr'><strong>quae</strong></span> <span class='ocrx_word' id='word_1_30' title='bbox 257 535 317 573; x_wconf 91' lang='lat' dir='ltr'><strong>non</strong></span> <span class='ocrx_word' id='word_1_31' title='bbox 338 518 541 574; x_wconf 79' lang='lat' dir='ltr'>conveniebant</span> <span class='ocrx_word' id='word_1_32' title='bbox 562 534 623 571; x_wconf 86' lang='lat' dir='ltr'><strong>sese</strong></span> <span class='ocrx_word' id='word_1_33' title='bbox 640 535 768 572; x_wconf 85' lang='lat' dir='ltr'><strong>exercere</strong></span> <span class='ocrx_word' id='word_1_34' title='bbox 783 534 914 589; x_wconf 89' lang='lat' dir='ltr'><strong>propera-</strong></span> <span class='ocrx_word' id='word_1_35' title='bbox 954 520 1318 587; x_wconf 56' lang='lat' dir='ltr'><strong>mneusvobiriluartam.</strong></span> <span class='ocrx_word' id='word_1_36' title='bbox 1329 527 1354 576; x_wconf 85' lang='lat' dir='ltr'><strong>et</strong></span> <span class='ocrx_word' id='word_1_37' title='bbox 1365 523 1753 583; x_wconf 76' lang='lat' dir='ltr'><strong>utbonrstcambulctieudcos</strong></span> 
     </span>
     <span class='ocr_line' id='line_1_4' title="bbox 116 605 1754 680; baseline 0.005 -18"><span class='ocrx_word' id='word_1_38' title='bbox 116 606 184 662; x_wconf 73' lang='lat' dir='ltr'><strong>bant.</strong></span> <span class='ocrx_word' id='word_1_39' title='bbox 201 606 284 661; x_wconf 82' lang='lat' dir='ltr'><strong>Sient</strong></span> <span class='ocrx_word' id='word_1_40' title='bbox 306 608 384 662; x_wconf 88' lang='lat' dir='ltr'><strong>enim</strong></span> <span class='ocrx_word' id='word_1_41' title='bbox 402 607 550 661; x_wconf 79' lang='lat' dir='ltr'><strong>laudamus</strong></span> <span class='ocrx_word' id='word_1_42' title='bbox 569 606 631 661; x_wconf 89' lang='lat' dir='ltr'><strong>illos</strong></span> <span class='ocrx_word' id='word_1_43' title='bbox 656 606 704 677; x_wconf 90' lang='lat' dir='ltr'><strong>qui</strong></span> <span class='ocrx_word' id='word_1_44' title='bbox 724 605 913 676; x_wconf 82' lang='lat' dir='ltr'><strong>indigentibus</strong></span> <span class='ocrx_word' id='word_1_45' title='bbox 954 608 1084 675; x_wconf 70' lang='lat' dir='ltr'><strong>quiteria</strong></span> <span class='ocrx_word' id='word_1_46' title='bbox 1098 613 1174 661; x_wconf 81' lang='lat' dir='ltr'><strong>sunt.</strong></span> <span class='ocrx_word' id='word_1_47' title='bbox 1186 608 1369 675; x_wconf 84' lang='lat' dir='ltr'><strong>Quintam,at</strong></span> <span class='ocrx_word' id='word_1_48' title='bbox 1380 614 1610 680; x_wconf 76' lang='lat' dir='ltr'><strong>nulliusoliquid</strong></span> <span class='ocrx_word' id='word_1_49' title='bbox 1623 614 1754 671; x_wconf 79' lang='lat' dir='ltr'><strong>desidere-</strong></span> 
     </span>
     <span class='ocr_line' id='line_1_5' title="bbox 117 694 1753 777; baseline 0.006 -28"><span class='ocrx_word' id='word_1_50' title='bbox 117 694 276 749; x_wconf 86' lang='lat' dir='ltr'><strong>ministrant</strong></span> <span class='ocrx_word' id='word_1_51' title='bbox 294 701 325 750; x_wconf 90' lang='lat' dir='ltr'><strong>et</strong></span> <span class='ocrx_word' id='word_1_52' title='bbox 341 697 398 750; x_wconf 85' lang='lat' dir='ltr'><strong>tale</strong></span> <span class='ocrx_word' id='word_1_53' title='bbox 416 694 591 767; x_wconf 89' lang='lat' dir='ltr'><strong>propositum</strong></span> <span class='ocrx_word' id='word_1_54' title='bbox 610 710 678 765; x_wconf 78' lang='lat' dir='ltr'><strong>erga</strong></span> <span class='ocrx_word' id='word_1_55' title='bbox 702 695 798 749; x_wconf 84' lang='lat' dir='ltr'><strong>fideles</strong></span> <span class='ocrx_word' id='word_1_56' title='bbox 812 694 913 750; x_wconf 75' lang='lat' dir='ltr'><strong>tratres</strong></span> <span class='ocrx_word' id='word_1_57' title='bbox 955 697 999 749; x_wconf 81' lang='lat' dir='ltr'><strong>tis.</strong></span> <span class='ocrx_word' id='word_1_58' title='bbox 1021 695 1089 750; x_wconf 86' lang='lat' dir='ltr'><strong>Ecce</strong></span> <span class='ocrx_word' id='word_1_59' title='bbox 1108 695 1157 750; x_wconf 88' lang='lat' dir='ltr'><strong>illa</strong></span> <span class='ocrx_word' id='word_1_60' title='bbox 1177 698 1318 753; x_wconf 89' lang='lat' dir='ltr'><strong>cunctatio</strong></span> <span class='ocrx_word' id='word_1_61' title='bbox 1335 715 1420 770; x_wconf 90' lang='lat' dir='ltr'><strong>quam</strong></span> <span class='ocrx_word' id='word_1_62' title='bbox 1434 699 1522 754; x_wconf 74' lang='lat' dir='ltr'><strong>tanus</strong></span> <span class='ocrx_word' id='word_1_63' title='bbox 1542 699 1668 771; x_wconf 85' lang='lat' dir='ltr'><strong>pmierre</strong></span> <span class='ocrx_word' id='word_1_64' title='bbox 1681 720 1753 777; x_wconf 78' lang='lat' dir='ltr'><strong>prse-</strong></span> 
     </span>
     <span class='ocr_line' id='line_1_6' title="bbox 118 783 1752 861; baseline 0.006 -22"><span class='ocrx_word' id='word_1_65' title='bbox 118 799 173 839; x_wconf 81' lang='lat' dir='ltr'><strong>sros</strong></span> <span class='ocrx_word' id='word_1_66' title='bbox 186 785 355 849; x_wconf 81' lang='lat' dir='ltr'><strong>ostendunt,</strong></span> <span class='ocrx_word' id='word_1_67' title='bbox 369 785 409 839; x_wconf 89' lang='lat' dir='ltr'><strong>sic</strong></span> <span class='ocrx_word' id='word_1_68' title='bbox 423 790 452 838; x_wconf 90' lang='lat' dir='ltr'><strong>et</strong></span> <span class='ocrx_word' id='word_1_69' title='bbox 472 788 587 838; x_wconf 80' lang='lat' dir='ltr'><strong>ceteros</strong></span> <span class='ocrx_word' id='word_1_70' title='bbox 610 783 738 837; x_wconf 91' lang='lat' dir='ltr'><strong>volumus</strong></span> <span class='ocrx_word' id='word_1_71' title='bbox 752 783 864 854; x_wconf 87' lang='lat' dir='ltr'><strong>assequi</strong></span> <span class='ocrx_word' id='word_1_72' title='bbox 874 784 914 837; x_wconf 94' lang='lat' dir='ltr'><strong>in·</strong></span> <span class='ocrx_word' id='word_1_73' title='bbox 954 783 1048 837; x_wconf 87' lang='lat' dir='ltr'><strong>missis</strong></span> <span class='ocrx_word' id='word_1_74' title='bbox 1066 784 1222 852; x_wconf 76' lang='lat' dir='ltr'><strong>differebat,</strong></span> <span class='ocrx_word' id='word_1_75' title='bbox 1234 786 1302 858; x_wconf 88' lang='lat' dir='ltr'><strong>quid</strong></span> <span class='ocrx_word' id='word_1_76' title='bbox 1323 788 1352 841; x_wconf 94' lang='lat' dir='ltr'><strong>in</strong></span> <span class='ocrx_word' id='word_1_77' title='bbox 1373 788 1435 858; x_wconf 80' lang='lat' dir='ltr'><strong>eJ‘us</strong></span> <span class='ocrx_word' id='word_1_78' title='bbox 1458 794 1570 858; x_wconf 76' lang='lat' dir='ltr'>pectore</span> <span class='ocrx_word' id='word_1_79' title='bbox 1589 792 1752 861; x_wconf 75' lang='lat' dir='ltr'><strong>parturiret,</strong></span> 
     </span>
     <span class='ocr_line' id='line_1_7' title="bbox 117 872 1753 950; baseline 0.007 -23"><span class='ocrx_word' id='word_1_80' title='bbox 117 877 289 928; x_wconf 80' lang='lat' dir='ltr'><strong>trementum</strong></span> <span class='ocrx_word' id='word_1_81' title='bbox 313 879 346 927; x_wconf 93' lang='lat' dir='ltr'><strong>ut</strong></span> <span class='ocrx_word' id='word_1_82' title='bbox 370 873 458 944; x_wconf 87' lang='lat' dir='ltr'><strong>quieti</strong></span> <span class='ocrx_word' id='word_1_83' title='bbox 477 873 544 937; x_wconf 89' lang='lat' dir='ltr'><strong>sint,</strong></span> <span class='ocrx_word' id='word_1_84' title='bbox 566 877 595 926; x_wconf 91' lang='lat' dir='ltr'><strong>et</strong></span> <span class='ocrx_word' id='word_1_85' title='bbox 617 872 667 925; x_wconf 89' lang='lat' dir='ltr'><strong>illa</strong></span> <span class='ocrx_word' id='word_1_86' title='bbox 689 888 751 942; x_wconf 78' lang='lat' dir='ltr'><strong>quae</strong></span> <span class='ocrx_word' id='word_1_87' title='bbox 774 889 826 926; x_wconf 88' lang='lat' dir='ltr'><strong>sua</strong></span> <span class='ocrx_word' id='word_1_88' title='bbox 849 877 916 927; x_wconf 91' lang='lat' dir='ltr'><strong>sunt</strong></span> <span class='ocrx_word' id='word_1_89' title='bbox 955 872 1187 942; x_wconf 79' lang='lat' dir='ltr'><strong>agnoscitur,ret</strong></span> <span class='ocrx_word' id='word_1_90' title='bbox 1197 891 1313 945; x_wconf 89' lang='lat' dir='ltr'><strong>operam</strong></span> <span class='ocrx_word' id='word_1_91' title='bbox 1321 874 1403 941; x_wconf 86' lang='lat' dir='ltr'><strong>detis,</strong></span> <span class='ocrx_word' id='word_1_92' title='bbox 1411 882 1444 930; x_wconf 93' lang='lat' dir='ltr'><strong>ut</strong></span> <span class='ocrx_word' id='word_1_93' title='bbox 1458 877 1547 948; x_wconf 87' lang='lat' dir='ltr'><strong>quieti</strong></span> <span class='ocrx_word' id='word_1_94' title='bbox 1561 877 1649 946; x_wconf 68' lang='lat' dir='ltr'><strong>sitia»</strong></span> <span class='ocrx_word' id='word_1_95' title='bbox 1662 881 1690 936; x_wconf 92' lang='lat' dir='ltr'><strong>id</strong></span> <span class='ocrx_word' id='word_1_96' title='bbox 1700 889 1753 950; x_wconf 90' lang='lat' dir='ltr'><strong>est,</strong></span> 
     </span>
     <span class='ocr_line' id='line_1_8' title="bbox 117 959 1754 1034; baseline 0.005 -18"><span class='ocrx_word' id='word_1_97' title='bbox 117 967 205 1033; x_wconf 73' lang='lat' dir='ltr'><strong>agunt,</strong></span> <span class='ocrx_word' id='word_1_98' title='bbox 235 968 389 1034; x_wconf 77' lang='lat' dir='ltr'><strong>operantes</strong></span> <span class='ocrx_word' id='word_1_99' title='bbox 411 961 540 1017; x_wconf 84' lang='lat' dir='ltr'><strong>manibus</strong></span> <span class='ocrx_word' id='word_1_100' title='bbox 563 960 631 1025; x_wconf 88' lang='lat' dir='ltr'><strong>suis,</strong></span> <span class='ocrx_word' id='word_1_101' title='bbox 654 960 808 1031; x_wconf 90' lang='lat' dir='ltr'><strong>exquibus</strong></span> <span class='ocrx_word' id='word_1_102' title='bbox 830 961 916 1033; x_wconf 89' lang='lat' dir='ltr'><strong>possi·</strong></span> <span class='ocrx_word' id='word_1_103' title='bbox 955 959 1093 1015; x_wconf 80' lang='lat' dir='ltr'><strong>inrestris</strong></span> <span class='ocrx_word' id='word_1_104' title='bbox 1103 962 1210 1016; x_wconf 90' lang='lat' dir='ltr'><strong>cellulis</strong></span> <span class='ocrx_word' id='word_1_105' title='bbox 1221 969 1436 1030; x_wconf 89' lang='lat' dir='ltr'><strong>commorantes,</strong></span> <span class='ocrx_word' id='word_1_106' title='bbox 1445 981 1496 1019; x_wconf 89' lang='lat' dir='ltr'><strong>nec</strong></span> <span class='ocrx_word' id='word_1_107' title='bbox 1505 964 1621 1022; x_wconf 87' lang='lat' dir='ltr'><strong>diversis</strong></span> <span class='ocrx_word' id='word_1_108' title='bbox 1632 970 1754 1025; x_wconf 86' lang='lat' dir='ltr'><strong>rumori-</strong></span> 
     </span>
     <span class='ocr_line' id='line_1_9' title="bbox 118 1047 1755 1126; baseline 0.007 -22"><span class='ocrx_word' id='word_1_109' title='bbox 118 1048 214 1104; x_wconf 64' lang='lat' dir='ltr'><strong>bilant</strong></span> <span class='ocrx_word' id='word_1_110' title='bbox 230 1067 282 1105; x_wconf 85' lang='lat' dir='ltr'><strong>eos</strong></span> <span class='ocrx_word' id='word_1_111' title='bbox 299 1067 357 1106; x_wconf 93' lang='lat' dir='ltr'><strong>non</strong></span> <span class='ocrx_word' id='word_1_112' title='bbox 381 1051 507 1120; x_wconf 84' lang='lat' dir='ltr'><strong>indigere</strong></span> <span class='ocrx_word' id='word_1_113' title='bbox 523 1049 640 1104; x_wconf 88' lang='lat' dir='ltr'><strong>alterius</strong></span> <span class='ocrx_word' id='word_1_114' title='bbox 657 1049 766 1115; x_wconf 91' lang='lat' dir='ltr'><strong>solatio,</strong></span> <span class='ocrx_word' id='word_1_115' title='bbox 793 1054 822 1104; x_wconf 89' lang='lat' dir='ltr'><strong>et</strong></span> <span class='ocrx_word' id='word_1_116' title='bbox 840 1051 916 1123; x_wconf 91' lang='lat' dir='ltr'><strong>apud</strong></span> <span class='ocrx_word' id='word_1_117' title='bbox 956 1047 1018 1115; x_wconf 89' lang='lat' dir='ltr'><strong>bus,</strong></span> <span class='ocrx_word' id='word_1_118' title='bbox 1030 1050 1078 1120; x_wconf 91' lang='lat' dir='ltr'><strong>qui</strong></span> <span class='ocrx_word' id='word_1_119' title='bbox 1086 1051 1177 1105; x_wconf 90' lang='lat' dir='ltr'><strong>solent</strong></span> <span class='ocrx_word' id='word_1_120' title='bbox 1186 1051 1340 1107; x_wconf 90' lang='lat' dir='ltr'><strong>otiosorum</strong></span> <span class='ocrx_word' id='word_1_121' title='bbox 1354 1052 1429 1107; x_wconf 85' lang='lat' dir='ltr'><strong>vitiis</strong></span> <span class='ocrx_word' id='word_1_122' title='bbox 1443 1053 1594 1126; x_wconf 60' lang='lat' dir='ltr'><strong>[dimotis]</strong></span> <span class='ocrx_word' id='word_1_123' title='bbox 1601 1057 1643 1111; x_wconf 89' lang='lat' dir='ltr'><strong>vel</strong></span> <span class='ocrx_word' id='word_1_124' title='bbox 1653 1057 1755 1115; x_wconf 80' lang='lat' dir='ltr'><strong>tabulis</strong></span> 
     </span>
     <span class='ocr_line' id='line_1_10' title="bbox 119 1138 1756 1214; baseline 0.005 -21"><span class='ocrx_word' id='word_1_125' title='bbox 119 1144 222 1193; x_wconf 78' lang='lat' dir='ltr'><strong>exteros</strong></span> <span class='ocrx_word' id='word_1_126' title='bbox 231 1138 352 1194; x_wconf 89' lang='lat' dir='ltr'><strong>minime</strong></span> <span class='ocrx_word' id='word_1_127' title='bbox 361 1139 493 1194; x_wconf 80' lang='lat' dir='ltr'><strong>contundi</strong></span> <span class='ocrx_word' id='word_1_128' title='bbox 503 1155 554 1210; x_wconf 91' lang='lat' dir='ltr'><strong>pro</strong></span> <span class='ocrx_word' id='word_1_129' title='bbox 565 1155 648 1209; x_wconf 89' lang='lat' dir='ltr'><strong>opere</strong></span> <span class='ocrx_word' id='word_1_130' title='bbox 658 1138 916 1205; x_wconf 77' lang='lat' dir='ltr'><strong>indecente30thoc</strong></span> <span class='ocrx_word' id='word_1_131' title='bbox 955 1138 1756 1214; x_wconf 79' lang='lat' dir='ltr'><strong>generariinquietiettecti,aliisquoquainquietudinesin·</strong></span> 
     </span>
     <span class='ocr_line' id='line_1_11' title="bbox 119 1225 1755 1301; baseline 0.006 -20"><span class='ocrx_word' id='word_1_132' title='bbox 119 1226 212 1282; x_wconf 89' lang='lat' dir='ltr'><strong>inlcco</strong></span> <span class='ocrx_word' id='word_1_133' title='bbox 226 1227 362 1282; x_wconf 88' lang='lat' dir='ltr'><strong>similiter</strong></span> <span class='ocrx_word' id='word_1_134' title='bbox 376 1228 486 1298; x_wconf 86' lang='lat' dir='ltr'><strong>adjicit:</strong></span> <span class='ocrx_word' id='word_1_135' title='bbox 500 1226 578 1282; x_wconf 86' lang='lat' dir='ltr'><strong>Sicut</strong></span> <span class='ocrx_word' id='word_1_136' title='bbox 584 1229 761 1296; x_wconf 68' lang='lat' dir='ltr'><strong>precipimus</strong></span> <span class='ocrx_word' id='word_1_137' title='bbox 774 1229 914 1293; x_wconf 69' lang='lat' dir='ltr'><strong>cabinetc.</strong></span> <span class='ocrx_word' id='word_1_138' title='bbox 957 1225 1063 1292; x_wconf 81' lang='lat' dir='ltr'><strong>ieratis,</strong></span> <span class='ocrx_word' id='word_1_139' title='bbox 1073 1247 1084 1278; x_wconf 83' lang='grc' dir='ltr'>ι</span> <span class='ocrx_word' id='word_1_140' title='bbox 1094 1232 1123 1281; x_wconf 82' lang='lat' dir='ltr'><strong>et</strong></span> <span class='ocrx_word' id='word_1_141' title='bbox 1136 1231 1169 1281; x_wconf 95' lang='lat' dir='ltr'><strong>ut</strong></span> <span class='ocrx_word' id='word_1_142' title='bbox 1181 1232 1274 1282; x_wconf 81' lang='lat' dir='ltr'><strong>vestra</strong></span> <span class='ocrx_word' id='word_1_143' title='bbox 1288 1229 1402 1298; x_wconf 79' lang='lat' dir='ltr'><strong>negotia</strong></span> <span class='ocrx_word' id='word_1_144' title='bbox 1416 1231 1516 1301; x_wconf 81' lang='lat' dir='ltr'><strong>agatis,</strong></span> <span class='ocrx_word' id='word_1_145' title='bbox 1526 1247 1582 1287; x_wconf 91' lang='lat' dir='ltr'><strong>non</strong></span> <span class='ocrx_word' id='word_1_146' title='bbox 1593 1234 1755 1291; x_wconf 77' lang='lat' dir='ltr'><strong>curiositate</strong></span> 
     </span>
     <span class='ocr_line' id='line_1_12' title="bbox 120 1314 1755 1389; baseline 0.005 -17"><span class='ocrx_word' id='word_1_147' title='bbox 120 1314 234 1385; x_wconf 77' lang='lat' dir='ltr'><strong>ldmbr.)</strong></span> <span class='ocrx_word' id='word_1_148' title='bbox 256 1316 418 1371; x_wconf 77' lang='lat' dir='ltr'><strong>Ostendens</strong></span> <span class='ocrx_word' id='word_1_149' title='bbox 443 1315 576 1387; x_wconf 88' lang='lat' dir='ltr'><strong>quoniam</strong></span> <span class='ocrx_word' id='word_1_150' title='bbox 595 1333 646 1370; x_wconf 91' lang='lat' dir='ltr'><strong>nec</strong></span> <span class='ocrx_word' id='word_1_151' title='bbox 670 1315 723 1369; x_wconf 89' lang='lat' dir='ltr'><strong>hoc</strong></span> <span class='ocrx_word' id='word_1_152' title='bbox 743 1332 845 1370; x_wconf 82' lang='lat' dir='ltr'><strong>novum</strong></span> <span class='ocrx_word' id='word_1_153' title='bbox 861 1315 917 1370; x_wconf 89' lang='lat' dir='ltr'><strong>illis</strong></span> <span class='ocrx_word' id='word_1_154' title='bbox 957 1319 1050 1370; x_wconf 84' lang='lat' dir='ltr'><strong>vestra</strong></span> <span class='ocrx_word' id='word_1_155' title='bbox 1063 1321 1142 1370; x_wconf 89' lang='lat' dir='ltr'><strong>actus</strong></span> <span class='ocrx_word' id='word_1_156' title='bbox 1156 1316 1254 1372; x_wconf 92' lang='lat' dir='ltr'><strong>mundi</strong></span> <span class='ocrx_word' id='word_1_157' title='bbox 1269 1317 1359 1372; x_wconf 84' lang='lat' dir='ltr'><strong>velitis</strong></span> <span class='ocrx_word' id='word_1_158' title='bbox 1369 1317 1520 1389; x_wconf 85' lang='lat' dir='ltr'><strong>inquirere,</strong></span> <span class='ocrx_word' id='word_1_159' title='bbox 1535 1337 1569 1376; x_wconf 89' lang='lat' dir='ltr'><strong>ac</strong></span> <span class='ocrx_word' id='word_1_160' title='bbox 1582 1321 1755 1380; x_wconf 88' lang='lat' dir='ltr'><strong>diversorum</strong></span> 
     </span>
     <span class='ocr_line' id='line_1_13' title="bbox 122 1404 1758 1485; baseline 0.006 -26"><span class='ocrx_word' id='word_1_161' title='bbox 122 1420 186 1459; x_wconf 88' lang='lat' dir='ltr'><strong>nnnc</strong></span> <span class='ocrx_word' id='word_1_162' title='bbox 200 1405 321 1472; x_wconf 87' lang='lat' dir='ltr'><strong>indicit;</strong></span> <span class='ocrx_word' id='word_1_163' title='bbox 333 1406 436 1459; x_wconf 76' lang='lat' dir='ltr'><strong>transit</strong></span> <span class='ocrx_word' id='word_1_164' title='bbox 449 1421 515 1459; x_wconf 79' lang='lat' dir='ltr'><strong>vero</strong></span> <span class='ocrx_word' id='word_1_165' title='bbox 528 1404 647 1458; x_wconf 89' lang='lat' dir='ltr'><strong>ulterius</strong></span> <span class='ocrx_word' id='word_1_166' title='bbox 662 1404 697 1457; x_wconf 86' lang='lat' dir='ltr'><strong>ad</strong></span> <span class='ocrx_word' id='word_1_167' title='bbox 716 1404 764 1458; x_wconf 84' lang='lat' dir='ltr'><strong>illa</strong></span> <span class='ocrx_word' id='word_1_168' title='bbox 782 1420 844 1475; x_wconf 81' lang='lat' dir='ltr'><strong>quae</strong></span> <span class='ocrx_word' id='word_1_169' title='bbox 861 1405 916 1460; x_wconf 90' lang='lat' dir='ltr'><strong>dici</strong></span> <span class='ocrx_word' id='word_1_170' title='bbox 957 1404 1363 1477; x_wconf 80' lang='lat' dir='ltr'><strong>conversationesexplorantes</strong></span> <span class='ocrx_word' id='word_1_171' title='bbox 1370 1423 1485 1478; x_wconf 89' lang='lat' dir='ltr'><strong>operam</strong></span> <span class='ocrx_word' id='word_1_172' title='bbox 1494 1414 1679 1468; x_wconf 87' lang='lat' dir='ltr'><strong>vestramnou</strong></span> <span class='ocrx_word' id='word_1_173' title='bbox 1689 1429 1758 1485; x_wconf 79' lang='lat' dir='ltr'><strong>erga</strong></span> 
     </span>
    </p>
   </div>
   <div class='ocr_carea' id='block_1_3' title="bbox 123 1492 1830 1566">
    <p class='ocr_par' dir='ltr' id='par_1_3' title="bbox 123 1492 1830 1566">
     <span class='ocr_line' id='line_1_14' title="bbox 123 1492 1830 1566; baseline 0.005 -18"><span class='ocrx_word' id='word_1_174' title='bbox 123 1492 331 1559; x_wconf 85' lang='lat' dir='ltr'><strong>conreniebant,</strong></span> <span class='ocrx_word' id='word_1_175' title='bbox 344 1495 474 1558; x_wconf 79' lang='lat' dir='ltr'><strong>suadens,</strong></span> <span class='ocrx_word' id='word_1_176' title='bbox 490 1499 593 1547; x_wconf 90' lang='lat' dir='ltr'><strong>utnon</strong></span> <span class='ocrx_word' id='word_1_177' title='bbox 615 1493 762 1547; x_wconf 88' lang='lat' dir='ltr'><strong>inhoneste</strong></span> <span class='ocrx_word' id='word_1_178' title='bbox 778 1494 869 1547; x_wconf 86' lang='lat' dir='ltr'><strong>terant</strong></span> <span class='ocrx_word' id='word_1_179' title='bbox 882 1493 916 1548; x_wconf 90' lang='lat' dir='ltr'><strong>de</strong></span> <span class='ocrx_word' id='word_1_180' title='bbox 957 1493 1158 1549; x_wconf 83' lang='lat' dir='ltr'><strong>correctionem</strong></span> <span class='ocrx_word' id='word_1_181' title='bbox 1168 1499 1289 1548; x_wconf 85' lang='lat' dir='ltr'><strong>vestram</strong></span> <span class='ocrx_word' id='word_1_182' title='bbox 1299 1495 1347 1550; x_wconf 89' lang='lat' dir='ltr'><strong>sed</strong></span> <span class='ocrx_word' id='word_1_183' title='bbox 1357 1496 1492 1551; x_wconf 89' lang='lat' dir='ltr'><strong>virtutum</strong></span> <span class='ocrx_word' id='word_1_184' title='bbox 1500 1498 1655 1566; x_wconf 89' lang='lat' dir='ltr'><strong>studia,sed</strong></span> <span class='ocrx_word' id='word_1_185' title='bbox 1665 1501 1701 1556; x_wconf 88' lang='lat' dir='ltr'><strong>ad</strong></span> <span class='ocrx_word' id='word_1_186' title='bbox 1711 1500 1758 1557; x_wconf 89' lang='lat' dir='ltr'><strong>de·</strong></span> <span class='ocrx_word' id='word_1_187' title='bbox 1825 1528 1830 1535; x_wconf 92' lang='lat'><em>·</em></span> 
     </span>
    </p>
   </div>
   <div class='ocr_carea' id='block_1_4' title="bbox 85 1581 1762 5648">
    <p class='ocr_par' dir='ltr' id='par_1_4' title="bbox 85 1581 1762 5648">
     <span class='ocr_line' id='line_1_15' title="bbox 124 1581 1761 1657; baseline 0.004 -20"><span class='ocrx_word' id='word_1_188' title='bbox 124 1581 156 1637; x_wconf 85' lang='lat' dir='ltr'><strong>his</strong></span> <span class='ocrx_word' id='word_1_189' title='bbox 174 1582 227 1652; x_wconf 91' lang='lat' dir='ltr'><strong>qui</strong></span> <span class='ocrx_word' id='word_1_190' title='bbox 246 1581 285 1636; x_wconf 89' lang='lat' dir='ltr'><strong>ab</strong></span> <span class='ocrx_word' id='word_1_191' title='bbox 300 1582 354 1636; x_wconf 86' lang='lat' dir='ltr'><strong>hac</strong></span> <span class='ocrx_word' id='word_1_192' title='bbox 377 1583 435 1636; x_wconf 88' lang='lat' dir='ltr'><strong>vita</strong></span> <span class='ocrx_word' id='word_1_193' title='bbox 459 1581 608 1646; x_wconf 82' lang='lat' dir='ltr'><strong>excedunt,</strong></span> <span class='ocrx_word' id='word_1_194' title='bbox 630 1581 813 1651; x_wconf 88' lang='lat' dir='ltr'><strong>quamobrem</strong></span> <span class='ocrx_word' id='word_1_195' title='bbox 832 1586 861 1635; x_wconf 92' lang='lat' dir='ltr'><strong>et</strong></span> <span class='ocrx_word' id='word_1_196' title='bbox 882 1583 917 1637; x_wconf 90' lang='lat' dir='ltr'><strong>da</strong></span> <span class='ocrx_word' id='word_1_197' title='bbox 957 1581 1109 1636; x_wconf 89' lang='lat' dir='ltr'><strong>tractiones</strong></span> <span class='ocrx_word' id='word_1_198' title='bbox 1128 1581 1223 1636; x_wconf 85' lang='lat' dir='ltr'><strong>fratris</strong></span> <span class='ocrx_word' id='word_1_199' title='bbox 1246 1583 1338 1638; x_wconf 79' lang='lat' dir='ltr'><strong>uelitis</strong></span> <span class='ocrx_word' id='word_1_200' title='bbox 1363 1583 1540 1655; x_wconf 86' lang='lat' dir='ltr'><strong>impendere;</strong></span> <span class='ocrx_word' id='word_1_201' title='bbox 1561 1591 1586 1640; x_wconf 86' lang='lat' dir='ltr'><strong>ct</strong></span> <span class='ocrx_word' id='word_1_202' title='bbox 1606 1592 1761 1657; x_wconf 80' lang='lat' dir='ltr'><strong>operemini</strong></span> 
     </span>
     <span class='ocr_line' id='line_1_16' title="bbox 124 1669 1760 1742; baseline 0.004 -17"><span class='ocrx_word' id='word_1_203' title='bbox 124 1669 208 1725; x_wconf 81' lang='lat' dir='ltr'><strong>tuturo</strong></span> <span class='ocrx_word' id='word_1_204' title='bbox 223 1676 303 1725; x_wconf 89' lang='lat' dir='ltr'><strong>statu</strong></span> <span class='ocrx_word' id='word_1_205' title='bbox 319 1671 377 1725; x_wconf 90' lang='lat' dir='ltr'><strong>illic</strong></span> <span class='ocrx_word' id='word_1_206' title='bbox 387 1669 514 1742; x_wconf 88' lang='lat' dir='ltr'><strong>disputat</strong></span> <span class='ocrx_word' id='word_1_207' title='bbox 524 1676 553 1724; x_wconf 90' lang='lat' dir='ltr'><strong>et</strong></span> <span class='ocrx_word' id='word_1_208' title='bbox 561 1670 680 1740; x_wconf 80' lang='lat' dir='ltr'><strong>gloriam</strong></span> <span class='ocrx_word' id='word_1_209' title='bbox 688 1670 766 1724; x_wconf 89' lang='lat' dir='ltr'><strong>illam</strong></span> <span class='ocrx_word' id='word_1_210' title='bbox 780 1687 841 1741; x_wconf 85' lang='lat' dir='ltr'><strong>quae</strong></span> <span class='ocrx_word' id='word_1_211' title='bbox 851 1686 919 1741; x_wconf 81' lang='lat' dir='ltr'><strong>erga</strong></span> <span class='ocrx_word' id='word_1_212' title='bbox 958 1671 1088 1724; x_wconf 80' lang='lat' dir='ltr'><strong>manitus</strong></span> <span class='ocrx_word' id='word_1_213' title='bbox 1098 1674 1202 1737; x_wconf 67' lang='lat' dir='ltr'><strong>iratres,</strong></span> <span class='ocrx_word' id='word_1_214' title='bbox 1219 1674 1290 1726; x_wconf 80' lang='lat' dir='ltr'><strong>sicut</strong></span> <span class='ocrx_word' id='word_1_215' title='bbox 1300 1675 1477 1741; x_wconf 70' lang='lat' dir='ltr'><strong>precipientis</strong></span> <span class='ocrx_word' id='word_1_216' title='bbox 1487 1676 1569 1741; x_wconf 55' lang='lat' dir='ltr'><strong>evome,</strong></span> <span class='ocrx_word' id='word_1_217' title='bbox 1585 1676 1760 1733; x_wconf 86' lang='lat' dir='ltr'><strong>curillafue·</strong></span> 
     </span>
     <span class='ocr_line' id='line_1_17' title="bbox 126 1743 1760 1833; baseline 0.004 -18"><span class='ocrx_word' id='word_1_218' title='bbox 126 1766 227 1814; x_wconf 74' lang='lat' dir='ltr'><strong>matos</strong></span> <span class='ocrx_word' id='word_1_219' title='bbox 252 1765 322 1815; x_wconf 88' lang='lat' dir='ltr'><strong>tunc</strong></span> <span class='ocrx_word' id='word_1_220' title='bbox 344 1759 399 1813; x_wconf 83' lang='lat' dir='ltr'><strong>en‘t</strong></span> <span class='ocrx_word' id='word_1_221' title='bbox 418 1759 546 1830; x_wconf 83' lang='lat' dir='ltr'><strong>explicat,</strong></span> <span class='ocrx_word' id='word_1_222' title='bbox 570 1764 598 1812; x_wconf 89' lang='lat' dir='ltr'><strong>et</strong></span> <span class='ocrx_word' id='word_1_223' title='bbox 611 1758 646 1812; x_wconf 92' lang='lat' dir='ltr'><strong>ob</strong></span> <span class='ocrx_word' id='word_1_224' title='bbox 661 1758 857 1813; x_wconf 87' lang='lat' dir='ltr'><strong>necessitatem</strong></span> <span class='ocrx_word' id='word_1_225' title='bbox 872 1743 1019 1813; x_wconf 77' lang='lat' dir='ltr'><strong>doBrint</strong></span> <span class='ocrx_word' id='word_1_226' title='bbox 1032 1775 1094 1829; x_wconf 80' lang='lat' dir='ltr'><strong>qua</strong></span> <span class='ocrx_word' id='word_1_227' title='bbox 1108 1765 1257 1814; x_wconf 88' lang='lat' dir='ltr'><strong>monuerat</strong></span> <span class='ocrx_word' id='word_1_228' title='bbox 1270 1760 1399 1831; x_wconf 90' lang='lat' dir='ltr'><strong>superius</strong></span> <span class='ocrx_word' id='word_1_229' title='bbox 1414 1777 1449 1816; x_wconf 90' lang='lat' dir='ltr'><strong>ne</strong></span> <span class='ocrx_word' id='word_1_230' title='bbox 1469 1767 1595 1833; x_wconf 73' lang='lat' dir='ltr'><strong>agerent,</strong></span> <span class='ocrx_word' id='word_1_231' title='bbox 1612 1764 1640 1819; x_wconf 92' lang='lat' dir='ltr'><strong>id</strong></span> <span class='ocrx_word' id='word_1_232' title='bbox 1663 1771 1706 1820; x_wconf 89' lang='lat' dir='ltr'><strong>est</strong></span> <span class='ocrx_word' id='word_1_233' title='bbox 1723 1782 1760 1821; x_wconf 90' lang='lat' dir='ltr'><strong>ne</strong></span> 
     </span>
     <span class='ocr_line' id='line_1_18' title="bbox 128 1846 1760 1922; baseline 0.004 -19"><span class='ocrx_word' id='word_1_234' title='bbox 128 1848 213 1903; x_wconf 70' lang='lat' dir='ltr'><strong>enine</strong></span> <span class='ocrx_word' id='word_1_235' title='bbox 227 1848 281 1902; x_wconf 87' lang='lat' dir='ltr'><strong>illa</strong></span> <span class='ocrx_word' id='word_1_236' title='bbox 292 1865 356 1920; x_wconf 86' lang='lat' dir='ltr'><strong>quae</strong></span> <span class='ocrx_word' id='word_1_237' title='bbox 365 1853 524 1919; x_wconf 79' lang='lat' dir='ltr'><strong>competere</strong></span> <span class='ocrx_word' id='word_1_238' title='bbox 538 1846 591 1901; x_wconf 88' lang='lat' dir='ltr'><strong>sibi</strong></span> <span class='ocrx_word' id='word_1_239' title='bbox 605 1846 784 1902; x_wconf 83' lang='lat' dir='ltr'><strong>existimabat</strong></span> <span class='ocrx_word' id='word_1_240' title='bbox 801 1848 836 1901; x_wconf 89' lang='lat' dir='ltr'><strong>ad</strong></span> <span class='ocrx_word' id='word_1_241' title='bbox 852 1864 921 1919; x_wconf 81' lang='lat' dir='ltr'><strong>prae-</strong></span> <span class='ocrx_word' id='word_1_242' title='bbox 961 1846 1080 1918; x_wconf 87' lang='lat' dir='ltr'><strong>inquieti</strong></span> <span class='ocrx_word' id='word_1_243' title='bbox 1089 1851 1193 1909; x_wconf 89' lang='lat' dir='ltr'><strong>essent,</strong></span> <span class='ocrx_word' id='word_1_244' title='bbox 1208 1848 1251 1901; x_wconf 89' lang='lat' dir='ltr'><strong>vel</strong></span> <span class='ocrx_word' id='word_1_245' title='bbox 1266 1847 1358 1902; x_wconf 89' lang='lat' dir='ltr'><strong>aliena</strong></span> <span class='ocrx_word' id='word_1_246' title='bbox 1378 1855 1509 1905; x_wconf 88' lang='lat' dir='ltr'><strong>curarent</strong></span> <span class='ocrx_word' id='word_1_247' title='bbox 1524 1851 1646 1922; x_wconf 83' lang='lat' dir='ltr'><strong>negotia,</strong></span> <span class='ocrx_word' id='word_1_248' title='bbox 1661 1853 1705 1909; x_wconf 84' lang='lat' dir='ltr'><strong>vel</strong></span> <span class='ocrx_word' id='word_1_249' title='bbox 1715 1855 1760 1910; x_wconf 89' lang='lat' dir='ltr'><strong>in·</strong></span> 
     </span>
     <span class='ocr_line' id='line_1_19' title="bbox 131 1934 1760 2008; baseline 0.004 -16"><span class='ocrx_word' id='word_1_250' title='bbox 131 1952 182 1992; x_wconf 72' lang='lat' dir='ltr'><strong>ans</strong></span> <span class='ocrx_word' id='word_1_251' title='bbox 197 1943 402 2008; x_wconf 78' lang='lat' dir='ltr'><strong>argumentum</strong></span> <span class='ocrx_word' id='word_1_252' title='bbox 415 1936 618 1991; x_wconf 81' lang='lat' dir='ltr'><strong>enarratNam</strong></span> <span class='ocrx_word' id='word_1_253' title='bbox 628 1936 803 2007; x_wconf 87' lang='lat' dir='ltr'><strong>inquantum</strong></span> <span class='ocrx_word' id='word_1_254' title='bbox 817 1953 921 2007; x_wconf 80' lang='lat' dir='ltr'><strong>magna</strong></span> <span class='ocrx_word' id='word_1_255' title='bbox 961 1934 1078 1989; x_wconf 88' lang='lat' dir='ltr'><strong>honeste</strong></span> <span class='ocrx_word' id='word_1_256' title='bbox 1092 1935 1270 1990; x_wconf 84' lang='lat' dir='ltr'><strong>ambularent</strong></span> <span class='ocrx_word' id='word_1_257' title='bbox 1284 1936 1320 1989; x_wconf 87' lang='lat' dir='ltr'><strong>ad</strong></span> <span class='ocrx_word' id='word_1_258' title='bbox 1333 1952 1380 1992; x_wconf 89' lang='lat' dir='ltr'><strong>eos</strong></span> <span class='ocrx_word' id='word_1_259' title='bbox 1395 1937 1442 2008; x_wconf 91' lang='lat' dir='ltr'><strong>qui</strong></span> <span class='ocrx_word' id='word_1_260' title='bbox 1456 1937 1524 1992; x_wconf 85' lang='lat' dir='ltr'><strong>soris</strong></span> <span class='ocrx_word' id='word_1_261' title='bbox 1539 1944 1615 2007; x_wconf 90' lang='lat' dir='ltr'><strong>sunt,</strong></span> <span class='ocrx_word' id='word_1_262' title='bbox 1631 1941 1674 1996; x_wconf 86' lang='lat' dir='ltr'><strong>vel</strong></span> <span class='ocrx_word' id='word_1_263' title='bbox 1689 1942 1760 1998; x_wconf 88' lang='lat' dir='ltr'><strong>alte·</strong></span> 
     </span>
     <span class='ocr_line' id='line_1_20' title="bbox 133 2022 1760 2097; baseline 0.003 -17"><span class='ocrx_word' id='word_1_264' title='bbox 133 2032 204 2081; x_wconf 73' lang='lat' dir='ltr'><strong>mint</strong></span> <span class='ocrx_word' id='word_1_265' title='bbox 218 2025 270 2081; x_wconf 90' lang='lat' dir='ltr'><strong>illa</strong></span> <span class='ocrx_word' id='word_1_266' title='bbox 281 2042 346 2096; x_wconf 79' lang='lat' dir='ltr'><strong>quae</strong></span> <span class='ocrx_word' id='word_1_267' title='bbox 359 2025 602 2097; x_wconf 81' lang='lat' dir='ltr'><strong>exspectabantur,</strong></span> <span class='ocrx_word' id='word_1_268' title='bbox 617 2025 646 2078; x_wconf 91' lang='lat' dir='ltr'><strong>in</strong></span> <span class='ocrx_word' id='word_1_269' title='bbox 659 2029 772 2079; x_wconf 91' lang='lat' dir='ltr'><strong>tantum</strong></span> <span class='ocrx_word' id='word_1_270' title='bbox 782 2024 920 2079; x_wconf 88' lang='lat' dir='ltr'><strong>consolari</strong></span> <span class='ocrx_word' id='word_1_271' title='bbox 961 2023 1021 2077; x_wconf 89' lang='lat' dir='ltr'><strong>rius</strong></span> <span class='ocrx_word' id='word_1_272' title='bbox 1035 2022 1141 2093; x_wconf 85' lang='lat' dir='ltr'><strong>aliquid</strong></span> <span class='ocrx_word' id='word_1_273' title='bbox 1164 2023 1364 2091; x_wconf 86' lang='lat' dir='ltr'><strong>desiderarent,</strong></span> <span class='ocrx_word' id='word_1_274' title='bbox 1381 2040 1456 2079; x_wconf 90' lang='lat' dir='ltr'><strong>nunc</strong></span> <span class='ocrx_word' id='word_1_275' title='bbox 1473 2025 1579 2092; x_wconf 92' lang='lat' dir='ltr'><strong>intulit,</strong></span> <span class='ocrx_word' id='word_1_276' title='bbox 1601 2027 1697 2084; x_wconf 89' lang='lat' dir='ltr'><strong>dicens</strong></span> <span class='ocrx_word' id='word_1_277' title='bbox 1715 2048 1721 2082; x_wconf 91' lang='lat'><strong>:</strong></span> <span class='ocrx_word' id='word_1_278' title='bbox 1736 2037 1760 2085; x_wconf 89' lang='lat' dir='ltr'><strong>et</strong></span> 
     </span>
     <span class='ocr_line' id='line_1_21' title="bbox 134 2112 1762 2186; baseline 0.002 -17"><span class='ocrx_word' id='word_1_279' title='bbox 134 2115 210 2186; x_wconf 76' lang='lat' dir='ltr'><strong>nugis</strong></span> <span class='ocrx_word' id='word_1_280' title='bbox 224 2119 359 2186; x_wconf 87' lang='lat' dir='ltr'><strong>poterant</strong></span> <span class='ocrx_word' id='word_1_281' title='bbox 378 2115 417 2180; x_wconf 90' lang='lat' dir='ltr'><strong>bi,</strong></span> <span class='ocrx_word' id='word_1_282' title='bbox 434 2114 482 2185; x_wconf 92' lang='lat' dir='ltr'><strong>qui</strong></span> <span class='ocrx_word' id='word_1_283' title='bbox 498 2113 636 2185; x_wconf 82' lang='lat' dir='ltr'><strong>profundo</strong></span> <span class='ocrx_word' id='word_1_284' title='bbox 650 2114 727 2168; x_wconf 89' lang='lat' dir='ltr'><strong>luctu</strong></span> <span class='ocrx_word' id='word_1_285' title='bbox 740 2112 918 2168; x_wconf 89' lang='lat' dir='ltr'><strong>tenebantur.</strong></span> <span class='ocrx_word' id='word_1_286' title='bbox 961 2113 1114 2180; x_wconf 82' lang='lat' dir='ltr'><strong>operemini</strong></span> <span class='ocrx_word' id='word_1_287' title='bbox 1123 2113 1253 2165; x_wconf 74' lang='lat' dir='ltr'><strong>trionibus</strong></span> <span class='ocrx_word' id='word_1_288' title='bbox 1262 2115 1442 2166; x_wconf 81' lang='lat' dir='ltr'><strong>cestrisn&#39;cut</strong></span> <span class='ocrx_word' id='word_1_289' title='bbox 1449 2117 1762 2182; x_wconf 79' lang='lat' dir='ltr'><strong>pracepimurcobis.Ut</strong></span> 
     </span>
     <span class='ocr_line' id='line_1_22' title="bbox 136 2199 1762 2272; baseline 0.002 -15"><span class='ocrx_word' id='word_1_290' title='bbox 136 2203 213 2272; x_wconf 69' lang='lat' dir='ltr'><strong>(inre.)</strong></span> <span class='ocrx_word' id='word_1_291' title='bbox 225 2203 309 2258; x_wconf 87' lang='lat' dir='ltr'><strong>llunc</strong></span> <span class='ocrx_word' id='word_1_292' title='bbox 322 2202 452 2257; x_wconf 89' lang='lat' dir='ltr'><strong>morbum</strong></span> <span class='ocrx_word' id='word_1_293' title='bbox 468 2202 515 2272; x_wconf 90' lang='lat' dir='ltr'><strong>qui</strong></span> <span class='ocrx_word' id='word_1_294' title='bbox 530 2202 564 2256; x_wconf 88' lang='lat' dir='ltr'><strong>de</strong></span> <span class='ocrx_word' id='word_1_295' title='bbox 574 2202 677 2256; x_wconf 78' lang='lat' dir='ltr'><strong>acediae</strong></span> <span class='ocrx_word' id='word_1_296' title='bbox 687 2201 787 2272; x_wconf 92' lang='lat' dir='ltr'><strong>spiritu</strong></span> <span class='ocrx_word' id='word_1_297' title='bbox 797 2202 922 2256; x_wconf 85' lang='lat' dir='ltr'><strong>nascitur</strong></span> <span class='ocrx_word' id='word_1_298' title='bbox 961 2199 1692 2272; x_wconf 84' lang='lat' dir='ltr'><strong>enimsserentillaquaesupen&#39;usreprehendit,otium</strong></span> <span class='ocrx_word' id='word_1_299' title='bbox 1698 2221 1762 2260; x_wconf 83' lang='lat' dir='ltr'><strong>cau·</strong></span> 
     </span>
     <span class='ocr_line' id='line_1_23' title="bbox 137 2287 1762 2362; baseline 0.001 -16"><span class='ocrx_word' id='word_1_300' title='bbox 137 2289 218 2346; x_wconf 76' lang='lat' dir='ltr'><strong>tans</strong></span> <span class='ocrx_word' id='word_1_301' title='bbox 228 2291 337 2347; x_wconf 87' lang='lat' dir='ltr'><strong>Paulus</strong></span> <span class='ocrx_word' id='word_1_302' title='bbox 345 2297 378 2346; x_wconf 92' lang='lat' dir='ltr'><strong>ut</strong></span> <span class='ocrx_word' id='word_1_303' title='bbox 386 2309 469 2346; x_wconf 88' lang='lat' dir='ltr'><strong>verus</strong></span> <span class='ocrx_word' id='word_1_304' title='bbox 482 2290 658 2362; x_wconf 87' lang='lat' dir='ltr'><strong>aespiritalis</strong></span> <span class='ocrx_word' id='word_1_305' title='bbox 669 2290 794 2345; x_wconf 88' lang='lat' dir='ltr'><strong>medicus</strong></span> <span class='ocrx_word' id='word_1_306' title='bbox 805 2290 847 2344; x_wconf 83' lang='lat' dir='ltr'><strong>vel</strong></span> <span class='ocrx_word' id='word_1_307' title='bbox 855 2296 921 2345; x_wconf 90' lang='lat' dir='ltr'><strong>tunc</strong></span> <span class='ocrx_word' id='word_1_308' title='bbox 961 2304 1022 2343; x_wconf 86' lang='lat' dir='ltr'><strong>sam</strong></span> <span class='ocrx_word' id='word_1_309' title='bbox 1033 2305 1094 2342; x_wconf 86' lang='lat' dir='ltr'><strong>esse</strong></span> <span class='ocrx_word' id='word_1_310' title='bbox 1104 2287 1248 2342; x_wconf 85' lang='lat' dir='ltr'><strong>evidenter</strong></span> <span class='ocrx_word' id='word_1_311' title='bbox 1256 2288 1400 2359; x_wconf 85' lang='lat' dir='ltr'><strong>expressit.</strong></span> <span class='ocrx_word' id='word_1_312' title='bbox 1409 2288 1510 2344; x_wconf 87' lang='lat' dir='ltr'><strong>Nullus</strong></span> <span class='ocrx_word' id='word_1_313' title='bbox 1523 2290 1600 2345; x_wconf 88' lang='lat' dir='ltr'><strong>enim</strong></span> <span class='ocrx_word' id='word_1_314' title='bbox 1614 2298 1706 2362; x_wconf 87' lang='lat' dir='ltr'><strong>potest</strong></span> <span class='ocrx_word' id='word_1_315' title='bbox 1720 2294 1762 2349; x_wconf 83' lang='lat' dir='ltr'><strong>uel</strong></span> 
     </span>
     <span class='ocr_line' id='line_1_24' title="bbox 138 2376 1761 2454; baseline 0.001 -19"><span class='ocrx_word' id='word_1_316' title='bbox 138 2379 361 2452; x_wconf 84' lang='lat' dir='ltr'><strong>junoonspiciens</strong></span> <span class='ocrx_word' id='word_1_317' title='bbox 370 2378 922 2451; x_wconf 76' lang='lat' dir='ltr'><strong>serpere,velemersurumSpiritusan·</strong></span> <span class='ocrx_word' id='word_1_318' title='bbox 961 2376 1104 2447; x_wconf 90' lang='lat' dir='ltr'><strong>inquietus</strong></span> <span class='ocrx_word' id='word_1_319' title='bbox 1120 2393 1190 2442; x_wconf 88' lang='lat' dir='ltr'><strong>esse,</strong></span> <span class='ocrx_word' id='word_1_320' title='bbox 1204 2376 1247 2430; x_wconf 81' lang='lat' dir='ltr'><strong>rel</strong></span> <span class='ocrx_word' id='word_1_321' title='bbox 1268 2377 1360 2431; x_wconf 89' lang='lat' dir='ltr'><strong>aliena</strong></span> <span class='ocrx_word' id='word_1_322' title='bbox 1376 2394 1475 2432; x_wconf 90' lang='lat' dir='ltr'><strong>curare</strong></span> <span class='ocrx_word' id='word_1_323' title='bbox 1498 2379 1621 2449; x_wconf 85' lang='lat' dir='ltr'><strong>negotia,</strong></span> <span class='ocrx_word' id='word_1_324' title='bbox 1637 2381 1692 2435; x_wconf 90' lang='lat' dir='ltr'><strong>nisi</strong></span> <span class='ocrx_word' id='word_1_325' title='bbox 1713 2382 1761 2454; x_wconf 90' lang='lat' dir='ltr'><strong>qui</strong></span> 
     </span>
     <span class='ocr_line' id='line_1_25' title="bbox 140 2464 1760 2540; baseline 0 -17"><span class='ocrx_word' id='word_1_326' title='bbox 140 2469 331 2535; x_wconf 77' lang='lat' dir='ltr'><strong>ebrenelante,</strong></span> <span class='ocrx_word' id='word_1_327' title='bbox 340 2468 523 2540; x_wconf 88' lang='lat' dir='ltr'><strong>prospiciens,</strong></span> <span class='ocrx_word' id='word_1_328' title='bbox 532 2467 701 2522; x_wconf 85' lang='lat' dir='ltr'><strong>salutaribus</strong></span> <span class='ocrx_word' id='word_1_329' title='bbox 716 2473 921 2539; x_wconf 74' lang='lat' dir='ltr'><strong>praeceptorum</strong></span> <span class='ocrx_word' id='word_1_330' title='bbox 962 2464 1039 2535; x_wconf 89' lang='lat' dir='ltr'><strong>operi</strong></span> <span class='ocrx_word' id='word_1_331' title='bbox 1067 2480 1202 2519; x_wconf 88' lang='lat' dir='ltr'><strong>manuum</strong></span> <span class='ocrx_word' id='word_1_332' title='bbox 1229 2480 1345 2520; x_wconf 89' lang='lat' dir='ltr'><strong>suarum</strong></span> <span class='ocrx_word' id='word_1_333' title='bbox 1364 2480 1420 2520; x_wconf 91' lang='lat' dir='ltr'><strong>non</strong></span> <span class='ocrx_word' id='word_1_334' title='bbox 1445 2467 1598 2538; x_wconf 86' lang='lat' dir='ltr'><strong>acquiescit</strong></span> <span class='ocrx_word' id='word_1_335' title='bbox 1620 2468 1760 2526; x_wconf 87' lang='lat' dir='ltr'><strong>insistere.</strong></span> 
     </span>
     <span class='ocr_line' id='line_1_26' title="bbox 142 2553 1761 2631; baseline 0.001 -19"><span class='ocrx_word' id='word_1_336' title='bbox 142 2572 236 2612; x_wconf 77' lang='lat' dir='ltr'><strong>norum</strong></span> <span class='ocrx_word' id='word_1_337' title='bbox 242 2557 457 2613; x_wconf 88' lang='lat' dir='ltr'><strong>medicamentis</strong></span> <span class='ocrx_word' id='word_1_338' title='bbox 463 2555 923 2628; x_wconf 78' lang='lat' dir='ltr'><strong>praerenirefestinatThessaloni-</strong></span> <span class='ocrx_word' id='word_1_339' title='bbox 963 2553 1103 2619; x_wconf 82' lang='lat' dir='ltr'><strong>Quartum</strong></span> <span class='ocrx_word' id='word_1_340' title='bbox 1118 2569 1229 2624; x_wconf 90' lang='lat' dir='ltr'><strong>quoque</strong></span> <span class='ocrx_word' id='word_1_341' title='bbox 1244 2553 1342 2607; x_wconf 92' lang='lat' dir='ltr'><strong>intulit</strong></span> <span class='ocrx_word' id='word_1_342' title='bbox 1354 2554 1493 2619; x_wconf 85' lang='lat' dir='ltr'><strong>morbum,</strong></span> <span class='ocrx_word' id='word_1_343' title='bbox 1511 2555 1559 2627; x_wconf 94' lang='lat' dir='ltr'><strong>qui</strong></span> <span class='ocrx_word' id='word_1_344' title='bbox 1581 2573 1614 2611; x_wconf 89' lang='lat' dir='ltr'><strong>ex</strong></span> <span class='ocrx_word' id='word_1_345' title='bbox 1634 2558 1686 2614; x_wconf 91' lang='lat' dir='ltr'><strong>hoc</strong></span> <span class='ocrx_word' id='word_1_346' title='bbox 1700 2559 1761 2631; x_wconf 91' lang='lat' dir='ltr'><strong>ipso</strong></span> 
     </span>
     <span class='ocr_line' id='line_1_27' title="bbox 145 2641 1761 2717; baseline 0.001 -16"><span class='ocrx_word' id='word_1_347' title='bbox 145 2646 252 2701; x_wconf 75' lang='lat' dir='ltr'><strong>maium</strong></span> <span class='ocrx_word' id='word_1_348' title='bbox 268 2646 345 2701; x_wconf 89' lang='lat' dir='ltr'><strong>enim</strong></span> <span class='ocrx_word' id='word_1_349' title='bbox 364 2645 499 2709; x_wconf 88' lang='lat' dir='ltr'><strong>scribens,</strong></span> <span class='ocrx_word' id='word_1_350' title='bbox 520 2651 549 2700; x_wconf 91' lang='lat' dir='ltr'><strong>et</strong></span> <span class='ocrx_word' id='word_1_351' title='bbox 566 2645 657 2717; x_wconf 91' lang='lat' dir='ltr'><strong>primo</strong></span> <span class='ocrx_word' id='word_1_352' title='bbox 680 2650 713 2699; x_wconf 90' lang='lat' dir='ltr'><strong>ut</strong></span> <span class='ocrx_word' id='word_1_353' title='bbox 734 2644 922 2716; x_wconf 89' lang='lat' dir='ltr'><strong>peritissimus</strong></span> <span class='ocrx_word' id='word_1_354' title='bbox 963 2643 1021 2698; x_wconf 89' lang='lat' dir='ltr'><strong>otio</strong></span> <span class='ocrx_word' id='word_1_355' title='bbox 1034 2643 1169 2707; x_wconf 89' lang='lat' dir='ltr'><strong>nascitur,</strong></span> <span class='ocrx_word' id='word_1_356' title='bbox 1176 2641 1204 2696; x_wconf 89' lang='lat' dir='ltr'><strong>id</strong></span> <span class='ocrx_word' id='word_1_357' title='bbox 1220 2646 1271 2709; x_wconf 88' lang='lat' dir='ltr'><strong>est,</strong></span> <span class='ocrx_word' id='word_1_358' title='bbox 1288 2648 1321 2696; x_wconf 92' lang='lat' dir='ltr'><strong>ut</strong></span> <span class='ocrx_word' id='word_1_359' title='bbox 1334 2642 1481 2699; x_wconf 85' lang='lat' dir='ltr'><strong>inhoneste</strong></span> <span class='ocrx_word' id='word_1_360' title='bbox 1492 2660 1548 2699; x_wconf 90' lang='lat' dir='ltr'><strong>non</strong></span> <span class='ocrx_word' id='word_1_361' title='bbox 1562 2646 1761 2715; x_wconf 88' lang='lat' dir='ltr'><strong>ambulent,di·</strong></span> 
     </span>
     <span class='ocr_line' id='line_1_28' title="bbox 147 2732 1759 2806; baseline 0.002 -18"><span class='ocrx_word' id='word_1_362' title='bbox 147 2734 238 2804; x_wconf 77' lang='lat' dir='ltr'><strong>qnidam</strong></span> <span class='ocrx_word' id='word_1_363' title='bbox 256 2735 454 2806; x_wconf 77' lang='lat' dir='ltr'><strong>perfect-usque</strong></span> <span class='ocrx_word' id='word_1_364' title='bbox 474 2734 600 2788; x_wconf 87' lang='lat' dir='ltr'><strong>medicus</strong></span> <span class='ocrx_word' id='word_1_365' title='bbox 613 2733 808 2789; x_wconf 78' lang='lat' dir='ltr'><strong>infirmitatem</strong></span> <span class='ocrx_word' id='word_1_366' title='bbox 827 2750 921 2788; x_wconf 87' lang='lat' dir='ltr'><strong>susce-</strong></span> <span class='ocrx_word' id='word_1_367' title='bbox 962 2748 1037 2796; x_wconf 86' lang='lat' dir='ltr'><strong>cens,</strong></span> <span class='ocrx_word' id='word_1_368' title='bbox 1049 2736 1074 2785; x_wconf 90' lang='lat' dir='ltr'><strong>et</strong></span> <span class='ocrx_word' id='word_1_369' title='bbox 1088 2737 1119 2785; x_wconf 88' lang='lat' dir='ltr'><strong>ut</strong></span> <span class='ocrx_word' id='word_1_370' title='bbox 1130 2733 1239 2795; x_wconf 77' lang='lat' dir='ltr'><strong>leoneste¹</strong></span> <span class='ocrx_word' id='word_1_371' title='bbox 1252 2732 1398 2786; x_wconf 81' lang='lat' dir='ltr'><strong>ambuletis</strong></span> <span class='ocrx_word' id='word_1_372' title='bbox 1416 2734 1454 2786; x_wconf 86' lang='lat' dir='ltr'><strong>od</strong></span> <span class='ocrx_word' id='word_1_373' title='bbox 1471 2749 1512 2787; x_wconf 83' lang='lat' dir='ltr'><strong>cos</strong></span> <span class='ocrx_word' id='word_1_374' title='bbox 1526 2737 1577 2802; x_wconf 87' lang='lat' dir='ltr'><strong>qui</strong></span> <span class='ocrx_word' id='word_1_375' title='bbox 1589 2736 1659 2802; x_wconf 77' lang='lat' dir='ltr'><strong>soris</strong></span> <span class='ocrx_word' id='word_1_376' title='bbox 1683 2743 1759 2792; x_wconf 82' lang='lat' dir='ltr'><strong>sunt.</strong></span> 
     </span>
     <span class='ocr_line' id='line_1_29' title="bbox 147 2819 1760 2894; baseline 0.001 -16"><span class='ocrx_word' id='word_1_377' title='bbox 147 2822 350 2892; x_wconf 82' lang='lat' dir='ltr'><strong>ptommblanda</strong></span> <span class='ocrx_word' id='word_1_378' title='bbox 357 2822 472 2894; x_wconf 91' lang='lat' dir='ltr'><strong>lenique</strong></span> <span class='ocrx_word' id='word_1_379' title='bbox 481 2822 558 2877; x_wconf 88' lang='lat' dir='ltr'><strong>verbi</strong></span> <span class='ocrx_word' id='word_1_380' title='bbox 568 2823 711 2877; x_wconf 88' lang='lat' dir='ltr'><strong>curatione</strong></span> <span class='ocrx_word' id='word_1_381' title='bbox 718 2822 921 2887; x_wconf 82' lang='lat' dir='ltr'><strong>fomentans,ac</strong></span> <span class='ocrx_word' id='word_1_382' title='bbox 961 2820 1113 2891; x_wconf 89' lang='lat' dir='ltr'><strong>Nunquam</strong></span> <span class='ocrx_word' id='word_1_383' title='bbox 1127 2823 1263 2891; x_wconf 89' lang='lat' dir='ltr'><strong>potestne</strong></span> <span class='ocrx_word' id='word_1_384' title='bbox 1277 2819 1351 2891; x_wconf 88' lang='lat' dir='ltr'><strong>apud</strong></span> <span class='ocrx_word' id='word_1_385' title='bbox 1359 2837 1407 2874; x_wconf 90' lang='lat' dir='ltr'><strong>eos</strong></span> <span class='ocrx_word' id='word_1_386' title='bbox 1417 2820 1531 2892; x_wconf 90' lang='lat' dir='ltr'><strong>quidem</strong></span> <span class='ocrx_word' id='word_1_387' title='bbox 1543 2822 1591 2893; x_wconf 92' lang='lat' dir='ltr'><strong>qui</strong></span> <span class='ocrx_word' id='word_1_388' title='bbox 1601 2825 1694 2879; x_wconf 84' lang='lat' dir='ltr'><strong>soeculi</strong></span> <span class='ocrx_word' id='word_1_389' title='bbox 1708 2825 1760 2881; x_wconf 91' lang='lat' dir='ltr'><strong>ho-</strong></span> 
     </span>
     <span class='ocr_line' id='line_1_30' title="bbox 147 2907 1760 2983; baseline 0.004 -19"><span class='ocrx_word' id='word_1_390' title='bbox 147 2908 308 2967; x_wconf 60' lang='lat' dir='ltr'><strong>&amp;marimte</strong></span> <span class='ocrx_word' id='word_1_391' title='bbox 316 2912 570 2983; x_wconf 88' lang='lat' dir='ltr'><strong>incipiens,eosque</strong></span> <span class='ocrx_word' id='word_1_392' title='bbox 582 2910 610 2965; x_wconf 92' lang='lat' dir='ltr'><strong>in</strong></span> <span class='ocrx_word' id='word_1_393' title='bbox 618 2927 651 2965; x_wconf 88' lang='lat' dir='ltr'><strong>ea</strong></span> <span class='ocrx_word' id='word_1_394' title='bbox 659 2915 739 2982; x_wconf 85' lang='lat' dir='ltr'><strong>parte</strong></span> <span class='ocrx_word' id='word_1_395' title='bbox 747 2910 919 2975; x_wconf 84' lang='lat' dir='ltr'><strong>collaudans,</strong></span> <span class='ocrx_word' id='word_1_396' title='bbox 961 2908 1052 2963; x_wconf 89' lang='lat' dir='ltr'><strong>mines</strong></span> <span class='ocrx_word' id='word_1_397' title='bbox 1062 2913 1128 2963; x_wconf 90' lang='lat' dir='ltr'><strong>sunt</strong></span> <span class='ocrx_word' id='word_1_398' title='bbox 1146 2909 1263 2964; x_wconf 89' lang='lat' dir='ltr'><strong>honeste</strong></span> <span class='ocrx_word' id='word_1_399' title='bbox 1277 2907 1416 2975; x_wconf 89' lang='lat' dir='ltr'><strong>incedere,</strong></span> <span class='ocrx_word' id='word_1_400' title='bbox 1428 2908 1476 2981; x_wconf 91' lang='lat' dir='ltr'><strong>qui</strong></span> <span class='ocrx_word' id='word_1_401' title='bbox 1491 2926 1670 2983; x_wconf 84' lang='lat' dir='ltr'><strong>nequaquam</strong></span> <span class='ocrx_word' id='word_1_402' title='bbox 1683 2914 1760 2970; x_wconf 88' lang='lat' dir='ltr'><strong>clau·</strong></span> 
     </span>
     <span class='ocr_line' id='line_1_31' title="bbox 149 2997 1760 3072; baseline 0.002 -17"><span class='ocrx_word' id='word_1_403' title='bbox 149 3014 268 3072; x_wconf 83' lang='lat' dir='ltr'><strong>quousque</strong></span> <span class='ocrx_word' id='word_1_404' title='bbox 282 3001 389 3055; x_wconf 89' lang='lat' dir='ltr'><strong>lethale</strong></span> <span class='ocrx_word' id='word_1_405' title='bbox 397 3001 499 3054; x_wconf 72' lang='lat' dir='ltr'><strong>uulnus</strong></span> <span class='ocrx_word' id='word_1_406' title='bbox 513 2999 613 3054; x_wconf 89' lang='lat' dir='ltr'><strong>leniori</strong></span> <span class='ocrx_word' id='word_1_407' title='bbox 624 3000 749 3054; x_wconf 90' lang='lat' dir='ltr'><strong>remedio</strong></span> <span class='ocrx_word' id='word_1_408' title='bbox 759 2999 918 3067; x_wconf 86' lang='lat' dir='ltr'><strong>delinitum,</strong></span> <span class='ocrx_word' id='word_1_409' title='bbox 961 2997 1027 3052; x_wconf 90' lang='lat' dir='ltr'><strong>stris</strong></span> <span class='ocrx_word' id='word_1_410' title='bbox 1041 2998 1117 3053; x_wconf 76' lang='lat' dir='ltr'><strong>celle</strong></span> <span class='ocrx_word' id='word_1_411' title='bbox 1126 3002 1155 3052; x_wconf 91' lang='lat' dir='ltr'><strong>et</strong></span> <span class='ocrx_word' id='word_1_412' title='bbox 1169 2997 1247 3070; x_wconf 86' lang='lat' dir='ltr'><strong>operi</strong></span> <span class='ocrx_word' id='word_1_413' title='bbox 1263 3014 1398 3052; x_wconf 90' lang='lat' dir='ltr'><strong>manuum</strong></span> <span class='ocrx_word' id='word_1_414' title='bbox 1413 3014 1529 3053; x_wconf 87' lang='lat' dir='ltr'><strong>suarum</strong></span> <span class='ocrx_word' id='word_1_415' title='bbox 1544 2999 1682 3057; x_wconf 76' lang='lat' dir='ltr'><strong>inherere</strong></span> <span class='ocrx_word' id='word_1_416' title='bbox 1696 3020 1760 3059; x_wconf 90' lang='lat' dir='ltr'><strong>con·</strong></span> 
     </span>
     <span class='ocr_line' id='line_1_32' title="bbox 150 3056 1761 3160; baseline 0.002 -16"><span class='ocrx_word' id='word_1_417' title='bbox 150 3086 249 3159; x_wconf 72' lang='lat' dir='ltr'><strong>deposita</strong></span> <span class='ocrx_word' id='word_1_418' title='bbox 261 3089 383 3145; x_wconf 89' lang='lat' dir='ltr'><strong>tumoris</strong></span> <span class='ocrx_word' id='word_1_419' title='bbox 397 3089 601 3160; x_wconf 81' lang='lat' dir='ltr'><strong>indignatione,</strong></span> <span class='ocrx_word' id='word_1_420' title='bbox 613 3088 721 3143; x_wconf 81' lang='lat' dir='ltr'><strong>facilius</strong></span> <span class='ocrx_word' id='word_1_421' title='bbox 735 3056 1057 3143; x_wconf 70' lang='lat' dir='ltr'><strong>medicaminactentus</strong></span> <span class='ocrx_word' id='word_1_422' title='bbox 1075 3089 1134 3140; x_wconf 89' lang='lat' dir='ltr'><strong>est:</strong></span> <span class='ocrx_word' id='word_1_423' title='bbox 1153 3085 1203 3140; x_wconf 90' lang='lat' dir='ltr'><strong>sed</strong></span> <span class='ocrx_word' id='word_1_424' title='bbox 1217 3102 1329 3141; x_wconf 89' lang='lat' dir='ltr'><strong>necesse</strong></span> <span class='ocrx_word' id='word_1_425' title='bbox 1348 3091 1391 3141; x_wconf 90' lang='lat' dir='ltr'><strong>est</strong></span> <span class='ocrx_word' id='word_1_426' title='bbox 1410 3103 1475 3141; x_wconf 86' lang='lat' dir='ltr'><strong>eum</strong></span> <span class='ocrx_word' id='word_1_427' title='bbox 1496 3087 1677 3145; x_wconf 87' lang='lat' dir='ltr'><strong>inhonestum</strong></span> <span class='ocrx_word' id='word_1_428' title='bbox 1699 3109 1761 3148; x_wconf 87' lang='lat' dir='ltr'><strong>esse</strong></span> 
     </span>
     <span class='ocr_line' id='line_1_33' title="bbox 150 3174 1761 3252; baseline 0.002 -19"><span class='ocrx_word' id='word_1_429' title='bbox 150 3178 279 3233; x_wconf 71' lang='lat' dir='ltr'><strong>metina</strong></span> <span class='ocrx_word' id='word_1_430' title='bbox 296 3178 444 3243; x_wconf 89' lang='lat' dir='ltr'><strong>sustineat,</strong></span> <span class='ocrx_word' id='word_1_431' title='bbox 456 3178 497 3232; x_wconf 91' lang='lat' dir='ltr'><strong>ita</strong></span> <span class='ocrx_word' id='word_1_432' title='bbox 506 3177 559 3231; x_wconf 89' lang='lat' dir='ltr'><strong>ait:</strong></span> <span class='ocrx_word' id='word_1_433' title='bbox 571 3180 606 3232; x_wconf 84' lang='lat' dir='ltr'><strong>lle</strong></span> <span class='ocrx_word' id='word_1_434' title='bbox 613 3178 748 3231; x_wconf 74' lang='lat' dir='ltr'><strong>obesitate</strong></span> <span class='ocrx_word' id='word_1_435' title='bbox 757 3182 849 3231; x_wconf 74' lang='lat' dir='ltr'><strong>cirtem</strong></span> <span class='ocrx_word' id='word_1_436' title='bbox 858 3179 921 3245; x_wconf 82' lang='lat' dir='ltr'><strong>src-</strong></span> <span class='ocrx_word' id='word_1_437' title='bbox 962 3174 1029 3229; x_wconf 88' lang='lat' dir='ltr'><strong>dum</strong></span> <span class='ocrx_word' id='word_1_438' title='bbox 1052 3175 1211 3229; x_wconf 86' lang='lat' dir='ltr'><strong>necessaria</strong></span> <span class='ocrx_word' id='word_1_439' title='bbox 1234 3175 1322 3229; x_wconf 86' lang='lat' dir='ltr'><strong>victus</strong></span> <span class='ocrx_word' id='word_1_440' title='bbox 1338 3176 1466 3246; x_wconf 86' lang='lat' dir='ltr'><strong>requirit,</strong></span> <span class='ocrx_word' id='word_1_441' title='bbox 1483 3176 1639 3234; x_wconf 86' lang='lat' dir='ltr'><strong>adulationi</strong></span> <span class='ocrx_word' id='word_1_442' title='bbox 1650 3196 1761 3252; x_wconf 90' lang='lat' dir='ltr'><strong>quoque</strong></span> 
     </span>
     <span class='ocr_line' id='line_1_34' title="bbox 151 3263 1760 3335; baseline 0.004 -16"><span class='ocrx_word' id='word_1_443' title='bbox 151 3268 266 3322; x_wconf 70' lang='lat' dir='ltr'><strong>miletis</strong></span> <span class='ocrx_word' id='word_1_444' title='bbox 277 3284 333 3322; x_wconf 87' lang='lat' dir='ltr'><strong>non</strong></span> <span class='ocrx_word' id='word_1_445' title='bbox 359 3282 459 3322; x_wconf 70' lang='lat' dir='ltr'><strong>necem</strong></span> <span class='ocrx_word' id='word_1_446' title='bbox 481 3267 610 3320; x_wconf 81' lang='lat' dir='ltr'><strong>babemm</strong></span> <span class='ocrx_word' id='word_1_447' title='bbox 624 3267 742 3320; x_wconf 76' lang='lat' dir='ltr'><strong>scribere</strong></span> <span class='ocrx_word' id='word_1_448' title='bbox 757 3267 839 3331; x_wconf 65' lang='lat' dir='ltr'><strong>vobin</strong></span> <span class='ocrx_word' id='word_1_449' title='bbox 868 3268 922 3335; x_wconf 80' lang='lat' dir='ltr'><strong>ipsi</strong></span> <span class='ocrx_word' id='word_1_450' title='bbox 961 3279 1077 3334; x_wconf 87' lang='lat' dir='ltr'><strong>operam</strong></span> <span class='ocrx_word' id='word_1_451' title='bbox 1090 3263 1167 3328; x_wconf 92' lang='lat' dir='ltr'><strong>dare,</strong></span> <span class='ocrx_word' id='word_1_452' title='bbox 1178 3263 1317 3318; x_wconf 86' lang='lat' dir='ltr'><strong>novitates</strong></span> <span class='ocrx_word' id='word_1_453' title='bbox 1325 3264 1410 3318; x_wconf 86' lang='lat' dir='ltr'><strong>etiem</strong></span> <span class='ocrx_word' id='word_1_454' title='bbox 1421 3265 1569 3321; x_wconf 91' lang='lat' dir='ltr'><strong>domorum</strong></span> <span class='ocrx_word' id='word_1_455' title='bbox 1580 3268 1760 3335; x_wconf 58' lang='lat' dir='ltr'><strong>sectamcau-</strong></span> 
     </span>
     <span class='ocr_line' id='line_1_35' title="bbox 85 3352 1761 3431; baseline 0.005 -26"><span class='ocrx_word' id='word_1_456' title='bbox 85 3396 87 3427; x_wconf 46' lang='lat'>;</span> <span class='ocrx_word' id='word_1_457' title='bbox 151 3355 375 3411; x_wconf 79' lang='lat' dir='ltr'><strong>einalleodocti</strong></span> <span class='ocrx_word' id='word_1_458' title='bbox 389 3357 451 3409; x_wconf 80' lang='lat' dir='ltr'><strong>estis</strong></span> <span class='ocrx_word' id='word_1_459' title='bbox 469 3360 500 3408; x_wconf 83' lang='lat' dir='ltr'><strong>ut</strong></span> <span class='ocrx_word' id='word_1_460' title='bbox 523 3357 649 3422; x_wconf 78' lang='lat' dir='ltr'><strong>diliqotis</strong></span> <span class='ocrx_word' id='word_1_461' title='bbox 663 3356 782 3408; x_wconf 86' lang='lat' dir='ltr'><strong>invicem</strong></span> <span class='ocrx_word' id='word_1_462' title='bbox 797 3372 805 3407; x_wconf 88' lang='lat'><strong><em>:</em></strong></span> <span class='ocrx_word' id='word_1_463' title='bbox 820 3357 921 3408; x_wconf 84' lang='lat' dir='ltr'><strong>etenim</strong></span> <span class='ocrx_word' id='word_1_464' title='bbox 962 3369 1058 3407; x_wconf 90' lang='lat' dir='ltr'><strong>sarum</strong></span> <span class='ocrx_word' id='word_1_465' title='bbox 1068 3352 1282 3423; x_wconf 84' lang='lat' dir='ltr'><strong>fabularumque</strong></span> <span class='ocrx_word' id='word_1_466' title='bbox 1290 3352 1684 3428; x_wconf 87' lang='lat' dir='ltr'><strong>occasionesconquirsre,per</strong></span> <span class='ocrx_word' id='word_1_467' title='bbox 1691 3375 1761 3431; x_wconf 87' lang='lat' dir='ltr'><strong>quas</strong></span> 
     </span>
     <span class='ocr_line' id='line_1_36' title="bbox 85 3440 1762 3515; baseline 0.004 -20"><span class='ocrx_word' id='word_1_468' title='bbox 85 3446 87 3453; x_wconf 90' lang='lat'>&#39;</span> <span class='ocrx_word' id='word_1_469' title='bbox 151 3440 219 3505; x_wconf 73' lang='lat' dir='ltr'><strong>[scitu</strong></span> <span class='ocrx_word' id='word_1_470' title='bbox 231 3446 301 3499; x_wconf 86' lang='lat' dir='ltr'><strong>illud</strong></span> <span class='ocrx_word' id='word_1_471' title='bbox 315 3447 348 3499; x_wconf 84' lang='lat' dir='ltr'><strong>in</strong></span> <span class='ocrx_word' id='word_1_472' title='bbox 357 3461 450 3498; x_wconf 75' lang='lat' dir='ltr'><strong>omme</strong></span> <span class='ocrx_word' id='word_1_473' title='bbox 459 3445 562 3511; x_wconf 75' lang='lat' dir='ltr'><strong>fratres</strong></span> <span class='ocrx_word' id='word_1_474' title='bbox 572 3445 741 3497; x_wconf 81' lang='lat' dir='ltr'><strong>inareiucrsa</strong></span> <span class='ocrx_word' id='word_1_475' title='bbox 752 3443 918 3497; x_wconf 77' lang='lat' dir='ltr'><strong>Macedonia.</strong></span> <span class='ocrx_word' id='word_1_476' title='bbox 961 3441 1128 3512; x_wconf 89' lang='lat' dir='ltr'><strong>sibimetipsi</strong></span> <span class='ocrx_word' id='word_1_477' title='bbox 1144 3441 1380 3512; x_wconf 88' lang='lat' dir='ltr'><strong>aditumparetac</strong></span> <span class='ocrx_word' id='word_1_478' title='bbox 1393 3441 1625 3515; x_wconf 79' lang='lat' dir='ltr'><strong>facultatemque</strong></span> <span class='ocrx_word' id='word_1_479' title='bbox 1637 3443 1762 3502; x_wconf 81' lang='lat' dir='ltr'><strong>diverso-</strong></span> 
     </span>
     <span class='ocr_line' id='line_1_37' title="bbox 151 3527 1762 3604; baseline 0.004 -19"><span class='ocrx_word' id='word_1_480' title='bbox 151 3527 259 3588; x_wconf 69' lang='lat' dir='ltr'><strong>senisu</strong></span> <span class='ocrx_word' id='word_1_481' title='bbox 273 3532 365 3588; x_wconf 91' lang='lat' dir='ltr'><strong>laudis</strong></span> <span class='ocrx_word' id='word_1_482' title='bbox 379 3532 504 3588; x_wconf 83' lang='lat' dir='ltr'><strong>tomenta</strong></span> <span class='ocrx_word' id='word_1_483' title='bbox 514 3532 597 3597; x_wconf 87' lang='lat' dir='ltr'><strong>lenia,</strong></span> <span class='ocrx_word' id='word_1_484' title='bbox 604 3531 670 3585; x_wconf 80' lang='lat' dir='ltr'><strong>iecit</strong></span> <span class='ocrx_word' id='word_1_485' title='bbox 680 3547 779 3585; x_wconf 90' lang='lat' dir='ltr'><strong>eorum</strong></span> <span class='ocrx_word' id='word_1_486' title='bbox 789 3548 871 3586; x_wconf 89' lang='lat' dir='ltr'><strong>aures</strong></span> <span class='ocrx_word' id='word_1_487' title='bbox 886 3532 922 3586; x_wconf 87' lang='lat' dir='ltr'><strong>ad</strong></span> <span class='ocrx_word' id='word_1_488' title='bbox 962 3546 1025 3585; x_wconf 91' lang='lat' dir='ltr'><strong>rum</strong></span> <span class='ocrx_word' id='word_1_489' title='bbox 1040 3530 1138 3584; x_wconf 85' lang='lat' dir='ltr'><strong>domos</strong></span> <span class='ocrx_word' id='word_1_490' title='bbox 1149 3530 1239 3584; x_wconf 81' lang='lat' dir='ltr'><strong>valeat</strong></span> <span class='ocrx_word' id='word_1_491' title='bbox 1248 3536 1427 3601; x_wconf 81' lang='lat' dir='ltr'><strong>penetrare«</strong></span> <span class='ocrx_word' id='word_1_492' title='bbox 1441 3531 1475 3585; x_wconf 88' lang='lat' dir='ltr'><strong>Et</strong></span> <span class='ocrx_word' id='word_1_493' title='bbox 1481 3532 1586 3586; x_wconf 91' lang='lat' dir='ltr'><strong>nullius</strong></span> <span class='ocrx_word' id='word_1_494' title='bbox 1595 3532 1702 3604; x_wconf 87' lang='lat' dir='ltr'><strong>aliquid</strong></span> <span class='ocrx_word' id='word_1_495' title='bbox 1714 3536 1762 3590; x_wconf 90' lang='lat' dir='ltr'><strong>de·</strong></span> 
     </span>
     <span class='ocr_line' id='line_1_38' title="bbox 151 3618 1760 3692; baseline 0.004 -18"><span class='ocrx_word' id='word_1_496' title='bbox 151 3630 223 3674; x_wconf 72' lang='lat' dir='ltr'><strong>aran</strong></span> <span class='ocrx_word' id='word_1_497' title='bbox 232 3621 363 3677; x_wconf 86' lang='lat' dir='ltr'><strong>salutaris</strong></span> <span class='ocrx_word' id='word_1_498' title='bbox 376 3619 453 3675; x_wconf 85' lang='lat' dir='ltr'><strong>verbi</strong></span> <span class='ocrx_word' id='word_1_499' title='bbox 463 3619 596 3692; x_wconf 89' lang='lat' dir='ltr'><strong>placidas,</strong></span> <span class='ocrx_word' id='word_1_500' title='bbox 612 3624 640 3673; x_wconf 90' lang='lat' dir='ltr'><strong>et</strong></span> <span class='ocrx_word' id='word_1_501' title='bbox 658 3624 781 3691; x_wconf 85' lang='lat' dir='ltr'><strong>paratas.</strong></span> <span class='ocrx_word' id='word_1_502' title='bbox 798 3620 920 3676; x_wconf 88' lang='lat' dir='ltr'><strong>Rursum</strong></span> <span class='ocrx_word' id='word_1_503' title='bbox 961 3618 1103 3673; x_wconf 84' lang='lat' dir='ltr'><strong>sideratis:</strong></span> <span class='ocrx_word' id='word_1_504' title='bbox 1116 3637 1128 3670; x_wconf 66' lang='grc' dir='ltr'>ι</span> <span class='ocrx_word' id='word_1_505' title='bbox 1139 3634 1196 3673; x_wconf 92' lang='lat' dir='ltr'><strong>non</strong></span> <span class='ocrx_word' id='word_1_506' title='bbox 1207 3619 1466 3689; x_wconf 87' lang='lat' dir='ltr'><strong>potestnonslienis</strong></span> <span class='ocrx_word' id='word_1_507' title='bbox 1475 3619 1760 3680; x_wconf 79' lang='lat' dir='ltr'><strong>denisetmuneribus</strong></span> 
     </span>
     <span class='ocr_line' id='line_1_39' title="bbox 151 3702 1761 3779; baseline 0.002 -16"><span class='ocrx_word' id='word_1_508' title='bbox 151 3702 213 3763; x_wconf 78' lang='lat' dir='ltr'><strong>bien</strong></span> <span class='ocrx_word' id='word_1_509' title='bbox 225 3728 230 3761; x_wconf 96' lang='lat'><strong>:</strong></span> <span class='ocrx_word' id='word_1_510' title='bbox 242 3712 477 3779; x_wconf 77' lang='lat' dir='ltr'><strong>ltoqamusautem</strong></span> <span class='ocrx_word' id='word_1_511' title='bbox 485 3709 921 3776; x_wconf 72' lang='lat' dir='ltr'><strong>confratres,utabundetirmc-</strong></span> <span class='ocrx_word' id='word_1_512' title='bbox 962 3706 1081 3772; x_wconf 82' lang='lat' dir='ltr'><strong>inhiare,</strong></span> <span class='ocrx_word' id='word_1_513' title='bbox 1098 3706 1146 3777; x_wconf 91' lang='lat' dir='ltr'><strong>qui</strong></span> <span class='ocrx_word' id='word_1_514' title='bbox 1169 3721 1226 3760; x_wconf 92' lang='lat' dir='ltr'><strong>non</strong></span> <span class='ocrx_word' id='word_1_515' title='bbox 1250 3704 1405 3760; x_wconf 86' lang='lat' dir='ltr'><strong>delectatur</strong></span> <span class='ocrx_word' id='word_1_516' title='bbox 1426 3706 1472 3778; x_wconf 92' lang='lat' dir='ltr'><strong>pio</strong></span> <span class='ocrx_word' id='word_1_517' title='bbox 1493 3707 1644 3779; x_wconf 88' lang='lat' dir='ltr'><strong>quietoque</strong></span> <span class='ocrx_word' id='word_1_518' title='bbox 1665 3709 1761 3767; x_wconf 86' lang='lat' dir='ltr'><strong>labore</strong></span> 
     </span>
     <span class='ocr_line' id='line_1_40' title="bbox 150 3794 1760 3868; baseline 0.001 -15"><span class='ocrx_word' id='word_1_519' title='bbox 150 3796 191 3861; x_wconf 72' lang='lat' dir='ltr'><strong>rin·</strong></span> <span class='ocrx_word' id='word_1_520' title='bbox 203 3797 291 3854; x_wconf 85' lang='lat' dir='ltr'><strong>adbuc</strong></span> <span class='ocrx_word' id='word_1_521' title='bbox 301 3798 462 3852; x_wconf 89' lang='lat' dir='ltr'><strong>blandaeos</strong></span> <span class='ocrx_word' id='word_1_522' title='bbox 475 3796 624 3852; x_wconf 90' lang='lat' dir='ltr'><strong>verborum</strong></span> <span class='ocrx_word' id='word_1_523' title='bbox 638 3796 754 3851; x_wconf 87' lang='lat' dir='ltr'><strong>lenitate</strong></span> <span class='ocrx_word' id='word_1_524' title='bbox 770 3797 919 3864; x_wconf 90' lang='lat' dir='ltr'><strong>demulcet,</strong></span> <span class='ocrx_word' id='word_1_525' title='bbox 961 3795 1054 3868; x_wconf 87' lang='lat' dir='ltr'><strong>operis</strong></span> <span class='ocrx_word' id='word_1_526' title='bbox 1068 3795 1121 3860; x_wconf 94' lang='lat' dir='ltr'><strong>sui,</strong></span> <span class='ocrx_word' id='word_1_527' title='bbox 1132 3794 1287 3866; x_wconf 91' lang='lat' dir='ltr'><strong>quotidiani</strong></span> <span class='ocrx_word' id='word_1_528' title='bbox 1301 3794 1389 3850; x_wconf 71' lang='lat' dir='ltr'><strong>rictus</strong></span> <span class='ocrx_word' id='word_1_529' title='bbox 1400 3810 1501 3866; x_wconf 88' lang='lat' dir='ltr'><strong>parare</strong></span> <span class='ocrx_word' id='word_1_530' title='bbox 1511 3795 1760 3855; x_wconf 82' lang='lat' dir='ltr'><strong>substantiamvi-</strong></span> 
     </span>
     <span class='ocr_line' id='line_1_41' title="bbox 150 3884 1759 3958; baseline 0.006 -21"><span class='ocrx_word' id='word_1_531' title='bbox 150 3896 174 3937; x_wconf 80' lang='lat' dir='ltr'><strong>re</strong></span> <span class='ocrx_word' id='word_1_532' title='bbox 185 3884 248 3942; x_wconf 86' lang='lat' dir='ltr'><strong>iorte</strong></span> <span class='ocrx_word' id='word_1_533' title='bbox 264 3887 387 3943; x_wconf 91' lang='lat' dir='ltr'><strong>necdum</strong></span> <span class='ocrx_word' id='word_1_534' title='bbox 406 3892 486 3958; x_wconf 91' lang='lat' dir='ltr'><strong>aptos</strong></span> <span class='ocrx_word' id='word_1_535' title='bbox 504 3886 540 3940; x_wconf 89' lang='lat' dir='ltr'><strong>ad</strong></span> <span class='ocrx_word' id='word_1_536' title='bbox 560 3886 769 3958; x_wconf 88' lang='lat' dir='ltr'><strong>perceptionem</strong></span> <span class='ocrx_word' id='word_1_537' title='bbox 794 3885 922 3958; x_wconf 76' lang='lat' dir='ltr'><strong>perfecta</strong></span> <span class='ocrx_word' id='word_1_538' title='bbox 962 3884 1035 3940; x_wconf 87' lang='lat' dir='ltr'><strong>dctis</strong></span> <span class='ocrx_word' id='word_1_539' title='bbox 1048 3888 1091 3939; x_wconf 89' lang='lat' dir='ltr'><strong>tot</strong></span> <span class='ocrx_word' id='word_1_540' title='bbox 1104 3899 1212 3950; x_wconf 88' lang='lat' dir='ltr'><strong>causas,</strong></span> <span class='ocrx_word' id='word_1_541' title='bbox 1224 3889 1283 3938; x_wconf 88' lang='lat' dir='ltr'><strong>tam</strong></span> <span class='ocrx_word' id='word_1_542' title='bbox 1302 3901 1411 3954; x_wconf 81' lang='lat' dir='ltr'><strong>graves,</strong></span> <span class='ocrx_word' id='word_1_543' title='bbox 1428 3889 1487 3939; x_wconf 88' lang='lat' dir='ltr'><strong>tam</strong></span> <span class='ocrx_word' id='word_1_544' title='bbox 1505 3890 1612 3957; x_wconf 89' lang='lat' dir='ltr'><strong>turpes,</strong></span> <span class='ocrx_word' id='word_1_545' title='bbox 1628 3903 1685 3943; x_wconf 89' lang='lat' dir='ltr'><strong>una</strong></span> <span class='ocrx_word' id='word_1_546' title='bbox 1708 3891 1759 3946; x_wconf 89' lang='lat' dir='ltr'><strong>otii</strong></span> 
     </span>
     <span class='ocr_line' id='line_1_42' title="bbox 149 3972 1178 4047; baseline -0.007 -15"><span class='ocrx_word' id='word_1_547' title='bbox 149 3975 275 4031; x_wconf 73' lang='lat' dir='ltr'><strong>annona</strong></span> <span class='ocrx_word' id='word_1_548' title='bbox 288 3976 422 4043; x_wconf 76' lang='lat' dir='ltr'><strong>mreniat,</strong></span> <span class='ocrx_word' id='word_1_549' title='bbox 438 3975 505 4047; x_wconf 90' lang='lat' dir='ltr'><strong>quid</strong></span> <span class='ocrx_word' id='word_1_550' title='bbox 520 3974 651 4046; x_wconf 86' lang='lat' dir='ltr'><strong>estquod</strong></span> <span class='ocrx_word' id='word_1_551' title='bbox 667 3991 759 4045; x_wconf 80' lang='lat' dir='ltr'><strong>rogas,</strong></span> <span class='ocrx_word' id='word_1_552' title='bbox 778 3976 919 4046; x_wconf 80' lang='lat' dir='ltr'><strong>Apostole,</strong></span> <span class='ocrx_word' id='word_1_553' title='bbox 963 3972 1025 4028; x_wconf 88' lang='lat' dir='ltr'><strong>labe</strong></span> <span class='ocrx_word' id='word_1_554' title='bbox 1038 3972 1178 4043; x_wconf 83' lang='lat' dir='ltr'><strong>generari.</strong></span> 
     </span>
     <span class='ocr_line' id='line_1_43' title="bbox 150 4062 1762 4136; baseline 0.007 -21"><span class='ocrx_word' id='word_1_555' title='bbox 150 4062 309 4121; x_wconf 79' lang='lat' dir='ltr'><strong>utbnndent</strong></span> <span class='ocrx_word' id='word_1_556' title='bbox 323 4062 431 4136; x_wconf 80' lang='lat' dir='ltr'><strong>magis?</strong></span> <span class='ocrx_word' id='word_1_557' title='bbox 445 4064 551 4118; x_wconf 89' lang='lat' dir='ltr'><strong>scilicet</strong></span> <span class='ocrx_word' id='word_1_558' title='bbox 563 4063 593 4118; x_wconf 93' lang='lat' dir='ltr'><strong>in</strong></span> <span class='ocrx_word' id='word_1_559' title='bbox 604 4063 750 4129; x_wconf 88' lang='lat' dir='ltr'><strong>charitate,</strong></span> <span class='ocrx_word' id='word_1_560' title='bbox 763 4064 798 4118; x_wconf 90' lang='lat' dir='ltr'><strong>de</strong></span> <span class='ocrx_word' id='word_1_561' title='bbox 808 4079 864 4135; x_wconf 91' lang='lat' dir='ltr'><strong>qua</strong></span> <span class='ocrx_word' id='word_1_562' title='bbox 877 4081 923 4118; x_wconf 88' lang='lat' dir='ltr'><strong>su·</strong></span> <span class='ocrx_word' id='word_1_563' title='bbox 998 4062 1133 4116; x_wconf 85' lang='lat' dir='ltr'><strong>Nolumus</strong></span> <span class='ocrx_word' id='word_1_564' title='bbox 1144 4066 1237 4116; x_wconf 86' lang='lat' dir='ltr'><strong>autem</strong></span> <span class='ocrx_word' id='word_1_565' title='bbox 1247 4077 1291 4115; x_wconf 85' lang='lat' dir='ltr'><strong>uos</strong></span> <span class='ocrx_word' id='word_1_566' title='bbox 1301 4063 1591 4131; x_wconf 76' lang='lat' dir='ltr'><strong>iqnorcrc,srctres,dc</strong></span> <span class='ocrx_word' id='word_1_567' title='bbox 1600 4067 1762 4127; x_wconf 85' lang='lat' dir='ltr'><strong>dormienti-</strong></span> 
     </span>
     <span class='ocr_line' id='line_1_44' title="bbox 149 4151 1760 4222; baseline 0.003 -14"><span class='ocrx_word' id='word_1_568' title='bbox 149 4152 219 4217; x_wconf 66' lang='lat' dir='ltr'><strong>iuius</strong></span> <span class='ocrx_word' id='word_1_569' title='bbox 230 4154 356 4209; x_wconf 84' lang='lat' dir='ltr'><strong>dixeras:</strong></span> <span class='ocrx_word' id='word_1_570' title='bbox 367 4154 546 4209; x_wconf 81' lang='lat' dir='ltr'><strong>llccburitatc</strong></span> <span class='ocrx_word' id='word_1_571' title='bbox 555 4158 647 4207; x_wconf 84' lang='lat' dir='ltr'><strong>nutem</strong></span> <span class='ocrx_word' id='word_1_572' title='bbox 661 4155 850 4221; x_wconf 70' lang='lat' dir='ltr'><strong>fraternitatis</strong></span> <span class='ocrx_word' id='word_1_573' title='bbox 865 4169 922 4207; x_wconf 87' lang='lat' dir='ltr'><strong>non</strong></span> <span class='ocrx_word' id='word_1_574' title='bbox 963 4151 1021 4215; x_wconf 81' lang='lat' dir='ltr'><strong>bus,</strong></span> <span class='ocrx_word' id='word_1_575' title='bbox 1030 4154 1061 4204; x_wconf 88' lang='lat' dir='ltr'><strong>nt</strong></span> <span class='ocrx_word' id='word_1_576' title='bbox 1070 4166 1125 4204; x_wconf 89' lang='lat' dir='ltr'><strong>non</strong></span> <span class='ocrx_word' id='word_1_577' title='bbox 1135 4153 1196 4204; x_wconf 81' lang='lat' dir='ltr'><strong>sitis</strong></span> <span class='ocrx_word' id='word_1_578' title='bbox 1206 4152 1374 4204; x_wconf 81' lang='lat' dir='ltr'><strong>tristcssicut</strong></span> <span class='ocrx_word' id='word_1_579' title='bbox 1384 4154 1635 4222; x_wconf 78' lang='lat' dir='ltr'><strong>etceteriquispem</strong></span> <span class='ocrx_word' id='word_1_580' title='bbox 1646 4160 1760 4213; x_wconf 73' lang='lat' dir='ltr'><strong>cronbe-</strong></span> 
     </span>
     <span class='ocr_line' id='line_1_45' title="bbox 149 4237 1762 4314; baseline 0.004 -17"><span class='ocrx_word' id='word_1_581' title='bbox 149 4252 225 4297; x_wconf 75' lang='lat' dir='ltr'><strong>tnesec</strong></span> <span class='ocrx_word' id='word_1_582' title='bbox 238 4242 373 4297; x_wconf 81' lang='lat' dir='ltr'><strong>bobemm</strong></span> <span class='ocrx_word' id='word_1_583' title='bbox 390 4244 507 4297; x_wconf 84' lang='lat' dir='ltr'><strong>scribere</strong></span> <span class='ocrx_word' id='word_1_584' title='bbox 521 4244 604 4305; x_wconf 80' lang='lat' dir='ltr'><strong>cobis,</strong></span> <span class='ocrx_word' id='word_1_585' title='bbox 620 4249 649 4295; x_wconf 87' lang='lat' dir='ltr'><strong>ot</strong></span> <span class='ocrx_word' id='word_1_586' title='bbox 672 4241 738 4314; x_wconf 90' lang='lat' dir='ltr'><strong>quid</strong></span> <span class='ocrx_word' id='word_1_587' title='bbox 752 4258 865 4296; x_wconf 88' lang='lat' dir='ltr'><strong>necesse</strong></span> <span class='ocrx_word' id='word_1_588' title='bbox 879 4246 923 4296; x_wconf 88' lang='lat' dir='ltr'><strong>est</strong></span> <span class='ocrx_word' id='word_1_589' title='bbox 963 4237 1240 4309; x_wconf 83' lang='lat' dir='ltr'><strong>bent.(Ambr.)Bene</strong></span> <span class='ocrx_word' id='word_1_590' title='bbox 1246 4237 1375 4310; x_wconf 88' lang='lat' dir='ltr'><strong>quianon</strong></span> <span class='ocrx_word' id='word_1_591' title='bbox 1385 4238 1531 4295; x_wconf 88' lang='lat' dir='ltr'><strong>tristitiam</strong></span> <span class='ocrx_word' id='word_1_592' title='bbox 1538 4241 1762 4308; x_wconf 79' lang='lat' dir='ltr'><strong>ademitsedim·</strong></span> 
     </span>
     <span class='ocr_line' id='line_1_46' title="bbox 149 4325 1761 4402; baseline 0.007 -21"><span class='ocrx_word' id='word_1_593' title='bbox 149 4330 254 4397; x_wconf 61' lang='lat' dir='ltr'><strong>edicas,</strong></span> <span class='ocrx_word' id='word_1_594' title='bbox 268 4351 282 4381; x_wconf 81' lang='grc' dir='ltr'>ι</span> <span class='ocrx_word' id='word_1_595' title='bbox 294 4347 427 4402; x_wconf 80' lang='lat' dir='ltr'><strong>rogamus</strong></span> <span class='ocrx_word' id='word_1_596' title='bbox 437 4347 495 4395; x_wconf 81' lang='lat' dir='ltr'><strong>ros,</strong></span> <span class='ocrx_word' id='word_1_597' title='bbox 511 4334 544 4384; x_wconf 91' lang='lat' dir='ltr'><strong>ut</strong></span> <span class='ocrx_word' id='word_1_598' title='bbox 558 4330 707 4385; x_wconf 88' lang='lat' dir='ltr'><strong>abundetis</strong></span> <span class='ocrx_word' id='word_1_599' title='bbox 725 4330 825 4401; x_wconf 82' lang='lat' dir='ltr'><strong>magis,</strong></span> <span class='ocrx_word' id='word_1_600' title='bbox 843 4350 856 4382; x_wconf 79' lang='lat' dir='ltr'><strong>n</strong></span> <span class='ocrx_word' id='word_1_601' title='bbox 875 4331 921 4401; x_wconf 89' lang='lat' dir='ltr'><strong>qui</strong></span> <span class='ocrx_word' id='word_1_602' title='bbox 963 4343 1090 4382; x_wconf 88' lang='lat' dir='ltr'><strong>mensam</strong></span> <span class='ocrx_word' id='word_1_603' title='bbox 1100 4344 1162 4381; x_wconf 90' lang='lat' dir='ltr'><strong>eam</strong></span> <span class='ocrx_word' id='word_1_604' title='bbox 1169 4342 1229 4381; x_wconf 86' lang='lat' dir='ltr'><strong>esse</strong></span> <span class='ocrx_word' id='word_1_605' title='bbox 1238 4325 1389 4397; x_wconf 88' lang='lat' dir='ltr'><strong>prohibuit,</strong></span> <span class='ocrx_word' id='word_1_606' title='bbox 1399 4328 1693 4399; x_wconf 82' lang='lat' dir='ltr'><strong>comparationem,vel</strong></span> <span class='ocrx_word' id='word_1_607' title='bbox 1703 4352 1761 4392; x_wconf 89' lang='lat' dir='ltr'><strong>ma·</strong></span> 
     </span>
     <span class='ocr_line' id='line_1_47' title="bbox 147 4415 1761 4490; baseline 0.002 -14"><span class='ocrx_word' id='word_1_608' title='bbox 147 4430 210 4490; x_wconf 72' lang='lat' dir='ltr'><strong>uper</strong></span> <span class='ocrx_word' id='word_1_609' title='bbox 220 4420 272 4476; x_wconf 86' lang='lat' dir='ltr'><strong>bae</strong></span> <span class='ocrx_word' id='word_1_610' title='bbox 287 4437 328 4486; x_wconf 87' lang='lat' dir='ltr'><strong>re,</strong></span> <span class='ocrx_word' id='word_1_611' title='bbox 335 4436 372 4474; x_wconf 91' lang='lat' dir='ltr'><strong>ne</strong></span> <span class='ocrx_word' id='word_1_612' title='bbox 378 4419 463 4473; x_wconf 87' lang='lat' dir='ltr'><strong>scribi</strong></span> <span class='ocrx_word' id='word_1_613' title='bbox 478 4419 592 4490; x_wconf 91' lang='lat' dir='ltr'><strong>quidem</strong></span> <span class='ocrx_word' id='word_1_614' title='bbox 603 4418 655 4474; x_wconf 91' lang='lat' dir='ltr'><strong>sibi</strong></span> <span class='ocrx_word' id='word_1_615' title='bbox 663 4419 769 4490; x_wconf 90' lang='lat' dir='ltr'><strong>aliquid</strong></span> <span class='ocrx_word' id='word_1_616' title='bbox 784 4419 920 4490; x_wconf 85' lang='lat' dir='ltr'><strong>indigent,</strong></span> <span class='ocrx_word' id='word_1_617' title='bbox 962 4416 1036 4471; x_wconf 88' lang='lat' dir='ltr'><strong>xime</strong></span> <span class='ocrx_word' id='word_1_618' title='bbox 1047 4415 1517 4471; x_wconf 83' lang='lat' dir='ltr'><strong>adversariorumadverecundiam</strong></span> <span class='ocrx_word' id='word_1_619' title='bbox 1524 4432 1571 4471; x_wconf 92' lang='lat' dir='ltr'><strong>eos</strong></span> <span class='ocrx_word' id='word_1_620' title='bbox 1581 4418 1761 4490; x_wconf 87' lang='lat' dir='ltr'><strong>devotans,eo</strong></span> 
     </span>
     <span class='ocr_line' id='line_1_48' title="bbox 147 4503 1759 4582; baseline 0.004 -19"><span class='ocrx_word' id='word_1_621' title='bbox 147 4518 191 4563; x_wconf 79' lang='lat' dir='ltr'><strong>ten</strong></span> <span class='ocrx_word' id='word_1_622' title='bbox 203 4507 360 4582; x_wconf 56' lang='lat' dir='ltr'><strong>presertim</strong></span> <span class='ocrx_word' id='word_1_623' title='bbox 368 4514 398 4563; x_wconf 90' lang='lat' dir='ltr'><strong>et</strong></span> <span class='ocrx_word' id='word_1_624' title='bbox 409 4506 514 4562; x_wconf 84' lang='lat' dir='ltr'><strong>inieras</strong></span> <span class='ocrx_word' id='word_1_625' title='bbox 527 4524 642 4562; x_wconf 85' lang='lat' dir='ltr'><strong>causam</strong></span> <span class='ocrx_word' id='word_1_626' title='bbox 651 4507 686 4563; x_wconf 91' lang='lat' dir='ltr'><strong>ob</strong></span> <span class='ocrx_word' id='word_1_627' title='bbox 701 4524 786 4579; x_wconf 89' lang='lat' dir='ltr'><strong>quam</strong></span> <span class='ocrx_word' id='word_1_628' title='bbox 794 4508 847 4563; x_wconf 90' lang='lat' dir='ltr'><strong>hoc</strong></span> <span class='ocrx_word' id='word_1_629' title='bbox 861 4508 922 4580; x_wconf 89' lang='lat' dir='ltr'><strong>ipso</strong></span> <span class='ocrx_word' id='word_1_630' title='bbox 964 4506 1038 4577; x_wconf 93' lang='lat' dir='ltr'><strong>quod</strong></span> <span class='ocrx_word' id='word_1_631' title='bbox 1048 4506 1152 4560; x_wconf 90' lang='lat' dir='ltr'><strong>illinon</strong></span> <span class='ocrx_word' id='word_1_632' title='bbox 1160 4503 1266 4559; x_wconf 85' lang='lat' dir='ltr'><strong>habent</strong></span> <span class='ocrx_word' id='word_1_633' title='bbox 1276 4520 1354 4575; x_wconf 88' lang='lat' dir='ltr'><strong>spem</strong></span> <span class='ocrx_word' id='word_1_634' title='bbox 1364 4522 1369 4556; x_wconf 96' lang='lat'><strong>:</strong></span> <span class='ocrx_word' id='word_1_635' title='bbox 1381 4504 1485 4558; x_wconf 89' lang='lat' dir='ltr'><strong>etenim</strong></span> <span class='ocrx_word' id='word_1_636' title='bbox 1495 4505 1759 4568; x_wconf 81' lang='lat' dir='ltr'><strong>eratinconveniens</strong></span> 
     </span>
     <span class='ocr_line' id='line_1_49' title="bbox 85 4588 1761 4673; baseline 0.002 -22"><span class='ocrx_word' id='word_1_637' title='bbox 85 4588 87 4614; x_wconf 81' lang='lat'><strong>¹</strong></span> <span class='ocrx_word' id='word_1_638' title='bbox 146 4598 476 4671; x_wconf 58' lang='lat' dir='ltr'><strong>maneantdicensipsi</strong></span> <span class='ocrx_word' id='word_1_639' title='bbox 484 4599 559 4650; x_wconf 87' lang='lat' dir='ltr'><strong>enim</strong></span> <span class='ocrx_word' id='word_1_640' title='bbox 574 4612 619 4650; x_wconf 79' lang='lat' dir='ltr'><strong>rus</strong></span> <span class='ocrx_word' id='word_1_641' title='bbox 632 4612 650 4649; x_wconf 86' lang='lat' dir='ltr'><strong>a</strong></span> <span class='ocrx_word' id='word_1_642' title='bbox 664 4598 716 4651; x_wconf 85' lang='lat' dir='ltr'><strong>Deo</strong></span> <span class='ocrx_word' id='word_1_643' title='bbox 730 4599 802 4650; x_wconf 84' lang='lat' dir='ltr'><strong>docti</strong></span> <span class='ocrx_word' id='word_1_644' title='bbox 816 4599 923 4660; x_wconf 68' lang='lat' dir='ltr'><strong>sitiant</strong></span> <span class='ocrx_word' id='word_1_645' title='bbox 963 4599 996 4648; x_wconf 94' lang='lat' dir='ltr'><strong>ut</strong></span> <span class='ocrx_word' id='word_1_646' title='bbox 1002 4594 1043 4649; x_wconf 89' lang='lat' dir='ltr'><strong>illi</strong></span> <span class='ocrx_word' id='word_1_647' title='bbox 1054 4594 1102 4665; x_wconf 92' lang='lat' dir='ltr'><strong>qui</strong></span> <span class='ocrx_word' id='word_1_648' title='bbox 1110 4598 1173 4665; x_wconf 91' lang='lat' dir='ltr'><strong>post</strong></span> <span class='ocrx_word' id='word_1_649' title='bbox 1182 4598 1301 4648; x_wconf 83' lang='lat' dir='ltr'><strong>mortem</strong></span> <span class='ocrx_word' id='word_1_650' title='bbox 1309 4592 1563 4664; x_wconf 86' lang='lat' dir='ltr'><strong>meliorapraesenti</strong></span> <span class='ocrx_word' id='word_1_651' title='bbox 1569 4597 1656 4651; x_wconf 88' lang='lat' dir='ltr'><strong>statui</strong></span> <span class='ocrx_word' id='word_1_652' title='bbox 1665 4615 1761 4673; x_wconf 87' lang='lat' dir='ltr'><strong>exspe-</strong></span> 
     </span>
     <span class='ocr_line' id='line_1_50' title="bbox 85 4670 1760 4757; baseline 0.004 -16"><span class='ocrx_word' id='word_1_653' title='bbox 85 4670 88 4703; x_wconf 70' lang='lat'><em>³</em></span> <span class='ocrx_word' id='word_1_654' title='bbox 144 4682 248 4753; x_wconf 59' lang='lat' dir='ltr'><strong>meam</strong></span> <span class='ocrx_word' id='word_1_655' title='bbox 263 4689 402 4741; x_wconf 81' lang='lat' dir='ltr'><strong>invicem?</strong></span> <span class='ocrx_word' id='word_1_656' title='bbox 420 4684 547 4740; x_wconf 83' lang='lat' dir='ltr'><strong>Tertium</strong></span> <span class='ocrx_word' id='word_1_657' title='bbox 566 4700 677 4757; x_wconf 91' lang='lat' dir='ltr'><strong>quoque</strong></span> <span class='ocrx_word' id='word_1_658' title='bbox 699 4684 792 4754; x_wconf 81' lang='lat' dir='ltr'><strong>niajus</strong></span> <span class='ocrx_word' id='word_1_659' title='bbox 807 4684 922 4753; x_wconf 87' lang='lat' dir='ltr'><strong>adjicias</strong></span> <span class='ocrx_word' id='word_1_660' title='bbox 963 4687 1049 4748; x_wconf 85' lang='lat' dir='ltr'><strong>etant,</strong></span> <span class='ocrx_word' id='word_1_661' title='bbox 1066 4682 1101 4736; x_wconf 90' lang='lat' dir='ltr'><strong>ad</strong></span> <span class='ocrx_word' id='word_1_662' title='bbox 1116 4681 1329 4736; x_wconf 88' lang='lat' dir='ltr'><strong>similitudinem</strong></span> <span class='ocrx_word' id='word_1_663' title='bbox 1344 4680 1457 4735; x_wconf 90' lang='lat' dir='ltr'><strong>illorum</strong></span> <span class='ocrx_word' id='word_1_664' title='bbox 1471 4681 1620 4737; x_wconf 88' lang='lat' dir='ltr'><strong>tristentur</strong></span> <span class='ocrx_word' id='word_1_665' title='bbox 1633 4686 1681 4757; x_wconf 91' lang='lat' dir='ltr'><strong>qui</strong></span> <span class='ocrx_word' id='word_1_666' title='bbox 1690 4690 1760 4747; x_wconf 89' lang='lat' dir='ltr'><strong>nibil</strong></span> 
     </span>
     <span class='ocr_line' id='line_1_51' title="bbox 143 4769 1761 4851; baseline 0.001 -21"><span class='ocrx_word' id='word_1_667' title='bbox 143 4774 199 4841; x_wconf 62' lang='lat' dir='ltr'><strong>nod</strong></span> <span class='ocrx_word' id='word_1_668' title='bbox 212 4791 270 4831; x_wconf 87' lang='lat' dir='ltr'><strong>non</strong></span> <span class='ocrx_word' id='word_1_669' title='bbox 279 4775 372 4830; x_wconf 87' lang='lat' dir='ltr'><strong>solum</strong></span> <span class='ocrx_word' id='word_1_670' title='bbox 385 4790 404 4828; x_wconf 88' lang='lat' dir='ltr'><strong>a</strong></span> <span class='ocrx_word' id='word_1_671' title='bbox 417 4773 536 4829; x_wconf 89' lang='lat' dir='ltr'><strong>Domino</strong></span> <span class='ocrx_word' id='word_1_672' title='bbox 549 4773 623 4827; x_wconf 87' lang='lat' dir='ltr'><strong>docti</strong></span> <span class='ocrx_word' id='word_1_673' title='bbox 637 4772 703 4839; x_wconf 85' lang='lat' dir='ltr'><strong>sint,</strong></span> <span class='ocrx_word' id='word_1_674' title='bbox 725 4788 821 4826; x_wconf 87' lang='lat' dir='ltr'><strong>verum</strong></span> <span class='ocrx_word' id='word_1_675' title='bbox 837 4772 921 4827; x_wconf 89' lang='lat' dir='ltr'><strong>etiam</strong></span> <span class='ocrx_word' id='word_1_676' title='bbox 963 4771 1276 4842; x_wconf 79' lang='lat' dir='ltr'><strong>ampliuspostmortem</strong></span> <span class='ocrx_word' id='word_1_677' title='bbox 1286 4769 1561 4840; x_wconf 83' lang='lat' dir='ltr'><strong>exspectant,deinde</strong></span> <span class='ocrx_word' id='word_1_678' title='bbox 1567 4773 1639 4828; x_wconf 87' lang='lat' dir='ltr'><strong>etde</strong></span> <span class='ocrx_word' id='word_1_679' title='bbox 1649 4775 1704 4832; x_wconf 88' lang='lat' dir='ltr'><strong>illis</strong></span> <span class='ocrx_word' id='word_1_680' title='bbox 1714 4781 1761 4851; x_wconf 90' lang='lat' dir='ltr'><strong>qni</strong></span> 
     </span>
     <span class='ocr_line' id='line_1_52' title="bbox 139 4857 1760 4936; baseline 0.003 -18"><span class='ocrx_word' id='word_1_681' title='bbox 139 4864 282 4936; x_wconf 70' lang='lat' dir='ltr'><strong>compleant</strong></span> <span class='ocrx_word' id='word_1_682' title='bbox 290 4878 454 4936; x_wconf 64' lang='lat' dir='ltr'><strong>opereque</strong></span> <span class='ocrx_word' id='word_1_683' title='bbox 462 4860 727 4918; x_wconf 79' lang='lat' dir='ltr'><strong>docenturtetenim</strong></span> <span class='ocrx_word' id='word_1_684' title='bbox 736 4863 830 4929; x_wconf 69' lang='lat' dir='ltr'><strong>santis</strong></span> <span class='ocrx_word' id='word_1_685' title='bbox 838 4863 920 4927; x_wconf 86' lang='lat' dir='ltr'><strong>illud,</strong></span> <span class='ocrx_word' id='word_1_686' title='bbox 963 4859 993 4914; x_wconf 92' lang='lat' dir='ltr'><strong>in</strong></span> <span class='ocrx_word' id='word_1_687' title='bbox 1010 4875 1058 4930; x_wconf 88' lang='lat' dir='ltr'><strong>spe</strong></span> <span class='ocrx_word' id='word_1_688' title='bbox 1077 4865 1144 4912; x_wconf 89' lang='lat' dir='ltr'><strong>sunt</strong></span> <span class='ocrx_word' id='word_1_689' title='bbox 1164 4857 1230 4912; x_wconf 89' lang='lat' dir='ltr'><strong>dicit</strong></span> <span class='ocrx_word' id='word_1_690' title='bbox 1248 4875 1253 4909; x_wconf 94' lang='lat'>:</span> <span class='ocrx_word' id='word_1_691' title='bbox 1280 4858 1312 4912; x_wconf 86' lang='lat' dir='ltr'><strong>Si</strong></span> <span class='ocrx_word' id='word_1_692' title='bbox 1332 4859 1469 4912; x_wconf 74' lang='lat' dir='ltr'><strong>credimus</strong></span> <span class='ocrx_word' id='word_1_693' title='bbox 1492 4861 1564 4928; x_wconf 81' lang='lat' dir='ltr'><strong>quod</strong></span> <span class='ocrx_word' id='word_1_694' title='bbox 1585 4863 1663 4918; x_wconf 77' lang='lat' dir='ltr'><strong>lesus</strong></span> <span class='ocrx_word' id='word_1_695' title='bbox 1683 4884 1760 4923; x_wconf 89' lang='lat' dir='ltr'><strong>mor-</strong></span> 
     </span>
     <span class='ocr_line' id='line_1_53' title="bbox 138 4946 1759 5023; baseline 0.002 -16"><span class='ocrx_word' id='word_1_696' title='bbox 138 4947 225 5023; x_wconf 69' lang='lat' dir='ltr'><strong>iqnit,</strong></span> <span class='ocrx_word' id='word_1_697' title='bbox 239 4968 299 5008; x_wconf 91' lang='lat' dir='ltr'><strong>non</strong></span> <span class='ocrx_word' id='word_1_698' title='bbox 310 4952 342 5007; x_wconf 89' lang='lat' dir='ltr'><strong>in</strong></span> <span class='ocrx_word' id='word_1_699' title='bbox 351 4968 408 5006; x_wconf 89' lang='lat' dir='ltr'><strong>uno</strong></span> <span class='ocrx_word' id='word_1_700' title='bbox 421 4951 465 5005; x_wconf 86' lang='lat' dir='ltr'><strong>rel</strong></span> <span class='ocrx_word' id='word_1_701' title='bbox 474 4950 592 5015; x_wconf 90' lang='lat' dir='ltr'><strong>duobus,</strong></span> <span class='ocrx_word' id='word_1_702' title='bbox 600 4950 649 5004; x_wconf 92' lang='lat' dir='ltr'><strong>sed</strong></span> <span class='ocrx_word' id='word_1_703' title='bbox 664 4953 696 5003; x_wconf 84' lang='lat' dir='ltr'><strong>in</strong></span> <span class='ocrx_word' id='word_1_704' title='bbox 706 4966 798 5005; x_wconf 78' lang='lat' dir='ltr'><strong>ornnes</strong></span> <span class='ocrx_word' id='word_1_705' title='bbox 807 4951 919 5017; x_wconf 72' lang='lat' dir='ltr'><strong>fratres,</strong></span> <span class='ocrx_word' id='word_1_706' title='bbox 965 4953 1028 5002; x_wconf 81' lang='lat' dir='ltr'><strong>tuus</strong></span> <span class='ocrx_word' id='word_1_707' title='bbox 1042 4951 1090 5009; x_wconf 81' lang='lat' dir='ltr'><strong>cst,</strong></span> <span class='ocrx_word' id='word_1_708' title='bbox 1106 4951 1131 5000; x_wconf 87' lang='lat' dir='ltr'><strong>ct</strong></span> <span class='ocrx_word' id='word_1_709' title='bbox 1148 4948 1312 5011; x_wconf 76' lang='lat' dir='ltr'><strong>resurrexit,</strong></span> <span class='ocrx_word' id='word_1_710' title='bbox 1327 4948 1404 5000; x_wconf 78' lang='lat' dir='ltr'><strong>sicet</strong></span> <span class='ocrx_word' id='word_1_711' title='bbox 1423 4946 1493 5000; x_wconf 74' lang='lat' dir='ltr'><strong>dens</strong></span> <span class='ocrx_word' id='word_1_712' title='bbox 1514 4950 1565 5018; x_wconf 87' lang='lat' dir='ltr'><strong>qui</strong></span> <span class='ocrx_word' id='word_1_713' title='bbox 1583 4951 1759 5011; x_wconf 79' lang='lat' dir='ltr'><strong>dornricrunt</strong></span> 
     </span>
     <span class='ocr_line' id='line_1_54' title="bbox 134 5034 1758 5117; baseline -0.006 -19"><span class='ocrx_word' id='word_1_714' title='bbox 134 5041 212 5098; x_wconf 74' lang='lat' dir='ltr'><strong>nain</strong></span> <span class='ocrx_word' id='word_1_715' title='bbox 231 5046 340 5097; x_wconf 69' lang='lat' dir='ltr'><strong>vestm</strong></span> <span class='ocrx_word' id='word_1_716' title='bbox 353 5039 550 5095; x_wconf 89' lang='lat' dir='ltr'><strong>tantummodo</strong></span> <span class='ocrx_word' id='word_1_717' title='bbox 565 5039 648 5104; x_wconf 86' lang='lat' dir='ltr'><strong>cives,</strong></span> <span class='ocrx_word' id='word_1_718' title='bbox 660 5038 703 5093; x_wconf 87' lang='lat' dir='ltr'><strong>rel</strong></span> <span class='ocrx_word' id='word_1_719' title='bbox 717 5044 808 5103; x_wconf 83' lang='lat' dir='ltr'><strong>notos,</strong></span> <span class='ocrx_word' id='word_1_720' title='bbox 826 5038 874 5093; x_wconf 90' lang='lat' dir='ltr'><strong>sed</strong></span> <span class='ocrx_word' id='word_1_721' title='bbox 889 5041 921 5093; x_wconf 88' lang='lat' dir='ltr'><strong>in</strong></span> <span class='ocrx_word' id='word_1_722' title='bbox 959 5038 1106 5105; x_wconf 73' lang='lat' dir='ltr'><strong>perieram</strong></span> <span class='ocrx_word' id='word_1_723' title='bbox 1114 5036 1228 5089; x_wconf 82' lang='lat' dir='ltr'><strong>adducet</strong></span> <span class='ocrx_word' id='word_1_724' title='bbox 1240 5051 1303 5088; x_wconf 83' lang='lat' dir='ltr'><strong>curn</strong></span> <span class='ocrx_word' id='word_1_725' title='bbox 1312 5034 1460 5105; x_wconf 80' lang='lat' dir='ltr'><strong>eotGreg.)</strong></span> <span class='ocrx_word' id='word_1_726' title='bbox 1471 5035 1545 5100; x_wconf 86' lang='lat' dir='ltr'><strong>Quid</strong></span> <span class='ocrx_word' id='word_1_727' title='bbox 1553 5043 1596 5092; x_wconf 90' lang='lat' dir='ltr'><strong>est</strong></span> <span class='ocrx_word' id='word_1_728' title='bbox 1604 5042 1678 5110; x_wconf 92' lang='lat' dir='ltr'><strong>quod</strong></span> <span class='ocrx_word' id='word_1_729' title='bbox 1686 5060 1758 5117; x_wconf 66' lang='lat' dir='ltr'><strong>pm.</strong></span> 
     </span>
     <span class='ocr_line' id='line_1_55' title="bbox 133 5122 1759 5200; baseline -0.006 -13"><span class='ocrx_word' id='word_1_730' title='bbox 133 5132 253 5186; x_wconf 59' lang='lat' dir='ltr'><strong>nivoso</strong></span> <span class='ocrx_word' id='word_1_731' title='bbox 259 5131 429 5186; x_wconf 62' lang='lat' dir='ltr'><strong>Macedonia.</strong></span> <span class='ocrx_word' id='word_1_732' title='bbox 437 5128 488 5183; x_wconf 91' lang='lat' dir='ltr'><strong>Dic</strong></span> <span class='ocrx_word' id='word_1_733' title='bbox 498 5126 708 5200; x_wconf 78' lang='lat' dir='ltr'><strong>igiturtandem</strong></span> <span class='ocrx_word' id='word_1_734' title='bbox 719 5126 786 5198; x_wconf 91' lang='lat' dir='ltr'><strong>quid</strong></span> <span class='ocrx_word' id='word_1_735' title='bbox 797 5127 919 5198; x_wconf 90' lang='lat' dir='ltr'><strong>estquod</strong></span> <span class='ocrx_word' id='word_1_736' title='bbox 962 5122 1070 5180; x_wconf 88' lang='lat' dir='ltr'><strong>dicator</strong></span> <span class='ocrx_word' id='word_1_737' title='bbox 1083 5123 1339 5195; x_wconf 80' lang='lat' dir='ltr'><strong>egregiusmortem</strong></span> <span class='ocrx_word' id='word_1_738' title='bbox 1349 5122 1759 5199; x_wconf 54' lang='lat' dir='ltr'><strong>Dominimortemvocaqmm.</strong></span> 
     </span>
     <span class='ocr_line' id='line_1_56' title="bbox 130 5211 1760 5293; baseline -0.004 -17"><span class='ocrx_word' id='word_1_739' title='bbox 130 5224 269 5293; x_wconf 69' lang='lat' dir='ltr'><strong>mpure</strong></span> <span class='ocrx_word' id='word_1_740' title='bbox 281 5219 337 5275; x_wconf 82' lang='lat' dir='ltr'><strong>bos</strong></span> <span class='ocrx_word' id='word_1_741' title='bbox 352 5217 524 5292; x_wconf 75' lang='lat' dir='ltr'><strong>premittisl</strong></span> <span class='ocrx_word' id='word_1_742' title='bbox 542 5217 645 5272; x_wconf 90' lang='lat' dir='ltr'><strong>iterum</strong></span> <span class='ocrx_word' id='word_1_743' title='bbox 666 5215 769 5272; x_wconf 86' lang='lat' dir='ltr'><strong>infert:</strong></span> <span class='ocrx_word' id='word_1_744' title='bbox 787 5216 922 5284; x_wconf 70' lang='lat' dir='ltr'><strong>doeemur</strong></span> <span class='ocrx_word' id='word_1_745' title='bbox 962 5211 1471 5268; x_wconf 82' lang='lat' dir='ltr'><strong>temserrorumDomiuinonmortem</strong></span> <span class='ocrx_word' id='word_1_746' title='bbox 1479 5213 1760 5282; x_wconf 87' lang='lat' dir='ltr'><strong>sedsomuumuomi.</strong></span> 
     </span>
     <span class='ocr_line' id='line_1_57' title="bbox 129 5301 1758 5385; baseline 0.005 -22"><span class='ocrx_word' id='word_1_747' title='bbox 129 5304 921 5376; x_wconf 60' lang='lat' dir='ltr'><strong>moonsrctresmtabundctiemonialitrixaliquan-</strong></span> <span class='ocrx_word' id='word_1_748' title='bbox 962 5308 1027 5360; x_wconf 87' lang='lat' dir='ltr'><strong>nat:</strong></span> <span class='ocrx_word' id='word_1_749' title='bbox 1045 5302 1101 5357; x_wconf 78' lang='lat' dir='ltr'><strong>nisi</strong></span> <span class='ocrx_word' id='word_1_750' title='bbox 1115 5302 1182 5374; x_wconf 92' lang='lat' dir='ltr'><strong>quia</strong></span> <span class='ocrx_word' id='word_1_751' title='bbox 1191 5301 1304 5357; x_wconf 78' lang='lat' dir='ltr'><strong>infirma</strong></span> <span class='ocrx_word' id='word_1_752' title='bbox 1316 5301 1401 5358; x_wconf 89' lang='lat' dir='ltr'><strong>corda</strong></span> <span class='ocrx_word' id='word_1_753' title='bbox 1410 5302 1585 5359; x_wconf 86' lang='lat' dir='ltr'><strong>audientium</strong></span> <span class='ocrx_word' id='word_1_754' title='bbox 1596 5310 1758 5385; x_wconf 86' lang='lat' dir='ltr'><strong>respiciens,</strong></span> 
     </span>
     <span class='ocr_line' id='line_1_58' title="bbox 128 5389 1761 5475; baseline 0.003 -24"><span class='ocrx_word' id='word_1_755' title='bbox 128 5394 162 5451; x_wconf 81' lang='lat' dir='ltr'><strong>(lo</strong></span> <span class='ocrx_word' id='word_1_756' title='bbox 173 5397 204 5454; x_wconf 83' lang='lat' dir='ltr'><strong>in</strong></span> <span class='ocrx_word' id='word_1_757' title='bbox 215 5397 246 5453; x_wconf 92' lang='lat' dir='ltr'><strong>id</strong></span> <span class='ocrx_word' id='word_1_758' title='bbox 260 5396 337 5468; x_wconf 89' lang='lat' dir='ltr'><strong>quod</strong></span> <span class='ocrx_word' id='word_1_759' title='bbox 350 5396 418 5451; x_wconf 88' lang='lat' dir='ltr'><strong>olim</strong></span> <span class='ocrx_word' id='word_1_760' title='bbox 434 5394 603 5450; x_wconf 87' lang='lat' dir='ltr'><strong>moliebatur</strong></span> <span class='ocrx_word' id='word_1_761' title='bbox 616 5393 748 5465; x_wconf 88' lang='lat' dir='ltr'><strong>erumpit,</strong></span> <span class='ocrx_word' id='word_1_762' title='bbox 765 5399 790 5448; x_wconf 88' lang='lat' dir='ltr'><strong>ct</strong></span> <span class='ocrx_word' id='word_1_763' title='bbox 812 5410 922 5463; x_wconf 85' lang='lat' dir='ltr'><strong>operam</strong></span> <span class='ocrx_word' id='word_1_764' title='bbox 963 5391 1200 5447; x_wconf 88' lang='lat' dir='ltr'><strong>medicamentum</strong></span> <span class='ocrx_word' id='word_1_765' title='bbox 1210 5389 1416 5461; x_wconf 79' lang='lat' dir='ltr'><strong>predicationis</strong></span> <span class='ocrx_word' id='word_1_766' title='bbox 1425 5407 1482 5446; x_wconf 73' lang='lat' dir='ltr'><strong>suaa</strong></span> <span class='ocrx_word' id='word_1_767' title='bbox 1496 5392 1569 5447; x_wconf 87' lang='lat' dir='ltr'><strong>mira</strong></span> <span class='ocrx_word' id='word_1_768' title='bbox 1578 5401 1640 5451; x_wconf 85' lang='lat' dir='ltr'><strong>arte</strong></span> <span class='ocrx_word' id='word_1_769' title='bbox 1649 5415 1761 5475; x_wconf 83' lang='lat' dir='ltr'><strong>compo·</strong></span> 
     </span>
     <span class='ocr_line' id='line_1_59' title="bbox 128 5479 1760 5556; baseline -0.002 -14"><span class='ocrx_word' id='word_1_770' title='bbox 128 5484 202 5553; x_wconf 62' lang='lat' dir='ltr'><strong>fita,</strong></span> <span class='ocrx_word' id='word_1_771' title='bbox 215 5491 249 5541; x_wconf 79' lang='lat' dir='ltr'><strong>ut</strong></span> <span class='ocrx_word' id='word_1_772' title='bbox 263 5488 352 5556; x_wconf 82' lang='lat' dir='ltr'><strong>quieti</strong></span> <span class='ocrx_word' id='word_1_773' title='bbox 362 5487 433 5539; x_wconf 81' lang='lat' dir='ltr'><strong>sitis.</strong></span> <span class='ocrx_word' id='word_1_774' title='bbox 451 5484 527 5540; x_wconf 81' lang='lat' dir='ltr'><strong>Dixit</strong></span> <span class='ocrx_word' id='word_1_775' title='bbox 541 5484 663 5555; x_wconf 88' lang='lat' dir='ltr'><strong>primam</strong></span> <span class='ocrx_word' id='word_1_776' title='bbox 681 5499 807 5551; x_wconf 87' lang='lat' dir='ltr'><strong>causam,</strong></span> <span class='ocrx_word' id='word_1_777' title='bbox 822 5482 923 5539; x_wconf 88' lang='lat' dir='ltr'><strong>deinde</strong></span> <span class='ocrx_word' id='word_1_778' title='bbox 963 5481 1015 5549; x_wconf 90' lang='lat' dir='ltr'><strong>nit,</strong></span> <span class='ocrx_word' id='word_1_779' title='bbox 1027 5486 1056 5536; x_wconf 81' lang='lat' dir='ltr'><strong>et</strong></span> <span class='ocrx_word' id='word_1_780' title='bbox 1064 5479 1144 5536; x_wconf 90' lang='lat' dir='ltr'><strong>illum</strong></span> <span class='ocrx_word' id='word_1_781' title='bbox 1159 5496 1243 5551; x_wconf 88' lang='lat' dir='ltr'><strong>quem</strong></span> <span class='ocrx_word' id='word_1_782' title='bbox 1248 5479 1310 5549; x_wconf 87' lang='lat' dir='ltr'><strong>jam</strong></span> <span class='ocrx_word' id='word_1_783' title='bbox 1318 5480 1503 5536; x_wconf 85' lang='lat' dir='ltr'><strong>resurrexisse</strong></span> <span class='ocrx_word' id='word_1_784' title='bbox 1513 5491 1629 5540; x_wconf 78' lang='lat' dir='ltr'><strong>noverat</strong></span> <span class='ocrx_word' id='word_1_785' title='bbox 1640 5489 1681 5547; x_wconf 88' lang='lat' dir='ltr'><strong>eis</strong></span> <span class='ocrx_word' id='word_1_786' title='bbox 1687 5508 1760 5552; x_wconf 85' lang='lat' dir='ltr'><strong>mor.</strong></span> 
     </span>
     <span class='ocr_line' id='line_1_60' title="bbox 129 5567 1759 5648; baseline -0.004 -15"><span class='ocrx_word' id='word_1_787' title='bbox 129 5572 211 5633; x_wconf 69' lang='lat' dir='ltr'><strong>&#39;alm</strong></span> <span class='ocrx_word' id='word_1_788' title='bbox 223 5574 388 5642; x_wconf 64' lang='lat' dir='ltr'><strong>”eundem</strong></span> <span class='ocrx_word' id='word_1_789' title='bbox 404 5579 437 5630; x_wconf 79' lang='lat' dir='ltr'><strong>et</strong></span> <span class='ocrx_word' id='word_1_790' title='bbox 447 5578 480 5628; x_wconf 81' lang='lat' dir='ltr'><strong>nt</strong></span> <span class='ocrx_word' id='word_1_791' title='bbox 498 5579 589 5629; x_wconf 77' lang='lat' dir='ltr'><strong>cestra</strong></span> <span class='ocrx_word' id='word_1_792' title='bbox 604 5577 713 5642; x_wconf 78' lang='lat' dir='ltr'><strong>nepotis</strong></span> <span class='ocrx_word' id='word_1_793' title='bbox 734 5575 833 5642; x_wconf 78' lang='lat' dir='ltr'><strong>apetie.</strong></span> <span class='ocrx_word' id='word_1_794' title='bbox 858 5571 923 5627; x_wconf 85' lang='lat' dir='ltr'><strong>&#39;l&#39;er-</strong></span> <span class='ocrx_word' id='word_1_795' title='bbox 964 5577 1045 5627; x_wconf 89' lang='lat' dir='ltr'><strong>tuum</strong></span> <span class='ocrx_word' id='word_1_796' title='bbox 1058 5568 1203 5629; x_wconf 82' lang='lat' dir='ltr'><strong>insinuare</strong></span> <span class='ocrx_word' id='word_1_797' title='bbox 1215 5583 1273 5623; x_wconf 88' lang='lat' dir='ltr'><strong>non</strong></span> <span class='ocrx_word' id='word_1_798' title='bbox 1285 5567 1397 5624; x_wconf 82' lang='lat' dir='ltr'><strong>dubitet</strong></span> <span class='ocrx_word' id='word_1_799' title='bbox 1410 5586 1417 5621; x_wconf 91' lang='lat'>:</span> <span class='ocrx_word' id='word_1_800' title='bbox 1435 5574 1483 5624; x_wconf 81' lang='lat' dir='ltr'><strong>eds</strong></span> <span class='ocrx_word' id='word_1_801' title='bbox 1496 5585 1562 5626; x_wconf 83' lang='lat' dir='ltr'><strong>raro</strong></span> <span class='ocrx_word' id='word_1_802' title='bbox 1576 5574 1627 5648; x_wconf 84' lang='lat' dir='ltr'><strong>qni</strong></span> <span class='ocrx_word' id='word_1_803' title='bbox 1639 5582 1759 5638; x_wconf 66' lang='lat' dir='ltr'><strong>mum</strong></span> 
     </span>
    </p>
   </div>
   <div class='ocr_carea' id='block_1_5' title="bbox 246 5670 1641 5759">
    <p class='ocr_par' dir='ltr' id='par_1_5' title="bbox 246 5670 1641 5759">
     <span class='ocr_line' id='line_1_61' title="bbox 246 5670 1641 5759; baseline -0.002 -22"><span class='ocrx_word' id='word_1_804' title='bbox 246 5670 489 5759; x_wconf 65' lang='lat' dir='ltr'><strong>Parnontlllll.</strong></span> <span class='ocrx_word' id='word_1_805' title='bbox 1602 5675 1641 5734; x_wconf 83' lang='lat' dir='ltr'><strong>ee</strong></span> 
     </span>
    </p>
   </div>
   <div class='ocr_carea' id='block_1_6' title="bbox 1792 5688 1835 5744">
    <p class='ocr_par' dir='ltr' id='par_1_6' title="bbox 1792 5688 1835 5744">
     <span class='ocr_line' id='line_1_62' title="bbox 1792 5688 1835 5744; baseline 0 0"><span class='ocrx_word' id='word_1_806' title='bbox 1792 5688 1835 5744; x_wconf 68' lang='lat' dir='ltr'><em>A</em></span> 
     </span>
    </p>
   </div>
   <div class='ocr_carea' id='block_1_7' title="bbox 0 0 1895 6116">
    <p class='ocr_par' dir='ltr' id='par_1_7' title="bbox 0 0 1895 6116">
     <span class='ocr_line' id='line_1_63' title="bbox 0 0 1895 6116; baseline 0 0"><span class='ocrx_word' id='word_1_807' title='bbox 0 0 1895 6116; x_wconf 95' lang='lat' dir='ltr'><strong> </strong></span> 
     </span>
    </p>
   </div>
  </div>
 </body>
</html>
