3772 6120
311 302 497 361 OOMMENT.
518 303 558 358 ΙΝ
575 304 733 360 enuclea
751 304 833 370 QUAE
851 304 899 360 hu
919 304 1058 360 munus
1078 302 1271 385 DICUNTUR.
1543 304 1610 362 llll

99 429 183 485 adbuc
203 430 279 484 visus
301 429 397 501 procul
412 436 441 482 et
454 427 600 500 apparebit
614 430 643 484 in
665 431 731 493 tlne,
747 435 775 483 ct
781 429 922 491 Aritlcato
937 429 1016 483 vultu
1028 430 1089 499 ejus
1099 427 1190 482 instar
1202 428 1269 483 solis
1283 435 1312 483 et
1318 429 1490 484 vestimentis
1500 431 1561 501 ejus
1570 430 1612 485 ni·

99 517 208 574 otietur.
228 538 239 569 r
256 518 372 572 Viviiica
390 534 464 588 ergo,
483 518 556 587 quod
576 518 716 589 pollicitus
731 536 769 584 es,
813 517 937 572 tentibus
946 517 975 572 in
985 517 1199 571 similitudinem
1207 517 1611 591 nivis.1biinnotcscebat,quia

109 612 192 663 tuum
206 607 292 678 imple
305 605 483 678 promissum,
493 623 549 660 non
560 607 696 662 moriatur
706 608 772 662 irri-
813 606 900 661 Filius
910 606 961 661 Dei
971 606 1155 673 erat,dicente
1165 606 1200 660 ad
1210 607 1472 662 cumdecoelisvoce
1482 613 1609 679 paterna,

99 712 127 751 to
139 702 216 761 tuus,
226 696 274 750 scd
288 712 371 766 opere
382 696 568 767 compleatur:
578 697 652 767 quod
660 696 772 768 quidem
816 715 828 747 ι
842 695 893 750 Hic
907 699 950 750 est
964 695 1052 750 Filius
1067 711 1148 749 meus
1157 695 1285 760 dilectus,
1299 695 1328 749 in
1338 713 1394 766 quo
1407 696 1476 751 mihi
1491 698 1613 769 compla-

99 799 120 839 ιε
133 790 163 839 et
175 784 210 838 de
221 783 425 838 resurrectione
436 783 585 837 Salvatoris
600 783 719 855 intelligi
726 801 773 855 po·
813 784 968 856 cui,ipsum
982 784 1077 839 audite
1093 786 1201 852 (alatro.
1216 787 1264 852 nr).
1282 804 1294 835 ι
1312 785 1408 839 Potest
1421 785 1506 840 etiam
1515 786 1545 840 in
1555 802 1612 841 me·

99 872 154 939 ille,
171 873 218 944 qui
233 889 283 944 pro
296 871 376 926 nobis
391 879 519 926 mortuus
534 877 585 938 est,
597 880 773 944 consurgata
813 873 859 927 dio
883 873 1004 928 duorum
1023 873 1165 927 latronum
1187 888 1244 927 non
1266 874 1494 928 inconvenienter
1512 875 1609 946 accipi,

99 1001 104 1028 ,
122 966 151 1015 et
164 960 327 1015 vivificetur.
343 961 426 1014 Juxta
433 960 504 1014 Lxx
512 965 607 1014 autem
621 961 710 1015 multo
720 962 772 1015 ali·
813 962 887 1016 inter
900 978 970 1033 quos
989 961 1137 1016 cmcitlxus
1162 962 1306 1016 moriendo
1330 962 1531 1030 innotescebat,
1545 965 1612 1034 quia

99 1064 209 1104 sensus.
228 1069 239 1101 c
256 1049 384 1111 Domine,
406 1049 506 1120 inquit,
529 1049 621 1104 audivi
643 1050 771 1104 auditum
813 1051 897 1105 homo
910 1055 979 1105 crat.
997 1050 1153 1106 Obscurato
1168 1056 1263 1105 autem
1282 1053 1350 1118 sole,
1365 1058 1442 1106 terra
1459 1059 1609 1119 commota,

116 1138 208 1205 timui,
225 1138 398 1192 consideravi
422 1154 506 1209 opera
526 1145 576 1192 tua
590 1145 618 1193 ct
632 1140 738 1211 expavi.
757 1159 768 1189 ι
813 1145 842 1194 et
854 1140 972 1206 ceteris,
985 1154 1047 1211 qum
1061 1140 1241 1211 Evangelium
1252 1146 1349 1194 narrat
1362 1140 1437 1195 circa
1450 1157 1560 1195 crucem
1572 1141 1611 1195 ia·

104 1231 202 1282 autem
215 1226 327 1280 Domini
338 1226 488 1280 Salvatoris
503 1231 555 1293 est,
572 1243 655 1297 quem
666 1227 772 1282 audivit
813 1229 865 1284 ctis
873 1228 1015 1283 miraculis
1026 1228 1226 1291 innotescebat,
1233 1229 1300 1299 quia
1313 1230 1387 1284 Deus
1399 1234 1469 1293 erat,
1480 1229 1612 1302 interpel-

111 1320 145 1369 ut
153 1314 267 1377 veniret,
281 1314 310 1368 in
320 1331 433 1368 carnem
449 1320 619 1380 nasceretur,
627 1315 656 1368 in
667 1316 772 1369 mundo
813 1317 897 1372 lando
915 1317 975 1389 ipse
994 1317 1107 1371 Patrem
1132 1333 1183 1387 pro
1203 1316 1427 1372 interfectoribus
1441 1319 1509 1385 suis,
1526 1335 1611 1390 quam

99 1408 197 1470 eretur,
209 1404 282 1458 inter
290 1403 416 1457 infirmos
427 1404 621 1475 omnipotemS,
629 1404 704 1458 inter
712 1421 773 1476 pec
815 1406 877 1477 pius
883 1410 957 1460 esset
964 1405 1315 1477 innotescebat,quoetiam
1322 1407 1448 1478 exemplo
1460 1407 1609 1479 Propheta,

103 1498 193 1559 notua,
201 1493 275 1547 inter
283 1493 411 1547 homines
420 1493 495 1547 Deus
503 1493 607 1547 iaceret
621 1509 706 1564 opera
720 1509 773 1547 coe·
814 1495 862 1565 qni
872 1494 931 1548 haec
944 1493 1107 1566 providebat
1116 1495 1146 1563 iu
1159 1494 1269 1566 spiritu,
1282 1494 1486 1550 admonebatur
1500 1512 1556 1550 non
1568 1513 1611 1550 so-

99 1588 333 1653 metetpraecepte
344 1582 475 1647 caelestia,
489 1587 655 1648 tentaretur,
675 1582 771 1652 flagel—
813 1583 872 1637 lum
887 1583 1027 1654 patienter
1045 1600 1191 1654 pressuras
1208 1584 1281 1638 serre
1300 1584 1449 1650 malorum,
1467 1585 1516 1638 sed
1530 1591 1559 1638 et
1570 1585 1611 1639 eis

109 1687 187 1725 mors
201 1678 297 1725 nostra
311 1676 400 1725 morte
420 1671 494 1725 illius
512 1671 714 1733 destrueretur,
726 1688 771 1725 re·
813 1671 1170 1743 persequentibusgratiam
1180 1690 1237 1728 suae
1247 1673 1429 1744 benignitatis
1438 1652 1620 1745 impendere)

107 1776 126 1814 a
140 1761 259 1815 mortuis
283 1761 447 1814 ascenderet
466 1761 495 1813 in
517 1761 611 1825 coelos,
629 1777 670 1826 ac,
687 1751 901 1815 missoBLXX:
917 1782 928 1812 c
945 1745 1015 1816 Cum
1030 1762 1316 1834 appropinquaverint
1339 1762 1405 1817 anni
1425 1763 1610 1833 cognosceris,

106 1849 222 1920 Spiritu,
232 1849 367 1903 mundum
376 1849 769 1919 gratiaveritatisillustraret.
813 1865 877 1902 curn
895 1850 1040 1904 advenerit
1061 1855 1173 1921 tempus
1192 1851 1356 1904 ostenderis.
1375 1870 1389 1905 a
1405 1851 1476 1905 Cum
1494 1851 1609 1917 venerit,

99 1938 186 1992 aditus
197 1938 256 2009 ipsc
269 1938 370 2009 sapius
380 1938 408 1991 in
424 1938 573 2008 Evangelio
585 1938 723 2006 meminit,
733 1938 773 1992 di·
812 1938 1031 2009 inquit,tempus
1045 1944 1072 1994 et
1088 1955 1174 2010 opera
1186 1939 1325 2010 promissa
1335 1938 1525 2009 compleveris,
1534 1955 1613 1993 mon-

108 2026 163 2082 Scd
178 2028 225 2098 qui
248 2027 325 2081 misit
348 2043 393 2080 me
408 2044 489 2081 verax
514 2032 565 2093 est,
585 2033 613 2082 ct
627 2045 688 2098 ego,
711 2044 772 2098 quae
813 2027 915 2081 strabis
931 2044 997 2082 vera
1016 2044 1087 2093 esse,
1100 2044 1161 2098 quae
1180 2027 1320 2099 pollicitus
1337 2044 1382 2094 es,
1397 2028 1465 2094 sive,
1480 2044 1544 2082 cum
1560 2046 1611 2100 ap·

99 2115 118 2170 b
132 2131 175 2181 eo,
187 2116 244 2170 haec
255 2116 354 2187 loquor
367 2117 396 2169 in
412 2116 515 2170 mundo
526 2118 616 2181 (Joao.
628 2120 696 2183 vm).
710 2137 722 2169 a
739 2118 774 2170 Et
813 2116 1042 2188 propinquaverit
1051 2116 1265 2181 consummatio,
1276 2122 1304 2171 et
1316 2117 1345 2170 in
1361 2121 1486 2170 extrema
1496 2117 1565 2170 hora
1575 2118 1610 2171 ad

109 2204 190 2258 «Vos
206 2211 300 2258 autem
316 2205 372 2258 dixi
389 2205 502 2271 amicos,
512 2205 579 2276 quia
591 2206 685 2258 omnia
700 2222 773 2276 quae
813 2204 984 2259 destruenda
997 2211 1112 2277 peccata
1127 2205 1233 2260 venerit
1247 2205 1334 2260 Pilius
1348 2211 1424 2271 tuus,
1435 2205 1611 2260 manifestius

99 2292 192 2347 audivi
207 2308 224 2345 a
238 2292 321 2346 Patre
341 2309 413 2356 meo,
431 2299 498 2347 nota
518 2292 571 2346 feci
588 2293 665 2347 vobis
681 2295 770 2361 (Joao.
813 2294 998 2364 cognosceris.
1010 2294 1100 2349 Aliter
1111 2296 1193 2365 juxta
1213 2294 1360 2349 historiam
1379 2294 1446 2348 anni
1457 2301 1486 2349 et
1499 2303 1611 2366 tempus

99 2381 123 2436 le
141 2398 197 2452 quo
213 2387 241 2435 et
261 2383 275 2435 J
278 2398 383 2435 oannes
397 2382 542 2452 Baptista:
562 2403 573 2433 ι
587 2382 640 2447 Qui
654 2383 689 2436 de
703 2382 772 2436 coelo
814 2388 932 2454 possunt
945 2383 1022 2438 illam
1037 2383 1241 2455 plenitudinem
1256 2383 1392 2455 temporis
1406 2383 1564 2454 designare,
1576 2383 1611 2437 de

99 2470 173 2542 quit,
190 2487 277 2541 supra
292 2487 390 2525 omnes
404 2477 456 2538 est,
473 2475 501 2524 et
513 2471 586 2541 quod
601 2471 671 2524 vidit
681 2477 710 2524 et
724 2487 773 2525 au·
814 2489 870 2543 qua
882 2471 952 2527 dicit
973 2473 1124 2543 Apostolus
1140 2491 1145 2525 :
1166 2492 1177 2523 r
1200 2472 1351 2543 Postquam
1366 2473 1443 2527 venit
1465 2471 1610 2543 plenitudo

99 2576 118 2614 c
131 2564 253 2614 testatur
269 2562 359 2627 (loun.
372 2564 421 2623 ml.
439 2577 452 2612 r
469 2560 550 2614 Hunc
562 2576 629 2630 ergo
643 2560 771 2614 auditum
812 2561 957 2632 temporis,
973 2561 1051 2615 misit
1065 2562 1140 2615 Deus
1154 2561 1256 2616 Filium
1274 2577 1357 2615 suum
1377 2560 1482 2615 sactum
1498 2578 1532 2615 ex
1547 2576 1610 2615 mu-

100 2648 208 2704 audivit
221 2649 250 2703 in
265 2649 365 2720 spiritu
383 2649 532 2720 Propheta,
548 2656 577 2704 et
590 2649 694 2715 timuit,
706 2648 773 2719 quia
813 2650 891 2715 licre,
906 2649 1011 2704 sactum
1025 2648 1076 2704 sub
1091 2650 1162 2721 lege,
1179 2656 1211 2704 ut
1233 2667 1289 2715 cos,
1311 2650 1359 2721 qui
1373 2649 1425 2705 sub
1439 2651 1500 2721 lege
1519 2655 1610 2716 erant,

99 2736 185 2793 fuerit
198 2737 233 2791 de
248 2738 386 2808 pressuris
391 2739 534 2807 justorum
542 2738 571 2792 in
586 2738 772 2801 mundarum
813 2739 966 2793 redimeret
976 2739 1046 2806 (Gal.
1059 2740 1117 2808 rv):
1134 2758 1145 2789 i
1163 2755 1224 2809 quae
1238 2739 1367 2793 videlicet
1381 2745 1518 2810 tempora,
1531 2755 1612 2808 quos-

99 2827 237 2890 rDomini,
248 2827 295 2898 qui
309 2844 475 2898 prosperum
491 2828 546 2881 iter
555 2828 620 2881 iacit
632 2826 711 2881 nobis
726 2843 772 2880 sa·
813 2844 867 2898 que
882 2828 1059 2898 annoslonge
1070 2827 1162 2882 adhuc
1177 2828 1246 2881 vidit
1257 2844 1327 2891 esse,
1345 2833 1432 2899 atque
1445 2845 1463 2881 a
1476 2828 1559 2897 longe
1570 2843 1613 2881 sa-

99 2915 160 2971 vita
175 2917 367 2971 exituscssent
377 2918 476 2972 mortis
484 2918 519 2972 dc
528 2918 642 2972 mundo.
654 2916 769 2983 Timuit,
813 2916 913 2971 lutavit
923 2916 1076 2988 Propheta:
1085 2916 1152 2987 quia
1159 2916 1227 2971 dum
1234 2915 1516 2988 appropiarentanni,
1528 2915 1611 2970 dum-

103 3004 332 3059 tribuletionibus
342 3012 502 3060 sanctorum
515 3006 720 3077 querimoniam
735 3005 772 3060 se·
814 3023 867 3077 quc
875 3006 1148 3077 advenircttempus,
1157 3006 1352 3060 ostenderetur
1363 3011 1392 3059 et
1398 3011 1614 3076 cognosceretur

99 3093 117 3148 vi
136 3110 194 3148 non
209 3095 299 3148 solum
324 3095 358 3148 dc
374 3095 604 3149 tribulationibus
625 3095 741 3150 eruendi
756 3067 1040 3150 accomodarum
1057 3100 1086 3149 et
1098 3095 1226 3166 superius
1245 3094 1360 3159 audivit,
1368 3095 1479 3149 dicente
1496 3093 1550 3148 sibi
1560 3094 1614 3148 Do-

99 3166 164 3248 saed
181 3189 316 3253 perpetuo
328 3191 395 3238 sunt
405 3184 556 3238 coronandi
567 3201 631 3239 cum
643 3185 770 3240 Domino.
813 3184 890 3238 mino
903 3203 908 3237 :
923 3201 937 3236 c
952 3183 1024 3247 eria
1045 3183 1136 3237 adhuc
1156 3184 1230 3238 visus
1249 3184 1346 3254 procul
1367 3190 1396 3237 et
1418 3182 1566 3255 apparebit
1585 3183 1614 3236 in

99 3270 185 3326 leravi
199 3288 284 3343 opera
307 3279 357 3326 tua
372 3279 401 3327 et
422 3273 528 3343 expavi,
547 3292 557 3322 ι
575 3272 623 3327 illa
638 3273 771 3327 nimirum
814 3274 946 3337 tinem,et
960 3289 1016 3327 non
1032 3272 1195 3337 mentietur,
1206 3272 1229 3325 si
1241 3288 1349 3326 moram
1365 3272 1471 3338 fecerit,
1484 3276 1613 3342 exspecta

100 3359 184 3414 uibus
205 3362 343 3414 mundum
357 3362 486 3425 redemit,
501 3382 511 3412 ι
530 3361 618 3416 iactus
640 3361 772 3417 obediens
813 3361 902 3428 illum,
914 3361 981 3432 quia
994 3361 1109 3414 veniens
1122 3360 1215 3415 veniet
1229 3366 1257 3414 et
1271 3376 1327 3415 non
1342 3358 1473 3413 tardabit.
1494 3378 1505 3409 ι
1523 3360 1615 3429 Hujus

99 3467 154 3522 que
164 3452 199 3504 ad
213 3458 342 3516 mortem,
355 3457 473 3505 mortem
485 3457 579 3506 autem
589 3452 688 3518 crucia,
704 3458 744 3517 ut,
758 3471 769 3502 r
813 3450 926 3520 quidem
938 3449 1066 3503 auditum
1075 3449 1290 3518 audiensquus
1305 3464 1391 3518 opera
1400 3447 1538 3518 passionis
1547 3464 1613 3501 con-

99 3556 157 3595 rum
168 3540 417 3611 dicithpostolus,·
429 3558 480 3612 per
489 3543 773 3596 mortemdcstrueret
813 3538 950 3604 siderans,
961 3537 1058 3591 timuit
1066 3543 1094 3590 et
1104 3537 1222 3608 expavit,
1232 3537 1298 3607 quia
1314 3542 1471 3590 commotus
1484 3535 1570 3588 t'uerit
1578 3536 1614 3590 de

103 3627 227 3684 habebat
236 3629 333 3682 mortis
343 3629 492 3700 imperium
506 3632 589 3696 (Phil.
599 3631 744 3698 n,Heb.n),
758 3648 770 3681 a
813 3627 946 3681 felicitate
955 3625 1118 3680 transitoria
1127 3625 1274 3690 malorum,
1286 3631 1315 3678 et
1328 3624 1476 3695 temporali
1488 3623 1615 3678 atilictio·

99 3716 241 3784 liabolum,
263 3735 323 3788 quae
336 3718 464 3773 videlicet
479 3735 572 3790 opera,
590 3725 695 3789 quanto
711 3718 774 3790 quis
814 3734 850 3771 ne
865 3714 1012 3770 bonorum.
1028 3716 1170 3779 Attamen,
1178 3712 1225 3768 ubi
1238 3713 1353 3783 dignam
1369 3729 1420 3783 pro
1430 3712 1489 3767 suis
1499 3713 1613 3783 ignora-

99 3807 290 3872 sconsiderat,
305 3812 385 3861 tanto
400 3808 434 3861 dc
450 3807 581 3879 operibus
593 3825 650 3862 suae
665 3807 772 3878 fragili-
813 3805 937 3860 tionibus
952 3802 1146 3876 poenitentiam
1160 3801 1280 3868 fecisset,
1292 3817 1355 3856 mox
1369 3818 1400 3856 se
1413 3801 1523 3855 veniam
1536 3818 1614 3855 erra·

99 3896 172 3967 plius
187 3896 385 3950 contremiscit.
396 3897 475 3960 Quod
484 3913 549 3951 vero
560 3899 641 3967 juxta
651 3897 722 3951 Lxx
736 3897 774 3950 le·
814 3895 851 3950 tis
865 3892 997 3964 consequi
1016 3909 1098 3964 posse
1113 3892 1234 3945 conilsus
1247 3897 1299 3945 est.
1317 3890 1397 3945 Unde
1411 3895 1615 3962 consequenter

99 4003 105 4035 ι
127 3984 160 4039 ln
180 3984 272 4037 medio
294 3984 415 4038 duorum
439 3985 604 4038 animalium
618 3985 774 4039 innotesce·
815 3983 962 4054 adjungit:

99 4088 122 4126 vc
136 4072 252 4144 quidam
262 4073 296 4126 dc
307 4072 416 4127 duobus
425 4073 558 4127 cherubin
574 4074 603 4127 in
616 4074 709 4127 Exodo
721 4090 771 4144 per
852 4092 864 4123 c
882 4073 913 4126 ln
926 4088 959 4125 eo
974 4062 1041 4125 dum
1056 4069 1224 4124 conturbata
1237 4069 1323 4124 fuerit
1342 4071 1436 4124 anima
1451 4087 1514 4124 mea
1529 4071 1558 4123 in
1573 4070 1616 4123 ira

101 4160 182 4215 iactis
191 4162 424 4232 interpretantur,
437 4180 498 4234 quae
511 4164 591 4231 juxta
602 4179 696 4216 arram
711 4168 770 4217 sta-
812 4159 1012 4214 misericordiae
1023 4159 1209 4213 memoreris.
1228 4160 1326 4214 »Dum
1341 4160 1509 4214 conturbata
1519 4159 1614 4225 suerit,

99 4249 226 4304 inmedio
235 4250 374 4304 habebant
383 4252 536 4305 oraculum.
547 4251 604 4304 Alii
617 4251 652 4304 de
662 4251 771 4306 duobus
812 4248 915 4320 inquit,
925 4248 1021 4303 anima
1033 4265 1106 4313 mea,
1120 4248 1205 4318 digno
1221 4249 1421 4304 satisfactionis
1434 4254 1463 4303 et
1477 4249 1615 4320 poeniten·

99 4341 198 4411 rjuxta
213 4339 315 4394 isaiam
330 4340 451 4393 velantia
465 4346 549 4411 caput
563 4348 592 4394 et
606 4341 690 4410 pedes
709 4341 771 4413 Dei,
781 4381 805 4439 D
814 4339 861 4392 tiae
871 4355 990 4392 maerore
1001 4354 1145 4402 concussa,
1163 4337 1198 4390 ob
1213 4342 1321 4392 metum
1335 4340 1384 4393 irae
1399 4344 1428 4391 et
1438 4338 1615 4391 animadver-

102 4429 233 4498 praesenti
248 4434 360 4482 tantum
375 4429 475 4483 seculo
485 4429 579 4482 volant
594 4446 599 4480 :
618 4435 646 4482 et
656 4428 772 4482 alterad
815 4428 902 4482 sionis
911 4434 976 4492 tuae,
985 4444 1071 4498 quam
1081 4426 1422 4482 meincautusincurrisse
1436 4427 1612 4497 pertimesco,

110 4516 275 4588 mysterium
286 4516 419 4570 inclamat
428 4516 583 4571 Trinitatis.
594 4517 714 4580 Quidam
725 4534 773 4571 au·
813 4517 896 4570 credo
911 4517 985 4589 quod
1004 4517 1082 4570 ocius
1097 4515 1318 4570 misericordiam
1333 4520 1435 4586 optatae
1454 4520 1512 4569 ate
1526 4516 1614 4571 veniae

99 4605 184 4676 prima
203 4604 326 4658 Ecclesia
340 4604 391 4657 hoc
407 4604 512 4658 dictum
530 4610 644 4675 putant,
661 4623 723 4676 quae
738 4607 772 4660 de
813 4621 978 4677 consequar,
987 4605 1036 4659 ubi
1045 4604 1250 4659 consideranda
1259 4609 1303 4658 est
1312 4603 1384 4658 mira
1392 4604 1506 4676 pietatis
1514 4604 1614 4659 divina

99 4692 255 4758 increuit,
271 4700 299 4747 et
314 4694 348 4747 de
363 4695 499 4764 praeputio
514 4695 772 4766 congregata,quod
815 4695 956 4759 velocitas,
972 4691 1117 4748 turbatum
1133 4709 1163 4746 sc
1177 4698 1288 4746 tantum
1302 4692 1397 4746 animo
1413 4700 1528 4765 propter
1542 4694 1614 4748 iram

103 4783 213 4855 populis
228 4799 257 4836 sc
275 4783 415 4837 hincinde
426 4782 601 4853 cingentibus
616 4783 773 4838 intellectus
815 4783 927 4838 Domini
937 4782 1017 4848 dixit,
1025 4787 1054 4835 et
1067 4797 1131 4835 mox
1146 4781 1272 4835 illumad
1286 4781 1507 4836 misericordiam
1521 4782 1556 4837 ab
1572 4783 1614 4836 ira

99 4880 158 4934 rtor,
170 4879 199 4927 et
212 4873 344 4927 creditus.
355 4874 428 4927 Sunt
440 4873 486 4943 qui
502 4873 557 4926 duo
571 4873 705 4927 animalia
717 4873 773 4927 duo
814 4887 977 4927 conversum
993 4869 1145 4940 subjunxit.
1161 4869 1215 4924 Sed
1238 4869 1303 4924 talis
1324 4871 1506 4925 minimarum
1523 4877 1614 4942 potest

99 4968 135 5018 ml
147 4964 338 5022 Testamenta,
353 4963 462 5016 Novum
477 4969 506 5016 et
519 4962 616 5026 Vetus
628 4979 689 5033 quae
708 4978 773 5016 vere
814 4960 989 5030 indulgentia
1003 4976 1064 5014 esse
1079 4960 1225 5030 culparum
1236 4978 1242 5026 ;
1254 4964 1386 5013 caeterum
1403 4960 1491 5013 nostri
1506 4964 1610 5023 reatus,

99 5052 129 5106 ia
143 5051 202 5106 sint
216 5057 301 5121 atque
315 5051 419 5116 vitalia,
434 5068 495 5122 quae
505 5051 621 5122 spirent,
629 5058 657 5106 et
665 5052 694 5105 in
706 5068 773 5122 quo·
814 5056 920 5121 quanto
928 5049 1071 5119 graviores
1080 5053 1242 5115 sunt,tanto
1254 5050 1359 5118 majore
1369 5064 1401 5101 ac
1414 5048 1548 5102 diuturna
1557 5064 1614 5119 poe-

99 5139 144 5195 dio
167 5140 305 5194 Dominus
325 5145 519 5210 cognoscatur.
537 5141 607 5194 Item
629 5145 722 5210 potest
744 5140 772 5193 in
813 5137 936 5199 nitentia
948 5137 1136 5209 lacrymisque
1158 5142 1187 5191 ct
1211 5137 1396 5208 eleemosynis
1410 5154 1480 5207 opus
1497 5135 1611 5191 habent.

101 5246 201 5285 uorum
216 5229 390 5294 animalium,
408 5229 436 5281 in
452 5229 544 5282 medio
558 5229 647 5300 Moysi
663 5235 693 5283 et
706 5229 772 5283 Elia
815 5227 894 5291 Quod
914 5232 1009 5281 autem
1024 5225 1127 5280 dicitur
1142 5227 1223 5296 juxta
1238 5225 1406 5279 Hebraicum
1419 5243 1425 5277 :
1439 5226 1510 5279 Cum
1524 5226 1613 5280 iratus

99 5358 101 5369 .
116 5316 158 5372 lbi
173 5318 249 5371 enim
270 5317 462 5371 innotescebat
480 5317 623 5387 discipulis
638 5316 729 5370 tribus
744 5317 773 5370 in
814 5316 909 5379 fueris,
926 5314 1123 5369 misericordiae
1134 5313 1334 5380 recordaberis,
1347 5329 1403 5367 non
1416 5313 1551 5369 debemus
1565 5308 1632 5387 pu?

99 5410 188 5469 uncto,
203 5406 270 5476 quia
291 5406 445 5460 moriturus
459 5412 533 5460 esset
552 5404 709 5459 dicentibus
732 5405 773 5459 eis
814 5411 875 5460 ture
890 5404 1013 5458 oblivisci
1029 5404 1165 5466 Deum,et
1177 5410 1242 5472 post
1256 5402 1327 5456 irem
1343 5420 1400 5458 suae
1414 5403 1612 5460 misericordia

99 5511 185 5550 surus
199 5502 273 5550 esset
287 5495 316 5549 in
331 5496 501 5561 Jerusalem;
515 5494 553 5549 ibi
569 5494 769 5559 innotescebat,
812 5493 963 5560 recordari,
971 5499 1000 5547 et
1013 5492 1088 5563 quod
1098 5508 1149 5547 nos
1163 5508 1227 5546 eum
1244 5491 1273 5546 in
1289 5508 1373 5563 poena
1383 5493 1465 5564 positi
1481 5499 1612 5566 putemus

99 5590 262 5640 urrecturus
275 5590 394 5645 esseest
409 5584 577 5639 immortalis
590 5584 772 5649 futurus,cla-
812 5583 945 5649 oblivisci,
959 5582 1041 5654 iuxta
1059 5582 1128 5637 illud
1145 5599 1151 5638 :
1170 5600 1184 5635 ι
1200 5582 1360 5653 Usquequo‚
1371 5582 1501 5650 Domine,
1513 5583 1612 5640 oblivi-
