3772 6120
66 315 137 371 1419
199 338 206 343 ·
464 312 467 317 ’
580 317 626 371 DE
645 318 730 373 VITA
752 319 783 372 B.
804 317 930 373 MARIAE
949 315 1192 371 MAGDALENAE.
1635 320 1703 380 1⁴50

63 438 169 492 mensis
180 439 284 503 casleu,
300 439 374 504 tacta
389 444 455 492 sant
467 444 587 495 ravennia
602 445 634 495 in
652 445 865 510 lerosolymam
880 441 1004 503 Ascissis
1028 441 1159 508 induviis,
1187 447 1289 496 sancta
1316 458 1426 497 sorores
1443 462 1450 510 ;
1470 446 1619 518 complexa
1633 465 1708 506 mor

62 531 87 581 et
101 528 267 581 ambulabat
277 526 404 580 Salvator
419 530 450 580 in
467 533 565 598 tempto
576 533 608 584 in
620 535 730 599 porticu
740 532 865 587 Salama·
906 535 988 584 tuum
1002 528 1169 586 incumbunt
1181 530 1318 585 cadaveri.
1335 532 1455 587 Cernere
1472 541 1534 589 erat
1542 552 1630 606 genas
1641 554 1706 594 san·

63 618 119 679 nis,
133 615 192 680 ubi,
210 632 273 670 curri
291 615 466 688 praedicaret,
487 623 515 670 ct
533 617 638 672 diceret
653 637 659 671 :
678 621 732 688 liqo
746 625 770 674 et
785 623 866 675 Pater
905 619 990 687 guine
1004 619 1160 685 madentes,
1179 618 1290 672 tletibus
1304 620 1398 674 ocutos
1412 621 1582 691 tenebratos,
1593 626 1706 696 ejulati-

62 720 155 759 anum
169 722 278 768 sumus,
295 708 469 759 strstnlerwzt
486 708 589 774 lapides
602 709 700 771 taetri,
719 713 747 762 ut
760 710 866 777 iapida·
905 706 958 762 bus
972 725 1038 761 aera
1054 707 1394 779 plenalunerisflenique
1406 710 1644 785 factisexsequiis,
1660 732 1706 770 ce-

61 800 125 848 rent
142 811 206 848 erem
222 797 312 857 (toan.
330 811 356 858 x,
373 792 417 859 11,
428 791 484 861 30).
495 795 532 848 tit
546 795 865 851 illecaioitdemanibas
906 795 976 850 lebri
1002 813 1105 869 pompa
1132 813 1232 868 corpus
1256 797 1385 865 eilertur3
1406 799 1547 855 clauditur
1566 819 1707 859 marmore

61 885 282 948 eorarrr,etabiit
297 884 865 938 itanmtr·anstordaneminBethaniarn
907 884 1027 938 Lazarus
1058 884 1199 955 quodam,
1231 884 1302 955 lapis
1328 902 1383 956 quo
1408 887 1548 943 clauditur
1573 889 1707 962 lacrymis

62 971 198 1037 Galilaeae,
210 972 356 1025 castellum
371 971 465 1025 Mariae
483 972 652 1036 etMarthm,
669 974 718 1025 tabi
739 972 867 1044 Baptista
907 971 1051 1043 irrigatur.
1070 973 1103 1026 Et
1119 973 1251 1044 quoniam
1274 973 1376 1029 nobilis
1399 981 1461 1029 erat
1479 976 1623 1047 progenie,
1644 994 1707 1033 mo·

61 1062 184 1115 loannes
200 1060 293 1114 fuerat
312 1063 455 1129 baptizans
474 1063 615 1128 priorum,¹
632 1065 657 1114 et
675 1063 780 1114 mansit
795 1062 863 1115 iilic.
907 1059 1039 1131 ribusque
1064 1060 1192 1124 nobilior,
1208 1068 1272 1116 actu
1295 1063 1438 1131 innocens,
1452 1064 1537 1119 verbo
1557 1065 1704 1131 discretus,

62 1149 136 1204 Cum
158 1167 221 1204 ecce
243 1149 356 1203 interim
379 1149 485 1203 amicus
504 1149 564 1218 ejus
588 1150 710 1203 Lazarus
731 1153 866 1216 tanpuens
907 1165 992 1202 manu
1013 1150 1117 1219 largus,
1144 1150 1237 1204 animo
1262 1150 1394 1217 liberalis
1414 1153 1586 1209 advenerant
1607 1153 1707 1209 Betha-

62 1244 128 1292 erat
154 1239 184 1292 in
213 1239 346 1292 Brittania
371 1238 482 1302 Judaeae,
513 1240 622 1292 castella
647 1238 742 1291 itidem
770 1239 866 1291 illaria
906 1236 993 1300 niam,
1004 1238 1039 1291 ad
1055 1238 1255 1292 consolandum
1265 1255 1340 1306 eum,
1353 1240 1503 1296 nobiliores
1521 1243 1706 1314 ierosolymo-

62 1331 88 1380 ei
103 1328 220 1382 dtarttva
232 1342 361 1380 auroram
376 1330 444 1394 ejrts.
460 1328 596 1380 liberant
611 1342 673 1394 erpa
688 1341 793 1380 sorores
807 1330 864 1395 ejas
907 1343 981 1393 rum,
993 1326 1041 1398 qui
1052 1325 1138 1380 etiam
1148 1327 1285 1398 exsequiis
1299 1329 1360 1398 ejus
1373 1329 1571 1388 interfuerunt.

60 1421 144 1470 tram
171 1413 354 1479 Jordanemh,
383 1416 419 1468 ad
442 1415 615 1469 Salvatorem
634 1414 663 1468 in
687 1414 863 1477 Bethaniam,

61 1505 182 1559 dicentes
201 1505 287 1558 :licre
306 1520 385 1571 quem
409 1520 488 1557 arnas
514 1506 680 1570 infirmatur
708 1506 798 1573 (teari.
826 1520 863 1569 xv,
907 1486 1705 1576 0111111411[101111111111111111111113(1103119311-

649 1591 749 1646 dilecto
771 1592 865 1647 dilecti
941 1562 1011 1623 quvi,
1027 1558 1059 1610 de
1072 1574 1167 1611 sarrano
1178 1574 1264 1611 arazar
1276 1560 1408 1627 disputat,
1422 1561 1526 1615 Tboma
1537 1563 1705 1618 eteootronem

62 1594 89 1657 1,
117 1591 156 1661 1).
181 1592 299 1656 Sufficit,
324 1592 464 1662 inquiunt,
491 1592 623 1646 nuntiare
941 1629 1083 1696 approbat,
1099 1633 1124 1681 θ,
1140 1629 1254 1682 Marum
1266 1631 1357 1697 fidon,

60 1681 228 1752 languorem
245 1700 250 1733 ε
269 1680 375 1735 amicus
390 1687 485 1735 noster
499 1686 550 1745 est,
562 1681 697 1734 Lazarum
713 1688 799 1745 amat,
814 1697 865 1736 nec

61 1769 144 1824 facile
158 1770 268 1824 deseret
290 1785 373 1840 quem
396 1769 516 1823 dulciter
538 1775 647 1823 amate.
663 1771 785 1823 litatem
806 1766 895 1824 haecB
940 1769 1053 1823 Interea
1064 1770 1199 1836 Salvator,
1215 1776 1280 1841 post
1298 1771 1369 1826 duos
1383 1771 1453 1840 dies,
1474 1773 1544 1828 dixit
1559 1773 1705 1830 duodecim
1802 1832 1807 1849 ,

61 1858 215 1914 Salvator:
234 1860 389 1926 luti-milas
406 1859 468 1922 trac,
490 1857 591 1929 inquit,
612 1858 665 1912 orit
684 1859 720 1911 ad
742 1857 864 1914 miracu·
905 1856 1050 1928 discipulis
1069 1857 1127 1911 suis
1143 1876 1149 1910 :
1165 1858 1269 1912 Sarnus
1295 1862 1326 1912 in
1346 1861 1471 1915 tudaam
1488 1865 1593 1917 iterarn
1611 1864 1704 1930 (toan.

60 1948 135 2013 luni,
151 1963 206 2002 nan
221 1948 258 2000 ad
273 1951 388 1999 retortam
399 1944 431 2011 d;
449 1947 494 1999 sed
505 1962 558 2015 pro
577 1949 668 2013 qtoria
683 1947 741 2012 uer,
758 1951 788 2000 at
805 1950 864 2015 qlo-
905 1959 942 2011 xv,
961 1946 996 2014 i).
1012 1945 1113 2000 Territi
1125 1947 1254 2017 apostoli,
1265 1947 1413 2002 consilium
1423 1948 1563 2005 dederunt
1575 1950 1705 2019 Domino,
1766 1987 1768 1991 ,

62 2039 191 2104 rideatur
205 2037 292 2089 Filias
307 2036 357 2088 Ilei
368 2050 418 2103 por
433 2036 669 2102 ittamttitiqebat
682 2040 776 2089 atatem
787 2037 864 2089 lesus
905 2050 942 2088 ne
954 2040 1121 2100 moreretur,
1142 2035 1189 2106 qui
1206 2041 1321 2090 venerat
1334 2036 1425 2103 mori,
1441 2054 1477 2091 ne
1496 2043 1526 2092 et
1539 2038 1593 2109 ipsi
1612 2055 1706 2094 more·

62 2126 205 2180 Maribam
224 2130 249 2178 et
268 2124 596 2191 sororemeJ'urllariam
612 2125 799 2177 etiamnum.
816 2124 866 2178 llle
906 2128 1032 2176 renturs.
1049 2125 1142 2185 ltabbi,
1156 2122 1298 2195 inquiunt,
1315 2141 1391 2179 nanc
1401 2128 1557 2194 querebant
1580 2130 1604 2180 te
1616 2129 1709 2183 tadei

63 2214 214 2285 languens,
228 2212 282 2266 illae
297 2211 401 2278 tristes,
418 2227 516 2265 onmes
531 2211 643 2278 dilecti;
659 2212 708 2265 sed
722 2229 739 2265 a
753 2228 809 2283 quo
823 2212 866 2266 di·
908 2212 1044 2280 lapidare,
1065 2216 1089 2264 et
1108 2214 1211 2266 iterum
1232 2214 1311 2266 cadis
1331 2216 1417 2267 illuct
1436 2215 1579 2283 Respondit
1599 2217 1676 2270 teras
1696 2236 1704 2270 :

62 2297 152 2352 lectit
175 2298 311 2364 ditigebat
334 2312 381 2349 eos
403 2298 489 2362 lesus,
513 2295 706 2366 languentium
728 2295 864 2363 Salvator,
907 2299 1003 2353 ,donne
1013 2301 1156 2354 duodecim
1166 2301 1314 2355 borasunt
1328 2303 1407 2355 diei?
1420 2305 1446 2356 si
1459 2304 1521 2370 quis
1535 2305 1661 2358 ambulat
1672 2306 1706 2358 in

60 2387 121 2443 imo
134 2385 219 2440 etiarn
235 2390 412 2439 mortuorum
422 2383 582 2451 suscitator,
594 2388 623 2438 et
635 2383 759 2437 tristium
770 2400 866 2438 conso·
908 2393 992 2453 nocte,
1003 2390 1115 2456 offendit
1125 2407 1132 2441 ;
1143 2392 1211 2457 qaia
1225 2392 1274 2443 tac
1285 2390 1387 2444 raaudi
1396 2405 1452 2444 nan
1463 2395 1499 2444 est
1511 2393 1542 2445 in
1553 2408 1582 2446 eo
1595 2410 1603 2454 ,·
1619 2394 1645 2446 si
1655 2408 1705 2446 au·

61 2475 167 2530 latore.
183 2475 319 2542 ditigebat
334 2472 410 2527 enim
428 2475 504 2527 testis
524 2473 674 2537 Martiam,
699 2477 724 2525 et
741 2488 864 2526 sororem
907 2479 1152 2531 tanambulaaerit
1163 2479 1255 2541 indie,
1269 2494 1326 2532 non
1336 2480 1447 2546 offendit
1460 2497 1467 2531 :
1479 2482 1641 2548 qaialneem
1651 2481 1704 2535 tva·
1809 2481 1815 2493 ’

60 2569 121 2634 rjais
154 2565 287 2627 llariam,
316 2567 341 2615 et
367 2563 516 2615 lazarum.
544 2561 567 2615 Ο
594 2560 659 2615 selix
686 2565 714 2614 et
741 2561 865 2631 gloriosa
900 2566 950 2633 jas
962 2566 1154 2618 anund-ioidet.
1167 2565 1224 2635 ligo
1239 2581 1302 2619 sum
1316 2565 1384 2631 dies,
1398 2582 1514 2633 eqosum
1529 2569 1703 2634 talemundi·

58 2652 222 2725 generatio!
235 2650 362 2722 quamvis
370 2649 445 2704 enim
452 2649 562 2704 Veritas
571 2649 647 2703 dicat
663 2669 668 2702 :
684 2651 865 2717 qudlliqen-
905 2650 1227 2706 voshoraeduodecimh:
1237 2668 1332 2706 meum
1342 2654 1565 2724 estpraecedere;
1581 2659 1705 2710 vestrum

61 2748 101 2797 tes
118 2759 161 2795 me
172 2743 267 2808 ditho,
275 2755 340 2793 raro
354 2745 449 2793 tumen
462 2738 651 2805 inveniuntur,
660 2738 689 2792 in
701 2737 862 2809 Scripturis,
906 2739 997 2811 sequi,
1012 2744 1045 2794 ut
1064 2739 1139 2794 hora
1159 2739 1232 2795 diem
1248 2740 1432 2811 sequunturt.
1450 2741 1539 2798 Sinite
1560 2742 1647 2814 igitur
1660 2759 1706 2801 me

62 2831 164 2886 tideles
178 2828 226 2900 qui
241 2847 258 2882 a
272 2828 390 2882 Domino
412 2827 490 2897 diligi
505 2827 665 2899 specialiter
683 2827 867 2898 designentur
905 2828 979 2900 pati;
995 2845 1052 2883 non
1067 2828 1136 2882 mihi
1160 2827 1232 2883 detis
1247 2829 1409 2897 consilium
1423 2830 1472 2884 sed
1486 2846 1532 2885 me
1544 2830 1705 2902 sequimini,

64 2935 99 2973 ex
114 2918 238 2974 nomine.
250 2918 282 2971 l't
296 2920 385 2984 initur
399 2918 506 2970 audivit
520 2916 647 2971 Salvator
662 2918 729 2985 qaia
743 2916 865 2970 Lazarus
906 2916 930 2971 si
943 2933 999 2972 non
1014 2916 1098 2971 vultis
1113 2916 1279 2972 offenderet.
1294 2920 1353 2972 Har
1367 2921 1423 2983 ait,
1445 2923 1470 2972 et
1488 2924 1548 2987 post
1565 2920 1620 2973 tvae
1637 2920 1707 2975 dicit

65 3009 280 3075 infirmabatur,
305 3004 415 3059 distulit
436 3005 494 3071 ire;
516 3004 625 3059 distulit
647 3003 812 3071 subvenire3
833 3009 866 3058 ut
906 3007 1097 3060 eiulaaarus
1114 3009 1222 3059 amicus
1243 3010 1335 3059 noster
1355 3007 1468 3071 dormit,
1484 3007 1530 3060 sed
1549 3008 1617 3061 uado
1636 3012 1667 3062 at
1687 3023 1705 3062 a

62 3097 170 3151 taceret
180 3111 244 3149 eum
260 3111 277 3148 a
292 3099 382 3147 morte
390 3093 492 3148 redire.
505 3095 538 3148 Et
553 3099 621 3148 tunc
634 3095 744 3162 quidem
760 3095 864 3147 mansit
873 3080 896 3139 C
905 3097 1133 3150 somnosusaitem
1143 3111 1216 3148 earn.
1225 3094 1268 3147 nd
1279 3094 1337 3148 baec
1348 3096 1479 3164 ilisaipati
1489 3095 1704 3166 responderunt,

63 3184 113 3239 ubi
122 3189 191 3238 tunc
202 3188 262 3237 erat
273 3183 301 3235 in
313 3181 451 3236 Bethania
458 3181 588 3246 Galilaeae,
600 3183 704 3236 duobus
714 3184 817 3248 diebus,
833 3187 866 3235 ut
906 3184 1059 3238 secundum
1074 3183 1149 3253 quod
1162 3182 1379 3236 intellexerunt:
1396 3184 1521 3246 ltomine,
1545 3187 1570 3237 si
1590 3185 1704 3249 domnii,

63 3273 249 3345 quatriduum
260 3270 450 3342 implereturf.
467 3271 579 3326 Interea
592 3271 654 3325 dira
667 3270 752 3325 tebris
765 3287 865 3342 corpus
906 3275 998 3327 saluas
1011 3274 1077 3338 crit3
1094 3287 1209 3325 somnus
1223 3271 1299 3325 enim
1311 3270 1507 3340 agrotantium
1521 3271 1620 3326 salutis
1634 3272 1708 3326 solet

64 3361 164 3418 Lazari
187 3359 295 3415 urebat.
312 3358 412 3413 Medici
434 3359 473 3412 nil
496 3364 636 3430 poterant,
661 3359 866 3414 medicamenta
907 3359 1265 3414 esseindiciumknracrat
1280 3361 1704 3414 autanrtansdamarteittias:

64 3450 105 3504 nil
121 3450 291 3521 proderant,
305 3447 376 3502 nihil
392 3447 479 3517 igitur
493 3447 763 3518 agroremedii,nisi
772 3447 866 3501 Domi·
907 3450 953 3502 itti
963 3453 1057 3501 autem
1064 3452 1236 3517 putaverant
1247 3449 1313 3514 quia
1322 3448 1354 3500 dc
1361 3447 1527 3500 dormitione
1535 3449 1626 3501 somni
1635 3447 1706 3502 diae·

65 3524 120 3594 nus
134 3538 202 3592 velit
216 3537 241 3591 ei
256 3535 373 3590 mederi.
388 3536 522 3591 assident
532 3536 643 3605 juvenis
657 3535 728 3589 lecto
744 3551 862 3601 sorores,
906 3541 957 3590 ret.
977 3537 1052 3590 Tune
1063 3551 1126 3602 erpo
1148 3536 1221 3588 dicit
1244 3537 1281 3587 eir
1303 3536 1380 3588 testes
1399 3536 1543 3601 manifeste
1558 3552 1566 3589 :
1581 3535 1705 3589 lazarus

64 3629 217 3682 adventurn
228 3627 295 3680 lesu
305 3624 477 3697 pollicentes,
486 3624 577 3679 virum
587 3623 705 3695 spiranti
715 3623 865 3677 sanitatem
906 3628 1034 3678 niarium
1043 3629 1080 3677 est
1087 3642 1095 3687 ,·
1108 3623 1242 3690 etqaadeo
1249 3627 1361 3690 propter
1369 3638 1424 3686 uos,
1432 3627 1463 3675 at
1473 3623 1590 3676 medatis
1605 3637 1651 3677 me
1664 3621 1706 3678 ni-

65 3716 246 3787 promittmvt.
263 3713 373 3784 Vapore
383 3712 504 3783 denique
515 3712 636 3784 pectoris
650 3710 806 3765 vifebrium
821 3712 867 3766 de·
907 3711 1053 3766 hillatere:
1065 3712 1132 3778 qnia
1142 3725 1199 3763 nan
1205 3711 1338 3773 tramiti,
1348 3714 1480 3763 ettamen
1489 3708 1545 3763 scio
1555 3708 1623 3780 quia
1632 3724 1706 3765 mor·

66 3806 181 3869 siccato,
197 3802 287 3858 vitalis
302 3801 417 3872 spiritus
437 3806 578 3872 evaporat.
594 3801 711 3856 Plorant
722 3802 864 3871 juvenem,
907 3805 974 3853 tuus
983 3804 1026 3853 est
1037 3797 1061 3864 ¹3
1077 3799 1122 3852 sed
1135 3813 1230 3851 eamear
1241 3798 1278 3850 ad
1289 3798 1448 3851 euvinitiatt
1462 3813 1525 3865 erqo
1538 3797 1654 3852 Thomas
1668 3799 1707 3852 ad

537 3915 625 3962 NOTAE
648 3914 831 3960 POTISSIHUM
854 3914 894 3957 EX
913 3910 1034 3957 RABANO
1056 3910 1230 3956 DESUHPTAE.

101 4019 114 4049 ²
127 4007 258 4064 Eneaenia
267 4006 433 4061 testivitates
447 4012 528 4060 erant
550 4002 732 4058 dedicationis
756 4001 864 4072 templi.
908 4000 946 4054 Ex
960 4000 988 4054 S.
1003 4002 1085 4067 Ana,
1098 4001 1219 4053 intaan.
1234 4013 1295 4069 cap.
1313 3995 1358 4064 11,
1372 4003 1452 4052 tract.
1467 4014 1541 4066 xmr,
1557 4007 1590 4053 n⁰
1604 3998 1632 4056 8.

65 4080 150 4136 Illum
165 4079 239 4134 enim
254 4078 329 4132 diem
361 4093 397 4131 uo
411 4077 571 4131 dedicatum
582 4074 769 4144 esttemplum
783 4089 801 4126 a
814 4073 865 4128 Sa·
942 4069 1018 4125 hSul
1029 4068 1147 4140 justitiae
1160 4069 1376 4124 Christusomni
1391 4075 1517 4140 tempore
1536 4076 1628 4125 totum
1642 4069 1705 4126 illu-

60 4152 179 4207 lomone
203 4150 291 4204 ludaei
313 4094 477 4202 soiemniter
494 4144 686 4202 celebrabant.
705 4146 813 4199 dabani
834 4145 866 4196 de
906 4142 998 4195 minat
1014 4139 1120 4194 orbem.
1133 4141 1167 4194 Et
1189 4140 1262 4194 sicut
1281 4140 1341 4194 dies
1361 4141 1509 4195 duodecim
1525 4141 1602 4196 horis
1615 4157 1705 4213 usque

67 4223 246 4277 Institutione
260 4223 433 4284 clericorum,
450 4218 497 4273 lib.
508 4235 536 4284 n,
552 4233 612 4287 cap.
625 4217 668 4271 15.
908 4212 944 4266 ad
960 4228 1088 4266 occasum
1102 4211 1230 4275 volvitur,
1246 4211 1287 4266 ita
1309 4211 1369 4265 dies
1391 4227 1484 4276 verus,
1505 4211 1634 4267 Christus
1654 4229 1706 4283 per

101 4289 324 4347 bMiseruntutvi
333 4295 395 4344 erat
404 4289 549 4352 Dominus,
561 4293 640 4342 trans
650 4287 801 4341 tordanem
812 4285 867 4339 sci-
908 4283 1055 4337 duodecim
1070 4283 1210 4354 apostolos
1224 4297 1321 4336 suos...
1337 4282 1462 4336 illustrat
1474 4282 1580 4336 fideles.
1598 4283 1705 4338 dabani
1763 4304 1771 4323 ·

64 4364 139 4418 licet.
156 4364 227 4417 Beda
242 4364 380 4423 taloan..
402 4376 462 4430 cap.
478 4361 523 4414 11.
537 4360 575 4414 Ex
595 4358 624 4413 S.
641 4358 711 4426 ,lup
728 4359 865 4419 taloan,
907 4356 939 4408 dc
956 4355 1093 4434 Universa.
1109 4352 1156 4407 lib.
1173 4368 1209 4435 iv,
1225 4368 1286 4424 cap.
1300 4353 1328 4406 t.
1488 4423 1493 4434 Ι

65 4434 319 4574 1111111111·
334 4447 412 4555 tite
427 4431 607 4557 iilum.
637 4498 746 4555 surra.
764 4503 796 4552 n
819 4512 867 4552 ..-
907 4422 1703 4574 ,11111111111111111111111

63 4576 147 4642 veris,
162 4591 217 4629 non
233 4574 308 4629 enim
323 4589 401 4626 amas
422 4577 450 4626 et
468 4573 583 4627 deseris.
601 4572 680 4637 Beda,
697 4571 765 4624 ibid.
782 4570 822 4623 lia
835 4567 863 4623 S.
907 4567 1034 4638 quamvis
1049 4564 1197 4646 allegorice
1211 4582 1241 4618 se
1260 4564 1345 4631 diem,
1360 4563 1511 4690 discipulos
1531 4581 1606 4631 vero,
1623 4565 1704 4637 quia

63 4650 134 4714 laq.
153 4648 220 4701 ibid.
906 4654 936 4691 se
946 4635 1105 4692 illustrandi
1116 4636 1237 4701 fuerant,
1255 4635 1339 4690 boras
1347 4635 1429 4708 appel
1458 4635 1537 4703 verit,
1553 4641 1605 4692 eto.
1619 4637 1704 4692 tiaba-

99 4717 190 4772 dlton
205 4722 241 4770 est
257 4718 293 4770 ad
307 4720 433 4782 mortem,
447 4715 496 4769 sed
516 4718 610 4787 potius
630 4685 862 4767 admiraculum.
906 4711 948 4773 ni,
968 4709 1047 4771 ibid,
1063 4705 1112 4759 lib.
1123 4722 1151 4770 x,
1166 4721 1227 4778 rap.
1244 4704 1271 4761 3.

62 4790 145 4852 Beda,
163 4789 229 4842 ibid.
941 4779 948 4820 i
963 4779 1044 4834 liora
1057 4777 1134 4831 diem
1147 4781 1314 4848 sequuntur.
1330 4779 1454 4841 Atouria,
1469 4778 1538 4833 ibid.

99 4859 179 4912 ellle
203 4858 349 4928 languens,
370 4856 425 4910 illae
446 4855 551 4923 tristes,
568 4871 666 4908 omnes
690 4852 793 4906 dilecti.
810 4850 864 4906 Sed
938 4864 946 4911 1
962 4848 1055 4905 Nolite
1081 4847 1150 4902 mibi
1162 4847 1310 4929 consilium
1330 4847 1408 4914 dare,
1423 4864 1494 4973 quos
1515 4864 1534 4902 a
1551 4863 1597 4902 me
1615 4847 1704 4930 consi·

61 4928 201 5000 diligebat
220 4945 268 4982 eos
286 4933 314 4981 et
337 4927 533 4997 languentium
555 4926 690 4989 Salvator,
706 4923 762 4977 imo
778 4921 864 4977 etiam
905 4920 973 4974 lium
988 4924 1099 4990 oportet
1112 4934 1247 4990 accipere.
1262 4919 1290 4975 S.
1307 4919 1390 4985 Arta,
1415 4921 1426 4971 i
1445 4921 1493 4982 id,
1510 4919 1542 4972 n⁰
1552 4917 1579 4972 8.
1597 4919 1627 4973 Si
1650 4934 1702 5001 ego

62 5006 242 5055 mortuorum
261 4998 418 5062 suscitator,
447 5004 475 5052 et
495 4997 619 5051 tristium
636 4995 802 5049 consolator.
818 4994 865 5047 lt·
905 5009 977 5055 sum,
992 4989 1093 5060 inquit,
1110 4989 1179 5054 dies,
1193 4995 1222 5044 et
1235 5005 1283 5044 vos
1296 4989 1382 5055 horae,
1403 4989 1528 5060 nunquid
1551 4989 1627 5045 hora
1646 4989 1703 5044 diei

62 5075 142 5126 cuin.
171 5071 322 5125 Commeat.
347 5071 378 5122 in
400 5072 514 5134 toarni,
541 5084 602 5138 cap.
626 5066 672 5134 11,
696 5065 744 5119 lib.
771 5082 798 5118 v.
824 5065 865 5118 lia
905 5060 1703 5142 consiliumdantthoraediemsequuntur,nondiesho-

62 5144 92 5200 S.
110 5144 239 5209 lapan..
256 5143 335 5205 ibid,
348 5151 379 5193 n⁰
394 5140 419 5193 l.
905 5150 961 5188 ras.
978 5134 1037 5187 lloc
1051 5149 1117 5203 ergo
1131 5131 1172 5186 ait
1186 5132 1221 5186 de
1241 5132 1406 5202 compendio
1422 5150 1427 5184 :
1445 5131 1489 5186 Me
1503 5129 1663 5203 sequimini·
1678 5132 1702 5187 si

98 5211 465 5295 tTandiutempusductum
471 5215 522 5273 est,
531 5206 865 5314 quousque-quatriduum
906 5221 962 5259 non
975 5203 1060 5259 vultis
1075 5203 1225 5258 offendere.
1236 5202 1266 5257 S.
1281 5205 1363 5283 Aac„
1378 5203 1410 5255 n⁰
1423 5198 1451 5258 8.
1651 5276 1656 5288 ¹

62 5280 625 5423 ⁰⁰1⁰iiiiedrditllbdtdi{aiii
635 5280 727 5402 illi
738 5278 863 5402 'trien
905 5272 1702 5418 .-tittttuttt‘sut:tutissimus

61 5427 146 5493 Beda,
162 5427 230 5480 ibid.
273 5425 405 5479 oluerunt
424 5423 571 5478 eonsilium
593 5421 661 5475 dare-
686 5418 816 5483 Domino,
829 5434 865 5472 ne
906 5416 1027 5472 tantiam
1037 5416 1135 5470 salutis
1147 5415 1177 5469 in
1189 5415 1294 5470 licium.
1305 5417 1416 5470 Alcain.
1433 5417 1512 5470 ibid..
1534 5417 1613 5481 deda,
1632 5419 1700 5472 ibid.

61 5503 232 5560 moreretur,
250 5495 298 5567 qui
319 5500 435 5550 venerat
452 5495 534 5559 mori,
557 5508 592 5546 ne
607 5489 658 5562 ipsi
677 5496 863 5543 morerentur.
907 5489 946 5543 Ex
960 5487 987 5541 S.
1003 5489 1084 5555 itaq,
1096 5488 1175 5551 ibid,
1193 5496 1225 5540 n⁰
1245 5485 1285 5542 ll.

61 5570 144 5636 Beda,
158 5569 225 5622 ibid.
242 5570 366 5632 dicuin„
381 5568 460 5633 ibid,
477 5568 609 5630 intaan,
624 5577 684 5632 cap.
705 5559 745 5628 11,
761 5578 789 5632 p.
802 5558 863 5615 573.
891 5635 894 5640 Ι
941 5560 948 5598 ¹
963 5559 1070 5615 Gaudeo
1078 5561 1191 5629 propter
1200 5563 1282 5613 rarat
1292 5558 1409 5613 credatis
1418 5560 1549 5628 quianon
1558 5558 1599 5612 ibi
1612 5575 1700 5614 eram:

185 5666 318 5728 Parnoi..
336 5664 427 5729 Gllll.
1544 5659 1582 5717 lb
