3772 6120
39 210 44 215 Ι
117 241 167 297 lta
407 243 439 297 B.
459 241 595 295 RABANI
615 242 730 297 linum
758 241 925 296 ARCHIEP.
947 237 1108 293 nouum.
1130 236 1279 291 OPERUM
1298 235 1390 291 PARS
1408 234 1458 290 111.
1708 235 1760 291 lat

69 382 71 385 ·
117 367 147 419 in
161 366 294 420 interiore
305 366 426 422 homine.
438 366 467 419 in
480 364 567 436 ipsius
580 365 720 419 interioris
731 366 853 419 hominis
866 366 916 418 ha·
927 365 948 423 ‚lt
959 362 1131 415 dilexitnos?
1141 359 1443 430 dututquidnostrum
1454 358 1581 424 haberet,
1590 359 1639 429 qui
1654 358 1761 412 nullius

119 454 188 509 bitet
202 455 358 526 principali,
374 455 401 507 id
417 460 467 518 est,
486 455 515 508 in
531 459 624 513 mente
637 455 777 516 rationali,
796 461 821 508 et
839 455 868 508 in
884 470 917 506 ea
958 451 1081 519 indiget?
1092 450 1225 520 Nunquid
1236 466 1291 503 non
1302 449 1424 502 charitas
1443 448 1501 502 haec
1514 462 1600 518 super
1613 447 1761 501 scientiam

117 544 290 597 domicilium
305 543 456 613 sedemque
471 560 551 595 suam
563 549 649 613 ponat
665 545 735 598 :hoc
753 550 847 596 autem
878 549 918 595 to·
960 541 1105 593 hominum
1117 539 1178 592 est?
1193 544 1242 591 aut
1252 539 1315 608 quis
1327 538 1473 591 hominum
1484 537 1557 590 hanc
1575 536 1680 608 poterit
1694 535 1762 589 cha-

117 633 331 702 tomportidenr
356 635 413 685 liet.
439 632 463 684 si
478 632 626 686 credamus
636 631 663 685 irr
691 649 765 685 euro.
783 632 918 685 habitatio
960 629 1072 682 ritatem
1091 628 1174 681 alicui
1190 627 1338 681 exhibere?
1363 642 1526 697 quanquam
1541 625 1634 696 impar
1659 626 1706 691 sit,
1731 641 1764 678 ac

118 732 212 773 autom
229 720 292 785 ista,
309 737 370 789 qrrrc
391 737 440 789 per·
451 720 594 773 exordium
611 720 675 773 frdei
695 720 855 778 fabricatur.
874 737 919 772 ra-

119 809 194 860 dices
204 814 232 862 et
242 808 456 862 fundamentum
468 809 605 861 habuerat
614 809 642 860 in
654 809 800 868 charitate,
818 809 851 861 de
865 825 919 879 qua

120 897 203 951 latius
218 897 315 966 incipit
324 898 468 967 disputare
478 896 573 949 dicens
588 916 593 949 :
610 898 641 951 fn
654 900 790 950 clar-rhus·
800 899 920 950 rodleoti

119 991 142 1038 cl
157 987 281 1053 [irridete]
301 991 329 1037 ul
343 988 451 1052 possitis
467 985 689 1052 cornprclrcnrlcre
704 1002 764 1038 earn
790 986 919 1055 olrrrrihus

119 1059 222 1127 scrrrctis
238 1092 296 1142 qua
306 1077 342 1125 sit
355 1075 473 1126 latitudo
488 1079 510 1125 el
524 1075 702 1137 loricandus-t
715 1075 881 1135 sublimitas,
895 1077 918 1124 cl

119 1164 302 1231 protundum.
319 1166 422 1227 (ticeps.)
436 1161 635 1231 llabetquippe
646 1161 721 1214 Deus
730 1161 918 1217 latitudinem.

122 1251 188 1321 quia
203 1250 379 1304 dilectionem
390 1267 470 1304 stram
489 1266 578 1320 usque
595 1250 629 1302 ad
650 1249 840 1303 collectionem
856 1267 920 1320 per-

122 1339 299 1409 sequentium
316 1339 415 1392 tendit.
444 1337 533 1391 llahet
564 1337 777 1407 longitudinem.
795 1338 861 1408 qnia
886 1337 920 1390 ad

123 1429 183 1482 rita
196 1429 315 1498 lintrium
334 1445 385 1480 nos
399 1427 599 1496 longanimiter
620 1427 765 1479 tolerando
782 1427 919 1496 perducit.

125 1517 214 1569 llahct
230 1516 440 1569 sublimitatem.
456 1515 520 1584 quia
538 1516 661 1585 ipsorum
677 1532 787 1585 qusque
817 1515 921 1568 intelli-

121 1605 256 1675 gentiam.
270 1603 316 1673 qui
333 1603 437 1674 recepti
453 1604 482 1657 in
507 1621 629 1673 superna
648 1604 753 1657 fuerint
772 1620 922 1672 congrega-

962 734 1011 788 per
1026 718 1078 770 hoc
1089 716 1280 787 supereminet
1294 715 1420 769 humana
1433 714 1610 768 commenta?
1626 715 1686 768 Hoc
1697 730 1762 781 crgo

962 806 1018 859 rult
1033 822 1083 858 nos
1099 805 1179 869 scire,
1197 805 1264 874 quia
1278 821 1375 857 sensus
1397 811 1492 857 noster
1506 803 1618 874 assequi
1639 820 1695 857 non
1717 818 1764 873 po·

960 903 1025 957 test,
1051 911 1100 948 nec
1127 893 1284 965 perspicere
1314 893 1534 964 profunditatem
1561 892 1764 946 beneficiorum

961 981 1764 1053 Christiergerius,utpcrindesempcrcisirnussupplices

960 1070 1764 1141 etder·oti.ctqnidedebitisnullarationesatisfacerepos·

962 1177 1067 1225 sumus
1085 1161 1126 1213 rel
1144 1161 1171 1213 in
1187 1160 1241 1213 frde
1253 1161 1315 1230 ejus
1329 1177 1418 1229 usque
1433 1160 1468 1213 ad
1492 1166 1614 1212 mortem
1632 1175 1764 1231 persore-

962 1265 1065 1302 remus.
1086 1249 1136 1301 lllc
1151 1249 1225 1302 enirn
1242 1265 1292 1320 pro
1312 1249 1521 1318 magnificentia
1534 1247 1694 1318 majestatis
1707 1264 1764 1301 sua)

962 1357 996 1391 ea
1009 1339 1096 1407 gessit
1112 1355 1161 1408 pro
1175 1337 1264 1394 nobis.
1283 1355 1344 1407 quac
1359 1337 1762 1407 sibiindignasuncutetnos,

964 1427 991 1480 in
1007 1438 1143 1497 quantum
1154 1443 1311 1496 possumus.
1320 1427 1345 1479 ei
1356 1426 1534 1480 sarnulemur.
1544 1428 1574 1479 Εἰ
1587 1428 1765 1493 impleamini

963 1520 994 1569 ia
1011 1534 1116 1568 orrrnrnr
1131 1518 1333 1584 pannuciam
1351 1517 1407 1568 llrr.
1419 1515 1503 1581 (Alb.)
1519 1516 1591 1569 Cum
1607 1520 1704 1567 autern
1724 1531 1765 1567 ra·

964 1602 1047 1656 dicati
1062 1610 1089 1655 et
1102 1603 1211 1655 fundati
1222 1603 1250 1655 in
1260 1603 1396 1655 charitate
1408 1602 1437 1655 in
1448 1601 1704 1656 interiorchonrine
1714 1602 1764 1655 ha-

123 1692 394 1747 tionetranscerrdit.
413 1692 503 1744 llahet
513 1693 691 1761 profundum.
708 1693 754 1763 qui
784 1681 1055 1745 darnnatithitarc
1068 1690 1211 1743 Christum
1222 1695 1282 1743 tota
1292 1692 1394 1743 urentis
1402 1689 1502 1743 fiducia
1511 1689 1683 1747 noverimus,
1700 1695 1766 1743 tunc

125 1781 240 1834 interius
251 1779 431 1833 districtionis
442 1797 498 1833 suar
506 1780 642 1848 judicium
656 1780 923 1852 incornprelrensihi-
966 1779 1131 1849 incipiemus
1141 1797 1203 1832 curn
1211 1779 1518 1833 caet-crissanctisctiam
1529 1779 1564 1831 ad
1580 1778 1629 1831 illa
1643 1795 1696 1832 nos
1704 1783 1766 1831 ten·

126 1869 189 1923 liter
203 1869 299 1923 exerit.
312 1886 372 1938 qum
396 1869 501 1921 scilicet.
514 1875 636 1938 qrrutnor
651 1869 730 1922 nohis
746 1869 774 1922 in
790 1870 841 1922 hae
868 1869 926 1921 rita
966 1867 1041 1931 dere,
1058 1875 1090 1920 ut
1103 1867 1195 1935 sagaci
1210 1869 1305 1921 animo
1315 1868 1584 1938 comprehendamus
1602 1884 1663 1937 quae
1679 1867 1716 1920 sit
1724 1867 1765 1919 la-

125 1957 224 2027 positis
239 1957 357 2027 singulis
372 1964 491 2011 exercet.
515 1958 581 2026 quia
608 1958 786 2011 latitudinem
806 1958 925 2010 amando
966 1956 1057 2010 titudo
1073 1966 1101 2009 ct
1115 1957 1268 2026 longitude,
1291 1963 1318 2010 et
1338 1957 1518 2027 profundum.
1543 1963 1571 2009 ct
1592 1955 1723 2020 altitudo,
1739 1962 1767 2010 et

125 2055 153 2099 et
164 2046 367 2115 longitudinem
383 2046 536 2099 tolerando.
555 2058 581 2098 et
597 2046 790 2099 celsitudinem
815 2063 868 2099 non
880 2064 925 2098 su·
967 2062 1022 2099 non
1035 2047 1125 2099 solum
1137 2047 1197 2102 hoc.
1210 2046 1353 2099 sedetiam
1367 2047 1626 2117 supereminentem
1642 2046 1765 2099 scientiae.

128 2135 185 2188 luru
202 2141 327 2188 nostram
346 2135 571 2201 intelligentiam.
594 2136 642 2188 sed
664 2136 748 2188 etiarn
765 2144 828 2188 rota
843 2152 925 2204 supe-
967 2134 1132 2187 charitatem
1148 2134 1253 2187 Christi
1268 2135 1500 2204 scirecupienrus.
1512 2133 1767 2204 utpostquarnhaec

126 2225 224 2288 raudo,
235 2228 263 2275 ct
273 2224 492 2293 profunditatem
508 2241 588 2276 suurn
611 2223 722 2277 exhihet.
746 2233 811 2276 anto
832 2223 926 2276 oculos
968 2223 1062 2275 omnia
1076 2224 1190 2276 fuerunt
1199 2223 1227 2275 in
1237 2222 1317 2276 nobis
1327 2222 1423 2275 ordine
1444 2232 1472 2276 et
1490 2222 1598 2276 ratione
1617 2223 1764 2293 completa.

45 2298 49 2304 ⁵
114 2320 156 2369 ,et
167 2312 279 2366 illicitos
294 2312 495 2382 cogitationum
512 2321 603 2366 nrotus
618 2313 743 2366 districte
763 2312 924 2381 judicando.
967 2318 1033 2363 tunc
1048 2311 1216 2381 impleamur·
1230 2312 1258 2364 in
1275 2312 1351 2364 ornni
1366 2311 1541 2382 plenitudine
1555 2311 1615 2364 Ilei.
1631 2311 1766 2365 Altitudi·

128 2403 182 2455 Scd
198 2403 259 2470 ejus
270 2401 406 2454 celsitudo
417 2408 446 2455 et.
461 2402 638 2472 profunditus
653 2418 737 2472 quarn
752 2401 788 2454 sit
816 2401 927 2455 inresti—
968 2416 1031 2452 ncnr
1048 2401 1162 2467 angulos
1172 2417 1321 2470 possumus
1336 2400 1493 2469 intelligere
1504 2416 1698 2471 supernasque
1716 2401 1767 2454 rir-

127 2490 481 2559 pahilisrrulhrsagnoseit.
498 2491 620 2561 nisiqui
637 2490 928 2561 rolcontcmplatione
970 2495 1053 2541 tutes.
1079 2489 1247 2557 profundum
1277 2506 1340 2541 reru
1368 2489 1525 2553 irrleros,et
1549 2506 1611 2559 quae
1631 2489 1768 2543 inliaeos

127 2579 162 2631 ad
179 2596 290 2632 sunrnra
313 2579 437 2647 provehi,
455 2580 495 2630 rel
517 2581 632 2633 occultis
648 2580 769 2633 motibus
784 2580 927 2645 resistens
969 2577 1361 2646 suntzlorrgitudirronrauteur
1372 2577 1768 2648 ctlatiturlirremrnedia,quae

130 2667 317 2720 tentationum
330 2667 445 2736 coperit
459 2667 671 2736 importunitate
685 2669 803 2724 trrrhari.
813 2669 885 2721 unde
901 2678 929 2721 et
971 2666 1043 2718 inter·
1056 2683 1172 2735 superos
1188 2666 1347 2736 inferosque
1358 2666 1523 2720 consistunt.
1535 2667 1569 2719 Et
1588 2667 1655 2735 quia
1674 2683 1768 2721 conse-

77 2782 83 2795 ι
128 2752 209 2805 heato
226 2753 277 2807 lob
289 2753 409 2806 dicitur:
428 2755 563 2807 lirul-sior·
571 2760 632 2808 cerlo
641 2762 686 2810 est.
704 2762 727 2807 rl
743 2759 811 2823 qnid
821 2759 927 2822 lircr'cr?
969 2771 1057 2823 quens
1067 2761 1109 2806 est
1117 2764 1166 2807 aut
1181 2755 1289 2825 superis
1307 2755 1429 2826 aliquem
1445 2766 1494 2808 urit
1515 2754 1613 2807 inferis
1627 2771 1689 2808 csse
1705 2755 1768 2808 rici-

126 2843 296 2909 prosondr'or·
310 2844 431 2908 triliano,
446 2848 470 2894 ct
485 2845 703 2911 undecopnoncr
718 2852 729 2896 t
744 2844 811 2912 (doli.
825 2848 875 2914 xri
889 2845 928 2897 dc.
968 2859 1045 2901 nunt.
1066 2860 1238 2914 quaecunque
1253 2844 1392 2913 incipiunt
1403 2845 1438 2896 ad
1449 2843 1565 2896 rnehora
1581 2847 1718 2914 proficere
1741 2849 1768 2897 et

128 2929 385 3000 sitqrortodispectu
394 2929 542 2991 diceretur,
551 2933 927 3002 profunditatemejusatqne
969 2931 1002 2984 ad
1015 2932 1137 2985 coelestia
1152 2942 1181 2985 et
1195 2933 1229 2986 ad
1241 2933 1297 2986 alta
1312 2950 1489 3001 consurgere,
1500 2933 1647 3002 longitudo
1669 2933 1764 3005 appel·

128 3018 318 3071 excellentiam
341 3019 452 3088 quando
468 3025 498 3072 tu
512 3037 678 3088 cognoscere
690 3021 803 3074 sullicis.
816 3021 861 3090 qui
885 3021 926 3074 rel
938 3000 959 3058 G
969 3021 1075 3073 lentur:
1088 3038 1148 3091 qum
1157 3037 1220 3074 sero
1237 3022 1360 3074 inferiori
1373 3021 1445 3091 pacti
1456 3022 1581 3091 proxima
1593 3029 1669 3087 sunt,
1687 3028 1716 3076 et
1730 3021 1764 3075 ud

129 3108 926 3180 rictutcadsumuraerehi,relterrrcptisurr‘rreprelrendero
968 3110 1034 3163 ritia
1046 3110 1217 3164 dilalruntur.
1235 3111 1278 3163 his
1296 3110 1453 3163 latitudinis
1476 3128 1578 3164 nomen
1604 3111 1767 3182 impositum

129 3196 156 3249 irr
168 3196 370 3249 tentationibus
381 3197 746 3268 rrescis'lplnrlr.)Sequitur,
762 3200 927 3253 l'lr'nclrarr'-
968 3199 1019 3251 sit:
1036 3201 1233 3267 tutaqur'pprct
1245 3202 1363 3267 spatioso
1374 3216 1418 3251 cra
1432 3216 1490 3266 (μιαν
1509 3201 1586 3252 deicit
1600 3201 1637 3252 ed
1653 3205 1767 3254 inertem

131 3289 183 3338 lato
199 3287 327 3345 radicati,
336 3295 388 3337 etc.
398 3286 455 3338 lloc
463 3294 596 3356 prostare
607 3287 851 3341 dicithahitantern
863 3288 926 3358 Spi-
970 3288 1073 3354 ilr'ultlr.
1092 3291 1148 3349 rrrl.
1166 3288 1231 3342 llrec
1241 3287 1369 3340 universa
1380 3296 1408 3340 ct
1418 3288 1447 3340 in
1457 3304 1537 3340 cruce
1548 3287 1661 3341 Domini
1677 3289 1763 3342 nostri

130 3374 215 3426 ritum
232 3374 271 3426 rel
283 3375 426 3427 Christum
439 3374 467 3427 in
478 3373 567 3429 nohis.
576 3376 721 3429 uttinrdati
730 3376 816 3429 simus
828 3377 855 3429 in
864 3378 927 3429 clra-
968 3376 1033 3428 lesu
1045 3376 1148 3429 Christi
1160 3376 1277 3446 intelligi
1289 3386 1405 3446 queunt,
1417 3384 1448 3430 nt
1457 3376 1493 3429 sit
1504 3376 1623 3430 latitudo
1639 3376 1669 3430 in
1678 3383 1769 3431 trans-

130 3463 213 3515 ritate
228 3462 289 3525 Dei,
305 3462 424 3515 decincti
438 3462 579 3517 hcneliciis
590 3465 660 3533 ejus,
674 3471 702 3517 et
715 3465 853 3534 possimus
864 3482 928 3517 curn
970 3482 1047 3518 corso
1062 3465 1147 3534 ligno.
1162 3464 1210 3517 ubi
1225 3465 1340 3517 brachia
1354 3471 1467 3518 estrnrsa
1481 3465 1595 3518 fuerunt
1616 3484 1621 3516 :
1649 3465 1769 3520 altitudo

128 3551 231 3604 sanctis
247 3551 293 3621 qui
310 3553 502 3622 suutrrpostoli
519 3558 545 3606 et
561 3555 703 3624 propheta
718 3554 886 3607 immensum
901 3561 930 3606 et
970 3570 1034 3624 pars
1044 3553 1123 3623 ligni,
1134 3554 1543 3624 quiesupralatitudinemfuit,
1557 3554 1601 3607 cui
1612 3562 1697 3624 caput
1706 3555 1770 3625 jun-

127 3639 524 3710 imestimahilcnrcognoscor
540 3642 741 3701 llcunr,onruia
750 3644 928 3696 excedentem
970 3648 1046 3695 ctum
1060 3648 1111 3699 est.
1129 3642 1273 3711 longitudo
1289 3659 1361 3705 roro
1379 3642 1425 3696 uhi
1442 3642 1556 3695 inferior
1569 3659 1635 3713 pars
1642 3642 1695 3696 sub
1706 3644 1769 3697 lati·

129 3729 275 3797 majestate
287 3727 397 3781 virtutis
415 3745 480 3782 snae.
494 3730 564 3782 furo
579 3729 653 3783 enim
672 3730 748 3793 dicit,
760 3731 888 3789 latitudo.
902 3737 930 3783 et
969 3731 1067 3783 tudine
1083 3731 1243 3784 extenditur
1259 3730 1336 3799 ligni,
1353 3729 1396 3784 cui
1412 3737 1503 3784 tutum
1519 3748 1620 3802 corpus
1634 3731 1769 3786 haerebat.

130 3816 830 3888 longitudo,etaltit-udoctpr·ofurrdunr‚lrocutique
840 3818 927 3889 signi·
969 3821 1138 3890 protundum
1152 3837 1217 3872 rero
1233 3820 1280 3872 illa
1295 3838 1359 3890 pars
1374 3821 1471 3881 crucis,
1494 3837 1555 3890 qua
1579 3821 1608 3873 in
1623 3827 1702 3874 terra
1716 3822 1771 3874 lixa

129 3907 202 3971 licat,
220 3912 251 3959 nt
266 3906 337 3959 sicut
353 3906 381 3958 in
397 3907 505 3975 sphaera
520 3914 600 3960 tanta
612 3908 806 3976 longitudoest
822 3914 928 3978 (quanta
969 3916 1019 3962 est.
1036 3909 1166 3963 Latitudo
1177 3926 1241 3962 reru
1252 3909 1375 3962 extensio
1386 3915 1429 3962 est
1439 3908 1593 3965 charitatis.
1605 3926 1666 3980 quae
1684 3910 1771 3963 etiam

128 3994 375 4057 latiturl0‚ettarrta
383 3994 502 4048 altitudo
516 4004 652 4065 quantuor
663 3997 928 4068 pr·ofundum:itaet
969 4014 1024 4051 non
1039 3998 1129 4051 solum
1146 3998 1180 4050 ad
1200 3998 1303 4051 tierricus
1319 3998 1367 4069 qui
1389 3999 1486 4051 dextra
1501 3997 1704 4065 significantur,
1722 3999 1772 4059 sed

130 4081 157 4133 in
173 4083 230 4134 Deo
245 4082 337 4135 omnia
354 4082 472 4152 aequalia
486 4093 551 4137 sunt
563 4084 752 4138 irrnnensitate
769 4084 926 4138 infinitatis.
970 4087 1055 4140 ctiam
1071 4088 1106 4140 ad
1121 4087 1248 4140 ininricos
1266 4087 1352 4157 quiin
1364 4087 1478 4140 sinistra
1496 4087 1705 4156 intelliguntur,
1723 4105 1771 4141 ex·

130 4169 245 4239 Splrcera
255 4170 459 4229 enirndellnito
469 4173 553 4225 modo
564 4173 928 4227 conrlrrditur·.Dcusauterrr
970 4176 1047 4229 tendi
1059 4175 1175 4246 juhctur
1185 4195 1191 4241 ;
1202 4176 1321 4229 altitudo
1332 4192 1397 4228 voro
1412 4176 1446 4228 ad
1462 4193 1539 4246 spem
1556 4176 1688 4246 pertinet.
1706 4177 1774 4248 quia

131 4274 184 4310 non
202 4258 290 4312 solurn
303 4258 508 4329 ornniairnplct‚
519 4261 566 4313 sed
579 4262 695 4327 excedit,
712 4263 841 4316 neccnirn
851 4264 928 4316 clau·
970 4264 1065 4318 onmia
1080 4265 1225 4317 charitatis
1243 4281 1327 4334 opera
1340 4265 1368 4317 in
1388 4281 1436 4335 spe
1450 4272 1560 4318 aeternae
1575 4264 1772 4319 retributionis

129 4346 493 4413 ‹litur·‚sedorrrrriaintrase
505 4347 597 4404 hahet.
608 4351 720 4403 utsolus
740 4351 886 4405 inellalrilis
901 4317 1134 4407 etDsolidantur.
1153 4354 1309 4422 Longitudo
1326 4353 1419 4423 itaque
1442 4354 1680 4424 perseverantium
1704 4352 1772 4408 honi

131 4436 410 4500 rnfurituslrahcatur·‚
420 4437 552 4508 etgratire
564 4438 627 4491 hnic
639 4439 929 4511 insullicienteragan-
970 4441 1062 4512 operis
1077 4442 1226 4512 significat,
1240 4443 1273 4495 de
1289 4459 1345 4512 qua
1359 4443 1461 4496 dicitur
1485 4463 1489 4495 :
1509 4446 1562 4509 (lui
1581 4459 1772 4511 perseverare-

130 4525 252 4596 tur‚qui‚
269 4544 331 4580 curn
348 4532 443 4580 tantus
458 4527 504 4591 sit,
521 4527 652 4596 dignatus
667 4535 770 4599 cstpcr
785 4531 929 4584 Christum
970 4534 1008 4584 rit
1027 4547 1108 4598 usquc
1124 4533 1155 4583 la
1176 4534 1270 4598 dictari,
1287 4531 1332 4582 ln'c
1344 4534 1437 4583 sair-ris·
1453 4533 1504 4583 crit
1522 4532 1630 4597 tllattlr.
1646 4533 1687 4595 x).
1705 4531 1773 4585 Pro·

130 4615 400 4681 lrominemrisitare,
413 4617 569 4687 pcccatiset
581 4618 663 4671 morti
674 4617 841 4687 subjectum.
853 4620 929 4675 Scire
969 4618 1092 4673 funditas
1100 4636 1165 4672 roro
1176 4620 1274 4681 crucis,
1284 4637 1345 4690 quae
1361 4619 1505 4672 inrisibilis
1516 4628 1567 4683 est,
1580 4619 1706 4672 divinam
1725 4619 1772 4672 de-

130 4706 214 4756 ellam
237 4708 483 4771 strpercon'ncnleur
501 4710 620 4760 scientie
635 4708 800 4761 clrorr'lalern
815 4711 926 4762 fluidi.
969 4714 1108 4762 monstrat
1115 4709 1247 4777 gratiam,
1260 4709 1335 4762 unde
1343 4709 1400 4763 haec
1412 4709 1505 4762 omnia
1513 4708 1772 4779 proceduntetcre-

132 4789 369 4855 (hrrrb.ll¹ostllei
381 4793 651 4860 patrisinlinitamct
665 4795 929 4866 incomprehensibi-
971 4802 1060 4850 scunt.
1079 4797 1180 4865 (Andr.)
1197 4798 1269 4861 Quia
1284 4798 1352 4851 tides
1369 4815 1458 4867 rrcqne
1482 4797 1511 4849 in
1539 4796 1597 4849 solo
1622 4797 1707 4849 Patre.
1730 4796 1773 4850 in-

51 4950 54 4955 ·
132 4878 185 4930 lem
193 4878 413 4947 cognitioncnrct
423 4882 819 4938 inenarrabilemclementiam
827 4886 928 4939 Christi
970 4893 1110 4956 tcgmest,
1122 4904 1213 4958 neque
1229 4888 1258 4940 in
1267 4887 1325 4940 solo
1336 4887 1404 4940 l'ilio
1416 4886 1546 4958 perfecta,
1564 4885 1626 4938 idco
1641 4885 1748 4954 adiecit
1763 4905 1770 4939 :

132 4972 930 5044 quoqueagnoscerenoscult‹tharitatermquiasuperemi-
973 4975 1002 5029 tl
1016 4979 1199 5044 impleamini,
1213 4976 1261 5039 ait,
1274 4980 1305 5028 ln
1322 4993 1427 5028 orrrnrnr
1443 4976 1643 5043 plenitudinem
1660 4975 1720 5027 dcl.
1734 4975 1775 5029 ut

131 5055 930 5133 nentisestscientiamsubintelligiturlrnrnanreprtsuper
970 5064 1142 5117 confessione
1157 5071 1186 5119 et
1197 5063 1353 5135 gratiarum
1367 5065 1475 5117 actione
1486 5064 1557 5117 sicut
1572 5062 1657 5123 Patri,
1677 5062 1719 5116 ita
1742 5072 1772 5117 et

132 5144 276 5198 scientiam
292 5144 439 5197 hominurn
454 5145 590 5201 habeatur·
604 5149 715 5204 dilectio
732 5151 845 5204 Christi.
862 5151 930 5215 Quis
970 5152 1040 5206 Filio
1056 5152 1268 5206 honorificentia
1279 5160 1444 5207 reservetur.
1454 5161 1483 5205 et
1492 5152 1595 5217 omnin,
1606 5168 1667 5222 quae
1683 5170 1702 5205 a
1712 5153 1771 5206 Deo

132 5232 207 5284 eninr
217 5239 309 5302 potest
323 5233 432 5304 coigcre
445 5234 589 5289 charitatis
604 5239 729 5309 mysterii
744 5241 827 5309 hujus
843 5241 929 5294 ratio-
971 5241 1054 5296 Patre
1068 5247 1141 5301 sunt,
1155 5258 1204 5312 per
1214 5240 1315 5295 l'iliunr
1335 5240 1407 5293 lacta
1431 5248 1456 5293 et
1476 5246 1633 5295 restaurata
1652 5242 1772 5295 credan-

133 5328 247 5383 norant
258 5322 366 5375 ctlleus
376 5322 497 5376 hominis
512 5340 595 5378 causa
607 5327 689 5380 homo
704 5330 930 5393 nasceretundo-
971 5337 1026 5398 tur,
1043 5335 1075 5386 ut
1089 5331 1126 5385 sit
1134 5331 1217 5401 plena
1231 5328 1362 5399 perfectio
1377 5329 1529 5383 dirirritatis
1550 5331 1579 5383 in
1595 5329 1771 5400 professione

132 5406 198 5461 indo
209 5416 375 5477 moreretur,
383 5428 433 5482 pro
443 5411 612 5478 hominihus,
620 5432 671 5485 pro
685 5415 772 5470 serris
784 5417 928 5483 Dominus,
970 5420 1155 5474 credentium.
1170 5418 1247 5473 Nihil
1257 5417 1347 5471 decrit
1361 5418 1529 5475 Christiano.
1549 5418 1662 5489 quando
1678 5420 1770 5474 Deum

133 5499 930 5577 procreaturaOrcat01·,pr0impiispinslpropterquidita
972 5508 1083 5562 Patrem
1113 5524 1163 5578 per
1187 5507 1280 5559 omnia
1319 5506 1486 5561 immensum
1514 5525 1575 5562 esse
1613 5508 1768 5577 cognoscit,
