<?xml version="1.0" encoding="UTF-8"?>
<!DOCTYPE html PUBLIC "-//W3C//DTD XHTML 1.0 Transitional//EN"
    "http://www.w3.org/TR/xhtml1/DTD/xhtml1-transitional.dtd">
<html xmlns="http://www.w3.org/1999/xhtml" xml:lang="en" lang="en">
 <head>
  <title>
</title>
<meta http-equiv="Content-Type" content="text/html;charset=utf-8" />
  <meta name='ocr-system' content='tesseract 3.04.00' />
  <meta name='ocr-capabilities' content='ocr_page ocr_carea ocr_par ocr_line ocrx_word'/>
</head>
<body>
  <div class='ocr_page' id='page_1' title='image "./patrologiaecurs22goog_0375.png"; bbox 0 0 3772 6120; ppageno 0'>
   <div class='ocr_carea' id='block_1_1' title="bbox 117 274 1559 347">
    <p class='ocr_par' dir='ltr' id='par_1_1' title="bbox 117 274 1559 347">
     <span class='ocr_line' id='line_1_1' title="bbox 117 274 1559 347; baseline 0.008 -17"><span class='ocrx_word' id='word_1_1' title='bbox 117 274 408 330; x_wconf 75' lang='lat' dir='ltr'>ENARRATIONUM</span> <span class='ocrx_word' id='word_1_2' title='bbox 425 274 464 330; x_wconf 93' lang='lat' dir='ltr'>IN</span> <span class='ocrx_word' id='word_1_3' title='bbox 484 276 560 329; x_wconf 85' lang='lat' dir='ltr'>EPP.</span> <span class='ocrx_word' id='word_1_4' title='bbox 581 275 688 330; x_wconf 83' lang='lat' dir='ltr'><strong>PAULI</strong></span> <span class='ocrx_word' id='word_1_5' title='bbox 708 276 777 330; x_wconf 89' lang='lat' dir='ltr'>LlB.</span> <span class='ocrx_word' id='word_1_6' title='bbox 797 278 960 335; x_wconf 84' lang='lat' dir='ltr'>xxvr1.-</span> <span class='ocrx_word' id='word_1_7' title='bbox 983 280 1023 335; x_wconf 90' lang='lat' dir='ltr'>IN</span> <span class='ocrx_word' id='word_1_8' title='bbox 1042 281 1153 337; x_wconf 80' lang='lat' dir='ltr'>Errsr.</span> <span class='ocrx_word' id='word_1_9' title='bbox 1173 283 1222 337; x_wconf 82' lang='lat' dir='ltr'>AD</span> <span class='ocrx_word' id='word_1_10' title='bbox 1243 284 1349 339; x_wconf 83' lang='lat' dir='ltr'><strong>HEBR.</strong></span> <span class='ocrx_word' id='word_1_11' title='bbox 1471 340 1474 347; x_wconf 86' lang='grc'>,</span> <span class='ocrx_word' id='word_1_12' title='bbox 1506 285 1559 343; x_wconf 79' lang='lat'>738</span> 
     </span>
    </p>
   </div>
   <div class='ocr_carea' id='block_1_2' title="bbox 98 400 1563 5637">
    <p class='ocr_par' dir='ltr' id='par_1_2' title="bbox 98 400 1563 5637">
     <span class='ocr_line' id='line_1_2' title="bbox 99 400 1562 473; baseline 0.006 -18"><span class='ocrx_word' id='word_1_13' title='bbox 99 416 194 472; x_wconf 75' lang='lat' dir='ltr'>sergo</span> <span class='ocrx_word' id='word_1_14' title='bbox 205 400 364 471; x_wconf 84' lang='lat' dir='ltr'>pontificem</span> <span class='ocrx_word' id='word_1_15' title='bbox 376 401 575 471; x_wconf 83' lang='lat' dir='ltr'>magnunr,qui</span> <span class='ocrx_word' id='word_1_16' title='bbox 587 406 714 470; x_wconf 86' lang='lat' dir='ltr'>penetra·</span> <span class='ocrx_word' id='word_1_17' title='bbox 725 402 751 459; x_wconf 88' lang='grc' dir='ltr'>Α</span> <span class='ocrx_word' id='word_1_18' title='bbox 756 409 869 472; x_wconf 87' lang='lat' dir='ltr'>peccato</span> <span class='ocrx_word' id='word_1_19' title='bbox 884 409 999 457; x_wconf 87' lang='lat' dir='ltr'>constat</span> <span class='ocrx_word' id='word_1_20' title='bbox 1021 404 1106 459; x_wconf 87' lang='lat' dir='ltr'>fuisse</span> <span class='ocrx_word' id='word_1_21' title='bbox 1128 411 1279 461; x_wconf 87' lang='lat' dir='ltr'>tentatum.</span> <span class='ocrx_word' id='word_1_22' title='bbox 1297 408 1366 473; x_wconf 88' lang='lat' dir='ltr'>Quis</span> <span class='ocrx_word' id='word_1_23' title='bbox 1381 410 1486 463; x_wconf 87' lang='lat' dir='ltr'>etenim</span> <span class='ocrx_word' id='word_1_24' title='bbox 1510 411 1562 464; x_wconf 91' lang='lat' dir='ltr'>ho·</span> 
     </span>
     <span class='ocr_line' id='line_1_3' title="bbox 99 489 1562 565; baseline 0.006 -21"><span class='ocrx_word' id='word_1_25' title='bbox 99 506 162 544; x_wconf 88' lang='lat' dir='ltr'>sum</span> <span class='ocrx_word' id='word_1_26' title='bbox 174 490 195 544; x_wconf 88' lang='lat' dir='ltr'>F</span> <span class='ocrx_word' id='word_1_27' title='bbox 196 489 276 544; x_wconf 90' lang='lat' dir='ltr'>ilium</span> <span class='ocrx_word' id='word_1_28' title='bbox 285 489 346 543; x_wconf 85' lang='lat' dir='ltr'>Dei.</span> <span class='ocrx_word' id='word_1_29' title='bbox 361 514 373 540; x_wconf 67' lang='lat' dir='ltr'>,n</span> <span class='ocrx_word' id='word_1_30' title='bbox 387 491 470 555; x_wconf 52' lang='lat' dir='ltr'>(elib.)</span> <span class='ocrx_word' id='word_1_31' title='bbox 483 490 631 543; x_wconf 88' lang='lat' dir='ltr'>Paululum</span> <span class='ocrx_word' id='word_1_32' title='bbox 642 491 717 544; x_wconf 89' lang='lat' dir='ltr'>enim</span> <span class='ocrx_word' id='word_1_33' title='bbox 759 491 868 545; x_wconf 92' lang='lat' dir='ltr'>minum</span> <span class='ocrx_word' id='word_1_34' title='bbox 882 493 1010 563; x_wconf 79' lang='lat' dir='ltr'>quamvis</span> <span class='ocrx_word' id='word_1_35' title='bbox 1024 493 1104 549; x_wconf 83' lang='lat' dir='ltr'>sortis</span> <span class='ocrx_word' id='word_1_36' title='bbox 1116 501 1200 565; x_wconf 87' lang='lat' dir='ltr'>atque</span> <span class='ocrx_word' id='word_1_37' title='bbox 1215 495 1333 551; x_wconf 79' lang='lat' dir='ltr'>bellator</span> <span class='ocrx_word' id='word_1_38' title='bbox 1351 497 1396 563; x_wconf 87' lang='lat' dir='ltr'>sit,</span> <span class='ocrx_word' id='word_1_39' title='bbox 1413 498 1562 553; x_wconf 89' lang='lat' dir='ltr'>hostilibus</span> 
     </span>
     <span class='ocr_line' id='line_1_4' title="bbox 99 578 1563 659; baseline 0.006 -26"><span class='ocrx_word' id='word_1_40' title='bbox 99 579 193 633; x_wconf 86' lang='lat' dir='ltr'>nitate</span> <span class='ocrx_word' id='word_1_41' title='bbox 203 579 264 648; x_wconf 87' lang='lat' dir='ltr'>ejus</span> <span class='ocrx_word' id='word_1_42' title='bbox 279 579 418 632; x_wconf 89' lang='lat' dir='ltr'>disserens</span> <span class='ocrx_word' id='word_1_43' title='bbox 432 578 485 631; x_wconf 90' lang='lat' dir='ltr'>ait:</span> <span class='ocrx_word' id='word_1_44' title='bbox 501 598 512 628; x_wconf 83' lang='lat' dir='ltr'>o</span> <span class='ocrx_word' id='word_1_45' title='bbox 526 579 627 632; x_wconf 89' lang='lat' dir='ltr'>Omnia</span> <span class='ocrx_word' id='word_1_46' title='bbox 643 581 718 633; x_wconf 90' lang='lat' dir='ltr'>nuda</span> <span class='ocrx_word' id='word_1_47' title='bbox 759 586 853 634; x_wconf 90' lang='lat' dir='ltr'>tamen</span> <span class='ocrx_word' id='word_1_48' title='bbox 868 581 931 635; x_wconf 86' lang='lat' dir='ltr'>telis</span> <span class='ocrx_word' id='word_1_49' title='bbox 946 583 1111 653; x_wconf 90' lang='lat' dir='ltr'>plerumque</span> <span class='ocrx_word' id='word_1_50' title='bbox 1126 601 1182 639; x_wconf 92' lang='lat' dir='ltr'>non</span> <span class='ocrx_word' id='word_1_51' title='bbox 1196 586 1309 655; x_wconf 84' lang='lat' dir='ltr'>pateat?</span> <span class='ocrx_word' id='word_1_52' title='bbox 1319 587 1382 657; x_wconf 90' lang='lat' dir='ltr'>quis</span> <span class='ocrx_word' id='word_1_53' title='bbox 1390 588 1466 641; x_wconf 82' lang='lat' dir='ltr'>velut</span> <span class='ocrx_word' id='word_1_54' title='bbox 1475 588 1563 659; x_wconf 88' lang='lat' dir='ltr'>impe·</span> 
     </span>
     <span class='ocr_line' id='line_1_5' title="bbox 99 668 1561 748; baseline 0.005 -25"><span class='ocrx_word' id='word_1_55' title='bbox 99 673 145 723; x_wconf 86' lang='lat' dir='ltr'>rut</span> <span class='ocrx_word' id='word_1_56' title='bbox 164 668 252 721; x_wconf 87' lang='lat' dir='ltr'>oculis</span> <span class='ocrx_word' id='word_1_57' title='bbox 267 668 337 738; x_wconf 89' lang='lat' dir='ltr'>ejus,</span> <span class='ocrx_word' id='word_1_58' title='bbox 355 688 367 719; x_wconf 77' lang='lat' dir='ltr'>a</span> <span class='ocrx_word' id='word_1_59' title='bbox 385 685 459 721; x_wconf 90' lang='lat' dir='ltr'>nunc</span> <span class='ocrx_word' id='word_1_60' title='bbox 481 675 574 721; x_wconf 85' lang='lat' dir='ltr'>autem</span> <span class='ocrx_word' id='word_1_61' title='bbox 595 669 661 739; x_wconf 91' lang='lat' dir='ltr'>quia</span> <span class='ocrx_word' id='word_1_62' title='bbox 682 669 717 722; x_wconf 89' lang='lat' dir='ltr'>de</span> <span class='ocrx_word' id='word_1_63' title='bbox 759 669 889 724; x_wconf 88' lang='lat' dir='ltr'>netrabili</span> <span class='ocrx_word' id='word_1_64' title='bbox 901 687 984 725; x_wconf 87' lang='lat' dir='ltr'>came</span> <span class='ocrx_word' id='word_1_65' title='bbox 1004 672 1194 727; x_wconf 89' lang='lat' dir='ltr'>circumdatus</span> <span class='ocrx_word' id='word_1_66' title='bbox 1208 675 1295 728; x_wconf 87' lang='lat' dir='ltr'>tantis</span> <span class='ocrx_word' id='word_1_67' title='bbox 1311 676 1471 746; x_wconf 84' lang='lat' dir='ltr'>praeliorum</span> <span class='ocrx_word' id='word_1_68' title='bbox 1486 679 1561 748; x_wconf 88' lang='lat' dir='ltr'>peri-</span> 
     </span>
     <span class='ocr_line' id='line_1_6' title="bbox 99 757 1559 837; baseline 0.005 -25"><span class='ocrx_word' id='word_1_69' title='bbox 99 757 192 823; x_wconf 61' lang='lat' dir='ltr'>ande</span> <span class='ocrx_word' id='word_1_70' title='bbox 207 757 369 827; x_wconf 88' lang='lat' dir='ltr'>pontificatu</span> <span class='ocrx_word' id='word_1_71' title='bbox 386 757 511 827; x_wconf 90' lang='lat' dir='ltr'>disputat</span> <span class='ocrx_word' id='word_1_72' title='bbox 524 757 599 811; x_wconf 89' lang='lat' dir='ltr'>illius</span> <span class='ocrx_word' id='word_1_73' title='bbox 614 758 661 828; x_wconf 90' lang='lat' dir='ltr'>qui</span> <span class='ocrx_word' id='word_1_74' title='bbox 672 776 716 812; x_wconf 89' lang='lat' dir='ltr'>se·</span> <span class='ocrx_word' id='word_1_75' title='bbox 758 758 828 812; x_wconf 92' lang='lat' dir='ltr'>culis</span> <span class='ocrx_word' id='word_1_76' title='bbox 843 758 903 812; x_wconf 91' lang='lat' dir='ltr'>siue</span> <span class='ocrx_word' id='word_1_77' title='bbox 920 760 1044 830; x_wconf 90' lang='lat' dir='ltr'>periculo</span> <span class='ocrx_word' id='word_1_78' title='bbox 1058 762 1226 818; x_wconf 76' lang='lat' dir='ltr'><strong>misceatur?</strong></span> <span class='ocrx_word' id='word_1_79' title='bbox 1237 764 1288 817; x_wconf 90' lang='lat' dir='ltr'>Ille</span> <span class='ocrx_word' id='word_1_80' title='bbox 1305 771 1400 818; x_wconf 84' lang='lat' dir='ltr'>autem</span> <span class='ocrx_word' id='word_1_81' title='bbox 1411 766 1486 819; x_wconf 90' lang='lat' dir='ltr'>solus</span> <span class='ocrx_word' id='word_1_82' title='bbox 1496 783 1559 837; x_wconf 87' lang='lat' dir='ltr'>spe·</span> 
     </span>
     <span class='ocr_line' id='line_1_7' title="bbox 99 844 1559 920; baseline 0.006 -20"><span class='ocrx_word' id='word_1_83' title='bbox 99 844 212 900; x_wconf 85' lang='lat' dir='ltr'>l&#39;erebat</span> <span class='ocrx_word' id='word_1_84' title='bbox 221 851 414 899; x_wconf 86' lang='lat' dir='ltr'>nestraecausa</span> <span class='ocrx_word' id='word_1_85' title='bbox 425 846 717 917; x_wconf 89' lang='lat' dir='ltr'>salutis,etquomodo</span> <span class='ocrx_word' id='word_1_86' title='bbox 758 847 850 901; x_wconf 91' lang='lat' dir='ltr'>ciesus</span> <span class='ocrx_word' id='word_1_87' title='bbox 869 849 958 902; x_wconf 87' lang='lat' dir='ltr'>forma</span> <span class='ocrx_word' id='word_1_88' title='bbox 970 866 1026 920; x_wconf 84' lang='lat' dir='ltr'>pree</span> <span class='ocrx_word' id='word_1_89' title='bbox 1037 850 1101 904; x_wconf 88' lang='lat' dir='ltr'>tiliis</span> <span class='ocrx_word' id='word_1_90' title='bbox 1111 852 1256 906; x_wconf 89' lang='lat' dir='ltr'>hominum</span> <span class='ocrx_word' id='word_1_91' title='bbox 1270 855 1353 918; x_wconf 84' lang='lat' dir='ltr'>(Psul.</span> <span class='ocrx_word' id='word_1_92' title='bbox 1370 858 1453 919; x_wconf 67' lang='grc' dir='ltr'>ων),</span> <span class='ocrx_word' id='word_1_93' title='bbox 1464 856 1559 909; x_wconf 90' lang='lat' dir='ltr'>cendi·</span> 
     </span>
     <span class='ocr_line' id='line_1_8' title="bbox 100 934 1558 1014; baseline 0.005 -24"><span class='ocrx_word' id='word_1_94' title='bbox 100 935 272 990; x_wconf 86' lang='lat' dir='ltr'>mintrassct</span> <span class='ocrx_word' id='word_1_95' title='bbox 281 935 310 988; x_wconf 92' lang='lat' dir='ltr'>in</span> <span class='ocrx_word' id='word_1_96' title='bbox 319 934 456 1004; x_wconf 76' lang='lat' dir='ltr'>requiem.</span> <span class='ocrx_word' id='word_1_97' title='bbox 468 960 478 985; x_wconf 71' lang='lat' dir='ltr'>a</span> <span class='ocrx_word' id='word_1_98' title='bbox 490 934 632 990; x_wconf 83' lang='lat' dir='ltr'>Habemus</span> <span class='ocrx_word' id='word_1_99' title='bbox 642 937 718 989; x_wconf 90' lang='lat' dir='ltr'>enim</span> <span class='ocrx_word' id='word_1_100' title='bbox 759 937 864 990; x_wconf 87' lang='lat' dir='ltr'>tionem</span> <span class='ocrx_word' id='word_1_101' title='bbox 884 938 983 992; x_wconf 88' lang='lat' dir='ltr'>mertis</span> <span class='ocrx_word' id='word_1_102' title='bbox 996 939 1127 994; x_wconf 84' lang='lat' dir='ltr'>humanae</span> <span class='ocrx_word' id='word_1_103' title='bbox 1143 957 1206 994; x_wconf 87' lang='lat' dir='ltr'>cunr</span> <span class='ocrx_word' id='word_1_104' title='bbox 1219 942 1351 996; x_wconf 80' lang='lat' dir='ltr'>universa</span> <span class='ocrx_word' id='word_1_105' title='bbox 1365 943 1459 997; x_wconf 87' lang='lat' dir='ltr'>carnis</span> <span class='ocrx_word' id='word_1_106' title='bbox 1472 944 1558 1014; x_wconf 84' lang='lat' dir='ltr'>fragl-</span> 
     </span>
     <span class='ocr_line' id='line_1_9' title="bbox 99 1024 1560 1100; baseline 0.005 -21"><span class='ocrx_word' id='word_1_107' title='bbox 99 1040 230 1096; x_wconf 77' lang='lat' dir='ltr'>magnum</span> <span class='ocrx_word' id='word_1_108' title='bbox 252 1024 299 1094; x_wconf 90' lang='lat' dir='ltr'>qui</span> <span class='ocrx_word' id='word_1_109' title='bbox 323 1025 480 1094; x_wconf 84' lang='lat' dir='ltr'>penetrarit</span> <span class='ocrx_word' id='word_1_110' title='bbox 500 1026 591 1078; x_wconf 73' lang='lat' dir='ltr'>celos.</span> <span class='ocrx_word' id='word_1_111' title='bbox 611 1043 624 1077; x_wconf 81' lang='lat' dir='ltr'>r&gt;</span> <span class='ocrx_word' id='word_1_112' title='bbox 645 1026 718 1095; x_wconf 86' lang='lat' dir='ltr'>Ergo</span> <span class='ocrx_word' id='word_1_113' title='bbox 759 1025 837 1079; x_wconf 86' lang='lat' dir='ltr'>litate</span> <span class='ocrx_word' id='word_1_114' title='bbox 851 1026 1015 1097; x_wconf 88' lang='lat' dir='ltr'>suscipiens,</span> <span class='ocrx_word' id='word_1_115' title='bbox 1025 1029 1129 1082; x_wconf 90' lang='lat' dir='ltr'>nullius</span> <span class='ocrx_word' id='word_1_116' title='bbox 1144 1046 1268 1100; x_wconf 90' lang='lat' dir='ltr'>unquam</span> <span class='ocrx_word' id='word_1_117' title='bbox 1281 1038 1323 1084; x_wconf 90' lang='lat' dir='ltr'>est</span> <span class='ocrx_word' id='word_1_118' title='bbox 1337 1032 1427 1086; x_wconf 91' lang='lat' dir='ltr'>sordis</span> <span class='ocrx_word' id='word_1_119' title='bbox 1438 1033 1560 1087; x_wconf 88' lang='lat' dir='ltr'>macula-</span> 
     </span>
     <span class='ocr_line' id='line_1_10' title="bbox 99 1113 1558 1185; baseline 0.004 -16"><span class='ocrx_word' id='word_1_120' title='bbox 99 1120 140 1169; x_wconf 74' lang='lat' dir='ltr'>mr</span> <span class='ocrx_word' id='word_1_121' title='bbox 153 1113 303 1185; x_wconf 89' lang='lat' dir='ltr'>populicui</span> <span class='ocrx_word' id='word_1_122' title='bbox 314 1113 451 1183; x_wconf 90' lang='lat' dir='ltr'>promissa</span> <span class='ocrx_word' id='word_1_123' title='bbox 466 1119 508 1168; x_wconf 87' lang='lat' dir='ltr'>est</span> <span class='ocrx_word' id='word_1_124' title='bbox 518 1115 629 1184; x_wconf 84' lang='lat' dir='ltr'><strong>requies</strong></span> <span class='ocrx_word' id='word_1_125' title='bbox 638 1121 717 1169; x_wconf 88' lang='lat' dir='ltr'>tran·</span> <span class='ocrx_word' id='word_1_126' title='bbox 759 1118 804 1167; x_wconf 90' lang='lat' dir='ltr'>tus</span> <span class='ocrx_word' id='word_1_127' title='bbox 819 1121 936 1169; x_wconf 85' lang='lat' dir='ltr'>attactu.</span> <span class='ocrx_word' id='word_1_128' title='bbox 952 1116 1087 1171; x_wconf 86' lang='lat' dir='ltr'>Tentatus</span> <span class='ocrx_word' id='word_1_129' title='bbox 1103 1123 1146 1171; x_wconf 90' lang='lat' dir='ltr'>est</span> <span class='ocrx_word' id='word_1_130' title='bbox 1160 1119 1235 1172; x_wconf 91' lang='lat' dir='ltr'>enim</span> <span class='ocrx_word' id='word_1_131' title='bbox 1247 1119 1277 1172; x_wconf 94' lang='lat' dir='ltr'>in</span> <span class='ocrx_word' id='word_1_132' title='bbox 1294 1120 1405 1174; x_wconf 87' lang='lat' dir='ltr'>deserto</span> <span class='ocrx_word' id='word_1_133' title='bbox 1419 1137 1436 1173; x_wconf 94' lang='lat' dir='ltr'>a</span> <span class='ocrx_word' id='word_1_134' title='bbox 1448 1120 1558 1175; x_wconf 90' lang='lat' dir='ltr'>diabolo</span> 
     </span>
     <span class='ocr_line' id='line_1_11' title="bbox 101 1202 1558 1281; baseline 0.004 -23"><span class='ocrx_word' id='word_1_135' title='bbox 101 1203 222 1258; x_wconf 83' lang='lat' dir='ltr'>intrabit</span> <span class='ocrx_word' id='word_1_136' title='bbox 231 1203 260 1256; x_wconf 92' lang='lat' dir='ltr'>in</span> <span class='ocrx_word' id='word_1_137' title='bbox 270 1202 405 1273; x_wconf 78' lang='lat' dir='ltr'>requiem,</span> <span class='ocrx_word' id='word_1_138' title='bbox 417 1220 502 1273; x_wconf 89' lang='lat' dir='ltr'>quarn</span> <span class='ocrx_word' id='word_1_139' title='bbox 516 1204 616 1274; x_wconf 83' lang='lat' dir='ltr'>saepius</span> <span class='ocrx_word' id='word_1_140' title='bbox 632 1221 718 1274; x_wconf 90' lang='lat' dir='ltr'>popu·</span> <span class='ocrx_word' id='word_1_141' title='bbox 759 1205 912 1258; x_wconf 88' lang='lat' dir='ltr'>secundum</span> <span class='ocrx_word' id='word_1_142' title='bbox 928 1204 1142 1260; x_wconf 89' lang='lat' dir='ltr'>similitudinem</span> <span class='ocrx_word' id='word_1_143' title='bbox 1157 1213 1282 1261; x_wconf 86' lang='lat' dir='ltr'>nostram</span> <span class='ocrx_word' id='word_1_144' title='bbox 1298 1209 1503 1281; x_wconf 72' lang='lat' dir='ltr'>gastrimargia</span> <span class='ocrx_word' id='word_1_145' title='bbox 1518 1210 1558 1264; x_wconf 81' lang='lat' dir='ltr'>ri-</span> 
     </span>
     <span class='ocr_line' id='line_1_12' title="bbox 99 1291 1559 1369; baseline 0.006 -26"><span class='ocrx_word' id='word_1_146' title='bbox 99 1337 100 1343; x_wconf 72' lang='grc'>,</span> <span class='ocrx_word' id='word_1_147' title='bbox 111 1293 169 1348; x_wconf 90' lang='lat' dir='ltr'>Iste</span> <span class='ocrx_word' id='word_1_148' title='bbox 180 1309 246 1346; x_wconf 76' lang='lat' dir='ltr'>rere</span> <span class='ocrx_word' id='word_1_149' title='bbox 261 1298 357 1346; x_wconf 89' lang='lat' dir='ltr'>noster</span> <span class='ocrx_word' id='word_1_150' title='bbox 366 1293 505 1357; x_wconf 88' lang='lat' dir='ltr'>sacerdes,</span> <span class='ocrx_word' id='word_1_151' title='bbox 517 1291 641 1346; x_wconf 88' lang='lat' dir='ltr'>melioris</span> <span class='ocrx_word' id='word_1_152' title='bbox 652 1309 717 1363; x_wconf 92' lang='lat' dir='ltr'>pro·</span> <span class='ocrx_word' id='word_1_153' title='bbox 757 1293 806 1355; x_wconf 88' lang='lat' dir='ltr'>tie,</span> <span class='ocrx_word' id='word_1_154' title='bbox 816 1309 879 1347; x_wconf 91' lang='lat' dir='ltr'>curn</span> <span class='ocrx_word' id='word_1_155' title='bbox 890 1293 915 1347; x_wconf 90' lang='lat' dir='ltr'>ei</span> <span class='ocrx_word' id='word_1_156' title='bbox 925 1294 1030 1348; x_wconf 88' lang='lat' dir='ltr'>dictum</span> <span class='ocrx_word' id='word_1_157' title='bbox 1041 1301 1101 1349; x_wconf 87' lang='lat' dir='ltr'>est:</span> <span class='ocrx_word' id='word_1_158' title='bbox 1116 1313 1129 1347; x_wconf 82' lang='lat' dir='ltr'>a</span> <span class='ocrx_word' id='word_1_159' title='bbox 1147 1296 1176 1350; x_wconf 87' lang='lat' dir='ltr'>Si</span> <span class='ocrx_word' id='word_1_160' title='bbox 1188 1297 1274 1350; x_wconf 79' lang='lat' dir='ltr'>Filius</span> <span class='ocrx_word' id='word_1_161' title='bbox 1285 1297 1334 1351; x_wconf 89' lang='lat' dir='ltr'>Dei</span> <span class='ocrx_word' id='word_1_162' title='bbox 1344 1315 1382 1364; x_wconf 76' lang='grc' dir='ltr'>οε,</span> <span class='ocrx_word' id='word_1_163' title='bbox 1391 1298 1436 1351; x_wconf 90' lang='lat' dir='ltr'>die</span> <span class='ocrx_word' id='word_1_164' title='bbox 1449 1305 1481 1352; x_wconf 91' lang='lat' dir='ltr'>ut</span> <span class='ocrx_word' id='word_1_165' title='bbox 1489 1299 1559 1369; x_wconf 90' lang='lat' dir='ltr'>lapi·</span> 
     </span>
     <span class='ocr_line' id='line_1_13' title="bbox 99 1381 1558 1454; baseline 0.003 -17"><span class='ocrx_word' id='word_1_166' title='bbox 99 1399 202 1447; x_wconf 82' lang='lat' dir='ltr'>masor,</span> <span class='ocrx_word' id='word_1_167' title='bbox 216 1381 290 1434; x_wconf 81' lang='lat' dir='ltr'>riam</span> <span class='ocrx_word' id='word_1_168' title='bbox 310 1381 413 1435; x_wconf 81' lang='lat' dir='ltr'>faciens</span> <span class='ocrx_word' id='word_1_169' title='bbox 433 1381 611 1435; x_wconf 82' lang='lat' dir='ltr'>credentibus</span> <span class='ocrx_word' id='word_1_170' title='bbox 632 1381 659 1435; x_wconf 94' lang='lat' dir='ltr'>in</span> <span class='ocrx_word' id='word_1_171' title='bbox 675 1399 714 1448; x_wconf 87' lang='lat' dir='ltr'>se,</span> <span class='ocrx_word' id='word_1_172' title='bbox 758 1381 806 1435; x_wconf 89' lang='lat' dir='ltr'>des</span> <span class='ocrx_word' id='word_1_173' title='bbox 817 1382 864 1436; x_wconf 89' lang='lat' dir='ltr'>isti</span> <span class='ocrx_word' id='word_1_174' title='bbox 875 1400 963 1453; x_wconf 83' lang='lat' dir='ltr'>panes</span> <span class='ocrx_word' id='word_1_175' title='bbox 977 1385 1048 1438; x_wconf 86' lang='lat' dir='ltr'>liant</span> <span class='ocrx_word' id='word_1_176' title='bbox 1059 1386 1165 1450; x_wconf 70' lang='lat' dir='ltr'>(illottb.</span> <span class='ocrx_word' id='word_1_177' title='bbox 1178 1385 1225 1454; x_wconf 78' lang='lat' dir='ltr'>rr).</span> <span class='ocrx_word' id='word_1_178' title='bbox 1244 1405 1256 1434; x_wconf 81' lang='lat' dir='ltr'>n</span> <span class='ocrx_word' id='word_1_179' title='bbox 1275 1386 1410 1441; x_wconf 88' lang='lat' dir='ltr'>Tentatus</span> <span class='ocrx_word' id='word_1_180' title='bbox 1421 1394 1464 1441; x_wconf 90' lang='lat' dir='ltr'>est</span> <span class='ocrx_word' id='word_1_181' title='bbox 1473 1389 1558 1442; x_wconf 89' lang='lat' dir='ltr'>etiam</span> 
     </span>
     <span class='ocr_line' id='line_1_14' title="bbox 99 1470 1556 1542; baseline 0.002 -16"><span class='ocrx_word' id='word_1_182' title='bbox 99 1471 151 1526; x_wconf 81' lang='lat' dir='ltr'>ivit</span> <span class='ocrx_word' id='word_1_183' title='bbox 167 1472 196 1524; x_wconf 91' lang='lat' dir='ltr'>in</span> <span class='ocrx_word' id='word_1_184' title='bbox 216 1471 341 1541; x_wconf 77' lang='lat' dir='ltr'>requiem</span> <span class='ocrx_word' id='word_1_185' title='bbox 359 1472 461 1541; x_wconf 89' lang='lat' dir='ltr'>popule</span> <span class='ocrx_word' id='word_1_186' title='bbox 474 1470 526 1524; x_wconf 89' lang='lat' dir='ltr'>sibi</span> <span class='ocrx_word' id='word_1_187' title='bbox 536 1471 641 1525; x_wconf 87' lang='lat' dir='ltr'>credito</span> <span class='ocrx_word' id='word_1_188' title='bbox 652 1487 717 1541; x_wconf 92' lang='lat' dir='ltr'>pro·</span> <span class='ocrx_word' id='word_1_189' title='bbox 760 1470 929 1536; x_wconf 76' lang='lat' dir='ltr'>cenodoxia,</span> <span class='ocrx_word' id='word_1_190' title='bbox 947 1488 1011 1526; x_wconf 84' lang='lat' dir='ltr'>curn</span> <span class='ocrx_word' id='word_1_191' title='bbox 1029 1472 1055 1524; x_wconf 91' lang='lat' dir='ltr'>ei</span> <span class='ocrx_word' id='word_1_192' title='bbox 1074 1472 1180 1526; x_wconf 91' lang='lat' dir='ltr'>dictum</span> <span class='ocrx_word' id='word_1_193' title='bbox 1200 1481 1261 1527; x_wconf 87' lang='lat' dir='ltr'>est:</span> <span class='ocrx_word' id='word_1_194' title='bbox 1281 1494 1292 1523; x_wconf 78' lang='grc' dir='ltr'><strong><em>ι</em></strong></span> <span class='ocrx_word' id='word_1_195' title='bbox 1310 1474 1340 1529; x_wconf 84' lang='lat' dir='ltr'>Si</span> <span class='ocrx_word' id='word_1_196' title='bbox 1351 1474 1437 1529; x_wconf 85' lang='lat' dir='ltr'>Filius</span> <span class='ocrx_word' id='word_1_197' title='bbox 1451 1476 1501 1529; x_wconf 90' lang='lat' dir='ltr'>Dei</span> <span class='ocrx_word' id='word_1_198' title='bbox 1517 1493 1556 1542; x_wconf 89' lang='lat' dir='ltr'>es,</span> 
     </span>
     <span class='ocr_line' id='line_1_15' title="bbox 99 1558 1559 1635; baseline 0.002 -20"><span class='ocrx_word' id='word_1_199' title='bbox 99 1559 204 1615; x_wconf 81' lang='lat' dir='ltr'>audens</span> <span class='ocrx_word' id='word_1_200' title='bbox 222 1576 287 1612; x_wconf 88' lang='lat' dir='ltr'>eum</span> <span class='ocrx_word' id='word_1_201' title='bbox 304 1575 438 1628; x_wconf 79' lang='lat' dir='ltr'>magnum</span> <span class='ocrx_word' id='word_1_202' title='bbox 457 1559 640 1625; x_wconf 84' lang='lat' dir='ltr'>sacerdotem,</span> <span class='ocrx_word' id='word_1_203' title='bbox 653 1559 719 1630; x_wconf 92' lang='lat' dir='ltr'>quia</span> <span class='ocrx_word' id='word_1_204' title='bbox 759 1558 840 1612; x_wconf 88' lang='lat' dir='ltr'>mitte</span> <span class='ocrx_word' id='word_1_205' title='bbox 851 1564 880 1612; x_wconf 90' lang='lat' dir='ltr'>te</span> <span class='ocrx_word' id='word_1_206' title='bbox 894 1558 1035 1614; x_wconf 89' lang='lat' dir='ltr'>deorsum.</span> <span class='ocrx_word' id='word_1_207' title='bbox 1051 1584 1063 1613; x_wconf 88' lang='lat'>»</span> <span class='ocrx_word' id='word_1_208' title='bbox 1080 1562 1216 1615; x_wconf 86' lang='lat' dir='ltr'>Tentatus</span> <span class='ocrx_word' id='word_1_209' title='bbox 1226 1567 1269 1616; x_wconf 91' lang='lat' dir='ltr'>est</span> <span class='ocrx_word' id='word_1_210' title='bbox 1279 1563 1364 1616; x_wconf 91' lang='lat' dir='ltr'>etiam</span> <span class='ocrx_word' id='word_1_211' title='bbox 1379 1564 1559 1635; x_wconf 71' lang='lat' dir='ltr'>philargyriae</span> 
     </span>
     <span class='ocr_line' id='line_1_16' title="bbox 99 1647 1559 1724; baseline 0.003 -22"><span class='ocrx_word' id='word_1_212' title='bbox 99 1648 216 1702; x_wconf 87' lang='lat' dir='ltr'>uhabet</span> <span class='ocrx_word' id='word_1_213' title='bbox 226 1647 666 1718; x_wconf 80' lang='lat' dir='ltr'>sacerdotium,sempervivusad</span> <span class='ocrx_word' id='word_1_214' title='bbox 678 1648 719 1701; x_wconf 91' lang='lat' dir='ltr'>in·</span> <span class='ocrx_word' id='word_1_215' title='bbox 760 1647 867 1710; x_wconf 89' lang='lat' dir='ltr'>morbo,</span> <span class='ocrx_word' id='word_1_216' title='bbox 877 1665 924 1701; x_wconf 90' lang='lat' dir='ltr'>seu</span> <span class='ocrx_word' id='word_1_217' title='bbox 936 1655 1046 1703; x_wconf 81' lang='lat' dir='ltr'>tumore</span> <span class='ocrx_word' id='word_1_218' title='bbox 1058 1650 1204 1721; x_wconf 71' lang='lat' dir='ltr'>superbire,</span> <span class='ocrx_word' id='word_1_219' title='bbox 1217 1669 1281 1705; x_wconf 91' lang='lat' dir='ltr'>curn</span> <span class='ocrx_word' id='word_1_220' title='bbox 1296 1652 1321 1704; x_wconf 88' lang='lat' dir='ltr'>ei</span> <span class='ocrx_word' id='word_1_221' title='bbox 1337 1669 1354 1706; x_wconf 90' lang='lat' dir='ltr'>a</span> <span class='ocrx_word' id='word_1_222' title='bbox 1368 1652 1478 1707; x_wconf 90' lang='lat' dir='ltr'>diabole</span> <span class='ocrx_word' id='word_1_223' title='bbox 1493 1671 1559 1724; x_wconf 88' lang='lat' dir='ltr'>pro·</span> 
     </span>
     <span class='ocr_line' id='line_1_17' title="bbox 99 1719 1556 1810; baseline 0.003 -18"><span class='ocrx_word' id='word_1_224' title='bbox 99 1754 181 1808; x_wconf 86' lang='lat' dir='ltr'>mpro</span> <span class='ocrx_word' id='word_1_225' title='bbox 192 1737 393 1801; x_wconf 79' lang='lat' dir='ltr'>nolris,etlrunc</span> <span class='ocrx_word' id='word_1_226' title='bbox 402 1737 495 1807; x_wconf 90' lang='lat' dir='ltr'>ipsurn</span> <span class='ocrx_word' id='word_1_227' title='bbox 504 1737 606 1790; x_wconf 83' lang='lat' dir='ltr'>Filium</span> <span class='ocrx_word' id='word_1_228' title='bbox 616 1737 666 1791; x_wconf 91' lang='lat' dir='ltr'>Dei</span> <span class='ocrx_word' id='word_1_229' title='bbox 676 1719 748 1791; x_wconf 72' lang='lat' dir='ltr'>esfl</span> <span class='ocrx_word' id='word_1_230' title='bbox 759 1736 938 1791; x_wconf 86' lang='lat' dir='ltr'>mitterentur</span> <span class='ocrx_word' id='word_1_231' title='bbox 952 1738 1047 1792; x_wconf 90' lang='lat' dir='ltr'>omnia</span> <span class='ocrx_word' id='word_1_232' title='bbox 1061 1756 1149 1809; x_wconf 86' lang='lat' dir='ltr'>regna</span> <span class='ocrx_word' id='word_1_233' title='bbox 1169 1739 1266 1793; x_wconf 89' lang='lat' dir='ltr'>mundi</span> <span class='ocrx_word' id='word_1_234' title='bbox 1282 1747 1311 1794; x_wconf 91' lang='lat' dir='ltr'>et</span> <span class='ocrx_word' id='word_1_235' title='bbox 1331 1741 1422 1810; x_wconf 85' lang='lat' dir='ltr'>gloria</span> <span class='ocrx_word' id='word_1_236' title='bbox 1448 1759 1556 1796; x_wconf 89' lang='lat' dir='ltr'>eorum.</span> 
     </span>
     <span class='ocr_line' id='line_1_18' title="bbox 99 1808 1559 1897; baseline 0.003 -17"><span class='ocrx_word' id='word_1_237' title='bbox 99 1842 123 1881; x_wconf 87' lang='lat' dir='ltr'>m</span> <span class='ocrx_word' id='word_1_238' title='bbox 136 1826 217 1887; x_wconf 85' lang='lat' dir='ltr'>dixit,</span> <span class='ocrx_word' id='word_1_239' title='bbox 226 1828 307 1880; x_wconf 83' lang='lat' dir='ltr'>lesus</span> <span class='ocrx_word' id='word_1_240' title='bbox 319 1824 405 1878; x_wconf 86' lang='lat' dir='ltr'>Filius</span> <span class='ocrx_word' id='word_1_241' title='bbox 416 1825 476 1890; x_wconf 89' lang='lat' dir='ltr'>Dei,</span> <span class='ocrx_word' id='word_1_242' title='bbox 489 1808 563 1895; x_wconf 78' lang='lat' dir='ltr'>qued</span> <span class='ocrx_word' id='word_1_243' title='bbox 578 1842 718 1895; x_wconf 84' lang='lat' dir='ltr'>nusquam</span> <span class='ocrx_word' id='word_1_244' title='bbox 757 1825 894 1879; x_wconf 88' lang='lat' dir='ltr'>Tentatus</span> <span class='ocrx_word' id='word_1_245' title='bbox 906 1833 949 1880; x_wconf 91' lang='lat' dir='ltr'>est</span> <span class='ocrx_word' id='word_1_246' title='bbox 968 1826 1108 1897; x_wconf 89' lang='lat' dir='ltr'>siquidem</span> <span class='ocrx_word' id='word_1_247' title='bbox 1129 1828 1245 1882; x_wconf 79' lang='lat' dir='ltr'>dirersis</span> <span class='ocrx_word' id='word_1_248' title='bbox 1262 1830 1361 1895; x_wconf 93' lang='lat' dir='ltr'>modis,</span> <span class='ocrx_word' id='word_1_249' title='bbox 1374 1831 1423 1884; x_wconf 90' lang='lat' dir='ltr'>sed</span> <span class='ocrx_word' id='word_1_250' title='bbox 1440 1848 1496 1885; x_wconf 89' lang='lat' dir='ltr'>noa</span> <span class='ocrx_word' id='word_1_251' title='bbox 1511 1849 1559 1885; x_wconf 92' lang='lat' dir='ltr'>su-</span> 
     </span>
     <span class='ocr_line' id='line_1_19' title="bbox 99 1914 1560 1989; baseline 0.003 -19"><span class='ocrx_word' id='word_1_252' title='bbox 99 1914 714 1985; x_wconf 77' lang='lat' dir='ltr'>cereroluit1sedeurnsamulurnproferebat,</span> <span class='ocrx_word' id='word_1_253' title='bbox 759 1920 887 1983; x_wconf 77' lang='lat' dir='ltr'>peintus:</span> <span class='ocrx_word' id='word_1_254' title='bbox 900 1915 929 1968; x_wconf 91' lang='lat' dir='ltr'>in</span> <span class='ocrx_word' id='word_1_255' title='bbox 945 1915 1174 1970; x_wconf 88' lang='lat' dir='ltr'>tribulationibus</span> <span class='ocrx_word' id='word_1_256' title='bbox 1193 1917 1336 1987; x_wconf 87' lang='lat' dir='ltr'>probatus,</span> <span class='ocrx_word' id='word_1_257' title='bbox 1355 1917 1458 1989; x_wconf 91' lang='lat' dir='ltr'>ubique</span> <span class='ocrx_word' id='word_1_258' title='bbox 1473 1921 1560 1976; x_wconf 83' lang='lat' dir='ltr'>victer</span> 
     </span>
     <span class='ocr_line' id='line_1_20' title="bbox 99 2002 1559 2076; baseline 0.003 -17"><span class='ocrx_word' id='word_1_259' title='bbox 99 2004 156 2059; x_wconf 84' lang='lat' dir='ltr'>bus</span> <span class='ocrx_word' id='word_1_260' title='bbox 176 2004 329 2057; x_wconf 87' lang='lat' dir='ltr'>testificans</span> <span class='ocrx_word' id='word_1_261' title='bbox 353 2021 419 2058; x_wconf 81' lang='lat' dir='ltr'>euin</span> <span class='ocrx_word' id='word_1_262' title='bbox 436 2002 487 2057; x_wconf 90' lang='lat' dir='ltr'>snb</span> <span class='ocrx_word' id='word_1_263' title='bbox 503 2003 615 2057; x_wconf 90' lang='lat' dir='ltr'>nomine</span> <span class='ocrx_word' id='word_1_264' title='bbox 639 2004 714 2069; x_wconf 90' lang='lat' dir='ltr'>Jesu,</span> <span class='ocrx_word' id='word_1_265' title='bbox 758 2003 907 2072; x_wconf 81' lang='lat' dir='ltr'>gloriosus.</span> <span class='ocrx_word' id='word_1_266' title='bbox 923 2005 1059 2058; x_wconf 87' lang='lat' dir='ltr'>Tentatus</span> <span class='ocrx_word' id='word_1_267' title='bbox 1083 2012 1126 2059; x_wconf 87' lang='lat' dir='ltr'>est</span> <span class='ocrx_word' id='word_1_268' title='bbox 1150 2005 1288 2076; x_wconf 89' lang='lat' dir='ltr'>siquidem</span> <span class='ocrx_word' id='word_1_269' title='bbox 1303 2024 1354 2076; x_wconf 89' lang='lat' dir='ltr'>pro</span> <span class='ocrx_word' id='word_1_270' title='bbox 1375 2008 1559 2063; x_wconf 87' lang='lat' dir='ltr'>similitudine</span> 
     </span>
     <span class='ocr_line' id='line_1_21' title="bbox 99 2092 1559 2166; baseline 0.002 -18"><span class='ocrx_word' id='word_1_271' title='bbox 99 2094 239 2163; x_wconf 78' lang='lat' dir='ltr'>rangelus</span> <span class='ocrx_word' id='word_1_272' title='bbox 250 2110 266 2146; x_wconf 92' lang='lat' dir='ltr'>a</span> <span class='ocrx_word' id='word_1_273' title='bbox 276 2094 333 2147; x_wconf 91' lang='lat' dir='ltr'>Deo</span> <span class='ocrx_word' id='word_1_274' title='bbox 348 2093 471 2146; x_wconf 89' lang='lat' dir='ltr'>directus</span> <span class='ocrx_word' id='word_1_275' title='bbox 486 2092 593 2163; x_wconf 74' lang='lat' dir='ltr'>Virgini</span> <span class='ocrx_word' id='word_1_276' title='bbox 610 2108 717 2146; x_wconf 86' lang='lat' dir='ltr'>annun·</span> <span class='ocrx_word' id='word_1_277' title='bbox 758 2092 850 2145; x_wconf 88' lang='lat' dir='ltr'>carnis</span> <span class='ocrx_word' id='word_1_278' title='bbox 861 2093 966 2163; x_wconf 90' lang='lat' dir='ltr'>absque</span> <span class='ocrx_word' id='word_1_279' title='bbox 976 2099 1100 2164; x_wconf 87' lang='lat' dir='ltr'>peccato.</span> <span class='ocrx_word' id='word_1_280' title='bbox 1118 2094 1338 2148; x_wconf 86' lang='lat' dir='ltr'>Similitudinem</span> <span class='ocrx_word' id='word_1_281' title='bbox 1352 2095 1449 2166; x_wconf 86' lang='lat' dir='ltr'>itaque</span> <span class='ocrx_word' id='word_1_282' title='bbox 1467 2098 1559 2151; x_wconf 89' lang='lat' dir='ltr'>carnis</span> 
     </span>
     <span class='ocr_line' id='line_1_22' title="bbox 99 2181 1557 2255; baseline 0.001 -18"><span class='ocrx_word' id='word_1_283' title='bbox 99 2199 120 2237; x_wconf 93' lang='lat' dir='ltr'>n</span> <span class='ocrx_word' id='word_1_284' title='bbox 134 2183 185 2237; x_wconf 90' lang='lat' dir='ltr'>Dei</span> <span class='ocrx_word' id='word_1_285' title='bbox 201 2200 262 2236; x_wconf 87' lang='lat' dir='ltr'>esse</span> <span class='ocrx_word' id='word_1_286' title='bbox 278 2199 385 2247; x_wconf 83' lang='lat' dir='ltr'>rerum,</span> <span class='ocrx_word' id='word_1_287' title='bbox 401 2189 430 2235; x_wconf 90' lang='lat' dir='ltr'>et</span> <span class='ocrx_word' id='word_1_288' title='bbox 444 2182 506 2235; x_wconf 91' lang='lat' dir='ltr'>ideo</span> <span class='ocrx_word' id='word_1_289' title='bbox 522 2198 655 2251; x_wconf 80' lang='lat' dir='ltr'>nragnam</span> <span class='ocrx_word' id='word_1_290' title='bbox 671 2198 716 2235; x_wconf 92' lang='lat' dir='ltr'>sa·</span> <span class='ocrx_word' id='word_1_291' title='bbox 758 2181 863 2252; x_wconf 88' lang='lat' dir='ltr'>peccati</span> <span class='ocrx_word' id='word_1_292' title='bbox 880 2181 1062 2252; x_wconf 69' lang='lat' dir='ltr'>habuitque</span> <span class='ocrx_word' id='word_1_293' title='bbox 1084 2188 1178 2237; x_wconf 87' lang='lat' dir='ltr'>tamen</span> <span class='ocrx_word' id='word_1_294' title='bbox 1193 2200 1258 2236; x_wconf 88' lang='lat' dir='ltr'>caro</span> <span class='ocrx_word' id='word_1_295' title='bbox 1275 2184 1350 2237; x_wconf 87' lang='lat' dir='ltr'>illius</span> <span class='ocrx_word' id='word_1_296' title='bbox 1365 2184 1470 2255; x_wconf 88' lang='lat' dir='ltr'>absque</span> <span class='ocrx_word' id='word_1_297' title='bbox 1481 2186 1557 2239; x_wconf 90' lang='lat' dir='ltr'>omni</span> 
     </span>
     <span class='ocr_line' id='line_1_23' title="bbox 113 2270 1558 2344; baseline 0.001 -17"><span class='ocrx_word' id='word_1_298' title='bbox 113 2272 271 2327; x_wconf 74' lang='lat' dir='ltr'>Teneeunus</span> <span class='ocrx_word' id='word_1_299' title='bbox 296 2277 324 2325; x_wconf 90' lang='lat' dir='ltr'>et</span> <span class='ocrx_word' id='word_1_300' title='bbox 347 2270 549 2324; x_wconf 87' lang='lat' dir='ltr'>confessionem</span> <span class='ocrx_word' id='word_1_301' title='bbox 569 2272 639 2341; x_wconf 75' lang='lat' dir='ltr'>eJus,</span> <span class='ocrx_word' id='word_1_302' title='bbox 661 2287 717 2324; x_wconf 89' lang='lat' dir='ltr'>nen</span> <span class='ocrx_word' id='word_1_303' title='bbox 758 2276 871 2340; x_wconf 89' lang='lat' dir='ltr'>peccato</span> <span class='ocrx_word' id='word_1_304' title='bbox 881 2271 943 2324; x_wconf 86' lang='lat' dir='ltr'>fuit.</span> <span class='ocrx_word' id='word_1_305' title='bbox 951 2272 1016 2325; x_wconf 82' lang='lat' dir='ltr'>Haee</span> <span class='ocrx_word' id='word_1_306' title='bbox 1026 2272 1194 2325; x_wconf 87' lang='lat' dir='ltr'>esttentatio</span> <span class='ocrx_word' id='word_1_307' title='bbox 1204 2289 1260 2342; x_wconf 92' lang='lat' dir='ltr'>qua</span> <span class='ocrx_word' id='word_1_308' title='bbox 1269 2278 1394 2327; x_wconf 87' lang='lat' dir='ltr'>tentatus</span> <span class='ocrx_word' id='word_1_309' title='bbox 1406 2279 1457 2338; x_wconf 92' lang='lat' dir='ltr'>est,</span> <span class='ocrx_word' id='word_1_310' title='bbox 1466 2291 1558 2344; x_wconf 88' lang='lat' dir='ltr'>perse·</span> 
     </span>
     <span class='ocr_line' id='line_1_24' title="bbox 99 2359 1557 2433; baseline 0.001 -17"><span class='ocrx_word' id='word_1_311' title='bbox 99 2377 182 2416; x_wconf 84' lang='lat' dir='ltr'>emus</span> <span class='ocrx_word' id='word_1_312' title='bbox 193 2361 353 2432; x_wconf 84' lang='lat' dir='ltr'>pontificem</span> <span class='ocrx_word' id='word_1_313' title='bbox 368 2361 416 2430; x_wconf 86' lang='lat' dir='ltr'>qni</span> <span class='ocrx_word' id='word_1_314' title='bbox 427 2378 483 2414; x_wconf 88' lang='lat' dir='ltr'>nen</span> <span class='ocrx_word' id='word_1_315' title='bbox 498 2360 586 2431; x_wconf 91' lang='lat' dir='ltr'>possit</span> <span class='ocrx_word' id='word_1_316' title='bbox 595 2361 716 2430; x_wconf 88' lang='lat' dir='ltr'>compati</span> <span class='ocrx_word' id='word_1_317' title='bbox 758 2359 898 2413; x_wconf 88' lang='lat' dir='ltr'>cntionem</span> <span class='ocrx_word' id='word_1_318' title='bbox 908 2359 1094 2430; x_wconf 88' lang='lat' dir='ltr'>plurimorum</span> <span class='ocrx_word' id='word_1_319' title='bbox 1105 2377 1204 2431; x_wconf 86' lang='lat' dir='ltr'>passus</span> <span class='ocrx_word' id='word_1_320' title='bbox 1214 2365 1266 2427; x_wconf 88' lang='lat' dir='ltr'>est,</span> <span class='ocrx_word' id='word_1_321' title='bbox 1275 2367 1357 2431; x_wconf 89' lang='lat' dir='ltr'>sputa</span> <span class='ocrx_word' id='word_1_322' title='bbox 1366 2362 1498 2433; x_wconf 79' lang='lat' dir='ltr'>suscepit,</span> <span class='ocrx_word' id='word_1_323' title='bbox 1511 2380 1557 2416; x_wconf 89' lang='lat' dir='ltr'>ac-</span> 
     </span>
     <span class='ocr_line' id='line_1_25' title="bbox 101 2448 1556 2522; baseline 0.001 -18"><span class='ocrx_word' id='word_1_324' title='bbox 101 2448 164 2504; x_wconf 87' lang='lat' dir='ltr'>ibus</span> <span class='ocrx_word' id='word_1_325' title='bbox 179 2449 291 2503; x_wconf 90' lang='lat' dir='ltr'>nostris.</span> <span class='ocrx_word' id='word_1_326' title='bbox 309 2470 321 2500; x_wconf 79' lang='lat' dir='ltr'>u</span> <span class='ocrx_word' id='word_1_327' title='bbox 337 2450 454 2513; x_wconf 82' lang='lat' dir='ltr'>Qualem</span> <span class='ocrx_word' id='word_1_328' title='bbox 466 2449 667 2503; x_wconf 89' lang='lat' dir='ltr'>consessionem</span> <span class='ocrx_word' id='word_1_329' title='bbox 678 2449 718 2502; x_wconf 92' lang='lat' dir='ltr'>di·</span> <span class='ocrx_word' id='word_1_330' title='bbox 758 2453 871 2501; x_wconf 85' lang='lat' dir='ltr'>casatus</span> <span class='ocrx_word' id='word_1_331' title='bbox 890 2448 1154 2514; x_wconf 89' lang='lat' dir='ltr'>est,detractionem</span> <span class='ocrx_word' id='word_1_332' title='bbox 1169 2448 1312 2515; x_wconf 85' lang='lat' dir='ltr'>sustinuit,</span> <span class='ocrx_word' id='word_1_333' title='bbox 1328 2449 1483 2503; x_wconf 85' lang='lat' dir='ltr'>calumnias</span> <span class='ocrx_word' id='word_1_334' title='bbox 1492 2469 1556 2522; x_wconf 91' lang='lat' dir='ltr'>pas-</span> 
     </span>
     <span class='ocr_line' id='line_1_26' title="bbox 99 2537 1555 2608; baseline 0.001 -15"><span class='ocrx_word' id='word_1_335' title='bbox 99 2556 118 2593; x_wconf 73' lang='grc' dir='ltr'>ιι</span> <span class='ocrx_word' id='word_1_336' title='bbox 132 2539 220 2594; x_wconf 85' lang='lat' dir='ltr'>Filius</span> <span class='ocrx_word' id='word_1_337' title='bbox 236 2539 286 2593; x_wconf 88' lang='lat' dir='ltr'>Dei</span> <span class='ocrx_word' id='word_1_338' title='bbox 296 2546 347 2602; x_wconf 88' lang='lat' dir='ltr'>est,</span> <span class='ocrx_word' id='word_1_339' title='bbox 361 2539 494 2608; x_wconf 89' lang='lat' dir='ltr'>quoniam</span> <span class='ocrx_word' id='word_1_340' title='bbox 505 2538 632 2592; x_wconf 85' lang='lat' dir='ltr'>Christus</span> <span class='ocrx_word' id='word_1_341' title='bbox 642 2539 717 2593; x_wconf 84' lang='lat' dir='ltr'>Deus</span> <span class='ocrx_word' id='word_1_342' title='bbox 759 2552 805 2589; x_wconf 91' lang='lat' dir='ltr'>sus</span> <span class='ocrx_word' id='word_1_343' title='bbox 816 2542 868 2602; x_wconf 87' lang='lat' dir='ltr'>est,</span> <span class='ocrx_word' id='word_1_344' title='bbox 878 2537 1006 2607; x_wconf 91' lang='lat' dir='ltr'>repulsus</span> <span class='ocrx_word' id='word_1_345' title='bbox 1017 2545 1060 2590; x_wconf 90' lang='lat' dir='ltr'>est</span> <span class='ocrx_word' id='word_1_346' title='bbox 1071 2554 1086 2591; x_wconf 91' lang='lat' dir='ltr'>a</span> <span class='ocrx_word' id='word_1_347' title='bbox 1096 2537 1311 2607; x_wconf 81' lang='lat' dir='ltr'>propriagente,</span> <span class='ocrx_word' id='word_1_348' title='bbox 1323 2538 1351 2592; x_wconf 93' lang='lat' dir='ltr'>in</span> <span class='ocrx_word' id='word_1_349' title='bbox 1367 2540 1452 2593; x_wconf 73' lang='lat' dir='ltr'>leuem</span> <span class='ocrx_word' id='word_1_350' title='bbox 1466 2540 1555 2594; x_wconf 85' lang='lat' dir='ltr'>craci-</span> 
     </span>
     <span class='ocr_line' id='line_1_27' title="bbox 99 2626 1557 2700; baseline 0.001 -18"><span class='ocrx_word' id='word_1_351' title='bbox 99 2646 118 2682; x_wconf 83' lang='grc' dir='ltr'>ιι</span> <span class='ocrx_word' id='word_1_352' title='bbox 144 2645 243 2700; x_wconf 91' lang='lat' dir='ltr'>passus</span> <span class='ocrx_word' id='word_1_353' title='bbox 269 2633 320 2690; x_wconf 90' lang='lat' dir='ltr'>est,</span> <span class='ocrx_word' id='word_1_354' title='bbox 338 2629 464 2698; x_wconf 89' lang='lat' dir='ltr'>sepultus</span> <span class='ocrx_word' id='word_1_355' title='bbox 478 2634 529 2692; x_wconf 89' lang='lat' dir='ltr'>est,</span> <span class='ocrx_word' id='word_1_356' title='bbox 552 2628 714 2694; x_wconf 84' lang='lat' dir='ltr'>resurrexit,</span> <span class='ocrx_word' id='word_1_357' title='bbox 758 2627 829 2680; x_wconf 87' lang='lat' dir='ltr'>llxus</span> <span class='ocrx_word' id='word_1_358' title='bbox 844 2631 895 2679; x_wconf 92' lang='lat' dir='ltr'>est.</span> <span class='ocrx_word' id='word_1_359' title='bbox 914 2645 927 2676; x_wconf 80' lang='lat' dir='ltr'>a</span> <span class='ocrx_word' id='word_1_360' title='bbox 949 2627 1034 2680; x_wconf 85' lang='lat' dir='ltr'>Juxta</span> <span class='ocrx_word' id='word_1_361' title='bbox 1054 2626 1276 2692; x_wconf 88' lang='lat' dir='ltr'>similitudinem,</span> <span class='ocrx_word' id='word_1_362' title='bbox 1291 2627 1392 2698; x_wconf 86' lang='lat' dir='ltr'>iuquit,</span> <span class='ocrx_word' id='word_1_363' title='bbox 1408 2629 1468 2682; x_wconf 92' lang='lat' dir='ltr'>sine</span> <span class='ocrx_word' id='word_1_364' title='bbox 1493 2646 1557 2699; x_wconf 89' lang='lat' dir='ltr'>pec-</span> 
     </span>
     <span class='ocr_line' id='line_1_28' title="bbox 99 2715 1558 2781; baseline 0.001 -10"><span class='ocrx_word' id='word_1_365' title='bbox 99 2717 198 2772; x_wconf 83' lang='lat' dir='ltr'>cendit</span> <span class='ocrx_word' id='word_1_366' title='bbox 210 2718 239 2771; x_wconf 93' lang='lat' dir='ltr'>in</span> <span class='ocrx_word' id='word_1_367' title='bbox 252 2717 450 2780; x_wconf 84' lang='lat' dir='ltr'>coelum,sedet</span> <span class='ocrx_word' id='word_1_368' title='bbox 464 2717 500 2770; x_wconf 91' lang='lat' dir='ltr'>ad</span> <span class='ocrx_word' id='word_1_369' title='bbox 514 2717 657 2770; x_wconf 89' lang='lat' dir='ltr'>dexteram</span> <span class='ocrx_word' id='word_1_370' title='bbox 666 2717 716 2771; x_wconf 89' lang='lat' dir='ltr'>Dei</span> <span class='ocrx_word' id='word_1_371' title='bbox 757 2718 828 2768; x_wconf 83' lang='lat' dir='ltr'>cato.</span> <span class='ocrx_word' id='word_1_372' title='bbox 850 2732 865 2767; x_wconf 78' lang='lat' dir='ltr'>a</span> <span class='ocrx_word' id='word_1_373' title='bbox 881 2716 953 2769; x_wconf 89' lang='lat' dir='ltr'>Dura</span> <span class='ocrx_word' id='word_1_374' title='bbox 979 2715 1046 2768; x_wconf 90' lang='lat' dir='ltr'>dicit</span> <span class='ocrx_word' id='word_1_375' title='bbox 1068 2715 1097 2769; x_wconf 94' lang='lat' dir='ltr'>in</span> <span class='ocrx_word' id='word_1_376' title='bbox 1118 2715 1301 2770; x_wconf 87' lang='lat' dir='ltr'>similitudine</span> <span class='ocrx_word' id='word_1_377' title='bbox 1316 2717 1417 2781; x_wconf 90' lang='lat' dir='ltr'>carnis,</span> <span class='ocrx_word' id='word_1_378' title='bbox 1435 2733 1491 2771; x_wconf 89' lang='lat' dir='ltr'>non</span> <span class='ocrx_word' id='word_1_379' title='bbox 1506 2719 1558 2773; x_wconf 91' lang='lat' dir='ltr'>hoc</span> 
     </span>
     <span class='ocr_line' id='line_1_29' title="bbox 120 2793 1559 2877; baseline 0.001 -17"><span class='ocrx_word' id='word_1_380' title='bbox 120 2812 255 2860; x_wconf 80' lang='lat' dir='ltr'>venturus</span> <span class='ocrx_word' id='word_1_381' title='bbox 278 2806 405 2875; x_wconf 87' lang='lat' dir='ltr'>judicare</span> <span class='ocrx_word' id='word_1_382' title='bbox 427 2806 502 2858; x_wconf 77' lang='lat' dir='ltr'>vivos</span> <span class='ocrx_word' id='word_1_383' title='bbox 528 2812 557 2859; x_wconf 88' lang='lat' dir='ltr'>et</span> <span class='ocrx_word' id='word_1_384' title='bbox 580 2812 715 2871; x_wconf 65' lang='lat' dir='ltr'>mortuos</span> <span class='ocrx_word' id='word_1_385' title='bbox 758 2803 835 2867; x_wconf 87' lang='lat' dir='ltr'>dicit,</span> <span class='ocrx_word' id='word_1_386' title='bbox 858 2803 925 2874; x_wconf 91' lang='lat' dir='ltr'>quia</span> <span class='ocrx_word' id='word_1_387' title='bbox 943 2793 1097 2858; x_wconf 85' lang='lat' dir='ltr'>similitudo</span> <span class='ocrx_word' id='word_1_388' title='bbox 1116 2805 1207 2858; x_wconf 88' lang='lat' dir='ltr'>carnis</span> <span class='ocrx_word' id='word_1_389' title='bbox 1229 2804 1282 2859; x_wconf 87' lang='lat' dir='ltr'>fuit</span> <span class='ocrx_word' id='word_1_390' title='bbox 1302 2805 1333 2858; x_wconf 90' lang='lat' dir='ltr'>in</span> <span class='ocrx_word' id='word_1_391' title='bbox 1354 2822 1396 2867; x_wconf 90' lang='lat' dir='ltr'>eo,</span> <span class='ocrx_word' id='word_1_392' title='bbox 1418 2806 1467 2860; x_wconf 90' lang='lat' dir='ltr'>sed</span> <span class='ocrx_word' id='word_1_393' title='bbox 1492 2806 1559 2877; x_wconf 89' lang='lat' dir='ltr'>quia</span> 
     </span>
     <span class='ocr_line' id='line_1_30' title="bbox 99 2893 1559 2965; baseline 0.001 -16"><span class='ocrx_word' id='word_1_394' title='bbox 99 2895 168 2949; x_wconf 85' lang='lat' dir='ltr'>unia</span> <span class='ocrx_word' id='word_1_395' title='bbox 181 2894 255 2948; x_wconf 91' lang='lat' dir='ltr'>bona</span> <span class='ocrx_word' id='word_1_396' title='bbox 266 2894 401 2948; x_wconf 88' lang='lat' dir='ltr'>babemus</span> <span class='ocrx_word' id='word_1_397' title='bbox 413 2915 418 2947; x_wconf 92' lang='lat'>:</span> <span class='ocrx_word' id='word_1_398' title='bbox 431 2894 664 2964; x_wconf 88' lang='lat' dir='ltr'>redemptionem,</span> <span class='ocrx_word' id='word_1_399' title='bbox 674 2912 717 2949; x_wconf 90' lang='lat' dir='ltr'>re·</span> <span class='ocrx_word' id='word_1_400' title='bbox 757 2909 870 2946; x_wconf 69' lang='lat' dir='ltr'>(tarnem</span> <span class='ocrx_word' id='word_1_401' title='bbox 882 2893 1004 2965; x_wconf 86' lang='lat' dir='ltr'>suscepit</span> <span class='ocrx_word' id='word_1_402' title='bbox 1020 2911 1125 2947; x_wconf 86' lang='lat' dir='ltr'>veram.</span> <span class='ocrx_word' id='word_1_403' title='bbox 1140 2894 1232 2957; x_wconf 88' lang='lat' dir='ltr'>Quare</span> <span class='ocrx_word' id='word_1_404' title='bbox 1248 2910 1314 2965; x_wconf 84' lang='lat' dir='ltr'>ergo</span> <span class='ocrx_word' id='word_1_405' title='bbox 1334 2894 1404 2948; x_wconf 85' lang='lat' dir='ltr'>dixit</span> <span class='ocrx_word' id='word_1_406' title='bbox 1419 2895 1449 2948; x_wconf 94' lang='lat' dir='ltr'>in</span> <span class='ocrx_word' id='word_1_407' title='bbox 1463 2896 1559 2950; x_wconf 89' lang='lat' dir='ltr'>simili-</span> 
     </span>
     <span class='ocr_line' id='line_1_31' title="bbox 99 2981 1557 3054; baseline 0 -16"><span class='ocrx_word' id='word_1_408' title='bbox 99 3000 128 3049; x_wconf 88' lang='lat' dir='ltr'>n,</span> <span class='ocrx_word' id='word_1_409' title='bbox 145 2984 340 3038; x_wconf 75' lang='lat' dir='ltr'>haereditatem</span> <span class='ocrx_word' id='word_1_410' title='bbox 362 3001 426 3038; x_wconf 89' lang='lat' dir='ltr'>cum</span> <span class='ocrx_word' id='word_1_411' title='bbox 446 3001 479 3037; x_wconf 93' lang='lat' dir='ltr'>eo</span> <span class='ocrx_word' id='word_1_412' title='bbox 503 2984 714 3054; x_wconf 86' lang='lat' dir='ltr'>sempiternam.</span> <span class='ocrx_word' id='word_1_413' title='bbox 758 2981 884 3035; x_wconf 90' lang='lat' dir='ltr'>tudinem</span> <span class='ocrx_word' id='word_1_414' title='bbox 900 2982 1010 3036; x_wconf 79' lang='lat' dir='ltr'>carnis?</span> <span class='ocrx_word' id='word_1_415' title='bbox 1026 2987 1128 3037; x_wconf 87' lang='lat' dir='ltr'>natura</span> <span class='ocrx_word' id='word_1_416' title='bbox 1140 2999 1206 3036; x_wconf 80' lang='lat' dir='ltr'>vera</span> <span class='ocrx_word' id='word_1_417' title='bbox 1220 2999 1305 3053; x_wconf 91' lang='lat' dir='ltr'>quam</span> <span class='ocrx_word' id='word_1_418' title='bbox 1320 2984 1444 3054; x_wconf 84' lang='lat' dir='ltr'>suscepit</span> <span class='ocrx_word' id='word_1_419' title='bbox 1457 2985 1557 3039; x_wconf 89' lang='lat' dir='ltr'>similis</span> 
     </span>
     <span class='ocr_line' id='line_1_32' title="bbox 99 3038 1555 3143; baseline 0 -16"><span class='ocrx_word' id='word_1_420' title='bbox 99 3089 192 3138; x_wconf 70' lang='lat' dir='ltr'>amur,</span> <span class='ocrx_word' id='word_1_421' title='bbox 210 3073 276 3143; x_wconf 88' lang='lat' dir='ltr'>quia</span> <span class='ocrx_word' id='word_1_422' title='bbox 290 3089 355 3125; x_wconf 86' lang='lat' dir='ltr'>vero</span> <span class='ocrx_word' id='word_1_423' title='bbox 370 3073 503 3126; x_wconf 74' lang='lat' dir='ltr'>haerere</span> <span class='ocrx_word' id='word_1_424' title='bbox 513 3078 588 3138; x_wconf 88' lang='lat' dir='ltr'>sunt,</span> <span class='ocrx_word' id='word_1_425' title='bbox 600 3038 800 3128; x_wconf 68' lang='lat' dir='ltr'>manilecest</span> <span class='ocrx_word' id='word_1_426' title='bbox 822 3071 900 3125; x_wconf 90' lang='lat' dir='ltr'>carni</span> <span class='ocrx_word' id='word_1_427' title='bbox 919 3076 1031 3137; x_wconf 82' lang='lat' dir='ltr'>nostrae,</span> <span class='ocrx_word' id='word_1_428' title='bbox 1044 3077 1157 3143; x_wconf 83' lang='lat' dir='ltr'>peecata</span> <span class='ocrx_word' id='word_1_429' title='bbox 1170 3088 1235 3127; x_wconf 79' lang='lat' dir='ltr'>vero</span> <span class='ocrx_word' id='word_1_430' title='bbox 1250 3089 1429 3143; x_wconf 89' lang='lat' dir='ltr'>nequaquam</span> <span class='ocrx_word' id='word_1_431' title='bbox 1447 3073 1555 3138; x_wconf 85' lang='lat' dir='ltr'>habuit,</span> 
     </span>
     <span class='ocr_line' id='line_1_33' title="bbox 99 3160 1557 3232; baseline 0 -16"><span class='ocrx_word' id='word_1_432' title='bbox 99 3179 131 3216; x_wconf 89' lang='lat' dir='ltr'>eo</span> <span class='ocrx_word' id='word_1_433' title='bbox 148 3162 222 3232; x_wconf 92' lang='lat' dir='ltr'>quod</span> <span class='ocrx_word' id='word_1_434' title='bbox 235 3161 358 3232; x_wconf 81' lang='lat' dir='ltr'>pontifex</span> <span class='ocrx_word' id='word_1_435' title='bbox 376 3162 404 3214; x_wconf 90' lang='lat' dir='ltr'>in</span> <span class='ocrx_word' id='word_1_436' title='bbox 421 3161 554 3215; x_wconf 89' lang='lat' dir='ltr'>interiora</span> <span class='ocrx_word' id='word_1_437' title='bbox 571 3161 716 3215; x_wconf 79' lang='lat' dir='ltr'>velaminis</span> <span class='ocrx_word' id='word_1_438' title='bbox 758 3177 819 3229; x_wconf 76' lang='lat' dir='ltr'>quse</span> <span class='ocrx_word' id='word_1_439' title='bbox 833 3165 931 3213; x_wconf 88' lang='lat' dir='ltr'>nostra</span> <span class='ocrx_word' id='word_1_440' title='bbox 946 3177 1012 3215; x_wconf 90' lang='lat' dir='ltr'>caro</span> <span class='ocrx_word' id='word_1_441' title='bbox 1027 3161 1061 3214; x_wconf 90' lang='lat' dir='ltr'>de</span> <span class='ocrx_word' id='word_1_442' title='bbox 1078 3160 1242 3232; x_wconf 90' lang='lat' dir='ltr'>parentibus</span> <span class='ocrx_word' id='word_1_443' title='bbox 1257 3162 1405 3227; x_wconf 87' lang='lat' dir='ltr'>contraxit,</span> <span class='ocrx_word' id='word_1_444' title='bbox 1419 3163 1485 3232; x_wconf 88' lang='lat' dir='ltr'>quia</span> <span class='ocrx_word' id='word_1_445' title='bbox 1499 3164 1557 3216; x_wconf 85' lang='lat' dir='ltr'>tale</span> 
     </span>
     <span class='ocr_line' id='line_1_34' title="bbox 99 3248 1559 3321; baseline 0.001 -16"><span class='ocrx_word' id='word_1_446' title='bbox 99 3251 244 3318; x_wconf 86' lang='lat' dir='ltr'>est,intrat</span> <span class='ocrx_word' id='word_1_447' title='bbox 259 3251 287 3303; x_wconf 92' lang='lat' dir='ltr'>in</span> <span class='ocrx_word' id='word_1_448' title='bbox 302 3250 439 3320; x_wconf 86' lang='lat' dir='ltr'>sanguine</span> <span class='ocrx_word' id='word_1_449' title='bbox 453 3268 583 3320; x_wconf 90' lang='lat' dir='ltr'>aspersus</span> <span class='ocrx_word' id='word_1_450' title='bbox 591 3251 713 3321; x_wconf 91' lang='lat' dir='ltr'>proprio,</span> <span class='ocrx_word' id='word_1_451' title='bbox 757 3248 811 3302; x_wconf 84' lang='lat' dir='ltr'>luit</span> <span class='ocrx_word' id='word_1_452' title='bbox 825 3249 961 3319; x_wconf 81' lang='lat' dir='ltr'>originale</span> <span class='ocrx_word' id='word_1_453' title='bbox 975 3256 1120 3320; x_wconf 90' lang='lat' dir='ltr'>peccatum</span> <span class='ocrx_word' id='word_1_454' title='bbox 1136 3249 1164 3303; x_wconf 91' lang='lat' dir='ltr'>in</span> <span class='ocrx_word' id='word_1_455' title='bbox 1180 3267 1264 3304; x_wconf 92' lang='lat' dir='ltr'>carne</span> <span class='ocrx_word' id='word_1_456' title='bbox 1279 3251 1362 3321; x_wconf 92' lang='lat' dir='ltr'>primi</span> <span class='ocrx_word' id='word_1_457' title='bbox 1379 3252 1509 3317; x_wconf 87' lang='lat' dir='ltr'>bominis,</span> <span class='ocrx_word' id='word_1_458' title='bbox 1526 3258 1559 3306; x_wconf 92' lang='lat' dir='ltr'>ut</span> 
     </span>
     <span class='ocr_line' id='line_1_35' title="bbox 105 3337 1559 3411; baseline 0.001 -17"><span class='ocrx_word' id='word_1_459' title='bbox 105 3339 179 3395; x_wconf 88' lang='lat' dir='ltr'>sicut</span> <span class='ocrx_word' id='word_1_460' title='bbox 198 3340 343 3411; x_wconf 82' lang='lat' dir='ltr'>pontifices</span> <span class='ocrx_word' id='word_1_461' title='bbox 366 3339 482 3409; x_wconf 69' lang='lat' dir='ltr'>priores</span> <span class='ocrx_word' id='word_1_462' title='bbox 507 3340 554 3410; x_wconf 88' lang='lat' dir='ltr'>qui</span> <span class='ocrx_word' id='word_1_463' title='bbox 578 3340 715 3409; x_wconf 82' lang='lat' dir='ltr'>sanguine</span> <span class='ocrx_word' id='word_1_464' title='bbox 756 3337 822 3391; x_wconf 85' lang='lat' dir='ltr'>iride</span> <span class='ocrx_word' id='word_1_465' title='bbox 838 3343 866 3391; x_wconf 91' lang='lat' dir='ltr'>et</span> <span class='ocrx_word' id='word_1_466' title='bbox 879 3354 962 3408; x_wconf 84' lang='lat' dir='ltr'>poena</span> <span class='ocrx_word' id='word_1_467' title='bbox 978 3344 1007 3392; x_wconf 85' lang='lat' dir='ltr'>et</span> <span class='ocrx_word' id='word_1_468' title='bbox 1021 3338 1177 3393; x_wconf 90' lang='lat' dir='ltr'>remedium</span> <span class='ocrx_word' id='word_1_469' title='bbox 1195 3339 1255 3393; x_wconf 89' lang='lat' dir='ltr'>lieri</span> <span class='ocrx_word' id='word_1_470' title='bbox 1271 3339 1416 3410; x_wconf 90' lang='lat' dir='ltr'>potuisset,</span> <span class='ocrx_word' id='word_1_471' title='bbox 1433 3357 1516 3411; x_wconf 86' lang='lat' dir='ltr'>poena</span> <span class='ocrx_word' id='word_1_472' title='bbox 1529 3349 1559 3395; x_wconf 88' lang='lat' dir='ltr'>et</span> 
     </span>
     <span class='ocr_line' id='line_1_36' title="bbox 99 3427 1556 3500; baseline -0.001 -16"><span class='ocrx_word' id='word_1_473' title='bbox 99 3448 109 3484; x_wconf 73' lang='lat' dir='ltr'>a</span> <span class='ocrx_word' id='word_1_474' title='bbox 128 3429 359 3500; x_wconf 80' lang='lat' dir='ltr'>aspergebantur.</span> <span class='ocrx_word' id='word_1_475' title='bbox 380 3446 392 3479; x_wconf 84' lang='lat' dir='ltr'>a</span> <span class='ocrx_word' id='word_1_476' title='bbox 410 3430 472 3481; x_wconf 91' lang='lat' dir='ltr'>Non</span> <span class='ocrx_word' id='word_1_477' title='bbox 487 3429 562 3481; x_wconf 91' lang='lat' dir='ltr'>enim</span> <span class='ocrx_word' id='word_1_478' title='bbox 581 3428 716 3483; x_wconf 88' lang='lat' dir='ltr'>babemus</span> <span class='ocrx_word' id='word_1_479' title='bbox 757 3432 901 3496; x_wconf 89' lang='lat' dir='ltr'>peccatum</span> <span class='ocrx_word' id='word_1_480' title='bbox 918 3427 946 3480; x_wconf 89' lang='lat' dir='ltr'>in</span> <span class='ocrx_word' id='word_1_481' title='bbox 961 3427 1038 3481; x_wconf 92' lang='lat' dir='ltr'>omni</span> <span class='ocrx_word' id='word_1_482' title='bbox 1048 3427 1171 3481; x_wconf 91' lang='lat' dir='ltr'>humano</span> <span class='ocrx_word' id='word_1_483' title='bbox 1186 3445 1299 3497; x_wconf 80' lang='lat' dir='ltr'>genere,</span> <span class='ocrx_word' id='word_1_484' title='bbox 1317 3434 1419 3499; x_wconf 86' lang='lat' dir='ltr'>praeter</span> <span class='ocrx_word' id='word_1_485' title='bbox 1432 3429 1461 3482; x_wconf 91' lang='lat' dir='ltr'>in</span> <span class='ocrx_word' id='word_1_486' title='bbox 1476 3430 1556 3484; x_wconf 84' lang='lat' dir='ltr'>Chri-</span> 
     </span>
     <span class='ocr_line' id='line_1_37' title="bbox 99 3515 1556 3590; baseline -0.002 -17"><span class='ocrx_word' id='word_1_487' title='bbox 99 3536 117 3583; x_wconf 87' lang='lat' dir='ltr'>r,</span> <span class='ocrx_word' id='word_1_488' title='bbox 129 3518 178 3590; x_wconf 90' lang='lat' dir='ltr'>qui</span> <span class='ocrx_word' id='word_1_489' title='bbox 193 3535 248 3571; x_wconf 91' lang='lat' dir='ltr'>non</span> <span class='ocrx_word' id='word_1_490' title='bbox 268 3518 355 3588; x_wconf 90' lang='lat' dir='ltr'>possit</span> <span class='ocrx_word' id='word_1_491' title='bbox 369 3517 489 3587; x_wconf 87' lang='lat' dir='ltr'>compati</span> <span class='ocrx_word' id='word_1_492' title='bbox 504 3518 715 3572; x_wconf 85' lang='lat' dir='ltr'>infirmitatibus</span> <span class='ocrx_word' id='word_1_493' title='bbox 757 3521 809 3579; x_wconf 90' lang='lat' dir='ltr'>sto,</span> <span class='ocrx_word' id='word_1_494' title='bbox 823 3515 852 3568; x_wconf 88' lang='lat' dir='ltr'>in</span> <span class='ocrx_word' id='word_1_495' title='bbox 867 3531 922 3587; x_wconf 92' lang='lat' dir='ltr'>quo</span> <span class='ocrx_word' id='word_1_496' title='bbox 937 3516 997 3569; x_wconf 92' lang='lat' dir='ltr'>solo</span> <span class='ocrx_word' id='word_1_497' title='bbox 1016 3517 1091 3569; x_wconf 91' lang='lat' dir='ltr'>salus</span> <span class='ocrx_word' id='word_1_498' title='bbox 1110 3521 1139 3569; x_wconf 91' lang='lat' dir='ltr'>et</span> <span class='ocrx_word' id='word_1_499' title='bbox 1152 3516 1307 3571; x_wconf 92' lang='lat' dir='ltr'>remedium</span> <span class='ocrx_word' id='word_1_500' title='bbox 1323 3517 1384 3571; x_wconf 85' lang='lat' dir='ltr'>luit.</span> <span class='ocrx_word' id='word_1_501' title='bbox 1405 3518 1468 3571; x_wconf 86' lang='lat' dir='ltr'>Non</span> <span class='ocrx_word' id='word_1_502' title='bbox 1480 3518 1556 3571; x_wconf 91' lang='lat' dir='ltr'>enim</span> 
     </span>
     <span class='ocr_line' id='line_1_38' title="bbox 99 3603 1557 3677; baseline -0.001 -16"><span class='ocrx_word' id='word_1_503' title='bbox 99 3608 171 3674; x_wconf 91' lang='lat' dir='ltr'>Non,</span> <span class='ocrx_word' id='word_1_504' title='bbox 187 3607 288 3677; x_wconf 89' lang='lat' dir='ltr'>iuquit,</span> <span class='ocrx_word' id='word_1_505' title='bbox 308 3607 496 3677; x_wconf 71' lang='lat' dir='ltr'>ignoratque</span> <span class='ocrx_word' id='word_1_506' title='bbox 516 3613 618 3661; x_wconf 68' lang='lat' dir='ltr'>nostrae</span> <span class='ocrx_word' id='word_1_507' title='bbox 638 3613 712 3660; x_wconf 90' lang='lat' dir='ltr'>sunt.</span> <span class='ocrx_word' id='word_1_508' title='bbox 757 3603 939 3674; x_wconf 74' lang='lat' dir='ltr'>praejudicata</span> <span class='ocrx_word' id='word_1_509' title='bbox 954 3611 997 3657; x_wconf 88' lang='lat' dir='ltr'>est</span> <span class='ocrx_word' id='word_1_510' title='bbox 1019 3621 1083 3657; x_wconf 89' lang='lat' dir='ltr'>earo</span> <span class='ocrx_word' id='word_1_511' title='bbox 1108 3605 1256 3674; x_wconf 86' lang='lat' dir='ltr'>peccatrix,</span> <span class='ocrx_word' id='word_1_512' title='bbox 1274 3610 1305 3658; x_wconf 91' lang='lat' dir='ltr'>ut</span> <span class='ocrx_word' id='word_1_513' title='bbox 1320 3605 1384 3659; x_wconf 90' lang='lat' dir='ltr'>inde</span> <span class='ocrx_word' id='word_1_514' title='bbox 1401 3606 1557 3660; x_wconf 89' lang='lat' dir='ltr'>remedium</span> 
     </span>
     <span class='ocr_line' id='line_1_39' title="bbox 99 3688 1557 3772; baseline -0.002 -23"><span class='ocrx_word' id='word_1_515' title='bbox 99 3688 143 3767; x_wconf 66' lang='lat' dir='ltr'>ier</span> <span class='ocrx_word' id='word_1_516' title='bbox 152 3695 225 3748; x_wconf 79' lang='lat' dir='ltr'>riam</span> <span class='ocrx_word' id='word_1_517' title='bbox 238 3695 367 3748; x_wconf 84' lang='lat' dir='ltr'>humanae</span> <span class='ocrx_word' id='word_1_518' title='bbox 377 3695 553 3759; x_wconf 67' lang='lat' dir='ltr'>conditionis</span> <span class='ocrx_word' id='word_1_519' title='bbox 562 3696 717 3765; x_wconf 90' lang='lat' dir='ltr'>peremnia</span> <span class='ocrx_word' id='word_1_520' title='bbox 757 3694 818 3746; x_wconf 83' lang='lat' dir='ltr'>fieri</span> <span class='ocrx_word' id='word_1_521' title='bbox 833 3709 889 3745; x_wconf 91' lang='lat' dir='ltr'>non</span> <span class='ocrx_word' id='word_1_522' title='bbox 904 3693 1051 3762; x_wconf 85' lang='lat' dir='ltr'>potuisset,</span> <span class='ocrx_word' id='word_1_523' title='bbox 1060 3692 1223 3763; x_wconf 75' lang='lat' dir='ltr'>praesciebat</span> <span class='ocrx_word' id='word_1_524' title='bbox 1231 3693 1358 3763; x_wconf 87' lang='lat' dir='ltr'>potentia</span> <span class='ocrx_word' id='word_1_525' title='bbox 1373 3693 1424 3747; x_wconf 88' lang='lat' dir='ltr'>Dei</span> <span class='ocrx_word' id='word_1_526' title='bbox 1435 3695 1557 3772; x_wconf 74' lang='lat' dir='ltr'>qualiter</span> 
     </span>
     <span class='ocr_line' id='line_1_40' title="bbox 99 3781 1556 3852; baseline -0.001 -14"><span class='ocrx_word' id='word_1_527' title='bbox 99 3783 183 3850; x_wconf 92' lang='lat' dir='ltr'>,nihil</span> <span class='ocrx_word' id='word_1_528' title='bbox 194 3800 288 3837; x_wconf 89' lang='lat' dir='ltr'>secum</span> <span class='ocrx_word' id='word_1_529' title='bbox 300 3784 501 3836; x_wconf 87' lang='lat' dir='ltr'>all&#39;erensunde</span> <span class='ocrx_word' id='word_1_530' title='bbox 511 3784 594 3837; x_wconf 89' lang='lat' dir='ltr'>morti</span> <span class='ocrx_word' id='word_1_531' title='bbox 606 3784 717 3837; x_wconf 87' lang='lat' dir='ltr'>debitor</span> <span class='ocrx_word' id='word_1_532' title='bbox 758 3798 790 3834; x_wconf 88' lang='lat' dir='ltr'>ex</span> <span class='ocrx_word' id='word_1_533' title='bbox 804 3781 902 3834; x_wconf 87' lang='lat' dir='ltr'>eadem</span> <span class='ocrx_word' id='word_1_534' title='bbox 926 3797 1020 3835; x_wconf 88' lang='lat' dir='ltr'>massa</span> <span class='ocrx_word' id='word_1_535' title='bbox 1040 3781 1155 3851; x_wconf 73' lang='lat' dir='ltr'>justitiae</span> <span class='ocrx_word' id='word_1_536' title='bbox 1175 3781 1291 3852; x_wconf 74' lang='lat' dir='ltr'>aequitas</span> <span class='ocrx_word' id='word_1_537' title='bbox 1312 3787 1340 3834; x_wconf 88' lang='lat' dir='ltr'>et</span> <span class='ocrx_word' id='word_1_538' title='bbox 1359 3781 1556 3836; x_wconf 71' lang='lat' dir='ltr'>misericordiae</span> 
     </span>
     <span class='ocr_line' id='line_1_41' title="bbox 113 3869 1557 3944; baseline -0.002 -16"><span class='ocrx_word' id='word_1_539' title='bbox 113 3873 174 3944; x_wconf 88' lang='lat' dir='ltr'>ipse</span> <span class='ocrx_word' id='word_1_540' title='bbox 201 3873 228 3926; x_wconf 91' lang='lat' dir='ltr'>in</span> <span class='ocrx_word' id='word_1_541' title='bbox 259 3873 407 3943; x_wconf 77' lang='lat' dir='ltr'>Evangelio</span> <span class='ocrx_word' id='word_1_542' title='bbox 437 3878 567 3939; x_wconf 85' lang='lat' dir='ltr'>testatur,</span> <span class='ocrx_word' id='word_1_543' title='bbox 594 3873 711 3926; x_wconf 90' lang='lat' dir='ltr'>dicens:</span> <span class='ocrx_word' id='word_1_544' title='bbox 756 3869 1557 3941; x_wconf 77' lang='lat' dir='ltr'>pietasprovenirepotuissetrrldeamusergoeurusrdu·</span> 
     </span>
     <span class='ocr_line' id='line_1_42' title="bbox 99 3959 1555 4033; baseline -0.002 -16"><span class='ocrx_word' id='word_1_545' title='bbox 99 3979 121 4017; x_wconf 81' lang='lat' dir='ltr'>a</span> <span class='ocrx_word' id='word_1_546' title='bbox 136 3962 269 4033; x_wconf 86' lang='lat' dir='ltr'>Princeps</span> <span class='ocrx_word' id='word_1_547' title='bbox 284 3962 369 4031; x_wconf 82' lang='lat' dir='ltr'>liujus</span> <span class='ocrx_word' id='word_1_548' title='bbox 384 3963 491 4027; x_wconf 90' lang='lat' dir='ltr'>mundi,</span> <span class='ocrx_word' id='word_1_549' title='bbox 510 3970 537 4015; x_wconf 90' lang='lat' dir='ltr'>et</span> <span class='ocrx_word' id='word_1_550' title='bbox 555 3962 584 4015; x_wconf 91' lang='lat' dir='ltr'>in</span> <span class='ocrx_word' id='word_1_551' title='bbox 599 3979 644 4016; x_wconf 92' lang='lat' dir='ltr'>me</span> <span class='ocrx_word' id='word_1_552' title='bbox 659 3979 715 4016; x_wconf 89' lang='lat' dir='ltr'>non</span> <span class='ocrx_word' id='word_1_553' title='bbox 757 3977 771 4009; x_wconf 81' lang='lat' dir='ltr'>a</span> <span class='ocrx_word' id='word_1_554' title='bbox 786 3959 1555 4031; x_wconf 83' lang='lat' dir='ltr'>elaadthronumgratiae,utmisericerdiamconsequa-</span> 
     </span>
     <span class='ocr_line' id='line_1_43' title="bbox 99 4047 1554 4123; baseline -0.003 -17"><span class='ocrx_word' id='word_1_555' title='bbox 99 4068 186 4123; x_wconf 74' lang='lat' dir='ltr'>1uam.</span> <span class='ocrx_word' id='word_1_556' title='bbox 210 4074 222 4102; x_wconf 76' lang='lat' dir='ltr'>u</span> <span class='ocrx_word' id='word_1_557' title='bbox 240 4051 321 4104; x_wconf 85' lang='lat' dir='ltr'>Multi</span> <span class='ocrx_word' id='word_1_558' title='bbox 345 4052 491 4121; x_wconf 81' lang='lat' dir='ltr'>pontifices</span> <span class='ocrx_word' id='word_1_559' title='bbox 514 4051 645 4120; x_wconf 75' lang='lat' dir='ltr'>ignorant</span> <span class='ocrx_word' id='word_1_560' title='bbox 667 4067 715 4104; x_wconf 90' lang='lat' dir='ltr'>eos</span> <span class='ocrx_word' id='word_1_561' title='bbox 758 4047 1352 4118; x_wconf 78' lang='lat' dir='ltr'>amur,etgratiaminreniamusinauxilio</span> <span class='ocrx_word' id='word_1_562' title='bbox 1366 4057 1554 4120; x_wconf 82' lang='lat' dir='ltr'>opportuno.»</span> 
     </span>
     <span class='ocr_line' id='line_1_44' title="bbox 99 4137 1558 4211; baseline -0.001 -15"><span class='ocrx_word' id='word_1_563' title='bbox 99 4140 247 4196; x_wconf 80' lang='lat' dir='ltr'>lotionibus</span> <span class='ocrx_word' id='word_1_564' title='bbox 260 4141 405 4195; x_wconf 89' lang='lat' dir='ltr'>constituti</span> <span class='ocrx_word' id='word_1_565' title='bbox 420 4146 593 4210; x_wconf 73' lang='lat' dir='ltr'>sentesque</span> <span class='ocrx_word' id='word_1_566' title='bbox 608 4156 669 4210; x_wconf 66' lang='lat' dir='ltr'>quse</span> <span class='ocrx_word' id='word_1_567' title='bbox 680 4139 717 4192; x_wconf 92' lang='lat' dir='ltr'>sit</span> <span class='ocrx_word' id='word_1_568' title='bbox 759 4138 861 4206; x_wconf 88' lang='lat' dir='ltr'>(Joan.)</span> <span class='ocrx_word' id='word_1_569' title='bbox 877 4138 968 4201; x_wconf 90' lang='lat' dir='ltr'>Quam</span> <span class='ocrx_word' id='word_1_570' title='bbox 983 4137 1051 4192; x_wconf 91' lang='lat' dir='ltr'>dicit</span> <span class='ocrx_word' id='word_1_571' title='bbox 1065 4138 1160 4192; x_wconf 90' lang='lat' dir='ltr'>sedern</span> <span class='ocrx_word' id='word_1_572' title='bbox 1173 4138 1291 4209; x_wconf 70' lang='lat' dir='ltr'>gratiae?</span> <span class='ocrx_word' id='word_1_573' title='bbox 1305 4139 1400 4193; x_wconf 91' lang='lat' dir='ltr'>sedem</span> <span class='ocrx_word' id='word_1_574' title='bbox 1415 4140 1505 4211; x_wconf 90' lang='lat' dir='ltr'>ipsam</span> <span class='ocrx_word' id='word_1_575' title='bbox 1515 4157 1558 4194; x_wconf 92' lang='lat' dir='ltr'>re·</span> 
     </span>
     <span class='ocr_line' id='line_1_45' title="bbox 99 4226 1558 4303; baseline -0.001 -18"><span class='ocrx_word' id='word_1_576' title='bbox 99 4274 102 4285; x_wconf 87' lang='lat'>.</span> <span class='ocrx_word' id='word_1_577' title='bbox 117 4230 242 4303; x_wconf 89' lang='lat' dir='ltr'>quelibet</span> <span class='ocrx_word' id='word_1_578' title='bbox 256 4230 356 4284; x_wconf 85' lang='lat' dir='ltr'>sciunt.</span> <span class='ocrx_word' id='word_1_579' title='bbox 375 4229 549 4301; x_wconf 87' lang='lat' dir='ltr'>Impossibile</span> <span class='ocrx_word' id='word_1_580' title='bbox 563 4229 717 4300; x_wconf 89' lang='lat' dir='ltr'>quippeest</span> <span class='ocrx_word' id='word_1_581' title='bbox 756 4227 849 4296; x_wconf 85' lang='lat' dir='ltr'>galern</span> <span class='ocrx_word' id='word_1_582' title='bbox 863 4227 939 4291; x_wconf 88' lang='lat' dir='ltr'>dicit,</span> <span class='ocrx_word' id='word_1_583' title='bbox 957 4227 991 4282; x_wconf 88' lang='lat' dir='ltr'>de</span> <span class='ocrx_word' id='word_1_584' title='bbox 1002 4244 1058 4298; x_wconf 92' lang='lat' dir='ltr'>qua</span> <span class='ocrx_word' id='word_1_585' title='bbox 1074 4226 1140 4281; x_wconf 93' lang='lat' dir='ltr'>alibi</span> <span class='ocrx_word' id='word_1_586' title='bbox 1155 4228 1258 4282; x_wconf 90' lang='lat' dir='ltr'>dicitur</span> <span class='ocrx_word' id='word_1_587' title='bbox 1273 4247 1278 4280; x_wconf 91' lang='lat'>:</span> <span class='ocrx_word' id='word_1_588' title='bbox 1298 4246 1311 4280; x_wconf 82' lang='lat' dir='ltr'>a</span> <span class='ocrx_word' id='word_1_589' title='bbox 1331 4229 1407 4283; x_wconf 88' lang='lat' dir='ltr'>Dixit</span> <span class='ocrx_word' id='word_1_590' title='bbox 1422 4229 1558 4284; x_wconf 90' lang='lat' dir='ltr'>Dominus</span> 
     </span>
     <span class='ocr_line' id='line_1_46' title="bbox 99 4315 1557 4415; baseline -0.001 -43"><span class='ocrx_word' id='word_1_591' title='bbox 99 4318 174 4373; x_wconf 88' lang='lat' dir='ltr'>iones</span> <span class='ocrx_word' id='word_1_592' title='bbox 190 4319 358 4372; x_wconf 83' lang='lat' dir='ltr'>afflictorum</span> <span class='ocrx_word' id='word_1_593' title='bbox 377 4318 402 4370; x_wconf 92' lang='lat' dir='ltr'>ei</span> <span class='ocrx_word' id='word_1_594' title='bbox 428 4318 473 4388; x_wconf 91' lang='lat' dir='ltr'>qui</span> <span class='ocrx_word' id='word_1_595' title='bbox 495 4315 877 4415; x_wconf 77' lang='lat' dir='ltr'>experimentumDDamino</span> <span class='ocrx_word' id='word_1_596' title='bbox 889 4332 951 4369; x_wconf 87' lang='lat' dir='ltr'>meo</span> <span class='ocrx_word' id='word_1_597' title='bbox 963 4335 971 4370; x_wconf 75' lang='grc' dir='ltr'><em>ι</em></span> <span class='ocrx_word' id='word_1_598' title='bbox 983 4316 1055 4370; x_wconf 89' lang='lat' dir='ltr'>Sede</span> <span class='ocrx_word' id='word_1_599' title='bbox 1066 4317 1275 4371; x_wconf 85' lang='lat' dir='ltr'>adertrismeis</span> <span class='ocrx_word' id='word_1_600' title='bbox 1286 4319 1368 4384; x_wconf 69' lang='lat' dir='ltr'>(rear.</span> <span class='ocrx_word' id='word_1_601' title='bbox 1377 4320 1441 4382; x_wconf 81' lang='lat' dir='ltr'>cix).</span> <span class='ocrx_word' id='word_1_602' title='bbox 1454 4336 1468 4370; x_wconf 85' lang='lat' dir='ltr'>r&gt;</span> <span class='ocrx_word' id='word_1_603' title='bbox 1484 4318 1557 4381; x_wconf 90' lang='lat' dir='ltr'>Quid</span> 
     </span>
     <span class='ocr_line' id='line_1_47' title="bbox 99 4405 1557 4476; baseline -0.003 -14"><span class='ocrx_word' id='word_1_604' title='bbox 99 4424 151 4462; x_wconf 88' lang='lat' dir='ltr'>non</span> <span class='ocrx_word' id='word_1_605' title='bbox 173 4407 280 4470; x_wconf 86' lang='lat' dir='ltr'>babuit,</span> <span class='ocrx_word' id='word_1_606' title='bbox 301 4414 329 4461; x_wconf 90' lang='lat' dir='ltr'>et</span> <span class='ocrx_word' id='word_1_607' title='bbox 350 4406 520 4460; x_wconf 87' lang='lat' dir='ltr'>sensibiliter</span> <span class='ocrx_word' id='word_1_608' title='bbox 537 4406 633 4461; x_wconf 82' lang='lat' dir='ltr'>emnia</span> <span class='ocrx_word' id='word_1_609' title='bbox 658 4422 715 4460; x_wconf 88' lang='lat' dir='ltr'>noa</span> <span class='ocrx_word' id='word_1_610' title='bbox 760 4410 811 4468; x_wconf 90' lang='lat' dir='ltr'>est,</span> <span class='ocrx_word' id='word_1_611' title='bbox 825 4405 1010 4460; x_wconf 69' lang='lat' dir='ltr'>«accedamus</span> <span class='ocrx_word' id='word_1_612' title='bbox 1021 4423 1084 4460; x_wconf 92' lang='lat' dir='ltr'>curn</span> <span class='ocrx_word' id='word_1_613' title='bbox 1095 4406 1215 4459; x_wconf 83' lang='lat' dir='ltr'>fiducia?</span> <span class='ocrx_word' id='word_1_614' title='bbox 1227 4427 1238 4457; x_wconf 78' lang='lat' dir='ltr'>r</span> <span class='ocrx_word' id='word_1_615' title='bbox 1252 4405 1316 4476; x_wconf 87' lang='lat' dir='ltr'>quia</span> <span class='ocrx_word' id='word_1_616' title='bbox 1326 4406 1485 4475; x_wconf 85' lang='lat' dir='ltr'>pontificem</span> <span class='ocrx_word' id='word_1_617' title='bbox 1496 4407 1557 4459; x_wconf 90' lang='lat' dir='ltr'>sine</span> 
     </span>
     <span class='ocr_line' id='line_1_48' title="bbox 99 4493 1555 4567; baseline -0.002 -17"><span class='ocrx_word' id='word_1_618' title='bbox 99 4496 205 4567; x_wconf 79' lang='lat' dir='ltr'>ontisex</span> <span class='ocrx_word' id='word_1_619' title='bbox 219 4496 294 4549; x_wconf 86' lang='lat' dir='ltr'>eninr</span> <span class='ocrx_word' id='word_1_620' title='bbox 307 4501 403 4549; x_wconf 86' lang='lat' dir='ltr'>nester</span> <span class='ocrx_word' id='word_1_621' title='bbox 418 4501 608 4565; x_wconf 87' lang='lat' dir='ltr'>competenter</span> <span class='ocrx_word' id='word_1_622' title='bbox 620 4494 715 4549; x_wconf 89' lang='lat' dir='ltr'>omnia</span> <span class='ocrx_word' id='word_1_623' title='bbox 756 4493 1252 4564; x_wconf 86' lang='lat' dir='ltr'>peccatehabemus‚certantemcam</span> <span class='ocrx_word' id='word_1_624' title='bbox 1261 4494 1375 4547; x_wconf 89' lang='lat' dir='ltr'>munde.</span> <span class='ocrx_word' id='word_1_625' title='bbox 1385 4512 1398 4545; x_wconf 81' lang='lat' dir='ltr'>a</span> <span class='ocrx_word' id='word_1_626' title='bbox 1407 4494 1555 4559; x_wconf 81' lang='lat' dir='ltr'>Considite,</span> 
     </span>
     <span class='ocr_line' id='line_1_49' title="bbox 98 4574 1555 4655; baseline -0.001 -16"><span class='ocrx_word' id='word_1_627' title='bbox 98 4603 130 4641; x_wconf 80' lang='lat' dir='ltr'>1ae</span> <span class='ocrx_word' id='word_1_628' title='bbox 141 4574 257 4639; x_wconf 83' lang='lat' dir='ltr'>fuerunt</span> <span class='ocrx_word' id='word_1_629' title='bbox 274 4586 403 4639; x_wconf 78' lang='lat' dir='ltr'>humanae</span> <span class='ocrx_word' id='word_1_630' title='bbox 427 4584 544 4639; x_wconf 85' lang='lat' dir='ltr'>miseriae</span> <span class='ocrx_word' id='word_1_631' title='bbox 559 4585 637 4639; x_wconf 90' lang='lat' dir='ltr'>illata</span> <span class='ocrx_word' id='word_1_632' title='bbox 652 4589 716 4655; x_wconf 92' lang='lat' dir='ltr'>pest</span> <span class='ocrx_word' id='word_1_633' title='bbox 759 4583 890 4653; x_wconf 78' lang='lat' dir='ltr'>«inquit,</span> <span class='ocrx_word' id='word_1_634' title='bbox 916 4600 967 4654; x_wconf 81' lang='lat' dir='ltr'>ego</span> <span class='ocrx_word' id='word_1_635' title='bbox 995 4583 1070 4636; x_wconf 91' lang='lat' dir='ltr'>enirn</span> <span class='ocrx_word' id='word_1_636' title='bbox 1094 4583 1145 4637; x_wconf 83' lang='lat' dir='ltr'>vici</span> <span class='ocrx_word' id='word_1_637' title='bbox 1174 4582 1312 4637; x_wconf 92' lang='lat' dir='ltr'>mundum</span> <span class='ocrx_word' id='word_1_638' title='bbox 1343 4584 1431 4652; x_wconf 77' lang='lat' dir='ltr'>(loon.</span> <span class='ocrx_word' id='word_1_639' title='bbox 1453 4587 1517 4652; x_wconf 79' lang='lat' dir='ltr'>xrr).</span> <span class='ocrx_word' id='word_1_640' title='bbox 1541 4600 1555 4637; x_wconf 73' lang='lat' dir='ltr'>a</span> 
     </span>
     <span class='ocr_line' id='line_1_50' title="bbox 99 4663 1555 4742; baseline -0.001 -15"><span class='ocrx_word' id='word_1_641' title='bbox 99 4674 159 4728; x_wconf 87' lang='lat' dir='ltr'>rimi</span> <span class='ocrx_word' id='word_1_642' title='bbox 173 4673 303 4739; x_wconf 78' lang='lat' dir='ltr'>lrominiS,</span> <span class='ocrx_word' id='word_1_643' title='bbox 320 4680 348 4727; x_wconf 90' lang='lat' dir='ltr'>et</span> <span class='ocrx_word' id='word_1_644' title='bbox 365 4679 433 4727; x_wconf 90' lang='lat' dir='ltr'>tunc</span> <span class='ocrx_word' id='word_1_645' title='bbox 446 4674 475 4726; x_wconf 92' lang='lat' dir='ltr'>in</span> <span class='ocrx_word' id='word_1_646' title='bbox 490 4674 625 4727; x_wconf 88' lang='lat' dir='ltr'>interiora</span> <span class='ocrx_word' id='word_1_647' title='bbox 638 4673 714 4727; x_wconf 84' lang='lat' dir='ltr'>rela-</span> <span class='ocrx_word' id='word_1_648' title='bbox 757 4672 828 4725; x_wconf 85' lang='lat' dir='ltr'>Nam</span> <span class='ocrx_word' id='word_1_649' title='bbox 851 4672 924 4742; x_wconf 93' lang='lat' dir='ltr'>qued</span> <span class='ocrx_word' id='word_1_650' title='bbox 944 4671 1051 4726; x_wconf 89' lang='lat' dir='ltr'>dictum</span> <span class='ocrx_word' id='word_1_651' title='bbox 1071 4677 1114 4725; x_wconf 87' lang='lat' dir='ltr'>est</span> <span class='ocrx_word' id='word_1_652' title='bbox 1130 4663 1135 4724; x_wconf 72' lang='grc' dir='ltr'><strong>ἑ</strong></span> <span class='ocrx_word' id='word_1_653' title='bbox 1152 4673 1271 4742; x_wconf 83' lang='lat' dir='ltr'>Oportet</span> <span class='ocrx_word' id='word_1_654' title='bbox 1288 4687 1353 4724; x_wconf 87' lang='lat' dir='ltr'>eum</span> <span class='ocrx_word' id='word_1_655' title='bbox 1368 4670 1463 4725; x_wconf 88' lang='lat' dir='ltr'>omnia</span> <span class='ocrx_word' id='word_1_656' title='bbox 1486 4671 1555 4742; x_wconf 88' lang='lat' dir='ltr'>pati,</span> 
     </span>
     <span class='ocr_line' id='line_1_51' title="bbox 99 4760 1557 4833; baseline -0.001 -17"><span class='ocrx_word' id='word_1_657' title='bbox 99 4779 213 4817; x_wconf 90' lang='lat' dir='ltr'>rronum</span> <span class='ocrx_word' id='word_1_658' title='bbox 242 4769 365 4833; x_wconf 80' lang='lat' dir='ltr'>paternae</span> <span class='ocrx_word' id='word_1_659' title='bbox 394 4762 550 4832; x_wconf 84' lang='lat' dir='ltr'>majestatis</span> <span class='ocrx_word' id='word_1_660' title='bbox 577 4763 712 4816; x_wconf 84' lang='lat' dir='ltr'>aseendit.</span> <span class='ocrx_word' id='word_1_661' title='bbox 755 4761 893 4815; x_wconf 89' lang='lat' dir='ltr'>mundum</span> <span class='ocrx_word' id='word_1_662' title='bbox 917 4765 1013 4815; x_wconf 87' lang='lat' dir='ltr'>autem</span> <span class='ocrx_word' id='word_1_663' title='bbox 1039 4777 1103 4815; x_wconf 88' lang='lat' dir='ltr'>eum</span> <span class='ocrx_word' id='word_1_664' title='bbox 1127 4777 1188 4815; x_wconf 89' lang='lat' dir='ltr'>esse</span> <span class='ocrx_word' id='word_1_665' title='bbox 1211 4777 1229 4813; x_wconf 89' lang='lat' dir='ltr'>a</span> <span class='ocrx_word' id='word_1_666' title='bbox 1252 4760 1383 4831; x_wconf 87' lang='lat' dir='ltr'>peccatis,</span> <span class='ocrx_word' id='word_1_667' title='bbox 1400 4760 1452 4815; x_wconf 93' lang='lat' dir='ltr'>hoc</span> <span class='ocrx_word' id='word_1_668' title='bbox 1469 4761 1557 4831; x_wconf 82' lang='lat' dir='ltr'>signi-</span> 
     </span>
     <span class='ocr_line' id='line_1_52' title="bbox 108 4849 1557 4923; baseline -0.001 -17"><span class='ocrx_word' id='word_1_669' title='bbox 108 4859 204 4907; x_wconf 82' lang='lat' dir='ltr'>autem</span> <span class='ocrx_word' id='word_1_670' title='bbox 219 4852 374 4923; x_wconf 86' lang='lat' dir='ltr'>peremnia</span> <span class='ocrx_word' id='word_1_671' title='bbox 389 4869 440 4923; x_wconf 92' lang='lat' dir='ltr'>pro</span> <span class='ocrx_word' id='word_1_672' title='bbox 455 4852 638 4905; x_wconf 89' lang='lat' dir='ltr'>similitudine</span> <span class='ocrx_word' id='word_1_673' title='bbox 654 4851 715 4905; x_wconf 88' lang='lat' dir='ltr'>abs·</span> <span class='ocrx_word' id='word_1_674' title='bbox 755 4850 842 4903; x_wconf 84' lang='lat' dir='ltr'>ficans</span> <span class='ocrx_word' id='word_1_675' title='bbox 860 4869 865 4901; x_wconf 77' lang='grc' dir='ltr'>ι</span> <span class='ocrx_word' id='word_1_676' title='bbox 882 4866 914 4902; x_wconf 88' lang='lat' dir='ltr'>ac</span> <span class='ocrx_word' id='word_1_677' title='bbox 936 4850 959 4903; x_wconf 94' lang='lat' dir='ltr'>si</span> <span class='ocrx_word' id='word_1_678' title='bbox 974 4866 1025 4904; x_wconf 88' lang='lat' dir='ltr'>nos</span> <span class='ocrx_word' id='word_1_679' title='bbox 1043 4850 1095 4904; x_wconf 91' lang='lat' dir='ltr'>sab</span> <span class='ocrx_word' id='word_1_680' title='bbox 1117 4856 1231 4921; x_wconf 84' lang='lat' dir='ltr'>peceato</span> <span class='ocrx_word' id='word_1_681' title='bbox 1250 4866 1357 4913; x_wconf 89' lang='lat' dir='ltr'>sumus,</span> <span class='ocrx_word' id='word_1_682' title='bbox 1381 4849 1482 4921; x_wconf 84' lang='lat' dir='ltr'>inquit.</span> <span class='ocrx_word' id='word_1_683' title='bbox 1508 4850 1557 4905; x_wconf 88' lang='lat' dir='ltr'>sed</span> 
     </span>
     <span class='ocr_line' id='line_1_53' title="bbox 101 4939 1556 5011; baseline -0.001 -17"><span class='ocrx_word' id='word_1_684' title='bbox 101 4983 107 4994; x_wconf 86' lang='lat'>.</span> <span class='ocrx_word' id='word_1_685' title='bbox 129 4943 258 5009; x_wconf 72' lang='grc' dir='ltr'>»(ΤΙιευ.)</span> <span class='ocrx_word' id='word_1_686' title='bbox 269 4942 298 4995; x_wconf 88' lang='lat' dir='ltr'>Si</span> <span class='ocrx_word' id='word_1_687' title='bbox 313 4941 400 5011; x_wconf 86' lang='lat' dir='ltr'>igitur</span> <span class='ocrx_word' id='word_1_688' title='bbox 418 4942 504 4995; x_wconf 89' lang='lat' dir='ltr'>etiarn</span> <span class='ocrx_word' id='word_1_689' title='bbox 518 4947 637 4994; x_wconf 73' lang='lat' dir='ltr'>terrenae</span> <span class='ocrx_word' id='word_1_690' title='bbox 661 4941 714 4994; x_wconf 86' lang='lat' dir='ltr'>lru-</span> <span class='ocrx_word' id='word_1_691' title='bbox 756 4939 816 5010; x_wconf 88' lang='lat' dir='ltr'>ipse</span> <span class='ocrx_word' id='word_1_692' title='bbox 832 4939 892 4993; x_wconf 92' lang='lat' dir='ltr'>sine</span> <span class='ocrx_word' id='word_1_693' title='bbox 907 4944 1029 5010; x_wconf 86' lang='lat' dir='ltr'>peccato.</span> <span class='ocrx_word' id='word_1_694' title='bbox 1048 4942 1130 5007; x_wconf 68' lang='lat' dir='ltr'>(Alb.)</span> <span class='ocrx_word' id='word_1_695' title='bbox 1146 4939 1392 5009; x_wconf 84' lang='lat' dir='ltr'>Accedamusergo</span> <span class='ocrx_word' id='word_1_696' title='bbox 1403 4955 1469 4992; x_wconf 90' lang='lat' dir='ltr'>cum</span> <span class='ocrx_word' id='word_1_697' title='bbox 1483 4939 1556 4993; x_wconf 83' lang='lat' dir='ltr'>sidu-</span> 
     </span>
     <span class='ocr_line' id='line_1_54' title="bbox 99 5028 1558 5100; baseline -0.003 -16"><span class='ocrx_word' id='word_1_698' title='bbox 99 5036 154 5084; x_wconf 74' lang='lat' dir='ltr'>itrre</span> <span class='ocrx_word' id='word_1_699' title='bbox 164 5046 228 5084; x_wconf 91' lang='lat' dir='ltr'>cum</span> <span class='ocrx_word' id='word_1_700' title='bbox 242 5030 289 5083; x_wconf 89' lang='lat' dir='ltr'>illo</span> <span class='ocrx_word' id='word_1_701' title='bbox 301 5031 407 5084; x_wconf 90' lang='lat' dir='ltr'>excelse</span> <span class='ocrx_word' id='word_1_702' title='bbox 416 5031 565 5100; x_wconf 72' lang='lat' dir='ltr'>dirutaque</span> <span class='ocrx_word' id='word_1_703' title='bbox 579 5030 713 5083; x_wconf 87' lang='lat' dir='ltr'>Pontillce</span> <span class='ocrx_word' id='word_1_704' title='bbox 756 5029 798 5081; x_wconf 89' lang='lat' dir='ltr'>eia</span> <span class='ocrx_word' id='word_1_705' title='bbox 817 5033 849 5083; x_wconf 87' lang='lat' dir='ltr'>ut</span> <span class='ocrx_word' id='word_1_706' title='bbox 858 5028 926 5082; x_wconf 91' lang='lat' dir='ltr'>nihil</span> <span class='ocrx_word' id='word_1_707' title='bbox 935 5029 1087 5083; x_wconf 88' lang='lat' dir='ltr'>babeamus</span> <span class='ocrx_word' id='word_1_708' title='bbox 1098 5028 1126 5082; x_wconf 89' lang='lat' dir='ltr'>in</span> <span class='ocrx_word' id='word_1_709' title='bbox 1142 5028 1313 5082; x_wconf 88' lang='lat' dir='ltr'>conscientia</span> <span class='ocrx_word' id='word_1_710' title='bbox 1325 5028 1491 5098; x_wconf 81' lang='lat' dir='ltr'>malignum,</span> <span class='ocrx_word' id='word_1_711' title='bbox 1505 5028 1558 5082; x_wconf 86' lang='lat' dir='ltr'>bec</span> 
     </span>
     <span class='ocr_line' id='line_1_55' title="bbox 110 5115 1558 5189; baseline -0.003 -15"><span class='ocrx_word' id='word_1_712' title='bbox 110 5136 172 5174; x_wconf 86' lang='lat' dir='ltr'>esse</span> <span class='ocrx_word' id='word_1_713' title='bbox 195 5120 364 5183; x_wconf 89' lang='lat' dir='ltr'>communie,</span> <span class='ocrx_word' id='word_1_714' title='bbox 381 5125 414 5185; x_wconf 83' lang='lat' dir='ltr'>ut</span> <span class='ocrx_word' id='word_1_715' title='bbox 434 5120 518 5173; x_wconf 87' lang='lat' dir='ltr'>etiam</span> <span class='ocrx_word' id='word_1_716' title='bbox 534 5137 584 5172; x_wconf 88' lang='lat' dir='ltr'>nos</span> <span class='ocrx_word' id='word_1_717' title='bbox 609 5118 714 5189; x_wconf 88' lang='lat' dir='ltr'>absque</span> <span class='ocrx_word' id='word_1_718' title='bbox 756 5124 807 5180; x_wconf 86' lang='lat' dir='ltr'>est,</span> <span class='ocrx_word' id='word_1_719' title='bbox 824 5134 880 5171; x_wconf 91' lang='lat' dir='ltr'>non</span> <span class='ocrx_word' id='word_1_720' title='bbox 895 5117 1075 5171; x_wconf 87' lang='lat' dir='ltr'>dubitantes:</span> <span class='ocrx_word' id='word_1_721' title='bbox 1094 5135 1150 5172; x_wconf 91' lang='lat' dir='ltr'>non</span> <span class='ocrx_word' id='word_1_722' title='bbox 1166 5118 1241 5171; x_wconf 91' lang='lat' dir='ltr'>enim</span> <span class='ocrx_word' id='word_1_723' title='bbox 1255 5121 1348 5188; x_wconf 89' lang='lat' dir='ltr'>potest</span> <span class='ocrx_word' id='word_1_724' title='bbox 1367 5133 1430 5171; x_wconf 90' lang='lat' dir='ltr'>eum</span> <span class='ocrx_word' id='word_1_725' title='bbox 1455 5115 1558 5170; x_wconf 83' lang='lat' dir='ltr'>fiducia</span> 
     </span>
     <span class='ocr_line' id='line_1_56' title="bbox 99 5206 1559 5278; baseline -0.001 -16"><span class='ocrx_word' id='word_1_726' title='bbox 99 5210 103 5262; x_wconf 89' lang='lat' dir='ltr'>i</span> <span class='ocrx_word' id='word_1_727' title='bbox 125 5208 279 5262; x_wconf 71' lang='lat' dir='ltr'>ostensione</span> <span class='ocrx_word' id='word_1_728' title='bbox 302 5214 452 5271; x_wconf 89' lang='lat' dir='ltr'>tentemur,</span> <span class='ocrx_word' id='word_1_729' title='bbox 466 5226 516 5263; x_wconf 90' lang='lat' dir='ltr'>cur</span> <span class='ocrx_word' id='word_1_730' title='bbox 539 5209 569 5261; x_wconf 95' lang='lat' dir='ltr'>in</span> <span class='ocrx_word' id='word_1_731' title='bbox 591 5208 639 5261; x_wconf 90' lang='lat' dir='ltr'>illo</span> <span class='ocrx_word' id='word_1_732' title='bbox 664 5208 715 5261; x_wconf 93' lang='lat' dir='ltr'>hoc</span> <span class='ocrx_word' id='word_1_733' title='bbox 756 5207 806 5260; x_wconf 89' lang='lat' dir='ltr'>tali</span> <span class='ocrx_word' id='word_1_734' title='bbox 823 5207 963 5261; x_wconf 90' lang='lat' dir='ltr'>accedere.</span> <span class='ocrx_word' id='word_1_735' title='bbox 979 5206 1120 5261; x_wconf 79' lang='lat' dir='ltr'>Adeamus</span> <span class='ocrx_word' id='word_1_736' title='bbox 1144 5224 1210 5278; x_wconf 81' lang='lat' dir='ltr'>ergo</span> <span class='ocrx_word' id='word_1_737' title='bbox 1230 5223 1294 5261; x_wconf 90' lang='lat' dir='ltr'>cum</span> <span class='ocrx_word' id='word_1_738' title='bbox 1316 5206 1427 5270; x_wconf 83' lang='lat' dir='ltr'>fiducia,</span> <span class='ocrx_word' id='word_1_739' title='bbox 1445 5206 1497 5259; x_wconf 84' lang='lat' dir='ltr'>lroe</span> <span class='ocrx_word' id='word_1_740' title='bbox 1515 5212 1559 5261; x_wconf 86' lang='lat' dir='ltr'>est</span> 
     </span>
     <span class='ocr_line' id='line_1_57' title="bbox 99 5295 1559 5369; baseline -0.002 -17"><span class='ocrx_word' id='word_1_741' title='bbox 99 5296 155 5353; x_wconf 90' lang='lat' dir='ltr'>elut</span> <span class='ocrx_word' id='word_1_742' title='bbox 169 5297 323 5352; x_wconf 90' lang='lat' dir='ltr'>unicumac</span> <span class='ocrx_word' id='word_1_743' title='bbox 333 5299 474 5369; x_wconf 84' lang='lat' dir='ltr'>singulare</span> <span class='ocrx_word' id='word_1_744' title='bbox 489 5297 643 5368; x_wconf 88' lang='lat' dir='ltr'>suscipiens</span> <span class='ocrx_word' id='word_1_745' title='bbox 652 5302 716 5352; x_wconf 88' lang='lat' dir='ltr'>tan·</span> <span class='ocrx_word' id='word_1_746' title='bbox 757 5296 892 5350; x_wconf 88' lang='lat' dir='ltr'>adeamus</span> <span class='ocrx_word' id='word_1_747' title='bbox 908 5313 958 5366; x_wconf 91' lang='lat' dir='ltr'>per</span> <span class='ocrx_word' id='word_1_748' title='bbox 970 5296 1054 5350; x_wconf 85' lang='lat' dir='ltr'>tidem</span> <span class='ocrx_word' id='word_1_749' title='bbox 1070 5296 1105 5349; x_wconf 90' lang='lat' dir='ltr'>ad</span> <span class='ocrx_word' id='word_1_750' title='bbox 1115 5297 1248 5351; x_wconf 89' lang='lat' dir='ltr'>thronum</span> <span class='ocrx_word' id='word_1_751' title='bbox 1263 5295 1362 5367; x_wconf 80' lang='lat' dir='ltr'>gratiae</span> <span class='ocrx_word' id='word_1_752' title='bbox 1374 5295 1445 5365; x_wconf 88' lang='lat' dir='ltr'>ejus,</span> <span class='ocrx_word' id='word_1_753' title='bbox 1457 5295 1559 5349; x_wconf 86' lang='lat' dir='ltr'>habea-</span> 
     </span>
     <span class='ocr_line' id='line_1_58' title="bbox 99 5385 1559 5456; baseline -0.001 -15"><span class='ocrx_word' id='word_1_754' title='bbox 99 5386 172 5442; x_wconf 86' lang='lat' dir='ltr'>itum</span> <span class='ocrx_word' id='word_1_755' title='bbox 189 5386 224 5440; x_wconf 93' lang='lat' dir='ltr'>ab</span> <span class='ocrx_word' id='word_1_756' title='bbox 240 5387 400 5441; x_wconf 88' lang='lat' dir='ltr'>hominibus</span> <span class='ocrx_word' id='word_1_757' title='bbox 415 5387 549 5442; x_wconf 88' lang='lat' dir='ltr'>divisione</span> <span class='ocrx_word' id='word_1_758' title='bbox 565 5386 716 5440; x_wconf 73' lang='lat' dir='ltr'>discrerit?</span> <span class='ocrx_word' id='word_1_759' title='bbox 759 5402 821 5440; x_wconf 89' lang='lat' dir='ltr'>mus</span> <span class='ocrx_word' id='word_1_760' title='bbox 836 5385 977 5451; x_wconf 83' lang='lat' dir='ltr'>fiduciam,</span> <span class='ocrx_word' id='word_1_761' title='bbox 997 5385 1123 5456; x_wconf 82' lang='lat' dir='ltr'>quamvis</span> <span class='ocrx_word' id='word_1_762' title='bbox 1139 5390 1298 5456; x_wconf 88' lang='lat' dir='ltr'>peccatores</span> <span class='ocrx_word' id='word_1_763' title='bbox 1312 5385 1409 5449; x_wconf 89' lang='lat' dir='ltr'>simus,</span> <span class='ocrx_word' id='word_1_764' title='bbox 1426 5401 1477 5455; x_wconf 87' lang='lat' dir='ltr'>per</span> <span class='ocrx_word' id='word_1_765' title='bbox 1497 5386 1559 5455; x_wconf 88' lang='lat' dir='ltr'>ejus</span> 
     </span>
     <span class='ocr_line' id='line_1_59' title="bbox 99 5474 1559 5547; baseline -0.001 -16"><span class='ocrx_word' id='word_1_766' title='bbox 99 5476 131 5531; x_wconf 74' lang='lat' dir='ltr'>»la</span> <span class='ocrx_word' id='word_1_767' title='bbox 144 5474 180 5530; x_wconf 87' lang='lat' dir='ltr'>ab</span> <span class='ocrx_word' id='word_1_768' title='bbox 191 5475 320 5530; x_wconf 89' lang='lat' dir='ltr'>omnibus</span> <span class='ocrx_word' id='word_1_769' title='bbox 338 5476 419 5531; x_wconf 89' lang='lat' dir='ltr'>nobis</span> <span class='ocrx_word' id='word_1_770' title='bbox 439 5477 603 5547; x_wconf 89' lang='lat' dir='ltr'>exceptione</span> <span class='ocrx_word' id='word_1_771' title='bbox 621 5475 717 5529; x_wconf 92' lang='lat' dir='ltr'>distin·</span> <span class='ocrx_word' id='word_1_772' title='bbox 758 5474 879 5545; x_wconf 82' lang='lat' dir='ltr'>gratiam</span> <span class='ocrx_word' id='word_1_773' title='bbox 893 5474 1053 5545; x_wconf 88' lang='lat' dir='ltr'>recuperari</span> <span class='ocrx_word' id='word_1_774' title='bbox 1078 5491 1168 5546; x_wconf 89' lang='lat' dir='ltr'>posse,</span> <span class='ocrx_word' id='word_1_775' title='bbox 1186 5475 1210 5527; x_wconf 91' lang='lat' dir='ltr'>si</span> <span class='ocrx_word' id='word_1_776' title='bbox 1223 5479 1320 5528; x_wconf 88' lang='lat' dir='ltr'>tamea</span> <span class='ocrx_word' id='word_1_777' title='bbox 1333 5474 1441 5528; x_wconf 80' lang='lat' dir='ltr'>fructus</span> <span class='ocrx_word' id='word_1_778' title='bbox 1459 5475 1559 5545; x_wconf 82' lang='lat' dir='ltr'>dignos</span> 
     </span>
     <span class='ocr_line' id='line_1_60' title="bbox 99 5563 1560 5637; baseline -0.001 -17"><span class='ocrx_word' id='word_1_779' title='bbox 99 5580 174 5620; x_wconf 83' lang='lat' dir='ltr'>ines</span> <span class='ocrx_word' id='word_1_780' title='bbox 198 5582 254 5620; x_wconf 92' lang='lat' dir='ltr'>nen</span> <span class='ocrx_word' id='word_1_781' title='bbox 279 5565 383 5637; x_wconf 88' lang='lat' dir='ltr'>absque</span> <span class='ocrx_word' id='word_1_782' title='bbox 411 5573 534 5636; x_wconf 88' lang='lat' dir='ltr'>peccato,</span> <span class='ocrx_word' id='word_1_783' title='bbox 556 5566 635 5621; x_wconf 87' lang='lat' dir='ltr'>illum</span> <span class='ocrx_word' id='word_1_784' title='bbox 658 5564 718 5619; x_wconf 90' lang='lat' dir='ltr'>sine</span> <span class='ocrx_word' id='word_1_785' title='bbox 759 5563 909 5618; x_wconf 83' lang='lat' dir='ltr'>fecerimus</span> <span class='ocrx_word' id='word_1_786' title='bbox 932 5563 1112 5635; x_wconf 87' lang='lat' dir='ltr'>poeniteatiae,</span> <span class='ocrx_word' id='word_1_787' title='bbox 1132 5570 1161 5618; x_wconf 90' lang='lat' dir='ltr'>et</span> <span class='ocrx_word' id='word_1_788' title='bbox 1181 5563 1267 5618; x_wconf 85' lang='lat' dir='ltr'>fidem</span> <span class='ocrx_word' id='word_1_789' title='bbox 1282 5564 1394 5619; x_wconf 82' lang='lat' dir='ltr'>firmam</span> <span class='ocrx_word' id='word_1_790' title='bbox 1417 5564 1560 5636; x_wconf 87' lang='lat' dir='ltr'>usquein</span> 
     </span>
    </p>
   </div>
   <div class='ocr_carea' id='block_1_3' title="bbox 0 0 1890 6116">
    <p class='ocr_par' dir='ltr' id='par_1_3' title="bbox 0 0 1890 6116">
     <span class='ocr_line' id='line_1_61' title="bbox 0 0 1890 6116; baseline 0 0"><span class='ocrx_word' id='word_1_791' title='bbox 0 0 1890 6116; x_wconf 95' lang='lat' dir='ltr'> </span> 
     </span>
    </p>
   </div>
  </div>
 </body>
</html>
