3772 6120
123 266 157 326 ³5
419 262 451 322 Β.
473 262 608 322 ansam
627 264 743 322 utem
762 266 930 321 ARCHIEP.
951 266 1112 324 MOGUN’I'.
1134 268 1281 325 OPERUM
1301 268 1393 324 PARS
1412 266 1461 324 lll.
1722 262 1756 328 36

121 394 179 448 rias
187 397 217 447 st
223 391 358 447 absurdas
366 392 490 446 nominis
498 390 622 460 dignitas
629 389 813 462 acceptabiles
820 390 915 446 faciat.
926 390 1113 452 Asecundum
1129 394 1240 448 veniam
1255 394 1383 448 concedit
1389 394 1550 465 Apostolus,
1560 397 1618 449 imo
1627 412 1678 467 per
1684 397 1757 467 Apo·

122 482 915 551 stqrrssaeamsepraeerpcarsupraratramnum1100,
958 483 1062 536 stolum
1073 482 1213 550 Christus,
1232 489 1324 554 potest
1337 499 1403 553 ergo
1418 490 1448 537 et
1462 484 1515 538 iste
1529 484 1558 538 in
1572 485 1757 540 fundamento

121 577 402 640 aarammrpeatbm,
415 572 518 639 toptctes
529 573 669 639 pretiosos.
683 568 787 638 (Amb.)
799 570 917 641 Lapides
957 570 1060 626 habere
1076 572 1229 626 Christum.
1246 571 1274 627 Si
1289 573 1364 626 enim
1383 573 1453 627 nihil
1471 574 1497 627 ei
1517 574 1583 627 talis
1602 575 1757 629 effectionis

122 660 237 732 pretiosi
251 666 319 715 sunt
333 677 403 731 quos
412 676 468 713 non
480 659 635 730 corrumpit
645 658 727 729 ignis.
739 659 918 729 Triagenere
958 662 1164 733 voluptatisque
1170 663 1662 734 preponat,quamvissuperaedillcet
1669 664 1755 734 ligna,

122 746 917 821 posuitpraeclarainmundo,inquibusbonamdoctrinam
957 750 1759 824 fenum,stipulam,Christusestfundamentum,propter

121 838 398 908 significaritllqna,
405 839 511 905 ferrera,
522 841 665 906 stipatum.
676 837 804 897 'frisalia
812 852 918 907 genera
958 839 1010 893 hoc
1020 841 1113 893 salvus
1123 840 1322 911 erittanquam
1336 856 1387 910 per
1403 841 1506 911 ignem.
1521 841 1640 896 Delicias
1654 843 1757 914 quippe

122 927 225 998 posuit,
237 927 286 980 sed
296 926 395 980 frivola
407 944 412 978 :
425 927 454 980 in
465 926 508 980 hia
520 930 651 997 corrupta
666 932 694 979 et
707 941 778 979 rana
791 926 918 979 doctrina
958 927 1162 998 hujusmundi,
1174 945 1340 1000 amoresque
1351 935 1488 995 terrenos,
1500 936 1614 1001 propter
1626 932 1757 1001 conjuga-

121 1016 268 1085 designata
287 1015 471 1085 dignoscitur.
485 1017 577 1084 (lurp.)
594 1015 647 1078 Qui
663 1014 733 1069 bene
747 1015 852 1079 vivunt,
869 1014 917 1084 qui
958 1017 1013 1070 lem
1029 1018 1143 1087 quidem
1157 1019 1285 1089 copulam
1299 1033 1356 1072 non
1371 1018 1554 1085 damnabiles,
1566 1018 1757 1074 tribulationis

22 1166 25 1171 ¹
122 1104 212 1158 Deum
228 1103 538 1168 honorantotlaudant,
549 1104 597 1174 qui
608 1104 746 1175 patientes
756 1102 917 1158 suntintrl-
958 1106 1032 1175 ignis
1045 1105 1146 1172 exurit,
1164 1106 1199 1160 ad
1216 1123 1299 1177 quem
1314 1108 1457 1179 pertinent
1471 1107 1564 1177 ignem
1579 1115 1608 1161 et
1622 1106 1757 1163 orbitates

121 1192 321 1257 bulationibus,
331 1193 379 1263 qui
394 1192 555 1247 desiderant
567 1193 699 1263 patriam,
717 1193 769 1263 ipsi
779 1193 919 1246 edificant
958 1200 987 1248 et
997 1211 1180 1265 quaecumque
1188 1195 1363 1249 calamitates
1375 1212 1436 1266 quar
1445 1196 1578 1250 auferunt
1587 1195 1654 1255 haec,
1664 1213 1697 1250 ac
1707 1213 1758 1268 per

121 1298 232 1346 aurum,
257 1287 417 1352 argentum,
443 1282 550 1352 lapides
573 1282 711 1353 pretiosos
728 1299 733 1334 :
750 1281 798 1352 qui
822 1285 917 1335 autem
958 1282 1010 1338 hoc
1024 1284 1049 1338 ei
1065 1284 1113 1354 qui
1128 1284 1283 1346 aedillcavit,
1300 1284 1355 1338 crit
1373 1283 1521 1338 edificatio
1536 1285 1591 1339 iste
1610 1285 1756 1350 damnosa,

16 1368 21 1375 “
122 1377 219 1425 amant
229 1371 320 1424 adhuc
331 1370 642 1441 seculariaetncgotiis
652 1370 772 1424 terrenis
783 1370 918 1440 implicati
959 1373 1095 1443 quianon
1109 1372 1223 1427 habebit
1247 1373 1321 1443 quod
1342 1373 1583 1444 superaedificavit,
1609 1381 1757 1428 eteorum

121 1465 197 1526 sunt,
213 1465 241 1514 et
254 1458 341 1513 dediti
361 1464 428 1513 sunt
446 1459 562 1513 vinculis
583 1459 749 1530 quibusdam
770 1466 799 1512 ct
815 1458 918 1512 eticcti-
959 1461 1110 1515 amissiono
1124 1460 1303 1527 cruciabitur,
1321 1461 1422 1531 quibus
1436 1461 1554 1515 fruendo
1569 1463 1668 1532 utique
1683 1463 1758 1516 late-

121 1548 172 1603 bus
187 1548 287 1614 carnis,
301 1548 430 1602 domibus
446 1549 514 1609 suis,
524 1549 672 1618 conjugiis,
684 1547 915 1619 possessionibus,
960 1550 1057 1609 betur:
1076 1550 1123 1603 sed
1139 1566 1189 1620 per
1202 1549 1277 1604 huno
1288 1550 1759 1620 ignemsalvuseritmeritofunda·

122 1643 150 1691 et
160 1642 257 1691 temen
271 1637 424 1691 Christiani
439 1642 514 1701 sunt,
530 1636 571 1691 ita
585 1643 617 1690 ut
629 1653 677 1691 cor
692 1653 789 1690 eorum
805 1652 862 1690 non
876 1652 918 1689 rc·
959 1639 1057 1704 meriti,
1074 1639 1140 1709 quia
1154 1639 1206 1693 etsi
1221 1648 1317 1692 utrum
1337 1638 1365 1692 id
1385 1638 1488 1692 habere
1507 1639 1612 1702 mallet,
1628 1656 1664 1692 an
1680 1640 1759 1694 Chri·

121 1726 202 1780 cedat
212 1742 229 1778 a
239 1726 361 1789 Christo,
375 1725 515 1796 quomodo
524 1726 552 1779 in
559 1726 722 1779 edificando
733 1725 802 1779 nihil
813 1706 950 1796 prrrrpo·B
960 1733 1046 1792 stum,
1057 1745 1073 1780 a
1088 1734 1265 1798 persecutore
1276 1734 1488 1798 proponeretur,
1499 1727 1568 1781 illud
1580 1728 1691 1782 Christo
1702 1745 1759 1782 non

121 1815 199 1869 nitur
213 1814 405 1875 fundamento,
421 1815 560 1880 edificant
578 1815 691 1886 quidem
707 1815 759 1885 ipsi
776 1814 861 1884 ligna,
877 1814 918 1868 fe·
960 1823 1178 1888 preponeretur.
1188 1817 1257 1870 Vide
1269 1816 1531 1886 inhpostolirerbis
1543 1816 1685 1871 hominem
1694 1816 1759 1871 sedi-

120 1918 198 1969 num,
214 1902 358 1975 stipulam.
375 1903 428 1958 Sed
451 1904 519 1975 quid
540 1904 685 1975 sequitur?
700 1905 919 1972 Uniusmjasqec
960 1905 1090 1959 licentem
1101 1921 1185 1976 super
1196 1905 1411 1959 fundamentum
1420 1922 1531 1972 aurum,
1544 1912 1704 1976 argentum,
1721 1905 1760 1960 la·
1788 1911 1797 1926 “

122 2008 190 2062 opus
203 1996 284 2061 quote
294 1996 338 2056 sit,
352 1996 427 2062 ipru's
439 1994 575 2062 probabit.
593 1992 669 2062 lgnis
682 2000 783 2062 nempe
802 1990 919 2046 tribula·
959 1994 1038 2064 pidea
1053 1994 1204 2065 pretiosos,
1219 1996 1269 2062 qai
1282 1998 1342 2048 sine
1355 2012 1439 2047 arere
1454 2000 1490 2048 est
1507 1997 1605 2062 sopitat
1618 2011 1677 2062 que
1689 2000 1757 2050 suat

72 2100 75 2105 ·
120 2081 206 2136 tionis
221 2087 249 2135 et
264 2081 444 2147 tentationis3
461 2081 514 2135 istc
528 2080 601 2152 ignis
616 2081 719 2135 multos
733 2080 860 2151 probavit
874 2080 919 2134 hic
959 2085 1016 2137 liei.
1034 2085 1166 2151 quornodo
1178 2087 1285 2151 placcat
1299 2082 1444 2137 beo.Vido
1463 2082 1551 2137 alium
1568 2083 1755 2137 aedificantem

24 2211 35 2222 .
120 2176 268 2242 martyres,
280 2187 363 2224 omne
377 2177 472 2223 autem
482 2187 572 2240 genus
582 2170 738 2223 humanum
751 2168 917 2240 probabitin
958 2170 1045 2241 ligna,
1060 2172 1165 2236 fenum,
1180 2171 1480 2242 stipulam,qmoutem
1494 2175 1753 2240 metrinmm'ojua·

120 2260 184 2313 line.
193 2259 301 2313 Inventi
312 2266 377 2313 sunt
387 2265 526 2330 martyres
535 2258 583 2329 qui
595 2256 732 2312 haberent
741 2258 794 2312 ista
805 2258 917 2312 saccula-
958 2265 1017 2313 elas
1032 2265 1077 2321 cst,
1094 2260 1196 2330 inquit,
1213 2264 1313 2328 copitot
1326 2277 1357 2313 ee
1366 2276 1425 2329 que
1436 2266 1503 2314 seret
1514 2261 1614 2313 mandi
1622 2260 1755 2328 quornodo

120 2347 171 2400 ria.
179 2348 270 2412 Quam
281 2347 362 2401 multi
373 2346 917 2424 diritesetsenatorcspassisunt'lAEdi-
955 2352 1061 2418 placcat
1076 2352 1167 2403 acori.
1184 2348 1408 2419 Uniuscujusque
1429 2364 1498 2419 opus
1519 2346 1753 2410 manifestabitur,

120 2436 242 2491 licebant
256 2444 352 2491 tamen
367 2435 482 2507 quidam
498 2452 594 2489 eorum
610 2432 813 2506 ligna,'fenum,
826 2435 915 2505 stipu·
958 2438 1015 2491 dies
1029 2440 1104 2491 enim
1119 2439 1234 2491 borbini
1247 2439 1405 2501 declarabit,
1417 2437 1585 2507 discutique
1599 2436 1756 2490 tribulatio·

119 2525 186 2591 lam,
203 2526 232 2579 in
255 2525 400 2579 aflectibus
417 2525 571 2579 cantellum
595 2530 623 2578 et
642 2524 818 2578 saccularium
839 2541 917 2578 cura·
958 2524 1755 2596 memmatensisipseinquit,recetobitarEamdcmtri·

119 2630 182 2668 rum
200 2633 205 2666 :
224 2614 272 2668 scd
287 2620 382 2668 tamen
399 2614 466 2685 quia
480 2613 623 2667 Christum
639 2613 855 2667 fundamentum
870 2614 917 2666 ha-
958 2613 1130 2668 bulationem
1150 2614 1243 2684 igncm
1263 2621 1351 2680 vocat,
1367 2615 1440 2669 sicut
1457 2612 1523 2668 alibi
1542 2614 1644 2683 legitur
1661 2632 1665 2665 :
1690 2615 1755 2667 Vero

120 2701 231 2766 babent,
243 2719 330 2773 super
343 2703 416 2773 quod
434 2701 617 2764 aedificabant,
630 2702 699 2755 arsit
709 2702 813 2765 fenum,
826 2701 916 2772 clipei
957 2704 1039 2770 fipub'
1045 2704 1143 2771 probat
1152 2705 1266 2770 fornes,
1279 2709 1304 2757 et
1314 2705 1530 2771 boratnesjustos
1541 2705 1655 2756 tentatio
1668 2702 1756 2755 triba·

119 2788 338 2863 permanserunt
349 2791 379 2846 in
389 2791 662 2850 fundamento,sicut
673 2790 742 2844 dicit
750 2791 913 2861 Apostolus:
958 2794 1072 2846 lotionis
1083 2791 1176 2859 (Ereti.
1190 2794 1287 2856 axau).
1296 2791 1330 2845 Et
1345 2792 1565 2862 uniuscujusque
1580 2807 1659 2861 opus,
1671 2790 1755 2861 quale

119 2881 152 2937 Si
165 2884 244 2949 cajus
264 2896 331 2949 opas
344 2884 538 2949 permanserit,
547 2881 695 2934 mercedem
713 2882 835 2948 accipter,
847 2879 917 2933 nihil
957 2880 1003 2945 sit,
1015 2880 1087 2950 ignis
1098 2878 1240 2951 probabit;
1254 2883 1280 2933 si
1289 2884 1368 2949 cujas
1377 2897 1443 2949 opas
1453 2883 1598 2943 ertemarit,
1608 2886 1757 2950 permanat

119 2970 227 3040 perdet,
237 2968 778 3040 quiaquodamarithocrnreniet.Quid
787 2985 853 3038 ergo
862 2968 918 3022 illis
960 2968 1035 3022 onim
1052 2967 1126 3039 quod
1137 2969 1255 3040 quisque
1265 2969 1378 3039 cogitat,
1391 2985 1452 3039 qum
1464 2974 1531 3023 sunt
1541 2968 1602 3034 Dei,
1615 2967 1755 3039 quomodo

119 3056 184 3114 facit
195 3058 268 3128 ignis
277 3058 486 3112 tribulationis?
503 3057 636 3112 Probavit
651 3075 707 3112 eos.
721 3058 750 3112 Si
767 3059 828 3128 ejus
849 3074 918 3129 opus
959 3057 1459 3127 placeatDeo,qeodsuperedificavit
1470 3059 1752 3124 rnercedcmoccipr'rt,

119 3148 316 3218 permanserit,
326 3148 484 3201 mercedem
492 3148 621 3218 accipict;
638 3148 662 3201 si
672 3148 715 3217 cuj
721 3164 753 3200 us
763 3163 833 3217 opus
844 3163 918 3200 arse·
928 3134 950 3194 C
960 3145 989 3200 id
1000 3152 1052 3207 est,
1062 3145 1136 3200 unde
1147 3146 1280 3216 cogitavit
1288 3146 1340 3200 hoc
1350 3153 1452 3201 sumet.
1460 3148 1577 3214 Sicajes
1587 3150 1679 3199 autem
1689 3160 1755 3213 opas

120 3237 376 3301 rit,detrimentum
386 3236 915 3307 patietur.Sicaliudestignenonlaedi,
958 3238 1069 3297 arserit,
1084 3237 1221 3289 ἀαιιιιιυιιι
1235 3239 1369 3304 potietur,
1382 3235 1515 3306 quoniam
1531 3234 1605 3305 quod
1620 3233 1757 3287 dilexerat

118 3325 195 3380 aliud
204 3342 249 3396 ρει
262 3325 356 3395 ignem
365 3325 475 3390 salvari,
484 3330 513 3379 et
523 3326 615 3379 undc'l
626 3333 742 3396 propter
752 3325 917 3379 fundamen·
958 3339 1015 3378 non
1028 3322 1155 3391 habebit3
1165 3327 1321 3391 ipseaatem
1334 3328 1426 3378 soleres
1441 3327 1504 3389 orit,
1517 3323 1583 3393 quia
1598 3322 1675 3376 nulla
1690 3338 1756 3375 eum

117 3419 189 3469 tum.
203 3414 266 3468 Non
276 3414 389 3468 recedat
400 3430 467 3484 ergo
477 3415 512 3468 de
524 3415 607 3468 corde
618 3414 844 3479 fundamentum,
860 3413 916 3467 noli
957 3413 1102 3467 tribulatio
1110 3412 1144 3466 ab
1152 3412 1227 3467 illius
1236 3412 1412 3466 fundamenti
1422 3413 1577 3467 stabilitate
1587 3411 1756 3471 semoribus
1807 3412 1810 3417 '

118 3518 204 3573 supra
216 3502 312 3556 fenum
323 3502 663 3573 ponercfundamentum,
675 3503 727 3556 hoc
738 3508 789 3565 est,
802 3502 860 3557 noli
871 3518 918 3556 an·
960 3508 1053 3556 taraco
1072 3505 1154 3570 quart
1174 3517 1223 3570 per
1239 3504 1342 3569 iprtrnt,
1361 3501 1435 3572 quod
1454 3501 1529 3555 enim
1549 3501 1610 3555 sine
1623 3499 1756 3553 illiciente

117 3596 251 3662 toponere
263 3590 359 3645 fenum
375 3591 726 3656 fundamento,utfcnun1
742 3590 845 3645 habeat
863 3591 918 3662 pri·
959 3606 1054 3644 amore
1069 3606 1125 3644 non
1140 3589 1248 3651 habuit,
1264 3589 1325 3644 sine
1344 3596 1443 3645 urente
1463 3589 1558 3644 dolore
1578 3604 1634 3643 nou
1651 3587 1753 3659 perdit.

70 3664 76 3676 ’
118 3694 197 3735 ιιιιιιιι
211 3681 304 3735 locum
319 3680 349 3734 in
364 3680 446 3734 corde
456 3687 515 3746 tuo,
523 3687 551 3734 et
560 3681 714 3735 secundum
722 3680 860 3745 Christus,
868 3679 917 3733 sed
994 3681 1028 3734 st
1051 3682 1270 3747 lentescapaqae
1290 3696 1357 3747 opus
1375 3683 1456 3747 quoto
1473 3682 1510 3732 stt
1529 3679 1604 3745 lpnft
1621 3677 1755 3745 probabit.

103 3769 141 3840 ‚si
153 3771 215 3841 jam
229 3786 285 3824 non
302 3774 395 3840 potest
407 3768 462 3823 nisi
476 3786 537 3823 esse
552 3768 590 3823 ibi
609 3769 715 3834 fenum,
731 3769 773 3822 vel
792 3768 915 3840 primum
959 3766 1064 3838 (Amb.)
1080 3767 1153 3832 Quia
1167 3767 1243 3820 enim
1259 3767 1416 3838 perignem
1431 3765 1601 3821 examinatio
1615 3765 1673 3829 liet,
1688 3764 1712 3818 si
1728 3764 1756 3818 iu

117 3859 210 3913 locum
224 3859 262 3913 ibi
279 3859 381 3914 habeat
396 3859 534 3921 Christus,
551 3864 580 3913 et
594 3859 691 3913 fenum
705 3858 870 3912 secundum.
958 3857 1050 3928 aliquo
1065 3873 1120 3910 non
1137 3856 1277 3910 invenerit
1290 3857 1364 3927 quod
1379 3863 1485 3921 exurat,
1501 3854 1663 3909 manifestat
1677 3853 1756 3907 illum

156 3949 375 4016 Urtiuscujusqae
388 3964 454 4016 opus
469 3951 649 4015 marttsrstum
665 3948 787 4011 crlt‚dros
804 3948 918 4000 bantini
957 3945 1062 4000 bonum
1078 3946 1164 4000 fuisse
1177 3946 1329 4000 doctorem.
1342 3944 1416 3999 Mala
1431 3944 1506 3999 ειιίιιι
1522 3951 1551 3999 ει
1566 3944 1695 3997 adultera
1710 3941 1757 3995 do

117 4036 276 4098 declarabit,
296 4039 363 4103 qaia
378 4040 410 4089 in
426 4040 489 4103 ipae
504 4037 633 4090 revelabit
648 4052 680 4089 ·r.
697 4036 756 4089 Hoc
779 4042 822 4089 est
834 4036 917 4089 'mala
957 4035 1048 4089 ctrina
1062 4035 1164 4089 idcirco
1178 4036 1206 4089 in
1222 4034 1297 4103 ligno
1314 4040 1343 4087 et
1355 4035 1385 4087 in
1404 4034 1467 4087 feno
1486 4039 1515 4087 et
1532 4033 1562 4086 in
1581 4031 1684 4102 stipula
1702 4031 1757 4100 sig·

118 4125 246 4178 doctrina
269 4124 298 4176 ln
325 4125 389 4193 igne
412 4123 543 4177 omnibus
566 4123 720 4193 apparebit,
742 4138 817 4177 nuuc
840 4124 916 4177 enim
958 4125 1071 4178 nillcata
1085 4129 1137 4185 cst,
1152 4129 1184 4178 ut
1198 4122 1394 4177 ostenderetur
1408 4122 1481 4192 ignis
1496 4138 1557 4176 esse
1572 4137 1643 4174 esca.
1662 4120 1755 4187 (lup.)

119 4212 255 4283 quosdam
269 4212 342 4265 fallit
358 4229 363 4263 :
379 4211 449 4264 nihil
463 4211 492 4266 in
508 4211 625 4266 redillcio
637 4211 809 4282 praeponitur
818 4211 917 4265 funda·
958 4213 1024 4267 Tale
1039 4211 1144 4283 aliquid
1159 4211 1244 4265 etiam
1259 4215 1322 4281 post
1335 4212 1407 4265 hanc
1420 4211 1506 4265 vitam
1521 4210 1581 4264 fieri
1595 4206 1755 4263 incredibile

119 4306 223 4355 mento.
236 4300 369 4371 Quisquis
381 4301 475 4370 itaque
485 4299 524 4355 sic
535 4299 620 4354 habet
628 4300 656 4354 in
667 4300 750 4354 corde
759 4300 913 4367 Christum,
924 4313 948 4373 1)
959 4318 1014 4355 non
1028 4306 1079 4362 cst,
1096 4308 1125 4354 et
1137 4307 1233 4354 utrum
1248 4300 1288 4353 ita
1303 4300 1341 4354 sit
1361 4300 1447 4371 quari
1467 4305 1559 4370 potest
1575 4317 1581 4351 ε
1599 4303 1628 4351 ει
1645 4302 1696 4350 aut
1714 4296 1757 4349 in·

119 4396 153 4445 ut
164 4391 191 4445 ei
205 4396 319 4444 terrena
333 4395 360 4444 et
375 4389 551 4459 temporalia,
569 4406 620 4444 nec
635 4406 669 4443 ea
683 4406 744 4460 quas
759 4389 835 4442 licita
848 4396 914 4443 sunt
955 4389 1054 4455 veniri,
1064 4395 1114 4443 aut
1123 4391 1220 4452 latere,
1232 4390 1381 4444 nonnullos
1392 4390 1488 4443 fideles
1497 4387 1648 4459 perignem
1660 4400 1756 4455 quem·

119 4484 203 4550 atque
218 4495 357 4544 concessa,
373 4495 428 4532 non
444 4486 595 4551 praeponat,
607 4479 822 4533 fundamentum
832 4478 916 4533 habet
956 4481 1023 4533 dam
1038 4478 1241 4550 purgatorium,
1253 4486 1359 4549 quanto
1373 4478 1463 4548 inagis
1473 4477 1601 4531 minusve
1611 4475 1684 4528 bona
1695 4489 1757 4543 per·

119 4569 278 4634 Christum,
295 4567 339 4622 sin
357 4575 452 4622 autem
476 4569 621 4640 praeponit,
638 4569 691 4622 etsi
715 4568 843 4622 videatur
868 4568 915 4623 ha·
958 4568 1055 4622 euntia
1067 4567 1234 4633 dilexerunt,
1251 4574 1330 4623 tanto
1349 4567 1456 4622 budius
1476 4566 1615 4636 citiusque
1629 4561 1731 4617 salvari
1749 4580 1753 4613 :

119 4656 916 4722 berelidemChristi,nonesttamenineofundamentum
958 4654 1756 4728 nontamentales,dequalibusdictumast,qaodrepaum

120 4744 259 4807 Christus,
268 4744 314 4799 cui
325 4745 394 4799 talia
403 4753 613 4816 praeponuntur,
622 4752 728 4817 quanto
739 4745 829 4814 magis
840 4745 863 4798 si
874 4763 918 4799 sa·
958 4749 1008 4802 Dei
1022 4762 1078 4799 non
1088 4747 1272 4814 postr'rtebunt,
1283 4744 1337 4800 nisi
1348 4745 1547 4800 convenienter
1556 4738 1758 4813 penitentibus

121 4834 224 4890 lutaris
233 4839 370 4906 precepta
381 4840 571 4898 contemnens,
580 4835 739 4890 committat
748 4834 917 4897 illicita,non
960 4834 1058 4889 eadem
1082 4833 1201 4889 crimina
1224 4834 1415 4890 remittantur.
1433 4834 1658 4888 Frendomeatum
1681 4829 1758 4882 caim

18 4940 27 4953 ¹
121 4923 305 4996 praeposuisse
314 4922 915 4995 Christum,sedpostposuisseconrincitur.
959 4924 1040 4979 atiud
1055 4929 1227 4992 acmopotest
1240 4941 1338 4992 ponere
1350 4922 1575 4993 preterr'ctquod
1588 4921 1709 4988 positum
1721 4921 1758 4970 est

122 5012 153 5068 si
167 5011 230 5084 quis
237 5011 332 5083 itaque
342 5011 519 5066 Christianus
532 5013 625 5081 diligit
634 5012 819 5078 meretricem,
835 5012 917 5083 cique
959 5013 1086 5068 Christus
1100 5015 1185 5066 Jecur.
1201 5013 1308 5081 (Creg.)
1320 5011 1453 5083 Nunquid
1468 5010 1554 5064 etiam
1569 5006 1623 5080 ipsi
1638 5001 1758 5075 apostoli

121 5102 267 5157 adherere
277 5117 366 5156 unum
376 5118 478 5171 corpus
489 5101 618 5167 eflicitur,
625 5103 684 5172 jam
696 5102 724 5156 in
736 5101 918 5155 fundamento
958 5118 1009 5172 per
1023 5102 1116 5172 ignem
1125 5101 1328 5173 probabuntur,
1341 5102 1388 5172 qui
1401 5116 1455 5154 non
1467 5095 1614 5168 judicandi
1625 5093 1675 5149 sed
1683 5091 1759 5164 iudi·

123 5206 180 5246 non
194 5188 279 5245 habet
293 5190 446 5245 Christum.
461 5190 561 5261 Siquis
576 5195 672 5244 autem
690 5191 783 5261 diligit
801 5206 916 5245 uxorem
959 5190 1048 5244 caturi
1058 5189 1239 5244 duodedecim
1250 5190 1340 5245 tilbus
1351 5189 1436 5244 Israel
1450 5185 1600 5241 dicuntur?
1611 5181 1757 5237 autetiam

123 5296 213 5346 suam,
223 5281 248 5334 si
256 5279 411 5335 secuudum
421 5279 575 5345 Christum,
589 5280 652 5350 quis
665 5280 692 5333 ei
702 5279 812 5334 dubitet
819 5280 847 5333 in
857 5280 919 5333 fun·
959 5278 1022 5333 illos
1034 5278 1107 5350 ignis
1115 5279 1314 5349 probahitcum
1323 5276 1677 5349 quibussoipsumsanctus
1688 5271 1758 5324 Pau·

122 5371 256 5426 demente
269 5385 330 5424 esse
338 5367 502 5423 Christum?
512 5369 542 5424 Si
556 5382 621 5422 vero
631 5369 789 5422 secundum
806 5369 858 5423 hoc
869 5386 919 5424 sac·
958 5368 1003 5423 lus
1016 5368 1175 5423 numeravit
1187 5368 1282 5423 dicens
1298 5369 1369 5423 :Nos
1381 5372 1475 5421 cartem
1489 5368 1539 5435 qai
1553 5361 1755 5429 relinquimur.

123 5461 228 5526 culum
244 5458 269 5513 sl
288 5457 448 5523 carnaliter,
463 5457 487 5512 si
512 5457 541 5512 in
565 5457 662 5512 morbo
682 5458 919 5529 concupiscentia·
958 5459 1044 5512 stram
1058 5474 1121 5512 crem
1135 5459 1345 5526 ittisrcpiemar
1357 5461 1389 5510 ia
1399 5456 1518 5509 nubibas
1525 5450 1757 5507 obviambomiao

124 5549 280 5607 rumdam
291 5552 322 5604 et
332 5550 430 5620 genms
445 5562 507 5619 quse
520 5547 653 5619 ignorant
662 5547 763 5613 Deum,
773 5547 919 5604 etiarnhoc
959 5549 1107 5614 testreet
1116 5542 1603 5613 rtcrempsrcumbomiaoerimarll
1619 5538 1694 5593 l'bsa
1707 5548 1755 5603 ιι).
