3772 6120
120 281 172 340 305
354 292 644 350 ENARRA'I'IONUM
662 295 702 349 ΙΝ
721 295 797 350 ΕΡΡ.
819 296 925 352 PAULI
945 299 1012 353 LlB.
1034 298 1181 353 XV.—lN
1201 300 1312 355 EPIST.
1333 301 1382 356 AD
1402 300 1530 359 omar.
1716 304 1769 360 ³06

116 414 239 479 justitia,
256 429 324 482 crgo
345 415 471 470 Christus
486 420 575 484 pratis
591 423 718 471 mortuus
740 424 777 472 cst
792 421 865 488 (Gai.
884 424 922 490 n).
935 423 1012 484 Anis
1027 423 1157 478 adferret.
1175 425 1308 481 Necvero
1323 428 1520 484 aestimandum
1531 429 1769 504 Scripturam,au-

121 507 181 560 Noa
188 521 258 575 ergo
265 505 313 559 lex
327 505 395 559 data
411 511 463 570 est,
475 511 508 559 ut
523 512 667 576 peccatum
681 507 813 567 auferret,
831 510 878 562 sed
894 516 926 564 ut
967 517 1073 567 ctorem
1088 530 1149 566 osse
1164 517 1279 584 peccati,
1288 517 1355 586 quia
1365 518 1459 572 omnia
1472 518 1524 572 sub
1534 527 1648 591 peccato
1657 522 1769 579 conclu-

119 597 168 651 sub
183 601 303 668 peccato
323 595 420 648 onmia
428 596 605 649 concluderet
622 616 627 649 :
646 597 689 649 lex
703 597 778 650 enini
794 599 924 653 ostonde·
966 600 1035 654 sisse
1049 601 1167 668 dicatur,
1183 605 1425 660 commandatum
1441 608 1555 678 quodex
1568 611 1634 680 jure
1643 611 1770 685 praecipi·

119 686 165 741 bat
178 702 242 739 esse
254 694 414 756 peccatum,
427 685 501 755 quod
511 685 552 738 illi
567 702 617 756 per
626 686 859 741 consuetudinem
870 705 924 743 cae·
965 694 1022 754 tur,
1034 692 1164 745 ostendat
1177 692 1270 764 potius
1286 700 1442 766 arguatque
1461 702 1617 767 peccatum,
1632 701 1769 770 quamsit

119 777 182 839 cati,
207 782 327 847 possent
341 780 441 845 putare
457 774 606 844 justitiam,
621 780 652 828 ut
676 775 728 829 hoc
738 777 820 830 modo
831 777 924 831 bumi-
965 794 1050 832 causa
1065 781 1172 850 peccati
1188 800 1194 847 ;
1221 784 1361 853 quomodo
1377 788 1406 837 et
1430 785 1520 839 ludex
1534 802 1590 841 non
1606 792 1650 842 est
1670 795 1768 845 auctor

119 866 175 920 listi
190 869 408 935 cognoscerent,
425 880 481 918 non
496 865 524 918 in
549 880 600 919 sua
623 881 709 919 manu
733 866 924 920 esscsalutem
964 869 1075 922 sceleris
1090 886 1212 941 nequam
1237 871 1363 927 homines
1383 873 1551 929 vinciendo:
1582 875 1631 930 sed
1653 878 1767 933 conclu·

120 971 207 1019 suam,
220 954 272 1007 sed
288 954 318 1007 in
328 970 415 1008 manu
429 953 743 1020 mediatoris;1naxinre
755 956 858 1027 quippe
870 956 923 1010 hu·
964 955 1005 1009 dit
1029 973 1086 1022 eos,
1118 963 1147 1012 et
1187 966 1320 1014 nocentes
1344 962 1489 1016 sententian
1513 979 1570 1019 suae
1597 966 1768 1022 auctoritate

120 1044 224 1098 militas
241 1050 367 1108 revocat,
385 1042 464 1121 unde¹
475 1059 526 1097 nos
540 1044 642 1113 dejecit
655 1044 804 1116 superbia:
826 1045 925 1116 etipsa
965 1046 1138 1116 pronuntiat,
1151 1053 1183 1101 ut
1198 1048 1306 1103 debitos
1324 1065 1413 1120 prenae
1429 1050 1607 1122 indulgentia
1623 1059 1722 1125 postea
1741 1056 1767 1110 si

120 1133 267 1188 humilitas
277 1133 924 1204 estaccommodatapercipiendagratiaChri-
966 1135 1086 1189 voluerit
1099 1136 1261 1208 principalis
1286 1137 1421 1193 absolvat.
1438 1139 1533 1210 (Auo.)
1557 1141 1595 1196 Ut
1620 1143 1767 1199 enimtam

121 1224 163 1288 sti,
186 1222 237 1294 qui
261 1222 408 1292 singulare
432 1222 599 1276 humilitatis
624 1224 782 1294 exeinplunr
798 1230 849 1277 est.
868 1225 925 1279 Nec
967 1240 1052 1295 prope
1067 1225 1269 1291 invenirentur,
1288 1231 1390 1281 ettam
1408 1228 1442 1282 de
1462 1230 1588 1299 proximo
1607 1231 1643 1286 ad
1662 1232 1764 1300 neum,

122 1312 272 1384 quisquam
291 1311 411 1364 biotam
436 1310 565 1382 imperite
582 1312 692 1378 dixerit,
718 1313 775 1366 Cur
786 1330 853 1383 ergo
869 1331 923 1368 non
966 1313 1085 1367 venditis
1099 1314 1156 1368 suis
1171 1315 1254 1369 rebus
1283 1317 1458 1383 accederent,
1480 1318 1554 1389 quod
1574 1320 1711 1376 Dominus
1724 1322 1766 1377 eis

123 1401 225 1473 profuit
234 1402 249 1454 J
253 1400 342 1454 udaeis
360 1401 434 1471 quod
444 1417 494 1470 per
508 1401 622 1471 angelos
633 1401 722 1471 legem
733 1402 925 1457 narristrantes
965 1403 1091 1473 praecipit
1110 1403 1157 1473 qui
1177 1404 1280 1458 vellent
1295 1422 1356 1459 esse
1374 1405 1498 1476 perfecti,
1510 1408 1573 1478 lege
1586 1408 1648 1480 ipsa
1658 1409 1766 1466 factum

123 1492 146 1543 in
173 1506 266 1544 manu
283 1490 448 1543 mediatoris
464 1489 589 1560 dispositi
604 1489 698 1543 sunt?
726 1491 835 1545 Profuit
848 1492 924 1546 enim
965 1497 1016 1558 est,
1027 1490 1079 1545 sub
1089 1509 1145 1562 qua
1160 1492 1392 1550 custodiebantur
1406 1495 1530 1550 conclusi
1543 1497 1573 1551 in
1586 1513 1650 1552 eam
1667 1498 1764 1568 fldem,

123 1586 259 1650 quantum
276 1579 332 1632 dici
352 1595 409 1633 non
429 1583 543 1649 potest:
570 1596 632 1650 quai
649 1579 724 1633 enim
734 1580 860 1649 gentium
875 1581 924 1635 Ec·
965 1579 992 1633 id
1008 1586 1060 1645 ost,
1072 1581 1100 1633 in
1110 1581 1261 1636 adventum
1277 1584 1338 1654 eius
1349 1583 1424 1647 fidei,
1441 1601 1503 1655 quar
1522 1591 1621 1656 postea
1642 1587 1768 1645 revelata

123 1670 209 1722 clesiae
227 1668 409 1721 venditarum
438 1684 532 1721 rerum
544 1685 660 1722 suarum
680 1669 771 1739 pretia
789 1670 824 1723 ad
839 1669 924 1740 pedes
964 1673 1016 1721 est.
1032 1669 1180 1722 Conclusio
1201 1670 1277 1723 enim
1296 1676 1430 1725 crottum
1446 1673 1532 1727 timor
1555 1674 1639 1729 unius
1659 1674 1721 1743 Dei,
1736 1681 1767 1732 et

123 1758 313 1828 apostolorum
330 1756 502 1827 posuerunt?
522 1758 596 1827 quod
613 1763 656 1811 tot
673 1758 761 1812 millia
777 1747 953 1815 hominumss
964 1757 1037 1828 quod
1054 1757 1281 1828 praevaricatores
1296 1760 1383 1830 ipsius
1398 1761 1468 1830 legis
1486 1761 1593 1817 inventi
1610 1770 1686 1831 suat,
1706 1780 1764 1820 non

123 1856 176 1902 tam
191 1852 313 1918 repente
327 1846 464 1910 fecerunt,
476 1863 526 1900 nec
542 1845 631 1900 turbae
655 1847 811 1901 infidelium
835 1849 924 1902 coasi-
964 1846 1000 1899 ad
1012 1847 1175 1917 perniciem,
1191 1848 1240 1901 sed
1262 1848 1297 1901 ad
1319 1849 1469 1903 utilitatem
1486 1851 1575 1905 valuit
1587 1853 1627 1907 eis
1642 1853 1690 1924 qui
1702 1869 1765 1909 cre·

124 1936 252 1990 derandae
280 1943 357 2001 sunt,
388 1935 480 1989 omnis
502 1935 577 1989 enirn
591 1952 658 1989 area
679 1936 774 1990 multis
796 1936 923 2007 partibus
963 1934 1105 1988 diderunt.
1124 1936 1252 2005 Cognitio
1268 1936 1343 1991 enim
1355 1938 1472 2008 majoris
1480 1939 1664 2008 aegritudinis,
1681 1941 1764 1998 etde·

124 2027 287 2098 ampliorem
298 2024 384 2079 babet
394 2025 538 2095 palearum
554 2032 673 2096 partem,
683 2042 767 2096 quam
776 2026 920 2081 frumenti.
963 2024 1081 2077 siderari
1095 2024 1236 2079 medicum
1259 2025 1452 2080 vehementius
1475 2026 1548 2093 fecit,
1572 2034 1601 2083 et
1623 2029 1702 2101 diligi
1717 2046 1764 2085 ar·

124 2115 197 2170 Unde
217 2115 307 2168 etiam
323 2121 419 2168 autem
435 2115 484 2168 illa
498 2115 626 2185 ejusdem
651 2114 778 2185 Apostoli
794 2115 876 2169 verba
886 2116 921 2170 ad
963 2113 1093 2167 dontius:
1125 2114 1178 2169 Gai
1202 2117 1276 2168 enim
1291 2117 1357 2182 plus
1381 2117 1547 2171 dimittitur.
1574 2121 1640 2186 plus
1668 2121 1763 2188 ditipit

124 2205 273 2270 Romanos,
289 2204 343 2257 nisi
359 2203 394 2257 de
414 2202 635 2257 sanctificatione
646 2204 825 2257 Judaeorum:
851 2206 922 2272 Quid
964 2202 1038 2266 (Lice.
1053 2204 1110 2269 vn).

124 2299 199 2362 erpo?
214 2294 354 2361 tl'unqnid
379 2295 482 2360 repulit
497 2294 568 2346 Dens
581 2294 684 2361 piebem
700 2309 781 2346 suom
796 2299 808 2346 Ρ
831 2293 919 2349 Absit.
999 2292 1093 2359 ltaque
1107 2295 1150 2345 lec
1163 2293 1323 2360 pedagogus
1337 2298 1428 2347 man
1443 2299 1502 2348 erat
1517 2297 1549 2348 in
1559 2295 1668 2351 Christo
1685 2298 1761 2366 lesa,

125 2384 246 2450 l'omepo
263 2383 392 2436 lsraciita
405 2385 617 2435 sarneascminc
630 2381 780 2446 Abrabam,
799 2384 830 2435 de
845 2384 919 2436 tribu
966 2385 1035 2433 ritca
1050 2382 1303 2449 fidcjastificcmur.
1323 2380 1763 2457 (Ambulldemsensusestquia

124 2474 279 2541 Beniamin.
290 2472 353 2525 ll'on
367 2473 471 2538 reputit
484 2472 552 2524 llcns
564 2471 753 2538 plebanatum
761 2486 921 2539 quamprae-
963 2467 1014 2521 sub
1027 2484 1095 2522 cura
1104 2469 1173 2539 legis
1193 2486 1315 2535 emmae,
1331 2470 1419 2526 donec
1431 2471 1540 2526 veniret
1558 2471 1697 2541 Christus,
1713 2474 1762 2546 qui

124 2564 198 2614 scirit
214 2561 305 2629 (Rern.
333 2561 380 2624 xil.
411 2560 481 2612 Cum
492 2565 587 2612 autem
602 2559 731 2613 laudaret
741 2577 798 2629 pree
813 2559 921 2613 caeteris
963 2572 1014 2610 nos
1025 2558 1168 2612 credentes
1181 2559 1360 2629 justificaret.
1375 2561 1545 2615 diubioeait
1559 2563 1762 2631 fidcsjamnon

123 2649 387 2718 Ecclesiisgentium
399 2648 549 2702 Ecclesiam
563 2648 865 2713 Thessalonicensium,
882 2647 921 2702 si·
961 2662 1058 2700 nanas
1071 2649 1121 2700 sab
1134 2649 1286 2716 padagogo.
1310 2649 1406 2704 Omnes
1420 2653 1495 2703 enim
1510 2652 1567 2717 filii
1582 2652 1700 2706 Dcicstis
1712 2667 1762 2722 per

122 2740 197 2793 niles
211 2756 262 2793 eos
276 2738 365 2792 factos
380 2738 447 2791 dicit
461 2737 704 2797 Ecclesiisludseao,
722 2738 788 2808 quia
802 2738 890 2791 multa
904 2755 921 2792 a
961 2737 1040 2802 sidera
1053 2739 1083 2790 ia
1098 2737 1204 2792 Carino
1217 2739 1291 2791 lesa.
1309 2736 1366 2791 Sub
1383 2738 1534 2809 paedagogo
1553 2738 1601 2810 qui
1614 2739 1764 2812 agit,pote·

120 2827 323 2883 conuibulibus
333 2827 391 2881 suis
402 2843 453 2897 pro
468 2827 522 2880 fide
538 2827 611 2897 passi
630 2833 720 2893 erant,
738 2828 877 2897 quomodo
892 2833 920 2881 et
961 2824 1042 2877 statis
1057 2842 1114 2879 suae
1129 2832 1247 2879 nonest.
1276 2826 1414 2881 Parvulas
1437 2827 1513 2881 enim
1537 2834 1566 2882 et
1590 2826 1763 2885 lubricusad

122 2918 157 2973 illi
171 2919 313 2973 eludatis.
329 2918 402 2971 Hinc
412 2921 456 2969 est
470 2922 499 2970 et
508 2916 575 2969 illud
587 2916 661 2986 quod
672 2917 756 2988 paulo
771 2922 836 2970 ante
847 2933 920 2971 com·
960 2914 1141 2984 peccandum,
1152 2914 1204 2968 sub
1223 2915 1368 2985 pedagogi
1390 2932 1459 2970 cura
1479 2915 1607 2971 babetur.
1623 2917 1761 2974 Veniente

121 3007 282 3073 memoravi,
295 3006 370 3077 quod
382 3006 422 3059 ait
431 3006 466 3059 ad
482 3006 644 3060 Romanos:
672 3006 703 3061 Si
717 3009 919 3074 cairaspirita-
960 3010 1055 3057 autem
1066 3003 1187 3071 Christo,
1201 3004 1248 3074 qui
1262 3005 1342 3076 quasi
1360 3004 1395 3059 de
1409 3005 1564 3060 minoribus
1587 3005 1760 3079 facitmajo-

121 3098 189 3150 libas
199 3113 299 3151 coram
323 3099 599 3149 cornmuaicarcrunt
623 3100 723 3163 pentes,
743 3095 837 3148 debent
848 3101 872 3148 ct
887 3099 920 3150 in
930 3069 1015 3153 Cres,
1032 3091 1142 3146 liberati
1154 3093 1188 3146 de
1199 3098 1337 3165 potestate
1357 3094 1512 3165 paedagogi,
1525 3110 1576 3166 per
1585 3093 1761 3151 ablutionem

121 3187 283 3239 carnalitas
297 3188 463 3238 ministrare
471 3189 508 3238 cis
522 3184 609 3255 (Bona
627 3185 683 3247 xvi.
960 3186 1139 3252 peccatorum
1153 3180 1218 3235 facti
1232 3198 1329 3236 sumus
1343 3182 1393 3236 filii
1403 3182 1463 3247 Dei,
1472 3199 1537 3237 cum
1551 3200 1677 3239 essemus
1687 3184 1760 3239 servi
1805 3194 1808 3199 ’

152 3277 413 3342 Priuscnimqaom
425 3275 920 3341 uerrirctfidcs,sablcpccustoclicboa·
960 3270 1076 3341 peccati.
1094 3272 1229 3340 (Hieron.)
1253 3270 1427 3341 paedagogus
1450 3271 1573 3342 parvulis
1588 3272 1759 3343 assignatur,

121 3371 174 3419 iar.
203 3367 331 3418 conclusi
354 3379 386 3417 in
413 3380 473 3417 cant
497 3365 576 3430 fldem
599 3379 658 3431 qna
677 3365 823 3417 revelanda
848 3369 916 3417 crat.
961 3365 993 3413 ut
1023 3359 1169 3413 lasciviens
1197 3359 1355 3414 refrenetur
1382 3363 1459 3425 aetas,
1480 3365 1509 3414 et
1527 3376 1617 3432 prona
1642 3360 1673 3417 in
1692 3360 1761 3417 vitia

119 3454 174 3508 lloc
188 3464 233 3507 est
248 3452 324 3524 quod
336 3452 412 3514 dicit,
426 3453 493 3523 quia
502 3458 653 3523 antequam
664 3451 773 3506 veniret
780 3452 915 3519 Salvator,
959 3448 1043 3502 corda
1057 3454 1216 3511 teneantur,
1232 3447 1299 3503 dum
1307 3454 1406 3503 tenera
1414 3449 1515 3504 studiis
1525 3450 1653 3505 eruditur
1666 3449 1760 3506 infan-

118 3542 166 3598 sub
189 3543 264 3614 legis
294 3542 424 3596 custodia
446 3541 598 3609 agebamus
627 3558 662 3595 ne
681 3558 869 3613 peccaremus,
886 3547 918 3595 ut
958 3537 1010 3591 tia:
1027 3538 1414 3609 etadmajoresphilosopbiae
1425 3538 1591 3608 acregendae
1600 3538 1760 3610 reipublicae

117 3633 238 3687 venienti
253 3630 441 3703 promissione
456 3631 533 3701 digni
543 3648 678 3684 essemus.
699 3632 758 3684 llac
784 3631 858 3685 enim
867 3646 917 3701 spe
958 3626 1118 3697 disciplinas
1141 3632 1219 3680 metu
1234 3642 1322 3696 poenvo
1346 3628 1468 3681 coercita
1496 3631 1680 3699 praeparetur.
1695 3628 1760 3683 Non

117 3721 155 3776 lex
170 3728 251 3776 tutos
262 3719 416 3792 prestabat
430 3736 489 3786 noa,
507 3726 538 3774 ut
548 3720 671 3774 venienti
686 3720 917 3774 Christoofferret
957 3722 1052 3770 tamen
1068 3715 1237 3785 paedagogus
1251 3715 1388 3784 magister
1401 3721 1430 3769 et
1440 3720 1520 3787 pater
1533 3721 1585 3782 est,
1602 3732 1654 3770 nec
1672 3716 1760 3771 haere-

118 3829 173 3878 nos,
186 3811 216 3866 id
226 3816 273 3864 est
287 3811 409 3864 ludaeos.
428 3811 563 3879 (Hieron.)
582 3810 660 3864 Sicut
676 3810 814 3863 mediator
823 3810 874 3863 Dei
888 3814 916 3862 et
957 3804 1074 3859 ditatem
1085 3811 1113 3858 et
1126 3803 1272 3857 scientiam
1285 3803 1440 3873 paedagogi,
1459 3803 1542 3874 isqui
1557 3803 1695 3869 eruditur,
1710 3819 1758 3858 ex·

117 3901 275 3967 bominum,
292 3900 368 3953 inter
382 3899 495 3953 dantem
510 3904 539 3953 et
547 3899 730 3970 accipientem
746 3899 845 3969 legem,
861 3914 917 3952 me·
958 3898 1066 3965 spectat
1083 3910 1088 3945 :
1106 3894 1156 3946 sed
1168 3892 1292 3946 alienum
1301 3891 1425 3946 custodit
1434 3891 1524 3946 fllium
1535 3891 1714 3963 pedagogus,
1724 3891 1759 3946 ab

117 3990 176 4045 dius
194 3990 272 4057 fuit3
302 3989 342 4042 sic
365 3990 408 4042 lex
426 3989 488 4059 ipsa
510 4006 571 4059 cquae
586 3994 649 4061 post
672 3989 917 4059 repromissionem
939 3995 942 4001 '
958 3999 1000 4050 eo,
1013 3990 1161 4054 postquam
1171 3982 1218 4035 ille
1239 3980 1443 4051 adlegitimum
1457 3980 1598 4053 capiendae
1609 3979 1758 4036 haredita-

117 4080 180 4134 data
198 4084 254 4141 est,
283 4080 360 4132 inter
382 4078 627 4149 repromissionem
652 4084 679 4132 et
703 4077 916 4148 completionem
957 4072 993 4126 tis
1005 4077 1117 4143 tempus
1130 4071 1275 4125 advenerit
1293 4087 1464 4125 recessurus.
1477 4071 1604 4142 Denique
1619 4075 1759 4125 etnomen

118 4171 176 4240 ejus
189 4168 289 4224 media
313 4167 463 4237 subrepsit,
484 4184 545 4237 qum
566 4183 621 4220 non
636 4166 739 4220 idcirco
754 4165 917 4221 arbitranda
958 4165 1101 4237 pedagogi
1117 4165 1270 4236 hocipsum
1284 4171 1376 4232 sonat,
1384 4172 1413 4220 et
1423 4171 1466 4221 est
1473 4163 1760 4236 compositumne

119 4267 157 4314 cst
183 4257 405 4331 promissionem
434 4256 589 4315 excludere.
615 4255 681 4326 quia
708 4255 916 4326 postcasubse-
958 4247 1759 4326 etiqu,quodpuerosagat,idest,ducat;itaqueetMoysi

118 4356 180 4403 cota
200 4364 276 4404 earn.
303 4363 365 4418 quic
387 4345 466 4417 prius
489 4345 552 4405 fuit,
575 4345 684 4398 videtur
709 4343 843 4409 abolere3
868 4342 915 4396 sed
959 4343 1011 4407 lex,
1028 4343 1131 4414 populo
1147 4343 1301 4397 lascivienti
1312 4342 1348 4396 ad
1362 4341 1601 4414 instarpaedagogi
1612 4341 1760 4396 severioris

119 4456 149 4492 ex
162 4456 197 4493 eo
220 4437 299 4509 quod
325 4453 382 4490 non
398 4436 491 4506 potuit
504 4435 651 4495 vivificare,
673 4450 724 4487 nec
740 4432 768 4485 id
792 4431 917 4486 tribuere
958 4432 1086 4502 apposita
1096 4437 1148 4499 est,
1164 4438 1196 4485 ut
1210 4431 1365 4486 custodiret
1380 4447 1437 4495 eos,
1450 4436 1478 4484 et
1494 4428 1596 4484 futurae
1606 4428 1671 4483 fidei
1686 4444 1758 4500 prae·

119 4528 191 4600 quod
213 4525 398 4598 repromissio
414 4524 505 4594 prima
527 4523 650 4595 pollicita
669 4527 720 4588 est,
739 4521 918 4575 manifestum
958 4526 1086 4592 pararet,
1099 4538 1160 4592 quae
1174 4526 1325 4592 postquam
1339 4519 1416 4573 venit
1425 4523 1454 4571 et
1466 4517 1671 4571 credidimusia
1679 4517 1759 4572 Chri·

120 4626 159 4672 est
173 4618 204 4673 in
221 4615 383 4671 custodiam
408 4630 470 4669 eam
488 4612 721 4685 repromissionis,
737 4628 793 4664 non
808 4611 836 4665 in
851 4611 918 4664 sub·
959 4615 1045 4674 stum,
1057 4611 1182 4681 jamnon
1196 4626 1294 4663 sumus
1308 4607 1361 4662 sub
1375 4605 1536 4677 padagogo,
1550 4610 1629 4660 tutor
1644 4604 1758 4661 anobis

121 4706 276 4763 versionem
291 4705 399 4759 datam
417 4704 446 4758 Si
461 4703 536 4756 enim
552 4703 618 4756 data
632 4703 676 4755 lex
690 4706 765 4754 osset
778 4717 839 4770 qua·
853 4717 917 4771 pos·
959 4705 1127 4768 curatorque
1143 4698 1300 4763 discedunt,
1321 4701 1351 4749 et
1371 4693 1529 4766 legitimum
1543 4693 1758 4766 atatistempus

119 4805 159 4853 set
172 4776 312 4870 praestare
336 4795 478 4855 vitamet
500 4792 528 4845 id
556 4791 630 4862 quod
654 4789 833 4860 repromissio
852 4805 918 4859 spo·
960 4789 1100 4853 ineuntes,
1115 4803 1180 4840 vore
1193 4785 1312 4840 DeiFilii
1327 4784 1626 4851 nominamur,cuinos
1639 4790 1759 4856 generat

121 4889 256 4960 ponderat
270 4884 413 4947 exhibere,
425 4899 489 4936 vere
504 4880 651 4952 promissio
670 4896 720 4949 per
733 4880 823 4948 legem
834 4882 917 4947 puta·
959 4892 1015 4932 non
1031 4875 1073 4929 lex
1089 4875 1202 4941 abolita,
1214 4874 1264 4928 sed
1274 4880 1365 4928 mater
1378 4874 1457 4941 fides,
1474 4891 1536 4946 quae
1550 4879 1594 4928 est
1607 4873 1636 4929 in
1643 4874 1756 4930 Christo

120 4985 193 5034 retur
203 4976 333 5032 exclusa.
350 4973 432 5027 Nunc
442 4975 536 5024 autem
548 4975 662 5039 propter
670 4965 915 5037 transgressiones,
958 4965 1033 5019 Jesu.
1052 4963 1144 5033 itaq.)
1168 4963 1222 5027 Qui
1240 4964 1368 5035 sequitur
1383 4963 1506 5018 litteram
1526 4963 1665 5018 translata
1672 4961 1758 5018 verbe

120 5064 379 5140 utsupradiximus,
388 5061 490 5133 posita,
500 5057 916 5127 magiseosarguitpeccatores,
959 5053 1031 5107 sicut
1045 5054 1158 5124 propria
1167 5058 1253 5119 tenet,
1266 5068 1358 5124 neque
1372 5052 1443 5108 illud
1456 5052 1530 5122 quod
1549 5051 1662 5122 proprio
1672 5048 1755 5106 verbo

119 5158 215 5231 quibus
230 5160 298 5228 post
308 5149 555 5223 repromissionem
569 5149 597 5200 in
607 5146 819 5211 custodianr,et,
837 5149 869 5198 ut
878 5145 919 5197 ita
958 5142 1133 5213 significatur
1159 5142 1245 5196 refert
1259 5142 1294 5196 ad
1317 5141 1401 5196 aliam
1428 5138 1686 5211 significationem:
1705 5139 1755 5194 sed

118 5248 214 5303 dicam
231 5246 262 5299 in
279 5257 424 5297 carcerem
443 5239 509 5292 data
528 5241 579 5301 ost,
603 5241 636 5289 ut
650 5234 716 5304 quia
736 5251 786 5304 por
809 5232 918 5287 arbitrii
959 5231 982 5285 si
1007 5229 1154 5284 sabbatum
1171 5231 1302 5293 audierit,
1326 5230 1403 5285 verbi
1425 5229 1527 5300 gratia,
1549 5243 1606 5282 non
1619 5226 1754 5298 intelligit

119 5336 286 5393 liltertatem,
310 5331 460 5386 noluerant
488 5327 651 5380 innocentes
679 5328 837 5393 exspectare
852 5338 918 5391 pro·
959 5320 1013 5374 nisi
1029 5336 1118 5373 unum
1132 5320 1206 5374 diem
1221 5320 1256 5375 de
1270 5325 1387 5392 septem,
1400 5317 1447 5388 qui
1462 5316 1596 5371 continuo
1615 5314 1756 5370 volumine
1794 5312 1801 5325 '

119 5428 245 5490 mimum,
261 5419 403 5491 legalibus
417 5417 534 5471 vinculis
550 5413 704 5486 praepediti,
716 5421 745 5466 et
758 5413 787 5466 in
800 5411 919 5465 servitu·
961 5413 1136 5480 repetuntur,
1155 5415 1183 5462 ot
1196 5424 1259 5463 cum
1267 5407 1389 5462 audierit
1398 5403 1578 5469 sacrificium,
1587 5402 1756 5458 nonexcedit

120 5524 174 5571 tem
186 5513 391 5569 mandassem
413 5506 528 5564 redacti,
552 5504 761 5557 custodirentur
776 5501 805 5554 in
820 5501 921 5554 adven·
961 5496 1130 5568 cogitatione
1153 5497 1232 5562 illud,
1250 5496 1323 5567 quod
1343 5493 1404 5550 lieri
1426 5493 1461 5548 de
1484 5492 1603 5549 victimis
1621 5507 1755 5564 pecorum

120 5614 178 5661 mm
189 5604 297 5659 sature
312 5601 341 5669 in
352 5597 465 5653 Christo
473 5593 548 5658 fidei,
561 5610 623 5663 quae
633 5593 717 5646 tinem
731 5589 922 5660 repromissio·
962 5586 1140 5656 terrenisque
1150 5584 1289 5641 fructibus
1301 5585 1391 5640 solet:
1415 5599 1477 5655 quae
1490 5589 1585 5647 iamim
1599 5579 1718 5635 servitus
1726 5579 1758 5640 ia
