3772 6120
131 268 182 324 335
426 268 457 321 B.
479 267 613 322 RABANI
633 269 749 324 MAURI
768 269 935 323 ARCHIEP.
957 267 1117 322 MOGUNT.
1140 265 1288 320 OPERUM
1307 266 1399 321 PARS
1419 266 1468 321 111.
1715 264 1768 322 336

166 399 229 452 Ecce
243 414 289 466 epo
305 396 560 461 Paratusdtcocobis,
571 399 926 463 qrciorictrcunrcidomiru',
937 396 1125 460 Aesthnarec
1133 412 1215 466 posse
1225 411 1254 448 se
1264 392 1396 463 consequi
1413 406 1497 461 quam
1509 398 1540 443 ut
1553 396 1667 444 ceteros
1682 389 1767 443 lucri-

130 487 256 542 Ghristur
271 488 344 539 cobis
355 486 429 539 cibit
451 486 574 552 proderit
588 485 692 553 (drab.)
718 487 798 540 Nunc
825 492 929 557 apertae
969 486 1082 548 iaceret,
1099 484 1188 537 factus
1202 483 1306 537 ludaeis
1324 481 1446 546 Judaeus,
1462 485 1495 534 ut
1509 479 1619 534 Judaeos
1633 479 1668 532 ad
1683 478 1768 533 sidem

83 577 86 585 '
128 575 255 631 ueritatis
283 580 312 629 et
334 572 510 626 auctoritatis
538 590 595 627 suae
616 574 671 627 rim
695 591 751 628 non
773 581 865 640 tacet,
885 574 929 628 di·
970 574 1074 628 Christi
1088 590 1140 626 sua
1152 572 1363 626 circumcisione
1377 570 1580 623 transduceret.
1590 569 1667 622 Tuhc
1678 568 1767 638 siqui-

128 681 211 720 cens:
229 664 293 719 Ecce
322 678 368 731 epo
398 664 501 716 Paulus
529 665 589 717 dico
617 665 690 718 uobis
712 684 719 717 :
744 663 772 717 id
796 670 848 731 est,
877 680 928 734 ego
969 663 1034 717 dem
1050 679 1106 717 non
1120 662 1234 732 prodest
1249 660 1433 725 circumcisio,
1453 674 1516 712 curn
1531 658 1638 728 aliquid
1654 675 1704 728 per
1722 674 1766 711 se-

127 753 263 823 magister
269 750 412 815 Gentium,
421 750 502 821 cujus
517 752 658 822 opusestis
669 752 698 805 in
706 753 827 818 Christo,
835 752 928 822 palam
969 752 1120 822 metipsum
1134 756 1250 821 putatur
1265 749 1512 802 utilibrtisatlerre.
1526 746 1766 817 (Aup.tDicoergo

126 840 203 896 vobis
218 839 280 894 dico
298 858 303 892 :
322 842 389 908 quia
405 841 478 893 nibil
496 841 569 893 robis
593 842 717 908 proderit
745 841 878 904 Chr-istus,
903 844 929 894 si
968 840 1208 895 circumcisionem
1217 837 1356 909 praeputii,
1365 842 1502 890 etuntcra
1511 835 1764 906 hujusmodipriori

126 930 388 994 oirmrmeidornint;
406 929 465 999 ipse
492 929 568 982 enim
595 929 732 983 Dominus
755 929 815 983 ait:
837 931 888 983 Les
902 935 925 983 ct
968 930 1070 1000 populo
1084 923 1765 1000 pertestamenturnquodretusdiciturdivinitus

123 1019 259 1088 propbeta
274 1034 359 1088 usque
373 1019 409 1071 ad
422 1019 566 1083 Jooreucm,
579 1034 611 1071 ca
629 1035 682 1086 quo
707 1035 825 1087 reprcunt
853 1021 926 1072 culo
966 1017 1032 1072 data
1040 1018 1075 1072 ad
1085 1015 1482 1087 significationemsuturorum
1490 1031 1551 1084 qum
1562 1031 1612 1085 per
1621 1014 1764 1068 Christum

125 1123 192 1162 rum
213 1108 384 1176 pra‘dicatur
408 1109 483 1174 (Luc.
501 1108 567 1178 xvi).
586 1108 747 1178 Antequam
772 1124 839 1177 crgo
854 1124 925 1161 nora
966 1104 1363 1178 oportebantimpleri1quibus
1372 1102 1586 1157 advenientibus
1594 1102 1764 1156 remansisse

124 1196 263 1267 inciperet
272 1195 442 1267 praedicatio,
455 1196 581 1267 oportuit
596 1195 854 1250 circumcidiznunc
877 1213 925 1249 au·
964 1191 1763 1264 illaiilnistianislegendatantumadintelligentiampro·

125 1291 183 1340 tem
198 1285 260 1356 lege
274 1284 339 1338 fidei
359 1284 534 1352 succedente,
563 1302 596 1339 ea
614 1286 757 1356 sequenda
775 1291 841 1339 sunt
863 1302 924 1356 quae
964 1284 1229 1355 missaeprophetiae,
1250 1299 1306 1336 non
1327 1287 1422 1335 autem
1447 1281 1604 1335 necessario
1625 1281 1762 1336 facienda.

124 1374 204 1429 rudis
217 1373 320 1429 veritas
333 1373 432 1444 jubet:
446 1374 512 1446 quia
525 1379 603 1429 retus
617 1379 645 1429 et
659 1391 761 1429 norum
776 1374 923 1429 admisceri
965 1374 1044 1444 quasi
1055 1371 1370 1443 adhucexspectandum
1376 1376 1450 1424 esset
1457 1377 1489 1424 ut
1500 1370 1607 1424 veniret
1616 1369 1681 1423 fidei
1688 1387 1764 1424 rere·

123 1462 469 1529 nondebent,auctoritate
476 1463 589 1517 Domini
598 1463 919 1534 praedicantispiteuim:
962 1462 1109 1533 latio,quae
1119 1460 1449 1531 hicsignihcabaturesse
1459 1466 1577 1513 ventura
1590 1478 1596 1526 ς
1611 1460 1764 1530 sedquam-

123 1554 207 1608 Neruo
217 1553 440 1607 addimentum
460 1555 554 1622 parem
566 1554 647 1606 rudis
662 1556 751 1607 assuit
764 1556 921 1607 vestimento
961 1551 1003 1605 ris
1018 1551 1155 1605 Gentibus
1165 1551 1335 1621 imponenda
1349 1566 1404 1602 non
1420 1555 1523 1609 essent,
1541 1565 1597 1602 non
1613 1554 1710 1602 ttamen
1721 1548 1760 1602 sic

122 1644 225 1705 eetcri;
243 1644 315 1695 tollit
331 1644 406 1695 euim
416 1642 613 1709 fortitudinem
619 1645 678 1710 ejus
687 1658 705 1695 o
720 1645 886 1706 vestimento,
897 1646 921 1695 et
962 1639 1090 1695 debuisse
1104 1640 1208 1694 auferri
1216 1657 1233 1693 a
1242 1639 1443 1693 consuetudine
1455 1638 1615 1692 Judreorum
1626 1643 1762 1708 tanquam

123 1733 214 1799 ruajor
223 1733 255 1797 tlt
268 1732 389 1784 scissura
397 1730 505 1797 (illattb.
514 1732 564 1799 rx).
580 1731 620 1783 Ac
635 1746 685 1801 per
699 1729 752 1783 hoc
766 1723 953 1785 nonsolumB
964 1730 1112 1795 detestata,
1132 1735 1216 1799 atque
1241 1730 1384 1793 damnata,
1406 1727 1511 1781 sensim
1541 1727 1658 1797 proinde
1678 1733 1762 1798 atquc

123 1818 195 1873 nihil
204 1817 412 1890 proderitsideli
419 1817 516 1873 addita
525 1818 711 1885 circumcisio,
723 1819 771 1873 sed
783 1818 919 1873 etoberit:
963 1819 1099 1890 paulatim
1110 1818 1233 1872 fervente
1242 1835 1310 1871 sane
1324 1817 1522 1887 predicatione
1536 1816 1635 1886 gratiae
1646 1816 1760 1877 Christi,

123 1909 216 1978 majus
229 1906 305 1962 enim
321 1907 427 1962 malum
435 1913 479 1962 est
486 1925 520 1962 ex
532 1907 619 1961 libero
635 1908 826 1974 seriumfieri,
836 1924 922 1978 quam
963 1925 1019 1979 qua
1033 1908 1093 1961 sola
1113 1914 1229 1963 nossent
1243 1907 1389 1961 credentes
1404 1924 1434 1958 se
1447 1905 1598 1976 justificari
1614 1906 1762 1975 salvosque

121 1997 208 2051 nesci.
227 1997 325 2065 (Hier.)
344 1997 418 2051 Nam
435 2003 538 2051 cumei
552 1996 581 2051 in
596 1997 688 2067 prima
709 1998 744 2051 ad
761 1988 924 2052 Corinthios
962 1999 1033 2062 fieri,
1047 2014 1102 2050 non
1116 1997 1171 2050 illis
1183 1995 1292 2051 umbris
1306 2012 1402 2049 rerum
1417 2001 1501 2049 antea
1512 1995 1682 2057 futurarum,
1695 2000 1762 2047 tuuc

122 2084 478 2158 praemisisset:llisoutcm
489 2089 539 2155 qui
550 2088 850 2155 nuptiruntdcnuntio,
866 2101 922 2140 uon
958 2087 1020 2157 jam
1038 2086 1212 2140 venientium
1234 2091 1319 2156 atque
1334 2084 1525 2155 presentium,
1550 2089 1581 2137 ut
1600 2084 1629 2137 in
1644 2083 1694 2136 illa
1714 2084 1761 2136 Ju-

122 2190 177 2244 epo,
184 2175 230 2230 sed
236 2175 371 2229 Dominus
380 2175 403 2241 (l
407 2173 481 2228 ‚tion
491 2178 547 2244 ru),
559 2180 588 2228 et
594 2175 690 2229 statim
701 2175 854 2229 intulisset:
866 2176 921 2230 Ce-
962 2175 1086 2242 daeorum
1101 2174 1245 2228 vocatione
1260 2191 1329 2244 quos
1343 2174 1492 2244 praesentia
1511 2172 1631 2226 carnalis
1647 2171 1759 2226 Domini

123 2265 286 2318 terisaute-rn
294 2265 524 2332 epoprecipiane
534 2264 596 2317 vilis
606 2281 658 2318 sua
667 2269 818 2335 putaretur
828 2270 922 2319 aucto-
962 2263 1520 2334 etapostolicatemporasicinrenerant,
1535 2260 1761 2315 omnisiltaactio

121 2352 191 2407 ritas
204 2370 209 2405 z
220 2354 299 2417 Puto,
312 2351 414 2422 inquit,
427 2353 499 2422 quod
517 2359 542 2407 ct
552 2370 598 2421 coo
607 2354 747 2422 Spiritum
756 2355 807 2407 Dei
820 2354 919 2417 trahem
962 2359 1175 2407 consumeretur
1190 2352 1355 2406 umbrarum
1368 2352 1435 2405 :hoc
1450 2351 1475 2404 ci
1489 2350 1675 2416 sull'ecissead
1684 2367 1761 2404 com·

121 2447 154 2496 ut
162 2440 269 2513 Spiritu
280 2446 309 2495 et
319 2440 431 2495 Christo
444 2442 473 2494 in
487 2458 517 2495 se
527 2441 668 2513 loquente,
682 2458 738 2496 non
748 2443 921 2513 contemptui
963 2442 1172 2496 mendationem
1187 2447 1217 2495 ut
1232 2457 1288 2495 non
1298 2447 1435 2511 tanquam
1444 2440 1646 2494 detestandact
1660 2437 1761 2492 similis

121 2529 281 2595 duceretur,
294 2528 341 2599 qui
350 2529 502 2600 prophetas
518 2529 634 2584 imitans
646 2530 769 2584 diceret:
785 2533 845 2585 Hac
854 2533 922 2584 dicit
961 2530 1125 2585 idololatria
1143 2531 1280 2585 vitaretur
1298 2549 1302 2582 :
1320 2531 1394 2583 ultra
1408 2546 1472 2583 vero
1492 2546 1548 2582 non
1565 2527 1680 2582 haberet
1694 2544 1760 2598 pro-

120 2619 256 2673 Domiuus
270 2620 449 2685 omnipotens.
461 2618 552 2687 Majus
562 2625 658 2672 autem
675 2620 724 2673 fiet
733 2618 761 2673 id
778 2618 851 2689 quod
863 2618 921 2672 dic·
961 2636 1100 2687 gressum,
1122 2636 1157 2673 nc
1174 2623 1321 2690 putaretur
1335 2618 1503 2684 neccssaria,
1516 2623 1652 2687 tanquam
1666 2617 1709 2669 rel
1725 2615 1760 2669 ah

120 2713 182 2761 tum
198 2711 258 2760 est:
270 2705 660 2774 EceoepoPoutusdicouobis,
673 2710 921 2776 quiasicircumci·
961 2708 1010 2761 illa
1024 2709 1100 2762 salus
1113 2714 1196 2767 esset,
1213 2708 1256 2760 rel
1270 2707 1330 2761 sine
1341 2708 1389 2761 illa
1401 2724 1461 2761 esse
1474 2723 1528 2760 non
1544 2714 1640 2777 posset
1663 2724 1668 2758 :
1686 2705 1761 2776 quod

119 2795 241 2861 damini,
250 2794 376 2849 Christus
385 2794 540 2848 cobisuihit
548 2796 666 2863 prodest,
679 2795 702 2848 si
713 2795 919 2866 cumpn'ncipio
961 2803 1131 2867 putaverunt
1146 2796 1279 2861 haeretici,
1292 2796 1340 2866 qui
1353 2796 1421 2850 dum
1441 2795 1539 2849 rolunt
1552 2812 1612 2848 esse
1626 2794 1716 2848 Judaei
1733 2800 1760 2847 et

120 2882 919 2955 copuletur,inquoait:Paulusopostotusnonohtrorm'ui-
960 2871 1122 2951 Christiani,
1132 2885 1348 2950 necJudaei,ncc
1358 2884 1511 2938 Christiani
1521 2900 1582 2937 esse
1593 2889 1757 2954 potuerunt.

120 2973 266 3042 duraeque
273 2987 324 3042 per
333 2972 484 3038 hominem,
496 2973 542 3026 sed
549 2988 600 3041 per
610 2974 702 3026 lesum
720 2973 871 3038 Christum,
889 2979 918 3027 et
960 2974 1102 3028 Christum
1118 2980 1213 3029 autem
1228 2973 1354 3028 nihileis
1373 2974 1552 3044 profuturum
1578 2990 1640 3027 esse
1655 2973 1723 3026 dicit
1738 2972 1762 3025 si

119 3062 238 3133 reliqua,
249 3066 282 3115 ut
288 3059 445 3125 audientes,
454 3077 509 3114 non
515 3066 575 3115 tam
585 3061 675 3128 missi,
686 3078 771 3133 quam
778 3062 916 3116 mittentis
926 3041 948 3100 C
959 3063 1204 3129 circumcidantur,
1221 3063 1270 3117 sed
1285 3063 1333 3116 illo
1348 3063 1498 3133 modoque
1511 3080 1558 3117 eos
1572 3063 1618 3116 isti
1629 3061 1760 3116 volebant

119 3149 287 3206 auctoritate
302 3155 476 3204 moveantur.
494 3149 590 3204 Potest
603 3149 704 3222 aliquis
724 3150 829 3204 dicero:
843 3151 917 3205 Con·
958 3151 1120 3206 circumcidi
1134 3171 1139 3204 :
1152 3152 1180 3206 id
1193 3158 1244 3216 est,
1257 3157 1290 3206 ut
1304 3153 1333 3205 in
1348 3152 1441 3205 carnis
1456 3152 1760 3222 circumcisionepone·

118 3239 238 3294 uarium
249 3244 292 3293 est
302 3238 368 3293 huie
378 3239 437 3292 loco
452 3237 519 3293 illud
535 3239 608 3310 quod
618 3240 653 3293 ad
668 3240 809 3294 Romanos
818 3239 917 3294 scribi·
958 3246 1022 3295 rent
1036 3258 1115 3312 spem
1130 3241 1238 3295 salutis.
1256 3241 1319 3295 Non
1334 3241 1409 3294 enim
1420 3241 1567 3295 Timotheo
1582 3257 1639 3295 non
1654 3240 1759 3311 proluit

118 3333 167 3385 tur
181 3328 267 3396 (Rorrt.
282 3329 321 3395 ιιι)
338 3346 344 3380 :
362 3327 541 3382 Circurucisio
551 3329 661 3397 quidem
672 3330 823 3397 prodacta¹
833 3332 916 3398 tepent
958 3330 1095 3396 Christus,
1108 3330 1175 3401 quia
1189 3331 1293 3384 Paulus
1307 3329 1367 3400 ipsc
1382 3330 1462 3383 illum
1481 3331 1541 3400 jam
1562 3329 1755 3384 Christianum

119 3418 256 3472 custodias
273 3435 279 3485 3
303 3421 332 3470 et
344 3416 419 3470 infra
435 3434 440 3468 z
459 3418 532 3484 Quid
545 3432 608 3489 erpo
622 3421 745 3487 amptius
759 3424 796 3472 est
812 3421 914 3485 trauan,
953 3420 1086 3490 jureiiem
1096 3418 1279 3473 circumcidit:
1290 3418 1460 3472 feeitautcm
1471 3418 1758 3489 proptcrscondalum

118 3511 169 3560 aut
182 3521 242 3576 qua
256 3508 365 3560 utititas
372 3507 590 3560 circumcisionis
602 3512 614 3558 t
625 3507 745 3561 diuitum
751 3523 799 3575 per
806 3523 915 3561 omnem
956 3507 1300 3573 suorum,nihilsimulans
1309 3506 1492 3573 omnino,sed
1502 3508 1758 3562 esillainditleren·

118 3595 737 3663 modum:primumquidernquiocrcditosuut
746 3598 916 3664 illiseloquio
957 3596 998 3650 tia
1013 3614 1069 3667 qua
1082 3596 1159 3662 dicit,
1172 3598 1351 3651 Circrcrnctsio
1366 3597 1439 3650 m'hit
1450 3601 1497 3660 cst,
1505 3600 1673 3664 preputium
1683 3598 1757 3650 nibil

118 3685 176 3739 oet.
189 3683 219 3739 Si
228 3683 304 3737 enim
314 3681 412 3754 hisqui
422 3682 578 3737 circumcisi
587 3683 693 3738 fuerint
703 3684 831 3739 Christus
846 3684 916 3738 nihil
958 3692 996 3740 est
1011 3685 1103 3740 :nihil
1119 3686 1195 3739 enim
1210 3685 1289 3739 obest
1304 3686 1362 3739 iste
1375 3685 1549 3739 circumcisio
1565 3685 1600 3750 ei,
1616 3685 1665 3754 qui
1680 3685 1757 3739 salu·

117 3772 241 3844 prodest,
252 3772 392 3843 quomodo
401 3772 493 3843 legem
503 3772 725 3827 custodientibus
740 3774 855 3844 prodest
861 3774 915 3827 cir·
956 3781 1015 3828 tem
1029 3774 1057 3828 in
1072 3774 1121 3828 illa
1137 3792 1198 3828 esse
1213 3791 1268 3828 non
1284 3774 1381 3828 credit.

33 3851 37 3858 ’
117 3860 273 3917 cumcisioi
291 3861 370 3925 Quod
385 3860 498 3932 quidem
514 3861 567 3915 hac
581 3863 763 3932 responsione
781 3863 913 3928 sonetur,
997 3865 1756 3934 Testificorautcnromnihoruinicircu-incidentisc,quio

118 3955 153 4005 ut
162 3949 290 4004 dicamus
305 3949 540 4019 epistolamque
553 3950 589 4004 ad
600 3951 740 4005 Romanos
750 3951 855 4021 scripta
862 3958 913 4017 est,
956 3954 1061 4007 debitor
1076 3958 1114 4006 cst
1127 3956 1262 4006 traiecturo
1278 3956 1343 4020 lepis
1358 3954 1498 4019 socienda.
1518 3952 1620 4022 tnmb.)
1637 3953 1758 4010 Possunt

119 4037 155 4093 ad
169 4053 217 4092 eos
230 4053 292 4090 esse
306 4036 449 4102 dictatam,
464 4038 512 4108 qui
530 4055 564 4092 ex
581 4039 684 4092 iudeis
707 4039 915 4111 gentilibusque
957 4040 1043 4112 aliqui
1059 4042 1149 4112 legem
1163 4041 1342 4111 aliquatenus
1352 4047 1572 4107 serrare‚etnon
1583 4043 1754 4097 circumcidi:

117 4125 309 4193 crediderant,
322 4131 351 4179 et
358 4125 410 4178 hoc
419 4125 510 4196 egisse
520 4126 915 4199 Paulum,utneuterpopulus
957 4147 1022 4184 nam
1038 4130 1120 4184 multi
1139 4130 1331 4184 Romanorum
1346 4130 1374 4184 in
1390 4129 1486 4184 Judaea
1500 4129 1650 4185 servabant
1664 4132 1755 4202 legem

119 4212 317 4280 offenderetur,
330 4230 386 4284 quo
395 4213 502 4268 scilicet
512 4230 594 4268 suum
607 4221 726 4287 utraque
740 4216 818 4287 plebs
828 4217 914 4287 priri-
955 4219 1152 4274 incircumcisi.
1165 4219 1244 4274 Unde
1258 4219 1326 4273 dicit
1340 4220 1443 4273 Paulus
1458 4220 1600 4290 apostolus
1613 4221 1756 4292 adAgrip-

118 4302 224 4375 legium
231 4302 397 4375 possideret,
404 4302 624 4357 utnecGentiles
635 4303 910 4374 circumciderentur,
958 4325 1023 4380 pam
1038 4325 1133 4378 regem
1148 4308 1249 4362 Judaeae
1262 4309 1378 4374 :Credis
1391 4324 1440 4362 rer
1451 4310 1582 4378 rtprtppo,
1592 4310 1755 4378 prophetis?

11 4415 15 4423 .
119 4410 172 4450 nee
182 4391 340 4448 circumcisi
358 4392 529 4447 adducerent
541 4393 720 4464 preputium.
744 4395 787 4449 Ad
802 4395 917 4450 Galatas
926 4398 1018 4457 DScio
1033 4398 1193 4466 quiucrcdis
1206 4397 1273 4464 (Aet.
1283 4402 1370 4465 ιιιι).
1382 4398 1415 4450 Et
1426 4397 1552 4451 centurio
1567 4399 1648 4467 cujus
1658 4416 1755 4452 servus

119 4489 215 4538 eutem
229 4481 363 4548 scribens,
375 4481 431 4536 alio
445 4497 512 4536 usus
527 4480 565 4536 sit
574 4488 756 4553 argumento:
770 4501 826 4538 non
840 4485 916 4539 enim
958 4491 1019 4541 erat
1030 4485 1192 4549 moriturus
1215 4485 1262 4557 qui
1286 4485 1400 4540 mittens
1421 4486 1455 4539 ad
1479 4487 1574 4540 lesum
1588 4487 1708 4556 rogabat
1722 4496 1754 4541 ut

119 4577 202 4626 erant
215 4588 249 4625 ex
262 4571 482 4639 circumcisione,
499 4572 548 4626 sed
561 4589 593 4625 ex
611 4571 748 4626 Gentibus
762 4573 811 4643 qui
826 4574 916 4628 credi·
957 4575 1065 4629 veniret
1078 4579 1107 4628 et
1119 4581 1233 4629 sanaret
1241 4592 1352 4629 seruum
1363 4576 1433 4645 ejus,
1441 4574 1687 4630 cuitostimonium
1693 4594 1755 4647 per·

119 4659 229 4724 derant,
236 4675 288 4714 nec
296 4666 407 4731 poterat
417 4661 457 4714 eis
466 4661 598 4731 prodesse
605 4660 787 4729 circumcisio,
798 4664 845 4733 qui
855 4669 918 4735 post
959 4663 1087 4718 hibentes
1096 4665 1109 4719 J
1113 4664 1184 4718 udaei
1194 4663 1366 4717 dicebantad
1376 4664 1472 4719 lesum
1486 4683 1491 4717 :
1504 4666 1699 4732 Dipuusestut
1710 4667 1759 4719 troc

119 4747 262 4818 Evangelii
281 4749 403 4818 gratiam
417 4749 520 4804 iterum
542 4752 576 4805 ad
595 4751 729 4822 legaliare
743 4757 918 4807 verterentur
955 4755 1757 4823 prastesci:ditiqitcnirupentemnostram,etsyuopopom

119 4836 918 4910 elementa.Subtiliusintelligendasententia‚Sicircum·
959 4845 1013 4911 ipse
1027 4845 1173 4911 «edificavit
1184 4844 1342 4906 nobis(Luc.
1359 4845 1417 4911 mr).
1434 4842 1757 4902 Nemotamencircum-

118 4926 917 5002 ddaruiuissbristusrobisnihitprodest:quodnonsolum
958 4931 1032 4985 cisus
1048 4948 1103 4985 non
1118 4936 1207 4984 totam
1221 4933 1313 5000 legem
1328 4936 1421 4985 serrat
1438 4949 1443 4982 :
1460 4930 1569 4984 debitor
1594 4937 1637 4985 ost
1655 4933 1732 4986 enim
1749 4973 1756 4991 .

119 5015 192 5071 ineo
202 5016 227 5070 si
241 5013 478 5071 circumcidantur
492 5032 548 5070 non
562 5018 603 5071 eis
618 5018 707 5089 prosit
715 5019 777 5090 ipsa
796 5020 915 5073 circum·
958 5020 1024 5091 quia
1052 5020 1095 5073 lex
1116 5019 1287 5074 circumcisis
1308 5021 1374 5073 dato
1407 5025 1457 5073 cst.
1486 5021 1545 5097 Hoc
1575 5021 1638 5075 ideo
1662 5021 1755 5079 dixit,

119 5105 206 5172 cisio;
223 5105 272 5159 sed
286 5102 398 5159 etiamsi
413 5105 686 5162 courasvideamur
701 5114 780 5162 extra
795 5109 915 5163 circum·
957 5109 1024 5180 quia
1046 5113 1104 5163 tam
1125 5108 1238 5163 hebetes
1255 5127 1284 5163 se
1302 5108 1497 5175 ostendebant,
1520 5115 1552 5163 ut
1566 5109 1645 5180 digni
1661 5117 1757 5165 essent

118 5192 253 5248 cisiouem
267 5194 297 5249 in
311 5193 423 5248 Christo
438 5192 541 5247 habere
556 5195 684 5262 virtutes
705 5196 841 5252 universae
854 5215 915 5268 per·
956 5197 1052 5252 omnia
1061 5215 1147 5252 onera
1160 5198 1231 5268 legis
1245 5203 1366 5269 portare.
1379 5199 1476 5267 (Hic-r.)
1489 5198 1563 5252 Deus
1578 5198 1625 5268 qui
1636 5199 1757 5254 circum-

58 5348 70 5358 ‘
118 5286 195 5346 aaut,
203 5296 268 5336 cum
277 5288 341 5354 post
347 5282 432 5336 iidem
438 5282 541 5338 Christi
552 5284 829 5341 fuerintcircumcisi.
842 5286 915 5350 Quid
956 5287 1090 5341 cisionem
1104 5287 1195 5358 primo
1207 5287 1242 5341 ad
1256 5287 1408 5350 Abraham,
1421 5287 1521 5341 deinde
1535 5304 1586 5357 per
1599 5287 1717 5359 Moysen
1724 5289 1755 5343 in

117 5370 227 5443 igitur?
241 5369 913 5442 nihilprosuitTimotheocircumcisio?Multum
956 5376 1017 5447 lege
1040 5376 1181 5449 praecepit,
1202 5392 1259 5430 non
1280 5377 1370 5431 solum
1386 5376 1636 5443 circumcisionem,
1654 5378 1704 5431 sed
1726 5386 1754 5432 et

115 5475 166 5530 per
175 5461 415 5515 omnemmodum.
426 5460 491 5516 Non
505 5461 580 5516 enim
595 5467 654 5516 tam
663 5463 726 5517 ideo
734 5464 913 5519 circumcisus
955 5465 1011 5520 alia
1021 5448 1111 5521 multa
1120 5465 1464 5520 observandaconstituit:
1481 5466 1541 5520 dies
1551 5465 1638 5520 festos
1649 5466 1752 5520 Hiero-

117 5553 169 5618 σοὶ,
189 5552 222 5604 ut
236 5564 270 5604 ex
292 5547 354 5621 ipsa
373 5547 584 5608 circumcisione
602 5550 707 5626 aliquid
732 5553 913 5609 emolumenti
954 5553 1069 5626 solymis
1079 5553 1306 5625 frequentandos,
1318 5554 1475 5611 hostiarum
1489 5554 1654 5610 holocausta
1667 5570 1751 5611 mane
