3786 6128
123 288 175 343 959
420 287 451 341 B.
473 286 608 342 nunaut
627 285 743 340 uuum
762 285 930 341 ARCHIEP.
950 283 1112 340 MOGUNT.
1134 283 1283 339 optauit
1301 282 1395 337 PARS
1412 283 1461 338 111.
1705 281 1760 339 950

122 418 243 465 mentem
260 410 309 462 riri
325 411 413 463 sancti
429 410 561 464 vitiorum
577 425 778 479 nonnunquam
791 410 905 480 punctio
915 409 1035 479 ·Aquod
1052 408 1180 462 Cin·istus
1194 407 1357 477 angelorum
1373 414 1401 461 et
1415 407 1561 463 hominum
1582 416 1714 464 iratorum
1732 410 1758 461 in

123 516 172 552 nes
189 498 366 553 conturbant.
960 497 1128 568 perfectione
1143 496 1301 567 possedite
1317 512 1402 550 unam
1414 512 1492 551 ovem
1508 498 1640 568 perdidit,
1655 515 1669 548 a
1684 497 1757 568 quod

155 588 587 658 Hunti'lr'tasexprimitvirtutem
598 588 831 651 mansuetudinis
839 590 920 658 juxta
959 588 1084 640 humana
1097 592 1198 640 natura
1209 585 1301 657 periit.
1321 603 1334 638 a
1346 586 1459 640 Dimisit
1468 603 1535 657 ergo
1551 586 1760 657 nonagintano-

122 676 207 731 iliud:
227 694 238 726 r
252 675 322 729 ride
332 677 519 730 humilitatem
532 693 623 730 meam
633 677 653 742 ¹,
668 678 824 731 i'attonde
834 694 919 748 quam
960 693 1021 730 vem
1034 675 1064 729 in
1073 676 1195 742 deserto,
1212 681 1244 730 ut
1256 691 1343 728 unam
1355 675 1500 741 inveniret,
1516 695 1526 726 ι
1543 676 1618 747 qnod
1633 691 1760 728 summos

121 764 237 820 humilis
248 781 320 831 sum,
333 772 429 820 contra
436 765 581 836 superbos,
591 766 638 836 qui
648 783 693 819 nie
702 774 916 837 persequuntur:
960 765 1123 835 arigelorum
1139 765 1238 819 choros
1252 764 1332 834 quasi
1348 764 1461 835 reliquit
1475 765 1504 819 in
1520 764 1598 831 coelo,
1613 771 1648 819 ut
1664 765 1760 818 huma-

124 875 135 929 ς
152 863 181 908 et
196 858 273 925 eripe
288 871 353 908 me»
372 854 406 908 ab
418 855 536 908 aliorum
548 856 748 925 perseeutione,
768 876 778 907 r
798 857 872 926 quod
884 857 920 910 le·
959 871 1028 908 num
1040 870 1129 923 genus
1152 860 1306 924 repararet.
1326 854 1438 908 «Ovem
1456 854 1593 924 perditam
1610 853 1728 914 invenit,
1746 875 1758 904 ι»

120 959 185 1013 gem
199 947 277 997 tuam
289 960 345 997 non
359 961 421 997 sum
432 942 544 1009 oblitus,
559 968 570 995 a
589 961 649 1014 quse
665 944 795 1015 praecepit
805 945 920 998 humili·
961 944 1072 1013 quando
1086 949 1219 997 naturam
1231 943 1385 996 humanam
1397 943 1427 996 in
1441 959 1470 996 se
1485 943 1615 1014 suscepit.
1635 961 1647 992 e
1665 943 1761 997 Inven-

121 1034 210 1087 tatem
230 1031 442 1099 observandam,
463 1040 491 1087 et
505 1034 671 1087 charitatem
695 1034 780 1087 etiarn
800 1034 920 1087 inimicis
961 1038 1019 1085 tam
1030 1049 1109 1086 orein
1124 1032 1154 1086 in
1169 1032 1293 1086 humeris
1304 1032 1433 1102 gaudens
1441 1032 1543 1103 posuit,
1560 1052 1574 1079 a
1590 1049 1654 1086 curn
1665 1034 1761 1087 huma*

123 1120 315 1175 exhibendam.
334 1124 343 1144 ·
355 1123 446 1183 idest,
459 1122 638 1176 afflictionem
661 1123 861 1194 persecutionis
875 1140 921 1177 so·
962 1137 1027 1174 narn
1035 1126 1176 1183 naturam,
1188 1138 1272 1191 quam
1288 1120 1322 1175 de
1333 1120 1413 1175 nobis
1422 1121 1582 1192 assumpsit,
1594 1122 1673 1176 cruci
1686 1120 1760 1191 amm

122 1205 273 1278 trutinato
282 1208 350 1264 illud
366 1229 371 1262 :
393 1231 402 1259 ι
421 1211 486 1264 Haec
501 1227 546 1264 me
556 1212 699 1265 consolata
714 1217 757 1265 est
770 1211 798 1264 in
810 1212 922 1265 truinili-
962 1216 1061 1280 sponte
1075 1210 1212 1281 permisit,
1223 1211 1266 1264 vel
1277 1210 1411 1281 imposuit
1420 1210 1449 1264 in
1464 1210 1658 1266 humerissuis
1670 1211 1759 1283 :quod

122 1301 181 1352 tate
191 1314 255 1352 mea
268 1296 299 1365 ¹3
318 1318 331 1352 i>
348 1299 374 1353 id
386 1304 436 1359 est,
455 1317 517 1369 spes
542 1300 631 1354 erexit
654 1315 699 1353 ino
722 1301 750 1354 in
771 1300 921 1354 afflictione
962 1299 1349 1370 peccatumhumanigeneris
1359 1300 1433 1353 Deus
1443 1299 1620 1370 passionibus
1628 1299 1687 1354 suis
1698 1316 1758 1372 pro·

122 1397 196 1451 mea,
208 1387 343 1459 quodnisi
355 1390 573 1459 speseonsolans
584 1389 713 1458 erigeret,
741 1389 855 1443 afflictio
870 1405 921 1443 nos
963 1387 1031 1458 priis
1045 1387 1174 1459 expiarit.
1191 1406 1202 1439 o
1219 1389 1262 1441 Ad
1280 1388 1396 1442 drinium
1418 1388 1509 1455 rediit,
1527 1406 1541 1440 a
1564 1405 1629 1443 curn
1653 1389 1689 1442 ad
1710 1405 1760 1443 cce·

124 1472 238 1530 omnino
259 1474 426 1531 destrueret.
443 1478 635 1544 «Gloriemur,
647 1479 747 1549 inquit,
764 1479 793 1532 in
807 1478 922 1533 tribula·
963 1477 1004 1530 los
1014 1477 1148 1531 ascendit.
1165 1496 1178 1529 a
1190 1478 1302 1531 Amicos
1313 1477 1633 1543 etvicinosconvocarit,
1651 1494 1760 1548 »quan-

122 1557 256 1631 tionibus,
265 1565 336 1619 certi
344 1566 418 1636 quod
430 1567 453 1620 si
463 1566 658 1637 compatimur,
672 1567 757 1620 etiam
772 1584 923 1638 conregna·
963 1565 998 1618 do
1010 1571 1120 1620 sanctos
1130 1566 1253 1635 angelos,
1266 1567 1345 1638 quasi
1357 1567 1390 1620 ad
1402 1568 1655 1637 congratulandum
1666 1568 1761 1621 huma·

123 1643 216 1708 bimus
227 1652 249 1706 1.
268 1678 280 1705 υ
298 1655 376 1709 Unde
391 1655 551 1709 consolatus
574 1663 626 1721 est,
652 1657 755 1727 equod
780 1657 922 1727 cloquium
964 1672 1006 1709 nze
1020 1656 1104 1710 saluti
1118 1656 1253 1722 invitarit,
1273 1657 1321 1727 qui
1346 1680 1359 1707 a
1375 1657 1457 1710 amici
1478 1658 1562 1726 ejusi
1586 1662 1664 1717 sunt,
1690 1657 1758 1728 quod

123 1746 205 1796 tuum
219 1742 368 1797 viriticnrit
382 1761 426 1797 me
441 1745 461 1809 1,
478 1766 488 1794 i
503 1745 576 1815 quod
592 1745 739 1815 promissio
754 1752 802 1799 tua
817 1714 1059 1817 supas-“vocem
1072 1740 1643 1811 1111181111ῑῖ11οΜθῦθῑθᾶὶΰῐὶῒΛἯῦῑῐΙὶθἨΰ
1661 1760 1672 1789 1
1686 1749 1759 1805 1111111,

124 1828 213 1884 sionis
221 1832 400 1886 tolerantiam
408 1833 542 1886 animavit
552 1850 606 1886 me.
622 1836 784 1893 liminatur,
801 1835 923 1889 delecta-
965 1829 1038 1898 quod
1053 1829 1185 1883 continue
1195 1829 1264 1883 facie
1280 1830 1314 1884 ud
1329 1830 1429 1884 faciem
1443 1831 1521 1884 ilium
1539 1830 1690 1900 aspiciunt.
1705 1830 1760 1884 Hir·

124 1917 229 1973 tionem
244 1926 333 1986 notat,
343 1923 425 1991 juxta
440 1922 527 1976 iilud:
558 1923 670 1987 «Quod
696 1931 859 1995 persecutus
882 1931 924 1979 nst
966 1935 1067 1983 uterus,
1084 1920 1266 1988 mens‚juxta
1289 1919 1372 1973 iilud:
1398 1937 1409 1970 o
1428 1921 1492 1974 Sem
1511 1926 1540 1973 et
1557 1919 1662 1990 taphet
1685 1917 1762 1974 resti·

125 2005 256 2063 inimicus
271 2009 394 2063 animam
410 2027 501 2064 meam
517 2011 537 2075 1,
563 2030 575 2061 a
593 2012 667 2082 quod
693 2019 786 2067 motus
805 2014 924 2067 carnalis
966 2013 1092 2061 mentum
1105 2007 1301 2079 imposuerunt
1319 2008 1443 2063 humeris
1456 2009 1523 2069 suis,
1546 2016 1575 2063 et
1591 2018 1760 2080 operuerunt

126 2096 464 2169 insurrexitopprimeree
475 2101 600 2154 animam
608 2116 710 2167 meam,
720 2121 732 2147 o
739 2101 767 2154 id
780 2108 832 2162 est,
842 2102 925 2156 ratio-
966 2096 1087 2150 terenda
1106 2096 1257 2167 patrissui
1281 2097 1385 2152 aversis
1410 2096 1529 2151 vultibus
1553 2097 1612 2150 ¹⁵.»
1645 2100 1760 2153 «Nori

126 2200 190 2239 nem
201 2201 303 2240 meatu.
323 2188 558 2243 «Humiliavitin
578 2194 655 2243 terra
680 2190 766 2243 vitam
789 2207 921 2258 meam„
966 2186 1068 2256 quippe
1081 2205 1094 2235 n
1115 2185 1156 2238 air
1167 2186 1260 2255 justus
1274 2187 1411 2257 plantavit
1420 2187 1531 2240 vineam
1543 2205 1569 2251 ri
1581 2196 1611 2241 111
1626 2188 1762 2254 christis,
1827 2228 1881 2254 ,i

125 2272 154 2326 id
169 2280 221 2341 est,
236 2275 336 2346 dejecit
346 2277 376 2331 in
384 2283 559 2332 terrenorum
571 2279 727 2349 appetitum
737 2280 923 2333 conversatio·
965 2274 1012 2344 qui
1027 2281 1171 2344 peccatum
1193 2291 1249 2328 non
1263 2275 1328 2329 fecit
1341 2292 1392 2346 per
1407 2277 1496 2346 legem
1512 2274 1631 2331 exsolvit
1646 2293 1762 2349 synago·
1817 2310 1831 2315 -

126 2367 631 2436 nemmeam,quodretrahensmeab
641 2374 921 2431 arnoreeeternorum,
964 2379 1038 2433 gana.
1058 2384 1069 2414 r
1087 2364 1146 2417 Noe
1155 2362 1225 2418 bibit
1236 2365 1271 2418 de
1280 2364 1344 2418 rino
1353 2364 1441 2419 vineae
1456 2381 1513 2419 sure
1527 2365 1559 2429 11,
1572 2372 1625 2420 »et
1635 2366 1761 2420 Christus

126 2451 229 2522 dejecit
238 2453 267 2507 in
278 2455 433 2525 appetitum
443 2461 630 2510 terrenorum.
643 2457 805 2523 lter-intritae,
817 2458 924 2512 satissa-
966 2457 1097 2523 expertus
1113 2459 1156 2506 est
1170 2454 1366 2508 austeritatem
1376 2470 1557 2525 synagoge«
1574 2456 1635 2510 ttae
1645 2455 1762 2509 inebria·

127 2540 249 2596 ctionem
265 2542 379 2598 indicet.
393 2546 474 2615 juxta
497 2545 584 2599 illud:
609 2566 619 2597 ι
637 2545 764 2599 afflictus
787 2563 849 2600 sum
871 2547 891 2611 1,
911 2567 922 2598 i
965 2545 1078 2608 tuaest,
1096 2548 1151 2596 »et
1165 2542 1292 2597 Christus
1304 2544 1401 2597 multis
1411 2543 1758 2615 opprobriisrepletusest.

127 2645 228 2700 corpus
242 2631 371 2685 videlicet
380 2634 507 2703 jejuniis
519 2633 629 2705 vigiliis,
645 2635 742 2689 multis
766 2635 923 2690 atilictioni-
967 2647 980 2682 t
996 2631 1055 2685 NOr
1069 2630 1192 2685 nudatus
1205 2639 1281 2698 esta
1298 2638 1327 2687 et
1336 2633 1643 2703 Christussugientibus
1656 2642 1763 2706 aposto·

129 2717 181 2771 bus
196 2734 352 2785 macerans,
370 2742 381 2768 a
397 2728 425 2775 et
432 2722 595 2776 humiliatus
602 2739 665 2775 sum
675 2723 769 2789 nimis,
780 2743 790 2774 i
800 2725 924 2778 animam
965 2718 1000 2772 lis
1024 2720 1100 2773 solus
1114 2719 1227 2774 relictus
1238 2726 1297 2774 est:
1314 2721 1356 2775 rel
1369 2723 1380 2745 ⁶
1392 2722 1525 2776 iudaicus
1538 2729 1591 2788 est,
1605 2723 1758 2794 quodrntir·

129 2804 236 2860 scilicet
260 2809 449 2864 amaritudine
469 2811 643 2873 severissime
667 2828 794 2882 premere
814 2829 924 2880 eumne,
967 2807 1265 2879 rnittsappamitoin
1283 2810 1442 2877 dornowa,
1462 2830 1473 2861 ¹
1498 2811 1526 2864 id
1550 2817 1603 2877 est,
1629 2812 1659 2865 in
1683 2813 1762 2867 domo

128 2893 234 2949 crebris
248 2897 376 2966 suspiriis
390 2904 418 2951 ot
430 2900 561 2954 lomentis
571 2899 709 2970 quatiens,
722 2907 822 2955 etaute
833 2903 927 2957 oeulos
967 2896 1092 2951 «Iudaica
1108 2898 1193 2952 tN0⁰
1207 2898 1347 2962 dormivit,
1362 2905 1415 2953 ’et
1428 2899 1556 2955 Christus
1570 2906 1702 2954 mutuus
1712 2907 1760 2957 est

128 2984 190 3054 ejus
199 2985 325 3040 omnium
341 2987 479 3041 scelerum
492 3005 619 3043 meorum
628 2995 751 3043 stercora
762 3006 925 3060 congerens.
970 3006 982 3037 ι
1000 2986 1103 3040 Videas
1125 2992 1219 3041 autem
1241 2993 1321 3058 pater
1344 2987 1516 3055 elianam»
1542 2989 1651 3043 seilicet
1665 2991 1761 3056 Chuni,

161 3074 509 3146 llumor,eoneupiscentia
524 3078 624 3144 camis,
640 3084 672 3132 ut
689 3079 718 3132 jn
728 3079 797 3132 J0b2
826 3098 838 3132 e
855 3081 925 3134 Dor.
952 3074 981 3125 ¹«
998 3075 1120 3129 verenda
1133 3075 1221 3146 patris
1236 3077 1279 3131 sui
1305 3094 1365 3131 esse
1387 3077 1504 3139 nudata,
1520 3077 1665 3133 nuntiavit
1681 3077 1761 3133 toras.

129 3161 183 3215 mit
195 3161 350 3217 Behenioth
361 3167 390 3218 in
398 3166 465 3219 locis
477 3166 657 3221 humentibus
671 3167 691 3233 ¹,
714 3168 765 3222 eid
790 3176 841 3234 ost,
865 3170 925 3224 dia·
968 3168 997 3217 rt
1010 3164 1099 3218 irrisit
1113 3165 1144 3232 ¹⁷,
1167 3184 1177 3215 1
1200 3167 1275 3235 quod
1299 3166 1434 3221 nimirum
1455 3165 1576 3238 reprobi.
1599 3168 1651 3238 qui
1672 3168 1762 3222 callidi

129 3247 209 3305 bolus
234 3251 351 3321 quiescit
361 3254 389 3307 in
409 3254 442 3308 iis
465 3256 511 3325 qui
540 3256 665 3310 carnales
686 3257 926 3328 concupiscentias
967 3253 1764 3328 «111111,111111111111111111111,181οΜ11108111101111111111188111

128 3346 234 3394 amant.
968 3349 1084 3405 nem,et
1106 3348 1300 3405 sonotantum
1319 3345 1393 3398 vocis
1417 3344 1573 3415 profitendo
1597 3345 1761 3401 amicitiant

164 3429 314 3485 Honorati
327 3434 466 3503 praeconia
484 3440 552 3488 sunt
565 3435 775 3505 prophetarum,
797 3444 829 3491 ut
848 3437 877 3492 in
892 3437 926 3491 li·
968 3438 996 3485 et
1009 3432 1082 3486 inale
1096 3432 1232 3486 vivendo‘
1247 3434 1435 3488 exhonorant:
1447 3434 1536 3488 Charn
1551 3434 1628 3488 enim
1642 3438 1760 3490 rattidus

128 3514 186 3571 bris
199 3517 326 3589 Regum:
348 3539 360 3574 (r
378 3522 524 3577 Humeruli
540 3526 549 3546 ¹
566 3524 660 3578 decem
674 3541 723 3594 per
738 3526 855 3593 angulos
876 3526 925 3580 ba·
967 3520 1187 3591 iuterpretatur:
1209 3541 1220 3570 ι
1236 3522 1302 3575 Sem
1317 3538 1381 3575 vero
1398 3528 1427 3575 et
1439 3523 1542 3593 raphet
1565 3525 1761 3580 vestimentum

127 3604 167 3659 sis
180 3605 200 3671 1,
220 3608 271 3661 »id
293 3616 336 3663 est
358 3626 408 3681 per
423 3617 544 3681 quatuor
569 3619 663 3683 partes
684 3614 792 3677 mundi,
809 3616 926 3686 prophe.
967 3609 1162 3680 imposuerunt
1176 3610 1301 3663 humeris
1321 3611 1389 3677 suis,
1405 3618 1433 3666 ot
1450 3622 1623 3683 opemerunt
1645 3614 1761 3669 verenda

127 3698 221 3751 tarum
236 3700 375 3768 preconia
388 3701 571 3756 honorantur,
966 3698 1054 3768 patris
1068 3698 1111 3753 sui
1123 3699 1228 3752 aversis
1242 3699 1366 3753 vultibus
1380 3700 1418 3759 ¹¹;
1440 3719 1453 3753 a
1474 3701 1547 3771 quod
1572 3701 1638 3754 boni
1658 3703 1760 3763 tideles,

164 3785 303 3840 Hainerns
319 3788 428 3842 estvita
442 3790 561 3856 socialis,
577 3798 609 3845 ut
621 3791 649 3844 in
661 3792 731 3845 Job:
751 3811 762 3842 r
785 3793 926 3847 Humerus
967 3787 1024 3840 Sive
1038 3787 1072 3841 de
1087 3787 1200 3854 Judaeis,
1216 3787 1479 3854 1111111111111111113,
1496 3791 1596 3844 11011111
1612 3807 1683 3846 1111110
1693 3792 1763 3847 10111

129 3874 190 3943 ejus
205 3876 216 3898 ·
231 3875 367 3931 amictura
381 3894 432 3932 sua
447 3879 529 3933 cadat
543 3880 564 3946 1,
584 3898 596 3931 i
619 3880 648 3934 id
672 3886 724 3945 est,
743 3881 766 3935 si
791 3881 843 3935 hoc
864 3897 925 3935 ma·
966 3879 1087 3940 tanturn,
1105 3883 1138 3930 ut
1149 3875 1270 3948 reprobi,
1297 3877 1389 3932 sedin
1417 3879 1559 3933 mentibus
1581 3880 1641 3934 suis
1663 3880 1764 3936 habent

128 3962 258 4029 lumseci,
270 3965 328 4019 vita
337 3968 516 4021 measocialis
527 3985 687 4039 aeorupage
697 3969 923 4024 charitatisruat.
967 3970 1024 4018 tam
1039 3965 1145 4033 grande
1160 3966 1327 4036 mysterium
1342 3966 1417 4031 ndei,
1434 3972 1463 4020 et
1481 3967 1623 4023 honorant
1637 3970 1763 4024 intimum

128 4051 278 4115 tramam,
295 4070 365 4124 opus
377 4055 504 4124 justitiae,
530 4062 561 4109 ut
584 4057 612 4109 in
627 4056 696 4109 Job:
725 4076 737 4103 a
762 4058 848 4112 Utin
872 4059 925 4111 hu·
968 4060 996 4106 et
1012 4054 1130 4108 stultum
1150 4054 1210 4118 Dei,
1234 4070 1298 4109 cum
1320 4071 1422 4124 magna
1447 4057 1613 4121 reverentia,
1642 4059 1696 4112 hoc
1724 4065 1761 4112 est

128 4153 207 4192 mero
222 4155 286 4193 meo
300 4147 409 4211 portem
422 4143 502 4196 illum
518 4143 549 4209 ¹⁰,
567 4163 580 4195 a
601 4145 695 4209 idest,
712 4146 839 4216 inopere
863 4163 925 4200 ineo
969 4159 982 4193 t
1002 4142 1106 4197 aversis
1120 4142 1251 4208 vultibus,
1268 4163 1282 4194 a
1301 4144 1374 4214 quod
1386 4144 1485 4198 fortius
1500 4151 1544 4198 est
1557 4153 1588 4200 et
1611 4147 1765 4217 sapientius

128 4226 278 4282 Dominum
292 4231 419 4300 portabo.
434 4233 581 4295 Ituraeros,
598 4250 668 4303 opus
681 4235 834 4306 proprium,
852 4242 884 4288 ut
896 4236 925 4288 in
967 4230 1136 4293 bominibus.
1152 4233 1227 4296 Sem,
1239 4232 1287 4303 qui
1311 4237 1472 4287 aoiainctus
1490 4234 1707 4306 interpretatur.
1722 4237 1766 4290 Ju-

128 4316 219 4372 isaia:
239 4339 250 4370 ι
271 4319 433 4390 Diseooperi
453 4321 602 4375 humerum
627 4329 706 4376 tuum
732 4323 764 4388 ¹¹,
783 4344 795 4374 e
820 4323 848 4376 id
872 4319 1763 4412 est,Ddaeosexprin1it.quipermultapraemiat‘arnosiemnt.

127 4407 244 4461 ostende
260 4425 372 4479 pravam
394 4409 532 4464 actionem
553 4415 641 4464 tuam.
663 4413 810 4475 litteteras,
838 4411 923 4467 labor.
967 4409 1069 4479 Japhet
1082 4415 1186 4474 autem,
1201 4409 1248 4479 qui
1256 4412 1385 4464 dilatatio
1393 4411 1506 4478 dicitur,
1518 4411 1662 4482 significet
1670 4421 1766 4484 gentes

128 4499 161 4549 ut
173 4495 203 4550 in
220 4496 342 4552 Genesi:
369 4499 552 4571 «supposuit
576 4501 726 4554 humerum
751 4499 786 4554 ad
810 4508 925 4571 portan-
967 4496 1069 4566 ubique
1082 4497 1209 4552 diffusas.
1235 4498 1350 4552 «Porro
1372 4500 1430 4553 Noe
1450 4501 1485 4554 de
1500 4517 1600 4555 somno
1621 4503 1764 4573 evigilans.

127 4582 196 4638 dum
210 4584 243 4651 11,
254 4605 265 4636 ι
278 4586 304 4639 id
319 4592 370 4651 est,
387 4587 471 4642 vitam
481 4588 649 4643 laboriosam
664 4590 858 4659 apprehendit.
867 4591 925 4644 !in-
967 4586 1056 4640 silium
1068 4602 1160 4650 suum,
1177 4587 1265 4641 Citam
1280 4586 1312 4652 11,
1330 4608 1341 4637 ι
1357 4604 1413 4641 non
1433 4588 1463 4642 in
1485 4588 1557 4660 ipso,
1584 4591 1634 4645 sed
1654 4591 1685 4646 in
1710 4592 1755 4646 un.

128 4687 231 4740 eneruis,
246 4690 311 4727 caro
326 4675 439 4739 Christi,
456 4679 465 4699 ·
483 4698 493 4727 ι
514 4678 594 4748 cujus
610 4678 759 4749 imperium
773 4695 857 4748 super
875 4679 925 4732 hu·
966 4677 1036 4746 ejus,
1059 4678 1068 4699 '
1084 4676 1218 4745 quoniam
1233 4676 1360 4731 Christus
1375 4694 1393 4730 a
1407 4684 1497 4732 morte
1512 4686 1652 4749 resurget,
1670 4697 1767 4736 omne..

127 4775 237 4816 morum
251 4762 340 4832 ejus¹³
352 4783 381 4820 :a
400 4765 473 4835 quod
486 4782 607 4832 cruceni,
632 4783 717 4836 quam
740 4767 801 4820 aliis
824 4767 924 4837 praedi·
966 4764 1098 4836 reprobos
1114 4765 1272 4834 passionem
1288 4782 1368 4819 suam
1388 4766 1546 4833 irridentes,
1572 4785 1631 4822 non
1651 4769 1681 4823 in
1704 4770 1765 4833 heic,

126 4847 466 4921 cavit,ipsemetincarne
477 4855 592 4925 propria
603 4855 742 4919 toleravit,
759 4860 788 4909 et
799 4872 850 4925 per
865 4872 925 4908 eru·
966 4852 1039 4923 quod
1055 4852 1170 4923 perfecti
1183 4860 1258 4919 sunt,
1277 4853 1325 4907 sed
1345 4854 1473 4926 inopere
1493 4872 1601 4923 eorum,
1626 4858 1703 4928 quod
1730 4859 1770 4913 sa-

125 4953 196 5003 cem,
210 4954 296 5011 quam
311 4941 433 4996 moriens
441 4943 471 4996 in
483 4943 608 4997 humeris
623 4943 731 5009 habuit,
748 4944 815 4998 data
832 4950 876 4998 est
885 4944 925 4997 cis
965 4941 1052 5008 ciunt,
1068 4942 1132 4996 odio
1145 4941 1258 4996 habent.
1276 4942 1355 4996 Unde
1364 4945 1668 5000 evenientchhanaan
1683 4948 1768 5003 inter-

125 5033 249 5098 potestas
264 5029 294 5083 in
308 5031 377 5084 coelo
384 5037 413 5085 et
427 5031 456 5085 in
470 5037 556 5087 terra.
573 5034 797 5098 Pordonnium,
820 5033 925 5104 passio·
965 5035 1093 5102 pretatur
1103 5037 1196 5085 motus
1206 5047 1313 5096 eorum,
1323 5031 1352 5085 id
1365 5039 1418 5097 est,
1434 5049 1609 5103 opuseorum
1633 5036 1770 5091 t'hanaan

125 5131 185 5185 nes,
201 5124 234 5174 ut
246 5119 276 5174 in
292 5119 456 5189 Evangelio,
471 5139 484 5172 a
506 5121 568 5191 quis
582 5137 615 5175 ex
625 5121 702 5178 vobis
714 5122 806 5188 homo,
817 5122 865 5193 qui
876 5122 924 5174 ha·
965 5125 1008 5174 ost
1022 5135 1117 5173 servus
1130 5119 1250 5174 fratrum
1264 5136 1387 5185 suorum,
1404 5121 1479 5192 quod
1494 5138 1565 5194 opus
1580 5124 1770 5193 nemoborum

125 5212 173 5266 het
187 5215 300 5263 centum
311 5209 487 5276 oves¹¹,etc.;
503 5211 605 5264 »horno
619 5218 802 5265 centumoves
813 5210 921 5278 habuit,
965 5206 1094 5264 fidelibus
1108 5211 1194 5266 servit
1204 5210 1247 5265 rel
1257 5210 1293 5263 ad
1311 5211 1540 5267 exercitationem
1554 5213 1711 5282 patientia.
1730 5222 1771 5273 ret

160 5436 352 5506 ¹Psat.cx1n,
374 5440 432 5499 153.
447 5441 538 5497 ¹lbid.
554 5458 579 5505 v,
598 5439 642 5496 50.
657 5440 669 5475 1
684 5442 710 5496 II
725 5440 797 5496 Tim.
812 5456 842 5502 11,
858 5441 902 5506 tt,
920 5439 965 5493 tt.
982 5439 993 5473 ¹
1008 5440 1081 5494 Psal.
1099 5452 1196 5504 cxvru,
1213 5437 1257 5495 50.
1277 5438 1374 5492 ¹Psal.
1392 5451 1477 5505 ocur,
1494 5437 1520 5495 3.
1542 5438 1555 5472 ¹
1569 5439 1645 5495 Psal.
1663 5456 1771 5499 rursu.

125 5506 151 5562 9.
168 5506 179 5541 1
193 5507 244 5563 Job
261 5523 304 5572 ux,
320 5511 365 5564 to.
382 5512 393 5545 1
408 5514 446 5567 ΙΙΙ
463 5514 532 5584 Reg.
550 5528 599 5580 vu,
615 5511 660 5565 34.
676 5513 688 5545 1
702 5511 754 5567 tob
768 5527 843 5577 xxxr,
859 5511 905 5565 22.
923 5510 947 5545 11
959 5510 1029 5565 lbid.
1046 5525 1073 5565 v.
1094 5507 1137 5566 36.
1160 5510 1180 5544 11
1195 5511 1249 5564 lsa.
1264 5523 1331 5575 utu,
1348 5509 1375 5566 ⁸2.
1392 5508 1415 5543 11
1433 5511 1504 5564 Gen.
1521 5522 1596 5575 xtra,
1612 5512 1660 5564 ta.
1677 5512 1702 5547 ¹³
1716 5515 1772 5568 lsa.

127 5590 164 5647 ix,
183 5576 209 5635 6.
222 5577 244 5615 ¹⁴
260 5581 325 5637 Luc.
340 5595 384 5645 xv,
400 5582 416 5638 t
433 5588 461 5636 et
476 5601 554 5655 seqq.
567 5585 590 5618 11
603 5584 673 5642 Gen.
691 5598 728 5647 ur,
740 5583 785 5650 ¹23,
804 5583 849 5640 20.
865 5583 889 5617 ¹¹
906 5582 985 5635 Vers.
1001 5580 1045 5638 at.
1062 5581 1084 5616 11
1099 5581 1178 5639 Vers·
1190 5579 1235 5643 22.
1252 5581 1275 5617 11
1290 5581 1369 5634 Vers.
1385 5578 1432 5647 tt.
1446 5580 1470 5615 11
1482 5582 1561 5635 Vere.
1577 5580 1623 5647 24.
