3772 6120
135 254 159 310 u
364 236 654 303 substitutorem
672 238 712 298 IN
732 240 808 297 ΕΡΡ.
832 240 936 298 PAULI
958 241 1025 296 [AB.
1046 240 1080 292 Χ.
1106 268 1137 280 ·-
1160 240 1198 296 IN
1213 241 1323 298 EPIS'P.
1341 244 1351 297 i
1372 240 1419 299 AD
1438 245 1520 300 COR.
1729 244 1760 299 bi

133 379 273 452 appenso
281 367 842 445 tirm'tmandnmtr.idoneitqutdeuiru
853 368 926 422 mibi
935 371 1055 430 Arioiite
1079 376 1143 426 onte
1164 376 1267 438 irruptis
1275 370 1413 436 judicare,
1431 368 1475 424 hie
1488 384 1545 425 non
1559 365 1698 442 prohibet,
1713 370 1762 426 sed
1839 404 1847 416 -

133 469 269 535 orbisque
281 464 355 531 soris
367 463 587 530 rtrntjrrdiearr?
597 459 703 513 Verum
715 466 767 515 est.
782 459 848 527 quia
860 473 923 527 per·
964 461 1093 530 superius
1102 458 1492 529 incognitapersuspicionrm
1501 458 1762 514 manmederecto-

133 553 189 612 idos
198 554 348 626 episeopus
360 566 419 606 uon
435 555 526 622 potest
538 549 674 619 judicare.
690 547 857 600 tumbatre
871 561 923 600 eu·
965 564 995 601 re
1006 548 1147 619 prohibuit
1158 546 1418 617 judicare,quiaDei
1429 548 1515 602 soiius
1524 555 1567 602 est
1576 544 1762 621 oeeuitejudi·

132 656 176 701 tent
190 643 218 698 in
234 658 292 715 quo
306 642 379 696 vitiu
388 642 447 694 inec
454 639 644 710 reperiuntur,
655 653 712 691 non
726 637 817 690 solnm
827 635 924 689 Sacra·
965 652 1037 704 carra,
1050 636 1102 690 hoe
1113 644 1207 690 nutem
1218 636 1277 689 ioco
1285 642 1317 689 ut
1324 635 1439 690 fratrem
1448 636 1535 692 trater
1544 639 1694 705 examinet,
1701 638 1761 709 jam

132 729 466 796 uentanonedenda,sed
482 733 718 782 uretornmunem
726 740 817 778 esrom
828 723 922 778 docet:
962 725 1051 796 jubet.
1060 726 1131 780 sieut
1146 723 1200 779 aiio
1217 724 1244 778 in
1260 725 1318 779 loeo
1333 725 1401 780 dicit
1414 727 1453 792 (11
1463 727 1522 781 Por.
1536 729 1612 795 ruri:
1631 726 1676 781 i'or
1692 728 1761 796 ipsos

131 820 304 879 domuerant
319 832 384 873 edm
397 820 504 873 vitetur
511 823 541 870 et
552 831 581 870 ee
594 815 830 882 competitorem
840 813 872 865 de
881 813 924 865 bis
966 819 1065 868 tentate
1074 817 1099 867 si
1108 817 1170 868 estis
1181 817 1211 866 iu
1220 814 1279 881 fide,
1290 818 1345 883 ipsi
1354 831 1398 868 ror
1414 816 1541 884 probate.-
1558 817 1605 887 qui
1620 814 1761 870 antemio.

131 917 249 984 pu'intua
258 908 537 976 muttusjredieatist
549 905 659 959 iudicat
672 903 736 974 quis
747 902 924 956 dumdiseer·
965 902 1003 955 ris
1012 910 1077 957 suut
1087 902 1116 957 in
1127 903 1172 957 die
1178 903 1276 972 judicii
1287 904 1505 965 damnabuntur,
1513 905 1580 976 quia
1591 905 1660 959 dixit
1668 903 1761 960 Domi·

131 1003 165 1057 nit
177 1000 220 1055 eui
233 996 316 1053 fratri
336 996 489 1059 adhereat,
505 1011 566 1066 quie
580 995 691 1063 urguet,
708 1007 792 1062 quem
807 989 921 1043 devitet.
965 1007 1016 1045 nus
1030 1012 1034 1045 :
1049 988 1102 1059 (tui
1113 1008 1168 1045 nou
1179 993 1335 1057 crediderit,
1341 996 1403 1062 Jeru
1409 996 1599 1061 jruiieatusert
1608 995 1758 1064 (Joau.nr);

130 1082 193 1145 iou
204 1102 244 1141 em
254 1088 306 1155 qni
314 1088 385 1154 forts
398 1091 465 1139 sterit
475 1087 544 1139 Deus
551 1083 700 1151 judieubit.
718 1079 853 1150 Superius
864 1079 919 1132 ait:
964 1080 993 1133 in
1003 1097 1058 1150 qno
1068 1081 1144 1134 enim
1160 1097 1222 1152 spes
1236 1090 1354 1148 nonest,
1367 1100 1417 1153 pro
1430 1090 1540 1137 mortuo
1553 1082 1697 1138 habendus
1707 1089 1758 1138 est.

561 1334 830 1466 uiuus
884 1296 1318 1466 sumnus,

427 1604 545 1660 CAPUT
564 1605 610 1659 Vi.
930 1599 1062 1659 Bomnes
1075 1601 1212 1657 haberent
1224 1603 1446 1673 originem,hine
1460 1608 1512 1667 est,
1518 1601 1594 1657 unde
1608 1601 1718 1673 Moyses
1731 1602 1760 1656 in

126 1712 413 1779 pepuffimmm
424 1709 920 1780 puppmppfyamarwppmos,eppe
962 1691 1278 1755 Deuteronomiotiieut.
1293 1688 1644 1755 xxx111i2Cumdirideret,
1656 1691 1758 1762 inquit,
1802 1750 1805 1755 ,
1867 1740 1874 1749 .

154 1783 921 1850 mmrqwsiniersebabeat,rtrodiiudeorrr'pundum
961 1777 1121 1834 Aitissimus
1142 1785 1249 1850 gentes,
1266 1780 1504 1852 quemadmodum
1528 1778 1661 1851 dispersit
1687 1778 1760 1835 filios

151 1856 348 1921 [W‘WWD'
364 1857 475 1908 ”flium-
961 1869 1140 1931 Adostotuit
1150 1868 1760 1940 {inesgentiumseeundumnumerumanpe-

153 1964 386 2027 desertarentur*
396 1960 828 2030 reuobr'eiptir.tAnrbr.)Adirue
842 1973 920 2010 com·
962 1959 1258 2022 iorumDeiQuidmm
1269 1964 1398 2030 apertum
1408 1958 1483 2012 hunc
1492 1958 1761 2030 mundumsuperio-

121 2055 213 2104 mouet
225 2060 258 2103 ut
270 2050 472 2104 discernantur
485 2065 502 2102 a
517 2051 598 2104 maiis
607 2049 775 2119 etoperibue
790 2056 818 2100 et
832 2047 921 2100 bomi-
963 2046 1000 2100 ris
1010 2064 1071 2100 esse
1082 2048 1236 2117 imaginem
1244 2054 1458 2108 ceriaexmusa,
1466 2046 1761 2103 esteuimetiiierusu·

117 2139 207 2194 nuno.
221 2141 310 2194 Audet
325 2143 432 2207 utr'qut's
446 2146 567 2192 restrum
582 2142 712 2192 miurinus
733 2142 854 2192 utimum
871 2137 920 2187 de·
961 2136 1017 2188 lem
1032 2136 1183 2189 inferioret
1198 2137 1245 2190 iiia
1259 2137 1396 2207 superior,
1410 2151 1494 2207 quarn
1504 2144 1624 2190 matrem
1634 2143 1760 2192 nostram

119 2231 178 2282 beas
188 2229 665 2296 nqotiumjadieariupudiniquor
676 2234 699 2280 et
712 2226 920 2294 riouopudsou·
960 2230 1040 2278 vocat
1055 2224 1128 2277 idern
1145 2226 1310 2295 Apostolus:
1325 2233 1368 2279 ost
1383 2234 1411 2279 et
1425 2223 1541 2279 inferior
1558 2224 1715 2295 paradisus,
1730 2227 1759 2280 in
1820 2246 1824 2251 ·

119 2324 192 2371 mor
207 2317 325 2387 Iniquus
341 2316 448 2387 dupliui
461 2331 565 2386 genere
584 2317 733 2386 signifieat,
751 2321 779 2368 et
796 2315 845 2384 qui
863 2328 920 2367 nun
962 2329 1017 2382 quo
1032 2313 1115 2366 homo
1128 2314 1245 2382 positus.
1255 2313 1418 2366 mundatum
1438 2320 1465 2367 et
1480 2319 1511 2366 ut
1530 2318 1663 2383 operetur
1674 2311 1721 2375 ibi,
1732 2319 1761 2368 et

119 2406 442 2475 mmetquilegesa
452 2405 509 2459 [too
520 2406 750 2459 mundoereditas
759 2405 921 2473 frequenter
961 2409 993 2456 ut
1007 2400 1161 2455 custodiret
1175 2403 1289 2472 aoeepit.
1304 2402 1352 2455 Est
1367 2407 1395 2455 et
1409 2399 1456 2454 ilie
1470 2401 1590 2455 celestis
1605 2403 1633 2455 in
1648 2416 1703 2473 quo
1717 2416 1760 2455 ra-

121 2511 180 2549 eam
195 2495 362 2549 adobtione
369 2495 601 2565 interpretantur,
608 2496 803 2549 auctoritatem
819 2493 920 2545 hurum
962 2496 1026 2561 ptus
1040 2491 1189 2561 Apostolus
1214 2490 1320 2544 audivit
1343 2506 1444 2544 areana
1464 2489 1549 2545 uerita
1570 2490 1610 2559 (ΙΙ
1622 2490 1683 2545 Cor.
1699 2494 1757 2560 xit).

119 2580 920 2654 idaiiedeputuntmdooquoiniquirantetquieinEecie·
961 2580 1131 2634 Iudicabunt
1144 2596 1211 2649 ergo
1226 2579 1314 2634 saneti
1330 2580 1403 2633 hune
1422 2580 1568 2646 mundum,
1588 2579 1759 2651 quiaexem-

118 2675 157 2726 ι’·
166 2673 259 2743 magis
270 2674 315 2726 tex
325 2679 378 2737 est,
384 2673 432 2726 ubi
444 2674 518 2726 Deus
529 2673 598 2740 tegis
606 2673 732 2731 timetur,
742 2671 841 2724 meiius
852 2670 920 2723 dicit
961 2670 1008 2740 pio
1023 2670 1087 2722 fidei
1103 2669 1215 2722 illorum
1229 2667 1347 2740 perfidia
1365 2668 1463 2722 mundi
1478 2667 1667 2723 damnabitur.
1680 2668 1712 2725 Et
1728 2671 1759 2725 in

120 2763 188 2833 apud
203 2763 254 2816 Dei
266 2762 414 2817 ministros
428 2778 512 2831 egere
526 2776 653 2827 euuearng
671 2760 778 2817 tunitius
793 2760 869 2813 enim
884 2757 919 2811 de
961 2761 1033 2811 uubis
1039 2760 1216 2826 judicabitur
1225 2758 1431 2821 brundusium
1443 2757 1617 2829 judicabitur
1624 2757 1670 2814 hio
1680 2773 1761 2815 mun·

120 2852 166 2905 Dei
176 2852 283 2904 titnore
292 2849 464 2904 renuntiem
479 2851 546 2919 tegis
561 2864 656 2903 reram
671 2856 813 2920 promunt.
824 2848 918 2916 (nup.)
960 2849 1012 2901 dus
1027 2849 1056 2901 in
1071 2847 1160 2913 nobis,
1177 2847 1201 2901 si
1216 2862 1286 2918 opus
1301 2848 1625 2920 periidommhominum
1636 2848 1760 2907 invenia-

121 2938 151 2994 u
162 2941 207 2993 hir.
226 2948 324 3010 posset
341 2940 401 2993 deri
418 2941 556 3009 judicium
574 2938 677 2993 hebere
693 2938 825 2992 adversus
844 2937 916 2990 nite·
926 2929 949 2994 C
959 2938 1042 2991 turin
1055 2936 1143 2990 nobis.
1156 2938 1271 3005 ludioni
1285 2942 1351 2990 sieut
1365 2954 1427 3003 erpo
1443 2938 1603 3007 hujusmodi
1616 2938 1759 3008 quiritant

120 3045 178 3082 mm
200 3045 258 3082 non
273 3045 335 3082 esse
351 3035 504 3099 peceatum,
516 3031 563 3082 sed
575 3028 771 3083 tantummodo
786 3026 824 3090 id,
840 3031 919 3079 extra
960 3029 991 3079 de
1002 3025 1336 3094 rrrt'ur'uu'tjudr'erui.Hoc
1347 3035 1462 3092 est,n0n
1473 3026 1759 3098 suntutiqueindtgni

122 3118 268 3172 Eneleniam
283 3118 354 3170 veile
370 3118 501 3187 judicari,
518 3118 571 3172 nisi
590 3123 703 3171 secutus
727 3117 916 3186 adjungeret:
960 3115 989 3168 hi
1004 3115 1051 3184 qui
1065 3115 1156 3185 ipsum
1172 3115 1309 3168 mundum
1326 3115 1479 3186 judicaturi
1495 3122 1569 3182 sunt,
1587 3130 1621 3170 ea
1631 3115 1759 3187 judicare

121 3208 178 3259 Iam
191 3209 304 3274 quoteni
320 3210 435 3260 oranirw
445 3208 576 3260 delicium
586 3210 706 3260 etiinter
716 3221 760 3258 eut
770 3204 920 3273 qniuy'udr'-
960 3221 1021 3275 quae
1032 3204 1130 3258 mundi
1140 3209 1214 3257 sunt.
1223 3205 1336 3258 Nescitis
1352 3209 1484 3273 quonium
1498 3209 1607 3274 arturius
1616 3205 1759 3276 judieabi·

123 3300 161 3348 eiu
175 3297 282 3349 boatu
295 3297 444 3359 uobiscum,
460 3300 489 3349 et
503 3311 537 3348 ue
552 3296 701 3365 quisquam
717 3294 756 3347 itu
768 3295 821 3347 hoe
836 3309 919 3346 excu-
960 3299 1039 3346 ruris?
1057 3292 1142 3346 Addit
1161 3295 1224 3364 pius
1242 3292 1368 3360 dicendo,
1385 3299 1495 3363 errpolos
1511 3296 1711 3364 judicabimus,
1730 3293 1758 3349 id

123 3393 201 3443 uret.
219 3393 251 3438 ut
269 3385 387 3448 diceret,
400 3386 509 3452 justum
527 3402 557 3438 se
573 3384 676 3438 hebere
700 3383 854 3453 negotium,
871 3381 919 3435 sed
960 3383 1160 3453 estpotentias
1176 3382 1325 3454 spiritales,
1336 3400 1405 3454 quas
1420 3383 1475 3438 ulio
1489 3385 1548 3439 loco
1563 3384 1651 3440 tradit
1664 3385 1694 3439 iu
1706 3401 1759 3439 ete—

123 3473 297 3543 iuiquitetem
312 3489 343 3526 ee
358 3473 426 3544 peti,
443 3488 528 3542 quam
543 3474 626 3527 veliet
640 3489 657 3526 u
671 3490 701 3526 se
715 3473 842 3542 judicum
858 3487 920 3524 sen·
960 3471 1076 3525 testibus
1085 3473 1197 3542 degere,
1209 3473 1308 3526 eodem
1322 3489 1424 3543 genere
1432 3471 1599 3544 judicandos
1614 3474 1728 3545 angelos
1742 3494 1759 3530 a

123 3563 207 3615 untia
219 3563 369 3626 removeri,
384 3563 518 3615 contiuuo
532 3562 635 3616 tutibus
649 3561 864 3630 cogitationibus
876 3561 918 3613 vel
960 3559 1049 3624 nobis,
1066 3577 1122 3631 quo
1144 3569 1172 3614 rt
1195 3562 1316 3616 mundus
1329 3560 1510 3633 judicabitur.
1534 3563 1634 3633 (ὅπῃ.)
1651 3563 1758 3620 Montes

121 3650 344 3707 emtionibus
357 3652 574 3722 ooonrntatque
588 3652 645 3704 eit:
660 3651 919 3717 erorenournapr's
960 3651 1064 3721 quippe
1085 3655 1245 3704 sanctorum
1267 3652 1430 3705 transitoria
1444 3658 1545 3706 cuneta
1558 3651 1716 3724 despiciunt
1731 3660 1760 3709 et
1864 3641 1869 3651 ¹

125 3744 297 3808 iniquitatem
304 3744 549 3809 petiminiiquure
559 3757 613 3794 nou
621 3743 713 3808 potius
722 3741 919 3807 fraudamini?
960 3739 1049 3792 subse
1059 3738 1114 3792 labi
1126 3740 1260 3809 quidquid
1271 3739 1406 3810 superbit,
1415 3739 1550 3810 quidquid
1560 3745 1756 3812 preteriteou·

125 3837 152 3882 rt
163 3830 198 3883 ed
212 3830 283 3884 iilud
299 3830 431 3883 redeatur
445 3830 518 3900 quod
533 3829 670 3883 Dominus
684 3828 742 3882 ait:
756 3829 862 3896 Siquis
876 3844 920 3880 eo·
959 3827 1122 3897 templutur.v
1140 3832 1168 3880 et
1182 3828 1262 3897 quasi
1277 3828 1305 3880 in
1321 3829 1442 3898 quodam
1464 3844 1558 3882 rerum
1574 3830 1676 3886 vertice
1691 3850 1757 3888 con·

127 3921 205 3971 tuerit
219 3923 346 3972 tontum
359 3923 436 3971 tumn
448 3921 539 3971 toliere
548 3922 573 3971 et
582 3919 690 3985 jureiieio
706 3920 792 3970 tecum
808 3921 918 3969 conten·
960 3915 1061 3979 stituti‚
1071 3921 1150 3969 tanto
1160 3913 1212 3968 sibi
1227 3916 1321 3969 omnia
1333 3915 1446 3970 subesse
1457 3918 1640 3989 conspiciunt,
1652 3932 1757 3994 quanto

127 4005 191 4072 dere,
204 4010 350 4061 dimittati
362 4011 521 4076 repetitum
537 4007 726 4074 (Moternrp
739 4004 830 4058 etniio
841 4005 916 4058 ioco:
960 4003 1126 4079 semetipsas
1139 4003 1231 4058 uerius
1252 4005 1359 4059 auctori
1382 4005 1508 4061 omnium
1523 4008 1655 4080 subdunt,
1673 4021 1757 4086 utque

127 4096 176 4160 poc
191 4099 348 4161 uirrtrrierit,
365 4096 466 4166 inquit.
485 4101 542 4158 tua,
561 4098 620 4149 noli
643 4101 758 4164 repetere
776 4095 852 4163 (Luc.
870 4098 915 4157 tu).
961 4094 1025 4147 inde
1035 4099 1134 4147 uincta
1150 4094 1360 4161 transcendunt,
1373 4094 1446 4150 unde
1456 4097 1583 4153 Creatori
1593 4109 1756 4158 cunctorum

127 4184 269 4241 Pmbibuit
282 4186 378 4256 itaque
391 4202 458 4239 suos
468 4185 502 4238 de.
511 4185 682 4239 secularibus
692 4183 775 4238 rebus
784 4200 848 4236 rum
856 4181 919 4236 aliis
960 4198 1025 4236 vera
1038 4201 1067 4236 se
1083 4182 1242 4237 humilitate
1253 4189 1444 4254 prosternunt.
1458 4187 1549 4258 (stop.)
1563 4189 1594 4244 In
1607 4190 1757 4265 Evangelio

126 4273 222 4327 bebere
234 4275 384 4344 judicium.
402 4275 440 4327 Ex
459 4289 513 4344 qun
533 4274 659 4327 doctrina
681 4272 830 4343 Apostolus
851 4256 1027 4340 dioitDergo
1041 4273 1176 4326 Dominus
1194 4274 1233 4326 ait
1250 4291 1255 4324 :
1273 4273 1402 4328 Srdrbt'tir
1422 4292 1503 4343 super
1521 4278 1662 4334 riuodeciru
1685 4285 1757 4339 sedes

125 4379 181 4415 esse
194 4364 453 4423 delictum;tamen
468 4379 531 4416 eum
542 4363 599 4416 sint
614 4364 641 4415 iu
658 4363 778 4416 Ecclesia
790 4360 857 4414 tedia
869 4361 917 4433 ju·
954 4364 1114 4430 judicantes
1135 4362 1277 4415 duodecim
1305 4361 1393 4416 tribus
1415 4365 1501 4418 Israel
1524 4365 1612 4434 (Moti.
1635 4374 1704 4438 xix),
1727 4371 1755 4427 Si
1799 4400 1802 4406 ,

123 4451 192 4506 diua
204 4453 280 4507 finiri
291 4451 624 4513 interfrutres,sratribus
631 4451 918 4521 judicantibus‚extra
959 4448 1104 4504 duodecim
1120 4450 1194 4504 sellae
1209 4448 1248 4503 ibi
1263 4459 1338 4516 sunt,
1354 4466 1410 4504 non
1428 4460 1470 4505 est
1487 4453 1533 4506 ubi
1553 4454 1632 4509 sedat
1655 4460 1755 4515 tertius

124 4538 270 4596 Decimium
280 4555 345 4594 vero
354 4538 600 4594 terribilitervetnt
612 4558 617 4592 :
631 4539 810 4593 manifestum
821 4547 863 4593 est
872 4539 917 4592 hie
959 4539 1083 4593 decimus
1098 4540 1240 4610 apostolus
1255 4539 1367 4603 Paulus
1384 4545 1413 4592 et
1426 4556 1481 4594 nou
1496 4539 1551 4595 erit
1564 4544 1703 4615 quomodo
1711 4551 1756 4620 ju·

122 4628 917 4698 quidseeuudumveniumconcedaturintirmis.:intipno-
959 4627 1040 4681 dicet.
1057 4628 1111 4682 Sed
1127 4629 1185 4698 ipse
1203 4627 1394 4697 Judieaturum
1413 4645 1443 4682 se
1463 4627 1532 4685 dixit
1550 4650 1606 4687 non
1627 4633 1755 4694 homiues

121 4721 327 4787 rutirqaoninrn
341 4722 431 4772 saneti
438 4720 470 4771 de
481 4720 530 4771 boe
539 4717 917 4786 muuoojndr‘robontrn'init
957 4723 1069 4771 tautum
1084 4717 1131 4771 sed
1145 4715 1282 4785 Angelos,
1301 4730 1370 4786 quos
1383 4719 1513 4789 Angelos,
1527 4719 1581 4776 nisi
1594 4729 1755 4796 apostatas?

120 4806 211 4861 odiose
226 4808 296 4861 dicit
319 4808 478 4878 Apostolus,
495 4807 557 4860 ideo
581 4806 657 4860 enim
680 4808 755 4860 hune
780 4807 915 4861 mundum
958 4805 1080 4866 Nescitis,
1092 4806 1193 4875 inquit,
1205 4807 1271 4873 qniu
1285 4808 1394 4873 oupezos
1405 4809 1614 4875 judicabimur?
1630 4815 1754 4888 Respon-

119 4896 195 4957 dixit,
212 4903 245 4951 ut
258 4896 431 4950 ostendntet
445 4897 576 4958 aiterum,
590 4895 655 4966 quia
671 4901 697 4949 et
712 4896 833 4949 ioannes
848 4913 915 4966 upo-
958 4894 1037 4948 deret
1051 4910 1117 4964 ergo
1131 4893 1224 4952 turbo.
1241 4892 1313 4958 Quid
1334 4901 1361 4948 te
1379 4899 1469 4966 jactus
1481 4897 1692 4968 judicaturum?
1707 4907 1755 4963 ubi

119 4987 205 5040 eolus
222 5004 227 5038 :
245 4987 342 5050 Nolite,
360 4987 408 5052 nit,
424 4987 539 5052 diiipere
553 4986 628 5038 buno
643 4986 777 5039 muudum
794 4986 823 5056 (1
834 4988 914 5038 ioan.
957 4982 1246 5037 sedeblsiDuodecim
1262 4985 1351 5051 sedes,
1368 4985 1438 5040 dixit
1447 4986 1592 5056 Dominus,
1602 4988 1636 5045 de
1651 4992 1754 5050 duode-

121 5084 161 5130 ni:
179 5080 206 5128 et
224 5076 362 5128 Dominus
382 5075 412 5128 in
432 5074 604 5140 Evangelio:
622 5075 678 5138 Sir,
695 5073 795 5144 inquit.
819 5076 917 5127 dr'ierr't
957 5073 1011 5126 cim
1027 5072 1159 5143 apostolis
1173 5086 1245 5126 unus
1260 5073 1367 5135 cecidit,
1384 5076 1412 5129 in
1432 5076 1522 5131 iocum
1539 5076 1626 5150 ipsius
1641 5090 1755 5142 sanctus

120 5166 186 5217 Deus
202 5166 342 5217 rutundum
356 5166 440 5223 buno,
454 5171 506 5216 ete.
525 5166 614 5218 tdoen.
625 5171 671 5226 rvi.
685 5165 735 5217 Hic
751 5181 817 5232 ergo
833 5179 915 5216 mun·
958 5162 1090 5216 Matthias
1100 5160 1245 5217 ordinatus
1257 5163 1448 5235 est,impietus
1458 5165 1754 5229 estduodenariusnu-

118 5253 169 5306 dus
180 5254 314 5306 inerrare
324 5260 376 5315 est,
389 5268 445 5305 non
456 5253 682 5323 illesuperiorad
694 5254 773 5322 eujus
783 5253 915 5306 similitu·
958 5267 1051 5305 merus
1070 5251 1189 5317 sedium,
1207 5252 1297 5323 primo
1316 5253 1405 5307 locuni
1422 5252 1524 5321 inveni,
1541 5254 1588 5311 ubi
1603 5259 1710 5330 sedeas,
1727 5272 1755 5320 et

116 5342 208 5395 dinem
224 5340 370 5395 biotuetm
383 5345 434 5394 est.
451 5341 531 5394 Unde
545 5342 629 5395 homo
644 5341 687 5396 iric
702 5341 808 5412 positus
824 5348 866 5396 est
880 5342 916 5395 nd
957 5342 996 5395 sic
1005 5350 1032 5395 te
1041 5340 1149 5394 minare
1156 5341 1509 5411 judicaturquuornodo
1518 5346 1754 5425 ergoinquinquo
1851 5388 1854 5395 .

116 5431 268 5501 imaginem
283 5430 334 5484 Dei
350 5428 449 5495 suetus
466 5434 498 5483 ut
512 5430 584 5484 sieut
604 5429 633 5483 in
653 5431 789 5500 superiori
810 5429 915 5484 mundo
956 5429 1089 5484 iratribus
1103 5429 1188 5496 illiue,
1205 5431 1251 5501 qui
1269 5432 1452 5503 torquebatur
1470 5433 1544 5506 apud
1559 5435 1673 5504 inferos,
1688 5442 1753 5497 mil·

114 5520 149 5575 ab
163 5534 221 5576 unu
233 5518 294 5574 Deo
306 5525 374 5573 eunt
387 5518 541 5579 ammanite
551 5523 581 5573 et
590 5519 621 5574 in
630 5520 680 5573 hor
691 5517 726 5572 ab
732 5535 789 5573 uno
801 5520 914 5574 homine
955 5516 1095 5590 liapopuli
1103 5520 1274 5580 Judaeomm,
1283 5518 1422 5591 quomodo
1430 5529 1542 5580 centum
1550 5527 1753 5601 quinquaginta
