3772 6120
93 264 180 320 sio
430 264 461 317 s.
483 263 619 319 msam
638 262 753 317 nuum
772 262 940 317 incarne.
961 232 1123 318 uocum.
1145 259 1463 317 armunensem

128 396 178 444 est.
192 394 219 443 et
233 388 427 443 auctoritatem
443 403 499 441 nou
508 386 593 440 babet
605 387 778 441 cohortandi.
796 387 851 441 Ete
860 389 955 446 eon-A
967 404 980 437 ιι
991 403 1103 439 omnem
1119 384 1203 438 sidem
1230 385 1409 439 ostendentes
1423 383 1537 449 bonam,
1559 389 1593 439 at
1607 403 1614 439 ι

126 479 223 541 trario,
234 476 360 546 qumrnis
374 476 411 529 sit
422 475 580 529 rusticanus
595 482 624 529 et
636 476 734 529 tardus
751 476 786 528 ad
806 476 924 545 loquen-
966 491 981 526 ι
997 474 1148 528 Salvatoris
1162 473 1306 528 nostriDci
1316 473 1456 527 ornentiu
1465 471 1614 527 omnibus?

128 568 205 631 darn,
221 567 244 618 si
259 565 455 627 castusl'uerit,
470 565 596 635 exemplo
612 581 663 618 suo
687 563 814 618 homiues
834 568 926 633 potest
967 563 1129 616 Servossuis
1137 562 1257 615 dominis
1266 561 1394 616 subditos
1402 579 1463 615 essc
1475 561 1558 615 docet
1571 560 1614 616 ott

128 656 163 709 ad
178 655 241 707 ritae
256 653 467 707 similitudinem
486 653 639 723 impellere.
669 653 749 716 Quod
761 658 857 705 auteur
875 652 924 715 ait,
967 652 1036 705 loco.
1048 672 1060 697 ιι
1074 652 1147 705 Doce
1163 651 1192 704 in
1202 650 1332 705 ominbus
1344 670 1356 703 u
1374 650 1451 715 dicit,
1466 649 1490 703 si
1506 650 1559 704 hoc
1571 649 1614 705 dor

130 744 181 797 eiu
196 743 415 813 incorruptione,
437 766 448 791 ιι
471 741 510 794 sic
524 741 726 811 accipiendum,
743 740 818 810 quod
832 740 926 792 incor-
966 740 1128 794 tumsucrit.
1146 740 1225 803 Quod
1240 739 1324 793 ctiam
1337 739 1367 793 in
1392 737 1614 808 subsequentibu

128 833 221 903 ruptio
233 832 343 902 proprie
352 830 542 899 virginitatem
560 838 649 883 sonet.
672 829 798 898 Denique
813 829 860 898 qui
874 829 926 880 rir—
967 828 1033 889 tius,
1046 848 1059 879 ιι.
1077 829 1104 881 in
1114 828 1252 889 omnibus,
1271 848 1284 880 r
1295 828 1372 881 (licit.
1388 844 1450 897 quse
1460 827 1497 880 ad
1515 827 1611 881 solum

127 922 209 990 gines
218 928 292 973 suut.
304 920 385 989 vulgo
395 918 550 990 incorrupti
557 917 692 988 appellari
706 917 814 982 solent;
839 922 867 969 et
877 916 926 986 qui
967 916 1141 987 obsequium,
1156 924 1315 970 necantem
1329 922 1361 970 ut
1375 916 1410 969 ad
1425 916 1605 986 impietatem

127 1010 249 1077 virgines
264 1028 324 1061 esse
338 1007 482 1067 desierint,
491 1006 615 1076 corrupti
631 1005 813 1059 nominantur
828 1024 834 1057 :
848 1011 876 1058 et
885 1005 926 1057 di·
967 1004 1117 1075 publicarit
1132 1005 1238 1059 dicens:
1247 1006 1309 1059 Non
1320 1004 1552 1069 contradicentes,
1566 1019 1614 1059 not

128 1098 234 1152 cimus:
253 1098 304 1152 llla
314 1113 376 1167 «quac
389 1096 444 1150 suit
459 1096 600 1166 quondam
613 1093 700 1163 ringo,
713 1100 845 1163 corrupto
872 1100 923 1145 est..
966 1103 1018 1155 tes,
1035 1094 1075 1147 ita
1088 1100 1182 1148 utnon
1197 1099 1331 1164 spernant
1345 1100 1484 1164 praecepta
1496 1093 1613 1149 domino

129 1186 208 1241 linde
224 1186 351 1239 ct'l'iturn
359 1185 476 1250 aestimo,
493 1184 655 1254 priusquam
678 1181 769 1236 carnis
785 1199 868 1252 opere
882 1198 925 1235 oc·
967 1199 1040 1248 rum,
1052 1183 1277 1253 nequcsraudem
1292 1182 1415 1253 aliquam
1427 1182 1550 1236 dominis
1563 1181 1614 1237 suit

128 1281 287 1345 ruparctur,
298 1272 446 1343 Evangelio
457 1273 615 1326 credentem
624 1271 763 1341 accepisse
773 1270 922 1341 baptisma.
966 1278 1016 1325 uut
1030 1272 1135 1342 aliquid
1142 1288 1239 1325 eorum
1247 1271 1388 1326 furentur:
1396 1271 1446 1325 sed
1453 1272 1614 1327 bdemomn

128 1372 157 1417 et
171 1363 306 1432 virginem
318 1361 514 1432 permansisse.
531 1367 559 1413 et
569 1377 643 1413 rrurrc
656 1360 691 1413 ab
701 1361 833 1431 ilpostolo
848 1366 880 1412 ut
894 1359 924 1412 in
966 1359 1064 1412 ‹lerrtcs
1078 1358 1190 1424 bonam,
1203 1365 1234 1413 ut
1254 1360 1411 1413 doctrinam
1429 1358 1583 1414 Salvator'm
1610 1376 1614 1413 1

127 1449 924 1521 incorruptioneformamsuiprabeatcommoneri:quam
965 1454 1067 1501 ornent
1075 1448 1248 1502 inoumibus.
1256 1449 1339 1513 Doce,
1348 1448 1449 1519 inquit,
1458 1454 1545 1502 eosut
1553 1464 1614 1503 omr

129 1540 241 1610 quidem
255 1537 493 1607 incorruptionem
509 1537 536 1590 in
562 1536 707 1590 Timotheo
721 1536 913 1590 uonridemns
966 1537 1024 1590 suis
1036 1537 1184 1590 exhibeant
1195 1537 1378 1592 dominis.Sic
1390 1537 1465 1590 enim
1481 1536 1532 1612 Dei
1543 1537 1614 1591 doctr

127 1630 199 1682 Nam
216 1645 278 1681 cum
293 1627 319 1679 ci
340 1627 463 1680 diceret:
480 1646 491 1675 ιι
508 1626 597 1679 Nemo
612 1625 829 1679 adolescentiam
847 1631 925 1678 tuam
966 1626 1030 1679 bilis
1039 1626 1228 1689 ridebitur,eo
1238 1626 1313 1696 quod
1335 1632 1363 1679 et
1386 1642 1480 1679 serres
1503 1626 1614 1681 talea-er

127 1723 298 1777 contemnat,
310 1716 359 1768 sed
373 1716 463 1768 lenna
475 1721 534 1768 esto
553 1714 678 1767 bdelium
695 1714 724 1767 in
739 1730 877 1777 sermone,
896 1713 926 1766 in
936 1704 959 1762 Β
969 1732 1020 1768 nos
1043 1714 1170 1768 exhibeat
1188 1732 1263 1768 suos.
1274 1714 1519 1780 (Hirr.lQuouiam
1529 1714 1613 1769 Domi

127 1805 347 1867 couversatione,
364 1804 392 1857 iu
407 1804 552 1863 obesitate,
569 1803 598 1856 in
632 1803 696 1862 lide,
714 1802 742 1855 in
756 1802 895 1863 castitate,
914 1821 927 1853 r>
969 1808 1048 1856 vator
1062 1811 1157 1856 noster
1184 1804 1275 1873 quiin
1291 1803 1440 1873 Evangelio
1460 1803 1522 1856 ait:
1546 1802 1614 1857 Veni

128 1895 162 1947 dc
173 1894 382 1964 incorruptione
402 1892 498 1955 tacuit,
526 1898 555 1944 ot
568 1898 678 1944 tuntum
702 1891 796 1962 posuit
816 1892 927 1944 castita-
970 1892 1131 1962 omnesqui
1148 1892 1281 1945 laboratis
1293 1891 1526 1949 etoneratiestis,
1539 1898 1614 1963 eteg

127 1989 195 2037 tem.
212 1983 332 2037 (frisatas
346 1988 441 2035 zeutem
452 1986 481 2033 ct
494 1980 521 2033 in
537 1979 667 2033 crelibatu
683 1979 788 2050 absque
810 1979 927 2049 virgini·
968 1982 1129 2047 rostlloltb.
1144 1992 1191 2049 xi),
1207 2004 1218 2031 r
1228 1981 1614 2042 nullamcorrditioncrri,aetab

128 2078 186 2126 tate
197 2071 313 2139 intelligi
328 2076 436 2141 potest:
447 2069 500 2123 nisi
512 2069 745 2122 lbrtccastimtem
756 2068 925 2139 accipiamus
968 2086 985 2121 a
998 2068 1172 2123 beatitudine
1186 2070 1340 2123 arbitratur
1365 2070 1498 2135 alienum,
1518 2074 1614 2141 propte

127 2161 156 2214 iu
169 2159 518 2229 triente,incorruptionem
528 2175 593 2211 reru
608 2158 635 2210 iu
656 2173 781 2227 corpore,
795 2159 877 2226 juxta
891 2157 925 2209 il·
967 2158 1116 2228 Apostolus
1130 2166 1159 2211 ct
1170 2159 1258 2211 servis
1273 2164 1411 2229 praeopta
1433 2157 1591 2223 coustituit,

128 2250 174 2303 lud
192 2250 264 2319 quod
279 2248 380 2301 alibiin
396 2247 511 2317 riaginis
527 2246 689 2299 delinitione
699 2245 847 2300 scribitur:
863 2268 875 2295 ιι
889 2246 925 2300 Ut
966 2246 1038 2317 parti
1051 2246 1506 2317 Ecclesisemembrisquecorporis
1517 2246 1614 2301 Christ

127 2339 164 2391 sit
177 2344 273 2392 salicta
288 2353 403 2407 corpure
418 2343 447 2390 et
460 2335 571 2406 spiritu.
596 2358 607 2381 ιι
624 2335 657 2388 Et
667 2335 726 2404 ipse
738 2351 812 2388 nunc
831 2350 925 2387 conse-
965 2335 1192 2405 modosuperius.
1201 2352 1291 2400 senes,
1304 2352 1383 2400 anus,
1399 2336 1614 2391 adolescentulas

127 2434 246 2497 quentcr
254 2425 394 2495 adjunxit:
406 2445 418 2469 ιι
427 2425 454 2478 in
468 2424 603 2486 doctrina,
621 2423 648 2476 in
659 2422 877 2492 incorruptione,
896 2422 924 2476 in
966 2424 1031 2494 quid
1046 2423 1125 2476 Titus
1136 2424 1247 2477 erudire.
1262 2423 1386 2489 deberet,
1402 2424 1515 2478 edocuit
1525 2424 1582 2479 :ita
1593 2440 1612 2479 n

128 2516 272 2585 pudicitia.
291 2534 303 2564 r
321 2515 473 2567 Possumus
484 2518 511 2566 et
522 2512 760 2582 incorruptionem
780 2517 808 2563 et
820 2510 925 2581 pudici·
966 2512 1334 2582 aptuprreccptaconstituit.
1351 2513 1475 2566 Primum
1485 2518 1518 2567 ut
1531 2511 1614 2567 subdi

127 2604 206 2669 tiam,
223 2602 484 2655 cliamindoctrimc
492 2599 654 2670 integritate
663 2599 924 2670 imterpretari,uisi
966 2601 1049 2654 minis
1061 2601 1156 2654 suisin
1178 2601 1318 2654 omnibus.
1333 2602 1415 2655 lnhis
1430 2608 1526 2656 autem
1551 2617 1614 2656 omn

127 2691 200 2761 quod
208 2690 367 2760 specialiter
375 2689 510 2759 sequitur,
525 2708 538 2739 ιι
550 2705 678 2741 sermono
688 2704 756 2741 sano
766 2694 795 2741 et
804 2688 925 2758 irrepre·
968 2706 1023 2743 nou
1046 2694 1112 2742 sunt
1130 2691 1271 2743 contraria
1298 2690 1374 2755 Deo;
1391 2696 1423 2743 ut
1437 2690 1459 2743 si
1481 2690 1614 2745 dominus

128 2778 267 2837 lieusibili,
285 2798 297 2823 r
314 2778 458 2849 proprium
473 2776 590 2830 haberet
604 2793 688 2847 supcr
702 2776 835 2829 doctrinm
845 2776 925 2830 insti·
967 2795 1028 2848 quea
1040 2795 1096 2832 non
1110 2779 1168 2831 sint
1177 2780 1293 2832 adi'ersa
1304 2779 1456 2849 Scripturis
1470 2779 1585 2845 sanetis,
1600 2796 1614 2834 ε

127 2867 419 2943 tutioncpiaqceptum.
432 2866 511 2929 Quod
526 2872 621 2919 autem
633 2864 681 2927 nit,
696 2880 844 2919 asermonc
859 2865 926 2918 irre·
966 2884 1061 2921 serlus
1075 2867 1197 2921 domino.
1215 2869 1263 2922 Sin
1277 2884 1342 2922 vero
1367 2868 1509 2921 contraria
1523 2868 1614 2939 praeci}

126 2955 317 3024 prcliensibili,
336 2980 348 3006 o
367 2971 422 3008 non
445 2954 518 3024 quod
539 2954 612 3006 ullus
630 2959 715 3006 tanta
745 2953 880 3007 facundiae
898 2959 926 3005 et
965 2955 1078 3009 olredire
1102 2955 1184 3008 debet
1198 2957 1312 3027 spiritus
1328 2973 1412 3026 quarn
1427 2957 1552 3027 corporis
1561 2956 1614 3012 dou

126 3043 280 3113 prudenti-e
295 3043 340 3105 sit,
357 3048 422 3096 uto
446 3042 557 3095 nemine
587 3041 809 3112 reprehendatur
819 3028 953 3111 (repre-C
963 3045 1614 3116 gerrtcrattenditequomodocongruapersonis

125 3132 287 3185 lrcnduntur
300 3134 402 3202 quippe.
418 3139 446 3185 et
456 3130 574 3201 apostoli
583 3137 613 3183 et
631 3130 807 3200 aevangelista
817 3130 852 3182 ab
867 3132 924 3184 lrae-
965 3133 1106 3186 dcccrnat.
1120 3158 1132 3184 ιι
1150 3133 1236 3189 Serri.
1253 3134 1354 3203 inquit,
1375 3134 1497 3187 dominis
1510 3134 1570 3188 suis
1588 3148 1614 3188 st

125 3221 218 3273 reticis
230 3228 258 3272 et
266 3219 420 3290 gentibus),
432 3220 480 3273 sed
491 3219 643 3289 quodnihil
651 3219 767 3288 dignum
775 3220 924 3289 reprelreu·
965 3220 993 3273 iu
1009 3220 1149 3274 omuibus.
1169 3242 1181 3272 r
1199 3222 1229 3274 ln
1245 3221 1299 3273 alio
1325 3222 1383 3274 loco
1398 3222 1433 3274 de
1458 3221 1524 3275 filiis
1546 3221 1614 3293 dispe

124 3308 201 3362 sione
211 3309 294 3375 dicat,
303 3308 450 3370 autlaciat,
460 3308 527 3361 licet
541 3307 692 3361 adversarii
707 3307 765 3361 siut
778 3308 812 3360 ad
828 3325 924 3377 reprc—
967 3333 978 3356 ιι
992 3309 1063 3371 Filii,
1074 3309 1184 3363 obedite
1193 3310 1473 3379 parentibus(tl'oloss.
1482 3311 1528 3376 inl.
1539 3330 1552 3361 ιι
1560 3308 1613 3364 Fili

124 3397 302 3451 bendeudum
315 3397 415 3468 parati.
433 3397 466 3450 ut
482 3396 549 3467 quia
563 3402 630 3450 sunt
639 3396 721 3449 multi
735 3413 792 3450 non
807 3395 920 3461 subditi,
963 3397 1044 3451 decet
1056 3398 1218 3468 parentibus
1226 3398 1339 3452 obedire
1348 3416 1455 3464 3serros
1466 3416 1531 3451 rero
1546 3399 1614 3469 impr

124 3486 264 3556 vaniloqui
275 3493 303 3539 et
316 3486 453 3539 mentium
479 3486 650 3555 deceptores,
680 3484 728 3556 qui
751 3486 871 3539 oderunt
894 3486 923 3539 in
963 3486 1259 3556 rniuoessesubjcctos.
1273 3487 1614 3558 Scdquoruodopauperji

123 3575 211 3645 portis
227 3581 402 3645 arguentem,
417 3580 445 3629 et
457 3580 751 3628 sermoncursanctum
761 3573 923 3628 abominan·
963 3592 1058 3628 suram
1070 3592 1149 3629 suam
1159 3576 1408 3646 salrur·ipotest:et
1419 3577 1521 3630 mulier
1538 3577 1569 3631 in
1584 3592 1614 3631 sc

122 3669 178 3728 tur,
188 3669 337 3734 propterea
353 3661 737 3734 exemplumnosiuornnibus
748 3662 921 3733 praebeamus
964 3664 1088 3718 mitatca
1102 3681 1188 3734 regno
1203 3665 1252 3717 Dei
1269 3681 1325 3718 rien
1335 3665 1500 3730 excluditur,
1517 3671 1546 3719 et
1559 3681 1614 3719 omi

121 3752 293 3818 indoctrina,
303 3753 332 3806 iu
343 3752 514 3823 integritate,
526 3751 922 3822 inpudicitiadnsermonesa-
963 3752 1002 3806 tio
1017 3753 1171 3807 secundum
1183 3753 1310 3807 ordinem
1335 3770 1426 3820 suum,
1444 3753 1614 3808 beatitudine

123 3848 196 3895 noct
206 3840 454 3912 irreprehensibili,
466 3846 498 3894 ut
507 3840 659 3894 adversarii
675 3840 738 3893 n'tae
752 3846 780 3894 et
789 3841 922 3896 doctrina
964 3847 1056 3911 potest
1067 3861 1072 3893 :
1082 3842 1121 3895 ita
1136 3842 1241 3895 etserri
1252 3843 1443 3912 complaceant
1458 3842 1510 3896 sibi
1521 3842 1614 3913 quodi

124 3936 225 3984 nostrae
253 3930 374 3984 sanitate
396 3929 548 3999 perterriti,
563 3945 620 3983 non
634 3929 758 3982 audeant
778 3946 919 3994 accusare,
963 3936 992 3983 et
1005 3930 1338 4001 uonidcircoputentDco
1350 3949 1379 3984 se
1395 3931 1498 3985 servire
1512 3948 1569 3986 non
1586 3948 1614 4003 pt

121 4018 310 4083 bocest,nilril
322 4017 507 4071 verisimilem
518 4018 695 4100 accusatique
710 4016 878 4087 confingere.
888 4018 924 4072 Et
964 4019 1081 4088 subjecti
1088 4019 1324 4073 sintbominibus:
1335 4021 1384 4074 sed
1394 4021 1424 4073 iu
1434 4037 1466 4074 eo
1484 4021 1575 4090 magis
1592 4020 1614 4092 pl

122 4123 219 4160 revera
234 4122 323 4176 usque
339 4106 422 4159 hodie
432 4105 558 4159 ridemus
571 4105 721 4159 nonnullos
736 4105 767 4159 in
782 4106 919 4171 Ecclesiis,
964 4107 1064 4161 luntati
1075 4107 1166 4167 Dci,si
1179 4108 1336 4161 etdominis
1350 4108 1408 4162 suis
1421 4108 1526 4162 subditi
1536 4109 1614 4164 suerii

122 4211 291 4264 quamquam
300 4195 357 4248 baec
369 4194 497 4247 rarnan's
512 4194 558 4257 sit,
567 4199 651 4248 tanta
664 4193 811 4261 gravitatis
831 4195 921 4271 couti·
962 4195 1055 4254 nibus,
1072 4203 1100 4250 et
1113 4198 1332 4267 complacuerint
1349 4197 1401 4251 sibi
1423 4198 1450 4250 in
1465 4198 1614 4253 conditioni

122 4283 395 4352 nentiaequeesse,ut
405 4282 490 4334 etiarn
497 4281 532 4335 ab
541 4281 705 4336 adversariis
713 4281 835 4335 babeant
844 4283 922 4336 testi·
963 4285 1036 4355 qnod
1059 4285 1190 4355 deinceps
1208 4286 1359 4355 Apostolus
1374 4286 1500 4357 precipit
1514 4302 1614 4358 exsequ

123 4372 258 4436 rnoniuru,
272 4378 301 4425 et
310 4371 433 4425 dicatur:
444 4371 562 4441 Magnus
576 4371 619 4423 rir
628 4370 684 4435 illc,
695 4376 723 4424 ct
732 4377 834 4425 sanctae
858 4347 1527 4440 con-Dnonsiutcontradicentes‚noulbrantes.
1540 4376 1591 4430 Vel
1605 4392 1614 4431 1

121 4461 286 4516 versationis
301 4467 330 4514 et
347 4459 441 4531 probis
462 4460 597 4526 moribus,
611 4460 665 4513 nisi
679 4460 918 4514 cssetbaercticus.
961 4462 1614 4531 serrorumritiumestdomirriscorrtradiccre,e

119 4553 208 4605 Nemo
217 4557 260 4605 est
274 4550 348 4604 enirn
357 4555 415 4603 tarn
425 4550 617 4604 immoderata
629 4548 819 4619 impudentiae,
831 4555 863 4604 ut
877 4567 920 4604 so·
961 4548 1027 4620 quid
1039 4551 1184 4620 jusserint,
1196 4569 1290 4605 secum
1298 4552 1457 4606 mussitare.
1474 4554 1614 4623 ltaque'li‘

121 4640 155 4693 lis
170 4640 263 4693 radios
275 4640 363 4709 possit
377 4657 508 4694 accusare
526 4637 699 4704 tenebrosae,
715 4643 744 4692 et
757 4638 864 4692 clarinn
879 4640 920 4692 lu·
960 4644 1064 4705 monet,
1076 4640 1324 4709 utperdoctrinam
1335 4641 1475 4694 samunab
1487 4642 1530 4695 bis
1546 4642 1614 4712 qui(

119 4744 183 4780 rnen
198 4728 318 4797 caligine
328 4729 418 4782 noctis
432 4728 585 4783 ollundcre.
617 4727 697 4783 Unde
713 4732 742 4781 et
769 4729 919 4798 Apostolus
961 4727 1610 4801 servisunt,istiusmodiauferatpassionem.Si

119 4815 177 4870 hac
191 4815 451 4885 eadernpreecarens
465 4817 506 4870 ait
516 4817 556 4886 (ll
565 4817 625 4871 Cor.
642 4820 678 4881 in)
697 4835 702 4868 :
722 4838 735 4867 ιι
751 4817 788 4871 Ut
795 4816 918 4870 auferam
961 4816 1090 4870 domiuus
1104 4816 1233 4887 imperat,
1251 4818 1556 4872 necessebabetscrrus
1566 4818 1614 4891 im]

118 4904 400 4974 occasionemhisqui
413 4906 510 4959 volunt
525 4905 733 4959 occasionem.»
750 4905 846 4958 Potest
865 4921 916 4958 au·
958 4905 1011 4958 boc
1021 4906 1112 4976 ipsum
1135 4923 1191 4959 non
1208 4923 1271 4959 curn
1286 4906 1359 4959 bona
1386 4906 1469 4960 saciat
1487 4908 1614 4963 voluntat

117 4997 174 5048 tem
190 4992 269 5063 isqui
282 5009 316 5045 cx
330 4992 445 5047 adverso
460 4999 511 5056 est,
528 5000 556 5047 et
567 4993 694 5047 diabolus
711 4992 838 5061 intelligi,
868 4993 916 5063 qui
957 4993 1102 5047 dominum
1116 4995 1247 5050 ossendat.
1270 5001 1298 5049 et
1316 5002 1412 5049 tamen
1426 4996 1510 5049 faciat
1531 4996 1607 5067 quod

118 5086 310 5135 accusatorest
317 5081 917 5149 fratrumnostr01·um‚ulJoanuesevangeli·
957 5083 1077 5135 maxime
1093 5100 1155 5136 cum
1172 5090 1200 5136 et
1214 5085 1287 5138 Deus
1303 5085 1337 5137 ad
1354 5103 1456 5155 aquam
1475 5085 1614 5141 contradi<

119 5170 316 5240 stapraedicat:
330 5169 377 5240 qui
392 5186 457 5223 cum
466 5170 536 5223 nibil
545 5170 674 5223 habuerit
680 5167 747 5223 mali
755 5168 829 5238 quod
835 5168 915 5222 nobis
956 5171 1114 5225 seusussit?
1128 5173 1197 5226 Etin
1208 5173 1262 5226 alio
1279 5174 1377 5227 locode
1393 5179 1614 5247 murmurantep

117 5256 913 5329 objiciat,erubescit,etcriminatornoripoteritcrimiuari.
957 5264 1074 5331 quatur:
1093 5279 1106 5312 ιι
1122 5262 1237 5316 Desinat
1251 5279 1268 5315 a
1282 5279 1326 5315 ure
1337 5264 1523 5317 murmuratio
1538 5279 1614 5318 eoru]

118 5344 808 5416 Diabolusauteurinlatinalinguacriminatorem
823 5351 913 5398 sonat.
958 5348 1114 5402 morientur
1130 5351 1223 5418 (.·l'rnn.
1240 5352 1327 5419 xxl.»
1355 5351 1422 5404 Post
1449 5350 1614 5405 contradicti

156 5450 168 5477 ι
190 5432 267 5485 Serri
288 5435 409 5488 dominis
429 5433 487 5487 suis
503 5434 608 5489 subditi
636 5435 693 5488 sint
715 5434 744 5488 iu
774 5432 913 5499 omnibus,
957 5435 1033 5489 aliud
1048 5438 1614 5495 serrorumritiumdoctrinaChristicorl

121 5519 916 5591 usintplacentes,noncoutradicentes‚nonlurantes,sed
956 5523 1106 5579 furessint.
1120 5545 1132 5578 r
1145 5526 1202 5580 Fur
1216 5533 1312 5581 antem
1326 5527 1512 5583 nonsolumin
1524 5529 1614 5598 major
