3772 6120
121 306 190 366 raas
413 306 445 360 a.
466 302 603 363 mnam
622 304 737 361 naum
756 304 924 362 naeniae.
945 306 1107 363 nocuae.
1128 279 1387 362 ermeneias
1406 305 1456 360 111.
1691 300 1759 358 reor

119 433 260 506 Quidquid
271 431 346 487 enim
356 432 441 487 homo
459 431 566 499 fecerit,
588 433 757 488 laudabilem
768 435 797 488 in
810 435 868 489 suis
880 434 922 489 fa·
930 436 1004 495 Ased
1022 436 1044 489 si
1056 436 1320 507 saepeadrersumse
1330 448 1381 505 pro
1393 431 1439 485 his
1448 428 1533 484 rebus
1548 428 1696 496 dimicant,
1704 430 1763 501 pari

119 525 171 580 ctis
184 521 431 578 invenitDeum:si
442 526 516 576 recte
524 522 621 592 egerit.
634 522 802 577 laudabilem
811 524 917 579 invenit
957 533 1050 579 tanien
1061 524 1185 596 pondere
1195 520 1529 595 cupiditatisineamdcm
1542 519 1762 591 profunditatem

116 629 168 686 per
173 611 314 683 justitiam
333 611 512 682 premiorum
527 610 550 664 si
561 612 725 681 peccaverit,
745 612 914 667 laudabilem
956 614 1175 685 precipitantur,
1185 620 1214 668 et
1224 612 1275 667 sihi
1291 629 1401 666 inarum
1413 617 1440 666 ot
1456 610 1626 664 meritorum
1637 608 1764 665 similitu·

117 701 283 772 invenitper
292 699 915 772 justitiamsuppliciorum,sipeccataconses-
957 703 1021 757 dine
1038 705 1250 774 conjunguntur
1266 721 1272 755 τ
1290 710 1319 756 et
1334 718 1432 756 rursus
1456 716 1556 754 orienes
1578 697 1711 752 homiues
1735 702 1762 754 ct

118 808 166 846 sus
181 790 217 845 ad
232 796 306 844 reete
321 790 467 844 uiuendum
483 788 607 855 redierit,
623 790 792 844 laudabilem
812 792 918 846 invenit
958 793 1179 864 oniiiesspiritus
1190 792 1336 846 humiliter
1346 789 1521 859 Deigloriam
1537 794 1698 859 quaerentes
1710 804 1760 843 non

118 896 169 953 per
182 879 404 933 misericordiam
428 878 678 949 indulgentiarum.
701 880 758 934 Cur
772 897 838 951 ergo
861 896 917 935 non
959 898 1048 936 suam.
1065 889 1094 935 et
1107 898 1171 936 cum
1182 882 1285 952 pietate
1297 884 1445 939 sectantes,
1463 878 1497 932 ad
1514 894 1603 932 unam
1624 876 1761 948 pertinent

118 969 306 1028 faceretDeus
325 968 467 1022 hominem
493 968 619 1039 quamvis
646 985 710 1023 eum
739 976 917 1041 peccaturum
959 971 1121 1025 societatem
1138 978 1184 1024 :et
1194 977 1289 1025 tamen
1305 971 1379 1023 Deus
1390 966 1707 1022 misericordissimuset
1718 982 1760 1021 su·

117 1063 318 1132 praenosceret:
333 1063 431 1112 cumet
438 1062 560 1111 stantem
574 1061 730 1123 coronaret,
739 1058 919 1113 etcadentem
960 1077 1010 1130 per
1024 1059 1123 1131 impios
1143 1060 1271 1114 homines
1286 1058 1396 1130 patiens
1406 1063 1447 1111 est
1465 1076 1470 1110 :
1490 1062 1519 1109 et
1534 1054 1693 1127 praeheteis
1705 1072 1758 1127 pie-

117 1147 474 1216 0rdinaret,etsurgcntem
493 1146 648 1217 adJuraret,
656 1152 685 1200 et
697 1145 801 1218 ubique
814 1147 918 1218 glorio·
960 1149 1084 1202 nitentia
1114 1154 1198 1220 atque
1223 1148 1404 1203 combutionis
1432 1147 1537 1200 locum.
1563 1146 1640 1199 Nam
1653 1144 1757 1216 etquod

118 1253 166 1292 sus
178 1236 311 1303 bonitate,
319 1235 440 1306 justitia,
462 1235 619 1301 clementia,
636 1236 757 1290 maxime
767 1237 833 1307 quia
844 1242 873 1290 et
887 1235 919 1289 il·
960 1253 1057 1291 onines
1072 1238 1174 1292 dilutio
1195 1238 1306 1301 delerit,
1332 1240 1445 1306 excepto
1460 1251 1518 1289 uno
1532 1235 1613 1304 iusto
1630 1250 1693 1287 cuni
1706 1230 1758 1289 aa

118 1326 167 1381 lud
181 1325 345 1397 presciebat
357 1324 556 1397 depropagine
571 1325 752 1379 mortalitatis
770 1327 831 1396 ejus
845 1326 918 1381 sutu—
960 1326 1069 1397 quasin
1083 1343 1148 1380 arca
1173 1342 1285 1380 serrare
1301 1325 1396 1390 uoluit,
1419 1328 1537 1378 noverat
1551 1322 1670 1393 quidem
1692 1322 1757 1393 quod

118 1432 165 1470 ros
180 1420 300 1479 sanctos,
316 1414 425 1485 quinon
433 1413 485 1467 sibi
494 1420 661 1484 quaererent,
671 1415 719 1468 sed
728 1415 854 1470 Creatori
867 1431 917 1469 suo
959 1432 1014 1469 non
1021 1433 1051 1470 se
1061 1416 1212 1470 correcturi
1221 1421 1314 1469 essent
1332 1417 1546 1467 :ueimntamen
1564 1428 1631 1466 cum
1642 1428 1757 1483 percen-

118 1504 237 1575 gloriam
244 1504 357 1558 darent:
371 1509 400 1557 et
406 1519 470 1558 euin
476 1503 591 1558 colendo
605 1502 640 1557 ab
654 1490 729 1558 onim
741 1505 918 1574 corruptione
959 1511 1019 1559 tum
1030 1521 1118 1559 rennos
1141 1521 1205 1559 arca
1228 1504 1363 1558 fabricata
1384 1509 1435 1559 est.
1452 1500 1755 1572 praedicabaturutiquc

118 1592 229 1648 liberati
246 1609 309 1647 cum
319 1592 426 1663 angelis
449 1592 553 1646 sanctis
566 1593 658 1647 virere
672 1609 784 1663 semper
797 1600 826 1646 et
838 1592 918 1647 beate
960 1593 1000 1647 eis
1014 1594 1056 1647 ira
1070 1594 1120 1649 Dei
1131 1599 1247 1647 uentura
1260 1610 1345 1665 super
1359 1608 1405 1647 eos
1422 1611 1427 1644 :
1446 1598 1474 1646 ct
1488 1592 1511 1644 si
1534 1592 1756 1644 conraderentur

118 1681 210 1735 aivere
223 1686 399 1736 morerentur
413 1681 424 1734 'l
435 1681 489 1745 Qui
500 1680 576 1735 enim
590 1681 750 1736 hominibus
763 1682 840 1736 dedit
853 1682 919 1736 libe-
960 1682 996 1735 ad
1012 1683 1161 1737 Dominum
1177 1689 1304 1753 parceret
1313 1682 1362 1745 eis,
1376 1681 1451 1734 sicut
1466 1679 1595 1751 pepercit
1609 1686 1704 1750 postea
1716 1678 1755 1733 hi·

119 1786 182 1825 rum
197 1769 356 1837 arbitrium,
373 1776 472 1825 utnon
486 1771 578 1824 seruili
593 1771 769 1839 necessitate,
786 1760 1030 1841 sedinge-Bnira¹
1055 1771 1160 1825 ciuitati
1175 1771 1270 1840 agenti
1295 1771 1499 1841 penitentiam,
1517 1785 1584 1823 cum
1599 1768 1626 1823 ei
1638 1786 1688 1840 per
1699 1784 1753 1839 pru·

120 1860 326 1915 uuaroluntate
339 1859 490 1914 Dominum
500 1860 633 1925 colerent,
648 1860 725 1914 dedit
738 1861 823 1915 etiam
833 1876 919 1931 ange·
962 1861 1074 1932 phetam
1085 1861 1384 1915 venturuminteritum
1396 1859 1617 1930 praenuntiasset
1629 1877 1635 1911 ι
1649 1856 1699 1911 hoc
1711 1870 1751 1911 au·

122 1948 156 2003 lis
173 1955 219 2003 :et
229 1948 291 2003 ideo
306 1965 357 2003 nec¹
377 1949 493 2019 angelus
514 1948 562 2019 qui
578 1964 641 2003 cum
653 1948 797 2020 spiritibus
805 1950 868 2003 aliis
879 1967 921 2004 sa·
962 1956 1018 2003 tem
1032 1950 1099 2003 facit
1111 1951 1184 2003 Deus
1195 1949 1280 2003 etiam
1290 1948 1346 2002 illis
1361 1965 1431 2019 quos
1447 1947 1526 2001 norit
1535 1947 1564 2000 in
1580 1945 1687 2000 inolitia
1699 1962 1751 2017 per·

121 2036 322 2093 tellitibusauis
335 2036 844 2108 superbiendodeseruitobedientiam
859 2039 919 2106 Dei,
962 2044 1147 2105 serereturos,
1160 2038 1230 2092 dans
1245 2037 1399 2109 penitendi
1425 2036 1550 2108 spatium
1578 2041 1612 2089 ut
1638 2041 1750 2089 nostran

121 2131 150 2181 et
163 2114 386 2181 diabolussactus
400 2131 452 2192 est,
469 2125 575 2198 aliquid
594 2126 690 2181 nocuit
714 2127 781 2193 ileo,
791 2127 839 2181 sed
855 2126 917 2181 sibi.
961 2129 1125 2200 patientiam
1136 2134 1263 2182 exerceat
1273 2132 1301 2182 et
1315 2127 1446 2180 informet
1461 2126 1749 2197 exoiuplosuoquouo

120 2216 205 2271 Novit
219 2215 295 2271 enim
309 2216 384 2271 Deus
398 2215 528 2270 ordinare
543 2216 703 2270 deserentes
718 2233 747 2270 so
757 2216 875 2283 animas,
892 2220 921 2271 et
961 2219 1083 2272 verimus
1107 2224 1243 2288 quantum
1258 2234 1309 2271 nos
1324 2221 1453 2288 oporteat
1465 2214 1663 2288 ,tolerabiliter
1675 2216 1749 2269 maloi

122 2322 155 2360 ex
162 2298 259 2360 earum
263 2306 341 2377 justa
351 2304 920 2377 miseriaiuferiorespartescieaturaesuee
961 2308 1180 2374 sustimreeum
1191 2308 1351 2377 ignoremus
1366 2306 1462 2376 quales
1478 2312 1578 2377 postea
1588 2304 1673 2359 iuturi
1696 2304 1747 2371 siut,

121 2394 391 2450 convenientissimis
401 2400 429 2449 et
444 2394 819 2465 congruentissimislegibus
833 2394 921 2449 admi-
961 2397 1123 2468 quandoille
1133 2397 1223 2468 parcit
1234 2404 1262 2450 et
1268 2396 1334 2451 sinit
1342 2396 1487 2449 eosiirere
1494 2393 1748 2465 qnemnihilfuture

122 2484 217 2539 randae
240 2483 457 2555 dispensationis
479 2500 589 2538 ornare.
607 2485 704 2555 ltaque
727 2500 779 2538 nec
793 2483 920 2538 diabolus
960 2487 1109 2541 rumlatet.
1117 2483 1462 2541 Praenuntiabaturtamen
1470 2482 1557 2536 etiam
1568 2482 1664 2536 diluvii
1673 2496 1747 2536 sacre

123 2573 230 2645 aliquid
251 2574 307 2628 Deo
323 2574 427 2641 nocuit,
448 2573 515 2645 quia
524 2573 567 2626 rel
584 2573 642 2645 ipse
651 2572 747 2644 lapsus
761 2576 803 2626 est
816 2573 858 2626 rel
873 2572 921 2627 ho
962 2582 1057 2630 mento
1068 2575 1140 2645 quod
1152 2574 1314 2646 perlignum
1325 2573 1395 2643 J'usti
1406 2571 1517 2625 liberati
1529 2571 1697 2625 suntfutura
1708 2570 1746 2624 ue

124 2662 393 2717 miuomseduxitad
407 2669 526 2716 mortem
544 2661 679 2733 3nccipse
695 2661 814 2715 homoin
828 2661 921 2732 aliquo
963 2665 1057 2730 etesia,
1065 2680 1150 2734 quam
1158 2676 1205 2717 res
1221 2664 1316 2733 eJnset
1330 2662 1405 2715 Deus
1420 2660 1549 2715 Christus
1563 2660 1694 2731 mysterio
1702 2674 1746 2713 sua

124 2751 227 2806 minuit
235 2751 380 2806 veritatem
391 2756 440 2806 aut
462 2756 640 2822 potestatem,
652 2757 702 2805 aut
720 2750 922 2805 beatitudinem
963 2753 1093 2809 crucisab
1111 2753 1196 2823 hujus
1209 2751 1301 2805 saeculi
1320 2750 1513 2804 submersione
1531 2748 1686 2820 suspendit.
1702 2748 1745 2802 h'c·

124 2840 276 2896 conditoris
287 2841 330 2895 sui
346 2860 351 2896 :
367 2839 433 2911 quia
446 2840 558 2910 coniugi
575 2856 632 2894 sua
648 2840 769 2895 seductae
783 2856 800 2893 a
813 2839 924 2893 diabolo
965 2843 1099 2914 queenim
1107 2839 1334 2909 Deusignorabat
1347 2838 1420 2910 quod
1436 2837 1569 2892 etiamen
1584 2838 1638 2891 illis
1652 2836 1745 2909 quisue

125 2930 160 2985 ad
171 2930 200 2984 id
209 2930 282 3001 quod
297 2928 559 3001 Deusprohibuerat
568 2928 682 3000 propria
701 2929 842 2983 voluntate
857 2945 924 2982 eon·
964 2937 1030 2986 rant
1044 2932 1073 2985 in
1084 2946 1149 2985 arco
1162 2929 1403 2985 se1·ratinescituri
1416 2932 1497 2981 eraut
1512 2928 1590 2991 medi,
1608 2927 1654 2998 qui
1666 2926 1744 2980 facien

126 3018 223 3074 sensit.
239 3018 406 3073 iustissimis
416 3018 492 3072 enim
502 3017 552 3072 Dei
567 3017 674 3088 legibus
688 3034 785 3072 omues
798 3017 923 3072 damnati
965 3028 1046 3077 terrae
1056 3020 1205 3090 iniquitate
1217 3019 1383 3090 implerent:
1399 3017 1551 3071 sedtamen
1568 3022 1597 3070 et
1610 3014 1743 3088 exemplam

126 3113 192 3164 suut
202 3108 261 3162 Deo
275 3106 765 3178 gloriosopercequitatemvindicta,
781 3107 834 3177 ipsi
845 3089 954 3176 igno·C
965 3109 1158 3180 suturijudieii
1172 3108 1257 3169 dedit,
1273 3112 1301 3162 et
1316 3113 1476 3160 sanctorum
1492 3105 1685 3160 liberationem
1692 3102 1743 3173 ligni

128 3191 241 3252 miniosi
260 3212 310 3268 per
323 3195 528 3267 turpitudinem
549 3212 647 3267 poenae,
663 3200 696 3249 ut
708 3199 737 3249 et
751 3194 861 3249 hoinoa
875 3212 925 3249 suo
967 3198 1101 3271 mysterio
1116 3197 1315 3270 pirrenuntiarit
1324 3215 1329 3249 ι
1338 3196 1639 3266 nametpostheecnon
1650 3190 1743 3249 cesavit

128 3287 261 3341 Creatore
275 3301 389 3341 aversus
397 3284 600 3340 rictusdiabolo
609 3283 785 3349 subderetur,
796 3288 824 3339 et
833 3283 926 3338 diabo-
967 3288 1136 3360 repullulare
1151 3285 1259 3341 malitia
1279 3283 1510 3357 persuperbiam,
1536 3291 1565 3338 et
1590 3283 1744 3346 libidinesct

127 3377 171 3430 lus
185 3375 292 3430 homini
308 3375 343 3429 ad
359 3376 520 3430 Creatorem
533 3390 615 3429 suum
630 3390 762 3429 converso
777 3374 926 3428 uincendus
967 3376 1078 3432 illicitas
1087 3377 1245 3449 impietates
1262 3395 1266 3428 :
1285 3391 1347 3429 eum
1362 3374 1500 3431 hemines,
1511 3372 1622 3427 deserto
1637 3373 1744 3451 Creatori

127 3470 333 3537 proponeretur
344 3483 350 3532 3
362 3470 394 3518 ut
405 3464 572 3535 quicumque
579 3462 689 3517 diabolo
702 3479 790 3534 usque
805 3462 833 3516 in
841 3465 926 3517 tinem
967 3465 1188 3529 suomonsolum
1196 3465 1230 3519 ad
1241 3469 1399 3518 rriiatnram
1408 3463 1575 3533 quamDeus
1588 3462 1704 3516 condidit
1714 3459 1743 3512 la·

128 3553 328 3621 consentirent,
344 3570 408 3608 cum
424 3553 472 3607 illo
487 3553 561 3607 irent
575 3553 604 3606 in
638 3556 743 3606 aterna
770 3552 923 3624 supplicia:
967 3555 1010 3627 psi
1025 3560 1100 3621 sunt,
1114 3558 1146 3609 ut
1160 3570 1210 3624 pro
1224 3551 1498 3622 Deoeolerentquod
1521 3550 1588 3605 fecit
1607 3548 1688 3606 Deus.
1710 3544 1744 3602 scd

130 3643 299 3715 quicumque
316 3647 411 3697 autem
430 3641 612 3696 humiliarent
625 3657 654 3695 se
668 3641 726 3695 Deo
745 3646 774 3695 et
788 3657 840 3711 per
866 3641 927 3711 ejus
968 3645 1053 3698 etiam
1067 3644 1103 3698 ad
1126 3659 1211 3714 opera
1225 3658 1359 3696 manlium
1377 3641 1521 3695 hominum
1534 3645 1563 3694 et
1577 3641 1612 3694 ad
1625 3640 1743 3694 salnaium

129 3731 398 3802 gratiamdiabolum
409 3731 560 3795 vincerent,
571 3736 676 3784 aeterna
689 3729 927 3801 praemiamerere·
968 3733 1086 3787 artificia
1101 3736 1287 3786 curriiverunt
1301 3731 1409 3784 animas
1429 3746 1505 3795 suas,
1529 3729 1577 3783 nbi
1592 3729 1626 3783 de
1642 3729 1745 3782 illister·

131 3837 204 3874 mur.
218 3822 315 3892 Neque
338 3821 412 3874 enim
437 3820 490 3874 hoe
519 3835 631 3872 morere
649 3816 741 3885 debet,
758 3817 824 3888 quia
845 3818 926 3873 multi
968 3821 1030 3893 pius
1045 3820 1172 3875 diabolus
1188 3820 1361 3874 etaltemonia
1376 3819 1602 3890 triumpharent:
1619 3812 1746 3889 quaseii

131 3908 427 3964 diaboloconsentiunt
445 3912 473 3961 et
486 3907 566 3978 pauci
581 3906 732 3962 Dominum
747 3914 924 3977 sequuntur:
967 3910 1070 3966 talibus
1085 3909 1342 3981 figmentisadorari
1354 3908 1538 3979 venerarique
1551 3908 1687 3969 laetantur,
1698 3904 1746 3958 dun

131 3998 198 4069 quia
209 4004 238 4052 et
253 3997 426 4052 frumentum
445 3996 654 4066 comparatione
677 3995 821 4066 palearum
847 3995 927 4049 valde
969 4016 1078 4054 errores
1087 4016 1152 4053 suos
1162 3998 1292 4052 humanis
1303 3997 1445 4052 erroribus
1457 3998 1688 4068 pascunt.Neque
1698 4002 1748 4048 tun

131 4087 291 4159 pauciorem
306 4086 545 4140 habetnumerum
561 4104 566 4138 :
580 4083 706 4139 sedsicut
716 4083 838 4154 agricola
851 4084 929 4138 norit
969 4104 1036 4143 sane
1050 4088 1200 4142 defuerunt
1211 4087 1291 4157 justi,
1305 4087 1352 4158 qui
1377 4086 1527 4139 ilominum
1542 4087 1589 4157 pie
1604 4086 1745 4156 quaererent,

132 4174 199 4247 quid
214 4174 298 4228 iaciat
319 4174 353 4228 dc
371 4173 478 4245 ingenti
500 4189 597 4227 acervo
612 4173 709 4245 paleo,
725 4173 764 4228 sic
793 4173 864 4227 nihil
886 4179 929 4228 est
970 4184 998 4233 ct
1010 4177 1170 4248 superbiam
1179 4176 1282 4230 diaboli
1290 4175 1526 4241 riiicerent‚cires
1534 4175 1610 4229 illius
1619 4178 1710 4229 sancta
1721 4167 1747 4222 ti·

131 4265 189 4319 Deo
204 4263 355 4318 multitudo
373 4268 561 4336 peccatorum,
578 4262 625 4333 qui
640 4262 717 4316 norit
732 4261 846 4332 quidde
874 4261 929 4316 illis
970 4266 1063 4320 vitatis
1076 4282 1145 4337 quos
1161 4265 1235 4334 regis
1249 4265 1292 4319 sui
1306 4264 1411 4318 Christi
1431 4270 1549 4317 ventura
1569 4263 1746 4329 humililapo

130 4359 205 4425 agat,
222 4360 253 4408 ut
264 4352 470 4407 administratio
484 4352 562 4422 regni
576 4354 637 4422 ejus
647 4368 681 4404 ex
692 4351 770 4405 nulla
783 4356 862 4422 parte
872 4358 930 4406 tur·
971 4354 1232 4425 spiritumrerelata
1246 4353 1363 4418 sanant,
1382 4370 1414 4405 ex
1430 4351 1532 4423 quibus
1555 4352 1689 4406 Abraham
1700 4346 1744 4418 pio

132 4449 214 4515 petur
229 4448 313 4514 atque
321 4441 461 4497 turbetur.
476 4441 606 4496 Necideo
624 4440 767 4512 putandus
781 4445 824 4495 eid
831 4409 962 4494 vicisseD
972 4448 1000 4498 et
1009 4442 1099 4496 fidelis
1113 4443 1162 4496 liei
1177 4442 1386 4496 serruselectus
1401 4448 1453 4501 est,
1471 4441 1515 4495 eui
1531 4442 1744 4495 demonstraretur

131 4532 268 4597 diabolus,
287 4533 352 4604 quia
363 4548 458 4586 secum
484 4531 577 4602 plures
593 4547 656 4586 cum
671 4530 773 4601 quibus
789 4546 806 4584 a
835 4530 931 4601 paucis
971 4536 1179 4586 sacramentum
1187 4531 1249 4585 Filii
1258 4532 1317 4585 liei.
1335 4540 1367 4585 ut
1374 4536 1489 4601 propter
1504 4530 1684 4585 imitationem
1696 4518 1742 4578 fidei

130 4622 288 4676 vinceretur
300 4621 423 4676 attraxit.
971 4637 1067 4674 omnes
1082 4620 1310 4674 fidelesomnium
1321 4620 1448 4689 gentium
1463 4620 1514 4672 filii
1527 4621 1590 4689 eius
1604 4613 1741 4673 rutundo

971 4716 1077 4764 rentur.
1095 4710 1134 4763 Ex
1148 4710 1196 4763 illo
1218 4715 1301 4763 natus
1324 4714 1367 4762 est
1377 4708 1497 4779 populus
1512 4725 1530 4762 a
1545 4724 1601 4779 qno
1611 4724 1677 4763 unus
1688 4703 1740 4758 [leui

970 4814 1052 4852 verus
1065 4799 1204 4852 coleretur
1218 4799 1265 4868 qui
1281 4798 1452 4852 secitccrlum
1464 4806 1493 4851 et
1501 4803 1608 4852 terram
1621 4815 1627 4850 ε
1643 4808 1695 4851 cum
1705 4801 1739 4842 cst

166 4891 300 4961 (iuquit.)
325 4889 392 4943 Duae
419 4887 514 4958 itaque
533 4886 669 4952 civitates,
684 4903 741 4940 una
755 4887 924 4956 iniquorum,
968 4892 1035 4941 terae
1047 4893 1145 4957 gent-es
1156 4888 1312 4941 simulacris
1328 4894 1356 4940 et
1370 4887 1515 4941 daemoniis
1526 4888 1669 4941 seriirent.
1682 4882 1705 4935 lu
1715 4888 1738 4929 0⁰

128 4982 218 5037 altera
230 4984 400 5043 sanctorum,
417 4975 778 5045 abinitiogenerishumani
792 4992 881 5046 usque
896 4977 924 5031 in
967 4977 1048 5048 plane
1063 4977 1165 5047 populo
1185 4978 1274 5030 multo
1291 4976 1446 5029 euidentius
1462 4969 1737 5035 scammoniam·

128 5074 214 5126 smem
229 5068 321 5124 saeculi
338 5067 529 5138 perducuntur
545 5084 550 5118 :
566 5065 791 5136 nuncpermixtae
806 5066 926 5136 corpori·
967 5071 1028 5120 reita
1043 5073 1096 5119 est:
1115 5070 1176 5118 erat
1186 5065 1261 5119 eni-m
1271 5065 1468 5119 ibimultitudo
1480 5066 1612 5127 earnalis,
1630 5078 1681 5135 qua
1691 5066 1735 5127 pfl·

128 5161 189 5228 bus,
206 5160 254 5214 scd
277 5155 465 5212 voluntatibus
480 5160 624 5225 separatae,
641 5155 669 5208 in
694 5155 739 5208 die
753 5155 925 5224 reroJ'udirii
966 5162 1029 5226 pter
1041 5154 1161 5207 risibilia
1172 5154 1305 5208 benelleia
1316 5153 1425 5208 (colebat
1441 5154 1604 5208 Dominum.
1622 5154 1694 5208 Erant
1704 5154 1736 5195 aa

128 5251 213 5304 etiam
236 5247 398 5319 separandae
420 5260 545 5314 corpore.
567 5245 670 5298 Omnes
694 5244 769 5298 enim
798 5244 925 5298 homines
966 5251 1024 5298 tem
1040 5243 1077 5296 ihi
1091 5244 1171 5314 pauci
1191 5244 1315 5297 futuram
1340 5243 1467 5314 requiem
1481 5229 1735 5314 cogitantesetmb

127 5343 253 5392 amantes
267 5335 427 5407 superbiam
447 5339 476 5387 ct
497 5335 681 5405 temporalem
705 5333 924 5388 dominationem
965 5342 1021 5387 stes
1032 5333 1152 5404 patriam
1164 5333 1355 5403 requirentes;
1371 5332 1473 5402 quibus
1482 5330 1670 5404 prophetando
1680 5330 1733 5377 rere

126 5442 190 5481 cum
205 5431 488 5497 ranotypoetpompa
501 5424 678 5493 arrogantiae,
699 5440 850 5494 omnesque
865 5422 922 5492 spi·
964 5422 1177 5476 labat-urfutura
1194 5423 1337 5476 humilitas
1357 5423 1407 5475 liei
1418 5421 1492 5491 regis
1511 5430 1540 5475 et
1551 5419 1656 5476 Domini
1670 5402 1730 5469 nollit

127 5511 256 5584 ritusqui
270 5514 338 5567 talia
350 5513 478 5584 diligunt,
488 5518 516 5565 et
530 5513 649 5582 gloriam
659 5530 740 5567 suam
750 5513 922 5583 sulp'ectione
964 5514 978 5565 J
981 5528 1030 5565 esu
1044 5511 1148 5567 Clnisti
1165 5531 1170 5564 :
1187 5518 1276 5582 utper
1290 5528 1352 5564 earn
1363 5511 1447 5564 tidem
1459 5511 1495 5564 ab
1511 5495 1731 5581 omnisuperiad

126 5600 919 5676 hominumquterunt,simulunasocietatcderinctisunn
963 5606 1073 5656 tumore
1084 5602 1372 5657 sanarenturllorum
1382 5604 1546 5657 sanctorum
1555 5600 1604 5673 qui
1614 5599 1730 5673 praedit

362 4766 397 4818 lle
412 4765 518 4817 duobns
532 4764 699 4817 civitatibus.
