3786 6128
124 307 173 366 aas
416 302 446 363 s.
468 300 605 367 malm
624 302 740 370 unum
759 304 928 371 Ancurae.
950 312 1112 372 uocum.
1134 302 1284 369 OPERUM
1301 300 1393 366 rans
1415 298 1466 366 tn.
1710 306 1762 365 aar

122 437 332 503 dicebauttlu-r.
346 436 468 502 uinum
478 439 627 508 propterea
637 438 806 496 credendum
814 440 1126 512 asima-Aingreditur,
1143 438 1216 510 quod
1231 438 1261 491 in
1276 436 1397 491 adventu
1413 430 1526 491 Domini
1541 452 1637 489 revera
1651 434 1766 489 constat

120 528 184 599 gis?
194 524 246 581 Sed
258 526 300 580 illi
315 542 371 581 non
385 527 453 580 talia
468 527 547 596 sigua
561 528 682 597 saeiunt;
695 535 841 602 propterea
858 530 921 585 sub
961 531 1127 602 impletum:
1145 550 1154 576 v
1173 526 1298 582 Minuisti
1314 542 1378 581 curn
1393 525 1581 597 paulominus
1593 520 1627 579 ab
1642 524 1761 595 angelis.

119 612 470 687 junxithpostolusclicens
480 635 492 666 ι(
503 618 587 671 variis
595 615 758 673 virtutibus:
774 618 921 674 aillacnim
961 621 1050 691 gloria
1066 625 1093 672 ct
1107 619 1212 671 honore
1223 615 1362 670 coronasti
1376 631 1450 669 eum.
1467 635 1477 665 v
1495 612 1566 669 ilinc
1574 615 1633 685 jorn
1649 612 1763 668 Domini

122 716 179 760 non
193 705 300 770 virtuti,
321 706 369 759 sed
384 705 542 760 infirmitati
564 708 657 777 potius
678 706 826 763 tribuenda
844 714 920 776 sunt,
963 708 1115 764 salvatoris
1131 707 1275 761 humilitas
1295 708 1428 759 narratur
1445 711 1473 758 et
1490 703 1590 775 gloria.
1606 698 1763 758 lilinoratus

123 797 226 867 quippe
241 808 302 865 quae
319 795 495 865 phantastica
514 803 542 850 et
563 795 659 852 inania
681 798 920 854 demonstrantur.
963 804 1006 853 est
1021 798 1095 852 euim
1110 808 1166 851 non
1180 794 1345 849 necessitate
1359 792 1571 857 ministratoria,
1585 793 1636 847 sed
1650 788 1763 864 pietatis

123 884 228 939 Idcirco
238 898 305 954 ergo
312 884 408 938 intulit
417 884 525 939 dicens:
536 904 549 937 e
558 887 592 941 Et
603 886 724 959 Spiritus
732 888 820 942 sancti
830 888 923 943 distri·
963 899 1020 943 suae
1034 888 1189 958 spontanea
1198 882 1350 949 voluntate,
1362 880 1434 938 sicut
1450 883 1600 954 Apostolus
1614 882 1670 935 ait:
1690 900 1702 931 a
1717 878 1764 936 Se·

122 973 285 1028 butienibus
294 974 448 1029 secundum
459 986 538 1029 suam
547 974 728 1031 voluntatem.
737 997 749 1030 a
758 978 791 1033 ln
802 978 922 1033 hocloco
965 976 1115 1048 metipsum
1130 973 1292 1033 exinaniuit,
1305 970 1423 1027 termam
1436 968 1508 1027 servi
1518 962 1668 1043 accipiens.
1686 990 1699 1021 a
1717 968 1763 1024 Se

124 1058 200 1118 aliud
211 1063 296 1117 etlam
312 1063 445 1135 quiddam
456 1080 520 1118 eum
535 1064 692 1135 significare
703 1073 770 1138 puto
783 1088 787 1120 :
802 1064 924 1122 arbitror
965 1066 1071 1137 quitur,
1089 1084 1101 1113 e
1119 1062 1202 1136 paulo
1230 1062 1323 1117 minus
1343 1060 1377 1116 ab
1397 1060 1503 1131 angelis
1519 1060 1599 1129 (Phil.
1622 1066 1663 1129 n),
1680 1078 1694 1113 a
1716 1052 1765 1129 qui

124 1153 199 1207 enirn
213 1153 287 1223 quod
307 1153 444 1206 intereos
463 1168 518 1207 non
540 1156 622 1209 erant
638 1154 732 1225 plures
751 1154 844 1211 divina
857 1158 923 1211 cha-
965 1170 1075 1210 erucem
1085 1170 1135 1226 pro
1145 1153 1270 1207 onmium
1282 1152 1371 1205 salute
1383 1152 1514 1222 suscepit,
1532 1167 1564 1204 ex
1579 1168 1613 1204 ea
1624 1148 1763 1221 siquidem

125 1243 242 1297 rismata
252 1243 435 1313 possidentes,
445 1240 494 1296 sed
508 1250 687 1298 cessaverunt
701 1246 774 1317 apud
790 1262 837 1300 eos
849 1248 924 1300 velut
965 1248 1045 1317 parte
1061 1244 1178 1298 Creator
1196 1242 1361 1311 angelorum
1377 1242 1468 1294 minor
1482 1240 1571 1294 tactus
1586 1244 1630 1293 est
1644 1238 1763 1309 angelis.

125 1332 173 1403 qui
183 1342 282 1402 segnes
292 1330 357 1385 facti
368 1339 448 1384 erant
457 1334 485 1385 ct
495 1328 926 1405 negligentesUtergoeoscon-
966 1336 1040 1388 Bene
1050 1336 1144 1387 autem
1160 1328 1250 1386 dixite
1263 1330 1346 1402 paulo
1358 1328 1459 1393 raldus,
1473 1350 1486 1375 a
1499 1325 1564 1400 quia
1579 1328 1631 1383 etsi
1646 1320 1765 1382 mortale

126 1420 241 1483 soletur,
259 1432 294 1474 ne
309 1420 403 1490 aliqua
423 1420 619 1493 desperatione
633 1423 804 1487 deciderent,
826 1425 925 1479 divina
966 1437 1067 1494 corpus
1078 1421 1239 1492 assumpsit,
1252 1424 1346 1473 mmen
1356 1422 1501 1490 peccatum
1515 1435 1571 1472 nou
1582 1416 1689 1471 habuit.
1703 1412 1766 1471 (ilo

126 1510 263 1564 voluntati
276 1511 377 1563 cuneta
384 1509 484 1563 tribuit
494 1510 643 1581 divinoque
660 1508 775 1567 consilio
789 1531 794 1564 :
808 1512 892 1568 veluti
902 1513 925 1569 si
967 1512 1007 1566 ria
1014 1513 1155 1566 ethonore
1165 1515 1314 1564 coronatus
1325 1520 1375 1573 est,
1386 1514 1521 1579 cumpost
1531 1506 1766 1562 resurrectionem

126 1599 233 1652 diceret
249 1614 255 1650 e
272 1594 334 1668 ipse
348 1599 425 1652 novit
436 1598 502 1668 quid
517 1598 617 1671 cuique
631 1601 728 1672 prosit,
745 1604 788 1656 vel
801 1603 844 1657 cui
858 1604 925 1673 quid
967 1600 1050 1656 nimis
1069 1598 1226 1654 mirabilem
1250 1598 1347 1652 mundi
1372 1596 1566 1651 credulitatem
1588 1597 1665 1650 Deus
1684 1595 1713 1650 in
1735 1612 1767 1650 eo

127 1688 164 1741 sit
175 1687 395 1746 accommodum.
407 1694 436 1741 ct
446 1688 505 1758 ipse
514 1689 635 1759 gratiam
646 1706 707 1761 quae
718 1692 855 1746 conducat
864 1686 926 1746 uni·
967 1690 1041 1763 quod
1065 1688 1149 1743 homo
1177 1686 1266 1742 tactus
1292 1692 1342 1752 est,
1373 1686 1512 1740 exaltatus
1536 1685 1653 1756 accepit,
1675 1682 1766 1755 gloria

127 1776 227 1847 cuique
242 1776 394 1830 distribuit.
415 1776 494 1841 Quod
516 1778 600 1832 etiam
621 1780 654 1833 acl
671 1774 830 1835 Corinthios
848 1760 1117 1844 iacitsscoronatus
1144 1784 1188 1832 est
1215 1777 1245 1831 in
1272 1774 1477 1831 resurrectione
1499 1779 1528 1829 et
1551 1772 1715 1829 ascensione
1739 1772 1767 1829 et

128 1866 243 1919 dicens:
260 1883 273 1915 a
288 1866 363 1919 Deus
378 1867 472 1937 posuit
494 1884 722 1940 unumquemque
744 1870 817 1924 sicut
839 1866 928 1927 voluit
968 1872 1073 1924 honore
1103 1866 1131 1921 in
1164 1866 1335 1920 ‹·oniessione
1361 1871 1484 1936 paterne
1508 1864 1665 1935 majestatis
1694 1883 1707 1915 a
1733 1860 1768 1918 m

126 1952 926 2029 (idersuimetiteruvmeUnicuiquedaturmanitcstatio
968 1956 1138 2013 constituisti
1164 1974 1229 2010 cum
1255 1970 1340 2026 super
1366 1968 1451 2026 opera
1477 1970 1612 2008 manuum
1642 1948 1767 2019 tuarum,

130 2032 251 2114 Spiritus
268 2044 303 2098 ad
325 2044 477 2099 utilitatem
500 2042 654 2101 secuudum
677 2046 849 2103 voluntatem
866 2048 927 2120 ejus
968 2046 1063 2103 omnin
1074 2044 1218 2117 subjecisti
1229 2044 1280 2099 sub
1295 2040 1411 2115 pedibus
1427 2044 1497 2114 ejus.
1510 2042 1664 2114 »Superius
1677 2036 1770 2114 gloria

129 2135 154 2201 (i
166 2134 226 2188 tior.
239 2133 297 2201 xvi).
316 2133 470 2188 »Ostendit
484 2151 550 2205 crgo
566 2137 698 2207 quoniam
716 2136 773 2192 hare
792 2134 927 2209 praedica-
968 2138 1067 2209 ejusct
1080 2137 1170 2190 honor
1184 2138 1373 2197 narratusest,
1383 2148 1457 2187 nunc
1468 2132 1583 2204 ponitur
1592 2134 1621 2185 et
1631 2134 1767 2204 potestas,

128 2222 169 2276 tio
191 2222 344 2276 secuudum
368 2222 541 2279 voluntatem
565 2224 616 2280 Dei
636 2222 727 2280 Patris
750 2232 845 2281 enema
861 2232 924 2283 est:
969 2232 1001 2281 ut
1015 2230 1184 2297 agnoscatur
1197 2222 1301 2278 Christi
1316 2221 1428 2276 Domini
1448 2220 1606 2292 majestatis
1622 2216 1770 2292 perfectis·

130 2308 249 2380 (ambr.)
264 2311 364 2366 divine
380 2312 456 2367 enim
470 2310 617 2375 voluntati,
636 2320 720 2386 atque
735 2317 796 2386 ejus
811 2316 928 2372 consilio
969 2314 1040 2371 sima
1047 2315 1200 2386 plenitudo.
1210 2310 1332 2368 Dicendo
1343 2311 1531 2382 enimcsuper
1540 2318 1771 2381 operarnanuum

129 2404 231 2456 cuncta
244 2400 405 2468 contribuit,
418 2416 453 2456 ne
463 2402 525 2473 quis
535 2401 564 2457 in
574 2404 632 2458 suis
646 2404 754 2459 meritis
765 2402 927 2473 consideret,
969 2411 1093 2469 tuarum,
1108 2422 1120 2456 a
1138 2398 1229 2458 omnis
1243 2398 1284 2456 illi
1299 2407 1429 2455 creatura
1444 2398 1569 2470 subiecta
1584 2405 1770 2468 monstratur,

131 2491 211 2562 quasi
226 2490 340 2557 diceret,
357 2493 419 2562 lpse
439 2492 492 2546 seit
512 2486 579 2563 quid
599 2493 699 2564 cuique
714 2496 812 2565 prosit,
829 2494 871 2550 vel
885 2492 931 2551 cui
971 2492 1038 2566 qula
1064 2492 1137 2547 sicut
1159 2508 1176 2546 a
1203 2491 1315 2546 Domini
1342 2503 1426 2561 opere
1453 2482 1522 2543 nihil
1544 2494 1588 2541 est
1611 2493 1771 2560 exceptum,

131 2578 931 2654 quidaitaccourmodutn;quapropteripsegratiarnuni·
971 2584 1011 2637 ita
1029 2596 1080 2637 nec
1098 2586 1238 2652 potestate
1253 2578 1357 2634 Christi
1376 2577 1452 2632 aliud
1468 2576 1604 2649 probatur
1622 2590 1685 2632 esse
1701 2578 1773 2632 diri-

131 2668 232 2739 ctthtte
246 2668 400 2722 secundum
414 2682 471 2723 suae
482 2665 634 2725 voluntatis
649 2670 853 2742 prescientiam
868 2686 931 2729 con·
972 2688 1045 2726 sum.
1063 2686 1076 2724 v
1091 2670 1123 2726 ln
1143 2687 1175 2724 eo
1197 2671 1272 2723 enim
1292 2668 1366 2739 quod
1390 2667 1415 2721 ei
1436 2664 1532 2720 omnia
1552 2661 1682 2735 subjecit,
1701 2662 1773 2722 nihii

132 2755 206 2810 tullt.
225 2757 380 2828 Sequitur:
399 2776 411 2807 a
427 2756 490 2812 Non
506 2756 580 2813 enim
595 2756 702 2830 angelis
717 2759 836 2833 subjecit
856 2763 931 2818 Deus
972 2761 1080 2815 dimisit
1090 2772 1149 2815 non
1169 2756 1327 2829 subiectum
1343 2758 1368 2811 ei
1388 2776 1393 2817 ;
1414 2776 1425 2807 r
1446 2752 1563 2810 dicende
1584 2752 1691 2810 enims
1712 2774 1772 2811 om-

135 2845 254 2899 corbem
263 2846 769 2920 terraeiuturumdequotoquimur.›
783 2850 932 2907 Nenenim
973 2848 1029 2915 nia,
1057 2870 1067 2900 ι
1093 2862 1144 2903 nec
1162 2855 1276 2903 terrena
1305 2846 1416 2900 videtur
1442 2845 1592 2917 excepisse,
1613 2856 1666 2900 nec
1689 2844 1772 2901 coele-

133 2935 622 3007 salutemnostram,quaenovissimo
632 2943 758 3010 tempore
770 2941 842 2995 sacta
851 2940 931 2996 estin
972 2940 1036 3005 stia,
1053 2951 1137 3011 quem
1152 2939 1230 3010 prius
1244 2940 1358 3009 propter
1375 2932 1564 2989 humilitatem
1579 2936 1674 2989 carnis
1690 2936 1771 3007 paulo

134 3023 211 3090 urbe,
226 3016 333 3094 angelis
348 3015 476 3095 subjecit,
491 3042 552 3097 quae
567 3042 584 3080 a
602 3028 746 3098 prophetis
761 3024 857 3084 fertura
871 3042 931 3086 esse
973 3029 1066 3083 minus
1089 3026 1124 3081 ab
1145 3026 1252 3097 angelis
1274 3020 1382 3079 dixerat
1408 3040 1469 3078 esse
1494 3022 1666 3078 minoratum
1686 3043 1691 3077 :
1711 3026 1771 3097 post

135 3112 201 3166 alirn
214 3113 348 3183 praedicta
362 3118 415 3172 est.
427 3112 475 3168 sed
491 3115 575 3169 etiam
590 3114 660 3169 Filio
673 3128 724 3171 suo
739 3114 775 3172 ad
790 3134 871 3189 quem
882 3085 1165 3175 voxcascensionem
1186 3116 1253 3170 dicit
1273 3108 1390 3186 pedibus
1409 3110 1470 3184 ejus
1485 3112 1579 3167 omnia
1600 3112 1688 3168 luisse
1706 3106 1769 3169 suh

134 3205 252 3271 paterna
271 3201 344 3256 sicut
362 3202 490 3274 superius
511 3200 735 3261 demonstratum
760 3214 803 3262 est
819 3206 931 3263 sonuit:
972 3211 1056 3279 jecta,
1088 3215 1118 3261 ut
1147 3207 1200 3260 ista
1222 3203 1364 3258 distinctio
1390 3210 1418 3256 ct
1446 3201 1620 3256 dubietatem
1648 3200 1769 3257 tituban-

137 3308 149 3340 a
164 3282 338 3346 vrttesmeus
347 3298 426 3357 estu,
437 3293 671 3365 egohodiogenui
682 3292 866 3366 te:postuiaa
877 3312 931 3363 me,
974 3298 1048 3352 tibus
1065 3296 1183 3355 aulierat,
1201 3301 1228 3347 et
1248 3293 1366 3362 gloriam
1382 3304 1439 3346 suae
1459 3289 1662 3346 iucarnationis
1682 3299 1769 3347 osten·

135 3378 306 3434 ctdabotihi
319 3381 418 3452 gentes
430 3380 625 3438 haereditatem
639 3385 718 3440 tuam
731 3384 863 3455 (tibatm
878 3406 890 3440 a
905 3388 933 3442 et
974 3387 1031 3441 dat.
1054 3385 1111 3441 Sub
1133 3384 1258 3457 pedibus,
1284 3383 1333 3445 ait,
1354 3387 1387 3436 ut
1409 3382 1499 3436 omnis
1523 3384 1654 3436 creatura
1673 3380 1769 3436 merito

134 3469 188 3522 hoc
201 3464 369 3540 propheticis
384 3470 532 3526 confirmat
546 3468 681 3547 exemplis
692 3474 801 3530 dicens:
812 3492 825 3525 e
838 3468 934 3532 Testa·
974 3478 1068 3548 ipsum
1082 3475 1173 3528 colere
1188 3478 1272 3544 atquc
1293 3472 1411 3525 adorare
1427 3469 1563 3525 videatur.
1583 3488 1597 3523 a
1621 3470 1703 3525 Nunc
1724 3487 1769 3524 au·

135 3552 339 3614 ttlsestautem
353 3558 382 3614 ih
397 3558 518 3631 quodam
533 3560 593 3617 icco
608 3565 722 3634 quidam
735 3564 845 3632 diceus;
859 3586 871 3618 a
885 3580 936 3620 cur
974 3572 1032 3619 tem
1058 3565 1176 3619 necdum
1201 3563 1328 3616 videmus
1351 3547 1445 3615 emnia
1470 3558 1596 3631 subjecta
1614 3560 1650 3614 ci.
1680 3585 1691 3606 a
1718 3556 1770 3614 Hoc

136 3658 192 3702 uon
208 3648 300 3719 ipsum
316 3665 419 3705 nomen
434 3650 576 3722 prophetae
589 3653 693 3723 posuit,
710 3652 758 3708 sed
774 3646 935 3709 absconditi
976 3654 1071 3725 itaque
1087 3652 1126 3707 ait
1149 3649 1184 3705 cie
1204 3668 1260 3705 non
1280 3649 1458 3704 credentibus
1480 3644 1508 3702 in
1533 3661 1607 3714 euru,
1627 3650 1693 3720 quia
1714 3666 1770 3704 nec·

137 3730 935 3815 Facitheretiarninatiistestimoniissicutsupradicturn
976 3740 1044 3798 dum
1060 3741 1154 3796 omnia
1169 3739 1329 3809 evangelica
1348 3734 1468 3793 obtinuit
1489 3732 1666 3809 pradicatio:
1691 3752 1770 3810 supe·

136 3828 187 3880 est.
203 3827 338 3884 Existimo
352 3838 416 3882 ettrn
429 3846 484 3883 aron
499 3824 693 3885 abscondentis
707 3826 813 3886 intuitu
827 3833 879 3886 hoc
893 3832 934 3888 t'e-
977 3833 1036 3886 rius
1059 3828 1138 3891 dixit,
1165 3824 1235 3883 nihil
1255 3826 1358 3882 dimitti
1387 3822 1439 3881 sibi
1464 3843 1519 3880 nou
1549 3826 1720 3897 subjectum,
1747 3826 1772 3881 el

137 3915 216 3981 cisse,
233 3916 282 3970 sed
302 3932 349 3970 eos
363 3914 481 3971 multam
496 3915 600 3973 habere
615 3916 760 3974 seientiam
775 3920 933 3993 Scriptura·
975 3918 1019 3975 hic
1040 3918 1142 3974 astruit
1170 3918 1288 3972 necdum
1317 3914 1409 3970 omnia
1436 3910 1561 3985 subjecta
1584 3912 1637 3969 sibi
1663 3912 1772 3971 videri:

136 4010 251 4065 rum,ut
264 4020 315 4058 nee
330 4016 401 4074 opus
416 4004 532 4061 halveret
546 4015 648 4061 nornen
664 4002 790 4079 posuisse
805 4009 932 4078 dicentis,
976 4011 1042 4081 quia
1063 4006 1119 4063 illic
1146 4006 1332 4061 universalem
1355 4000 1406 4059 sibi
1432 4002 1621 4059 voluntariam
1646 4007 1705 4060 sive
1730 4023 1775 4061 ne

137 4089 935 4168 sedvelutidiceretmanitcsta,etinpromptucoustituta
975 4098 1126 4153 cessariam
1149 4092 1352 4166 subjectionem
1376 4094 1513 4163 designat,
1531 4093 1576 4147 hic
1592 4098 1708 4149 tantum
1728 4112 1774 4150 vo-

136 4181 283 4235 induceret
295 4179 466 4237 testimonia.
480 4206 491 4229 e
508 4180 581 4248 Quid
593 4192 637 4239 est
647 4185 729 4239 homo
742 4186 816 4258 quod
827 4202 935 4243 mernor
975 4188 1126 4242 luntariam
1151 4185 1197 4256 qui
1219 4185 1338 4239 ssdeliter
1360 4185 1478 4238 eredunt
1500 4183 1528 4237 in
1551 4200 1616 4237 eitam
1637 4204 1645 4238 :
1673 4184 1776 4239 «Eum

137 4286 167 4325 es
182 4271 252 4341 eJus,
271 4275 322 4326 aut
335 4266 422 4326 Filius
442 4269 563 4327 hominis
582 4270 714 4345 quoniam
737 4273 833 4331 visitas
849 4278 934 4332 eum?
975 4262 1070 4333 euterh
1093 4274 1140 4346 qui
1160 4274 1299 4328 modicum
1323 4290 1407 4345 quam
1432 4273 1539 4343 angelis
1560 4272 1722 4328 minoratus
1736 4278 1780 4331 cat

134 4361 219 4428 (Psoi.
235 4361 300 4429 vui).
321 4354 395 4426 Quid
408 4368 452 4416 est
465 4358 558 4427 homo,
575 4376 638 4417 cum
654 4364 786 4435 despectu
806 4364 1096 4461 pronun-Deidhnus
1119 4365 1214 4419 lesum
1237 4368 1353 4433 propter
1376 4360 1534 4433 passionem
1556 4362 1658 4417 naamis
1685 4360 1779 4434 gloria

135 4448 265 4504 tiendum
280 4448 331 4518 est,
343 4448 370 4504 id
383 4456 425 4505 cst
439 4452 546 4523 fragilis
561 4459 589 4507 et
603 4452 808 4516 caducushdae
817 4466 931 4527 sequax,
976 4460 1005 4510 et
1023 4452 1129 4508 honore
1150 4456 1324 4515 coronatum,
1343 4458 1374 4505 ut
1391 4450 1484 4522 gratia
1506 4450 1557 4504 Dei
1572 4466 1623 4521 pro
1645 4453 1779 4508 omnibus

137 4538 228 4608 quiin
244 4538 329 4593 veteri
344 4544 457 4610 peccato
477 4540 604 4612 generali
622 4540 758 4613 pravitate
779 4540 932 4600 devinctus.
975 4546 1104 4615 gustaret
1131 4547 1293 4595 mortem.»
1321 4536 1372 4594 ilic
1399 4539 1522 4596 ostendit.
1546 4539 1612 4610 quia
1631 4541 1727 4609 gloria
1751 4548 1779 4597 et

136 4626 227 4696 Hujus
240 4638 349 4682 memor
359 4631 401 4684 cst
410 4623 546 4685 Dominus
556 4628 667 4702 quando
677 4640 791 4703 peccata
806 4630 932 4702 dimittit,
976 4635 1065 4687 honor
1092 4642 1160 4684 crux
1182 4635 1225 4684 est
1259 4628 1372 4694 Christi,
1397 4646 1447 4700 pro
1472 4645 1528 4700 qua
1556 4624 1699 4685 modicum
1725 4632 1779 4687 mi-

137 4717 165 4767 et
179 4713 377 4772 misericordia
392 4730 448 4774 suae
461 4714 535 4774 dona
549 4718 676 4792 largitur,
691 4724 766 4776 aaut
781 4716 868 4777 Filius
882 4720 934 4778 ho·
977 4727 1093 4776 noratus
1117 4718 1159 4773 est
1182 4718 1216 4772 ab
1239 4717 1354 4789 angelis.
1377 4718 1454 4772 Sicut
1477 4718 1536 4789 ipse
1557 4716 1697 4775 Dominus
1715 4738 1779 4776 cam

137 4803 231 4867 minis,
244 4805 376 4876 quoniam
391 4800 580 4864 visitassem?
592 4829 604 4861 a
616 4805 936 4882 Hicjamvocesurgen-
977 4826 1089 4882 semper
1110 4815 1190 4863 vocat
1205 4804 1307 4873 dicens
1331 4818 1344 4860 t
1361 4813 1393 4862 ut
1412 4804 1586 4878 glorificetur
1607 4806 1697 4863 Filius
1728 4811 1779 4864 ho-

135 4892 203 4946 dum
219 4899 270 4960 est,
281 4892 354 4965 quod
365 4894 516 4953 Dominum
532 4894 672 4969 significat
686 4898 862 4964 salvatorem,
880 4919 935 4973 qua
977 4898 1061 4954 minis
1078 4920 1083 4961 ;
1104 4916 1117 4951 v
1134 4896 1157 4952 si
1176 4896 1223 4952 illc
1238 4915 1270 4952 ea
1291 4912 1352 4968 quae
1367 4910 1416 4968 pro
1432 4896 1518 4951 servis
1536 4912 1636 4968 passus
1652 4902 1697 4952 est
1715 4900 1778 4970 glo·

136 4996 192 5036 non
209 4982 241 5038 ut
256 4981 349 5040 caeteri
365 4987 497 5041 mortales
508 5002 540 5042 ex
554 4988 663 5043 duobus
676 4980 835 5043 hominihus
851 4990 934 5045 uatus
976 4991 1049 5043 riam
1079 4994 1165 5053 vocat,
1189 4984 1278 5041 multo
1306 4982 1437 5058 arnplius.
1461 4991 1493 5039 tu
1517 4987 1611 5050 horno,
1637 5003 1701 5057 quas
1729 5004 1779 5059 pro

136 5074 188 5140 est,
200 5070 249 5130 sevi
264 5086 297 5130 ex
319 5070 426 5147 Spiritu
441 5082 536 5131 sancto
553 5084 581 5131 ct
603 5072 691 5133 beatoe
713 5076 808 5133 Mariae
824 5092 935 5151 semper
975 5078 1095 5132 Domino
1111 5074 1215 5148 pateris
1234 5072 1286 5129 tibi
1306 5076 1342 5128 ad
1365 5072 1486 5145 gloriam
1508 5072 1650 5146 pertinere
1672 5078 1778 5149 sempi-

135 5162 259 5240 Virginis
268 5166 349 5221 utero
360 5169 495 5237 tanquam
506 5180 625 5236 sponsus
634 5166 668 5221 de
676 5166 800 5238 glorioso
810 5166 934 5223 thalamo
975 5174 1085 5222 ternam
1111 5160 1241 5220 dulritare
1261 5178 1317 5218 non
1340 5164 1433 5218 debes.
1459 5158 1611 5231 Addidit«
1633 5171 1666 5219 ut
1685 5162 1779 5236 gratia

136 5254 324 5330 processibili
333 5255 562 5325 consideraquod
577 5252 707 5327 superius
717 5250 795 5316 dixit.
808 5272 936 5312 «memor
976 5257 1026 5311 Dei
1042 5272 1091 5327 pro
1112 5252 1242 5309 omrribus
1268 5258 1397 5324 gustaret
1418 5257 1546 5319 mortem,
1566 5275 1577 5302 ι
1596 5254 1692 5325 ipsum
1714 5271 1779 5309 vero

135 5362 176 5413 es,
194 5360 207 5395 a
224 5338 344 5416 subjecit
363 5346 457 5399 autern
474 5362 485 5395 r
502 5335 621 5398 visitas:
644 5362 657 5399 a
678 5362 786 5400 mernor
803 5340 858 5402 ibit
871 5362 935 5402 curn
976 5346 1097 5416 gratiam
1117 5342 1243 5398 nominat
1259 5344 1305 5413 qui
1327 5357 1377 5413 pro
1397 5340 1523 5396 omnium
1543 5340 1634 5397 salute
1652 5334 1780 5415 gustavit

134 5424 301 5508 patriarchis
320 5433 355 5486 de
379 5433 447 5487 coeio
475 5431 606 5488 misertus
630 5440 681 5488 cst.
707 5436 837 5490 Visitavit
856 5450 930 5491 eum.
975 5440 1105 5489 mortem.
1127 5435 1189 5488 Non
1208 5434 1283 5486 enirn
1299 5428 1453 5485 debebatur
1467 5431 1547 5486 nobis
1561 5436 1594 5486 ut
1612 5426 1702 5488 Filius
1729 5448 1780 5506 pro

137 5520 286 5577 «Verbum
299 5534 363 5575 caro
379 5520 482 5576 tartum
499 5529 541 5576 cst
555 5530 584 5577 et
602 5518 738 5578 habitavit
757 5525 785 5578 in
810 5524 899 5580 uobis.
919 5544 931 5577 a
974 5522 1054 5578 nobis
1075 5526 1203 5593 gustaret
1223 5527 1353 5585 mortem,
1377 5518 1424 5575 scd
1442 5518 1533 5592 gratia
1549 5521 1600 5575 hoc
1619 5522 1696 5588 iecit,
1719 5520 1781 5595 ipse

129 5606 203 5669 liam
216 5608 331 5666 visitare
344 5602 456 5674 dicitur,
480 5604 593 5681 quando
608 5608 733 5671 medicus
749 5612 784 5668 ad
803 5614 930 5668 infirmos
975 5610 1088 5685 quidem
1112 5626 1163 5682 pro
1179 5608 1310 5666 omnibus
1324 5616 1452 5667 mortuus
1472 5617 1524 5666 est.
1546 5604 1620 5676 Quid
1638 5612 1738 5667 auam
1752 5606 1778 5667 a'i
