3772 6120
127 262 165 319 ui
314 263 606 322 ENARRA'I'ICNUM
623 264 663 321 ni
681 264 759 322 EPP.
780 262 888 323 riuti
900 266 976 325 'bin
995 267 1099 325 xxiii.
1122 296 1155 310 -
1182 269 1222 324 IN
1241 265 1353 327 EPIS‘l'·
1373 266 1397 324 l.
1415 265 1465 321 ΑΙ)
1482 264 1558 322 Tm.
1635 268 1657 340 “,
1708 265 1762 326 582

123 384 244 457 Epistola
258 387 360 444 atatim
384 403 565 443 commonens
584 405 660 455 eum,
685 396 717 445 ut
730 406 796 444 suos
813 390 1046 452 cautis-Acratio
1057 393 1172 464 quidem
1183 393 1269 448 etiam
1282 391 1362 447 valde
1379 390 1534 446 desidiosos
1549 391 1603 449 scit
1622 392 1759 458 animare,

121 476 180 531 iinie
193 475 334 539 inauriat.
360 493 417 532 non
436 477 582 532 intendere
596 477 652 531 illis
678 478 807 549 quilegie
826 485 917 534 cusle-
958 482 1090 553 precepti
1106 498 1171 537 vero
1187 481 1296 553 pondus
1305 487 1333 534 et
1342 481 1422 535 illum
1433 480 1482 550 qui
1491 481 1638 536 alacritate
1647 486 1762 538 tenetur

120 564 184 620 diam
194 564 371 621 Christianis
386 567 469 622 modo
485 566 719 622 subintroducere
736 568 833 623 volunt
849 569 917 635 ;do·
958 569 1069 640 pigrum
1077 588 1150 642 serpe
1159 570 1385 625 fccisseridetm·:
1397 569 1600 625 intendendum
1613 576 1657 624 est
1664 553 1758 625 autem

120 660 153 709 eet
164 669 232 707 vero
243 671 313 710 eum
328 656 358 709 iii
367 654 602 725 subsequentibus
616 672 678 727 qua
693 657 840 713 conveniat
852 674 918 712 euin
959 665 987 713 et
1001 660 1095 715 sensui
1104 660 1258 725 dictorum,
1275 675 1326 713 nec
1339 659 1415 713 enim
1430 659 1483 712 hoc
1496 659 1555 712 vult
1568 659 1670 726 dicere,
1687 659 1759 715 sicut

119 742 212 798 haam:
227 743 421 799 Ecclesimum
432 744 669 816 dispensationem
678 745 917 817 indeptumUnde
958 764 1065 813 sensus,
1074 749 1122 819 qui
1136 749 1165 802 iii
1180 754 1312 819 promptu
1327 754 1379 811 est,
1388 747 1545 817 significare
1556 747 1675 813 ridetur,
1687 764 1757 818 quo-

118 831 182 888 rtde
196 831 338 889 omnibus
359 833 440 888 illuni
463 834 581 890 instruit
594 834 697 888 docens
713 851 787 899 eum,
804 835 916 905 qualem
957 836 1033 891 niam
1047 837 1157 908 rogavit
1166 854 1230 892 euin
1242 842 1274 891 ut
1284 836 1439 890 sustineret
1452 836 1563 907 Ephesi,
1574 837 1613 890 ita
1623 842 1654 890 ut
1663 837 1758 908 praeci·

117 935 166 977 uo
180 936 422 994 unumquemque
436 922 585 978 conveniat
599 939 698 979 eorum
722 923 771 994 qui
792 923 917 994 quolibet
957 930 1036 996 peret
1050 925 1218 997 quibusdam
1237 942 1273 980 ne
1292 925 1374 980 aliter
1389 925 1531 991 docerent,
1548 941 1599 978 nec
1617 925 1691 980 enim
1706 941 1757 997 pro

117 1007 189 1067 aedo
203 1008 237 1065 in
260 1009 450 1066 eeclesiastico
464 1011 563 1066 ordine
578 1011 760 1081 deputantur,
774 1011 817 1065 rel
831 1011 915 1066 mini·
957 1013 1010 1069 hoc
1017 1014 1076 1069 solo
1085 1015 1200 1086 reliquit
1210 1031 1274 1069 euin
1287 1013 1353 1073 iilic.
1366 1014 1414 1068 sed
1425 1019 1457 1068 ut
1466 1013 1561 1067 omnia
1570 1030 1621 1084 pro
1630 1013 1757 1068 illasace·

116 1096 287 1169 ariosmgi
302 1098 448 1167 videntum
464 1100 539 1170 quod
556 1105 585 1154 et
594 1100 756 1157 cautissime
775 1100 916 1170 explicans
957 1109 1001 1158 ret
1015 1102 1381 1173 sollicitudine,quamerga
1392 1102 1529 1157 Ecclesiae
1540 1101 1590 1156 Dei
1600 1102 1756 1174 expendere

117 1186 222 1241 instruit
253 1203 322 1241 cuni
342 1189 377 1242 de
399 1188 455 1243 illis
481 1205 543 1260 quae
561 1189 681 1244 deceant
707 1188 914 1261 presbyterum,
957 1190 1049 1247 fuerat
1058 1192 1213 1254 ordinatus,
1226 1192 1260 1246 de
1272 1191 1373 1261 quibus
1381 1191 1467 1245 etiam
1477 1191 1757 1263 omnibusscripsisse

117 1291 201 1347 qanta
225 1276 393 1340 diaconum,
416 1277 513 1347 quales
529 1277 615 1331 etiain
638 1277 786 1333 conveniat
803 1294 865 1332 esse
880 1277 916 1330 ri·
958 1280 1382 1352 videturadeuniinEpistoln3
1401 1287 1467 1335 sunt
1485 1281 1755 1336 autemsensusduo

117 1364 228 1427 dumet
244 1365 284 1419 de
306 1365 414 1421 ceteris
428 1366 698 1422 similiteromnibus
714 1383 748 1420 ea
763 1383 824 1436 quae
847 1382 916 1421 cun·
955 1369 1091 1440 complexi
1106 1369 1158 1423 sibi
1172 1370 1290 1424 invicem
1307 1389 1313 1423 z
1331 1369 1422 1439 primu
1437 1386 1521 1423 sensu
1540 1370 1692 1424 secundum
1708 1387 1756 1424 ex-

118 1452 261 1509 iiniebant
285 1454 441 1521 instiuens,
466 1454 618 1526 perfectam
642 1455 673 1509 in
700 1456 762 1526 ipsa
790 1455 916 1526 Epistola
955 1457 1755 1530 clamationemimperfectcexpressouttnlirationeetiam

117 1540 269 1599 doctrinam
285 1542 363 1599 visus
377 1549 421 1598 est
433 1543 656 1615 deprompsisse;
673 1549 915 1599 nieiiioratusiero
956 1563 1044 1602 unum
1058 1564 1119 1602 esse
1139 1547 1215 1618 quod
1240 1547 1345 1602 dictum
1368 1553 1411 1602 cst
1433 1546 1584 1601 rideretur.
1600 1546 1668 1602 vuli
1681 1547 1756 1601 enim

118 1635 149 1685 α
160 1631 338 1702 squaedam
353 1632 389 1687 de
400 1631 531 1702 dogmate
545 1632 573 1687 iu
585 1633 762 1702 mediapaite
773 1632 913 1703 Epistulae,
957 1634 1048 1689 dicere
1060 1654 1065 1688 :
1089 1636 1168 1691 Sicut
1179 1643 1208 1691 te
1222 1636 1317 1706 rogari
1331 1635 1509 1701 Macedonia,
1526 1635 1713 1707 proficiscens,
1725 1642 1758 1691 ut

117 1719 262 1790 inquibus
275 1721 319 1776 iiel
334 1721 454 1776 maxime
468 1721 658 1776 necessarium
680 1721 734 1775 sibi
757 1711 946 1775 doctrinamB
956 1724 1108 1778 sustineres
1123 1724 1237 1796 Ephesi,
1245 1724 1420 1795 diligentiam
1434 1724 1489 1779 illis
1499 1724 1635 1779 adhibens
1644 1725 1692 1795 qui
1699 1723 1756 1778 illic

117 1824 165 1865 ue
179 1809 383 1880 perspiciebat.
407 1810 485 1865 Nihil
507 1827 572 1865 vero
589 1827 622 1865 eii
637 1810 692 1864 illis
717 1810 831 1880 reliquit
852 1826 914 1881 quse
955 1812 1112 1883 suntquod
1122 1818 1151 1867 et
1164 1813 1246 1866 franite
1261 1817 1317 1881 tric)
1329 1813 1510 1867 commissmn
1524 1812 1576 1867 tibi
1591 1830 1660 1885 opus
1675 1830 1757 1885 expe·

119 1896 313 1953 sleommune
333 1905 532 1955 ornamentum
556 1898 697 1970 pertinere
724 1904 865 1970 poterant,
889 1899 914 1953 si
954 1901 1043 1963 diens,
1055 1908 1083 1954 et
1093 1901 1188 1955 omnia
1197 1901 1314 1955 sollicite
1325 1902 1445 1972 implens
1455 1918 1515 1972 quse
1526 1902 1561 1955 ad
1575 1918 1755 1957 communem

117 1992 203 2041 tmen
213 1986 281 2056 quis
297 1987 402 2058 scripta
415 1989 477 2057 eius
492 2005 556 2043 cuni
565 1987 737 2058 competenti
748 1988 858 2042 cautela
870 1987 914 2041 vel
954 1991 1097 2061 pertinent
1109 1989 1322 2045 correctionem.
1335 1991 1393 2044 lloc
1407 1990 1495 2059 igitur
1505 1995 1547 2043 est
1562 1990 1636 2060 quod
1650 1989 1710 2045 vult
1719 1990 1756 2044 si·

119 2073 250 2144 manuel
259 2075 403 2132 custodire
418 2077 557 2133 voluerit:
575 2077 647 2131 hunc
656 2077 743 2146 igitur
757 2076 913 2147 Epistulam
953 2079 1087 2148 gnificare
1102 2096 1152 2150 pei·
1165 2076 1234 2133 illud
1254 2077 1328 2150 quod
1344 2077 1428 2132 dixit:
1449 2097 1460 2128 i
1477 2077 1555 2132 Sicut
1569 2078 1665 2149 rogavi
1679 2084 1708 2133 te
1722 2085 1755 2134 ut

119 2176 169 2219 nto
183 2163 294 2233 judicio
316 2181 415 2221 omnes
436 2165 598 2221 cautissime
619 2164 764 2236 episcopos
789 2166 913 2219 ediscere
954 2169 1109 2223 sustineres
1123 2167 1225 2239 Ephesi
1235 2184 1298 2222 cum
1313 2167 1383 2221 irem
1394 2166 1423 2220 in
1434 2166 1662 2231 Macedoniam»
1680 2166 1753 2238 quod

122 2251 302 2308 adveniebat.
321 2253 366 2309 Sic
388 2255 464 2309 enim
489 2254 639 2325 diligenter
658 2255 788 2310 instructi
809 2271 913 2324 cogno·
954 2262 984 2313 et
992 2257 1153 2328 impertectc
1163 2257 1266 2311 dictum
1279 2272 1339 2310 esse
1353 2255 1468 2320 astruxi,
1479 2255 1605 2308 B.Paulo
1614 2260 1753 2309 consuetae

122 2355 185 2395 aare
197 2348 332 2411 poterant
359 2343 497 2399 Ecclesiae
512 2343 623 2398 Domini
647 2343 699 2399 Dei
713 2343 867 2398 secundum
882 2348 914 2397 ut
954 2346 982 2400 in
995 2345 1075 2400 illum
1089 2327 1206 2417 loquelae
1222 2344 1347 2399 studium
1362 2343 1551 2410 adhibentem,
1568 2342 1637 2397 illud
1657 2348 1752 2398 autem

125 2427 210 2484 imaus
234 2436 279 2485 eat
304 2430 346 2484 sel
370 2448 467 2500 regere
481 2432 524 2485 vel
551 2432 725 2504 dispensare,
743 2431 817 2486 beati
831 2431 912 2486 Pauli
954 2434 1249 2506 quodsihividsbatur
1263 2451 1314 2505 pro
1332 2450 1383 2487 sua
1396 2433 1509 2499 viitute,
1525 2439 1557 2485 ut
1571 2438 1691 2503 poterat,
1708 2449 1753 2485 ex·

125 2515 217 2586 liuius
226 2518 413 2574 inservientes
436 2538 442 2572 ε
468 2537 502 2574 ea
515 2520 591 2575 enim
610 2538 671 2591 quse
686 2521 722 2575 ad
733 2521 912 2575 Timotheum
952 2520 1524 2595 plicante.Nnmneedlsciplinaindicendi
1538 2520 1752 2587 studuerat,sed

124 2606 302 2678 tauscripsit
316 2608 479 2678 relinquens
493 2626 558 2664 enin
579 2609 682 2681 Ephesi
701 2608 831 2671 omuibus
845 2625 912 2664 eum
953 2629 1004 2669 nec
1017 2629 1068 2683 pro
1082 2613 1135 2666 hoc
1148 2612 1273 2666 studium
1288 2610 1499 2664 accommodare
1519 2608 1685 2663 conveniens
1699 2608 1752 2663 sibi

126 2691 236 2751 mean
250 2713 313 2767 qua
328 2698 482 2752 secundum
497 2698 769 2753 llsiamvidehantur
779 2714 910 2768 essepro·
952 2718 1012 2756 esse
1027 2700 1212 2755 existimabat.
1230 2699 1337 2755 Deinde
1351 2698 1455 2768 adjecit
1470 2716 1475 2750 :
1493 2717 1505 2749 «
1521 2698 1558 2753 Ut
1571 2697 1752 2754 denuntiares

130 2797 228 2852 ponem
243 2785 303 2841 haec
313 2786 391 2840 omni
411 2787 550 2858 episcopo,
567 2788 615 2858 qui
626 2787 778 2842 Ecclesiam
788 2786 839 2840 Dei
854 2802 911 2841 cre-
952 2789 1130 2860 quibusdam,
1150 2809 1161 2841 s
1180 2796 1209 2843 et
1228 2787 1345 2858 reliqua,
1361 2787 1413 2840 hoc
1428 2787 1533 2854 dicens,
1551 2786 1625 2858 quod
1639 2786 1680 2840 vel
1690 2803 1752 2841 ina·

131 2869 191 2928 dia
205 2880 249 2928 est
268 2875 438 2945 gubernare,
453 2876 544 2946 aptari
560 2893 652 2947 posse,
679 2892 762 2931 nenio
789 2874 908 2929 dubitet.
951 2879 1034 2943 xime,
1051 2884 1117 2932 ante
1135 2876 1232 2931 omnia
1252 2881 1348 2930 autem
1362 2891 1514 2946 procurare
1539 2873 1663 2941 volebat;
1685 2874 1752 2946 quid

131 2959 271 3033 lia'piendn
288 2971 333 3019 est
345 2981 414 3034 ergo
426 2964 477 3019 illa
496 2966 633 3036 expositio
651 2981 737 3036 quam
750 2981 801 3034 per
814 2969 910 3035 partes
951 2984 1017 3037 ergo
1031 2966 1100 3020 illud
1115 2966 1178 3020 estl
1195 2984 1208 3017 u
1224 2965 1292 3019 Volo
1306 2968 1344 3027 te,
1362 2962 1464 3034 inquit,
1475 2969 1540 3018 unte
1550 2963 1646 3017 omnia
1657 2968 1689 3017 ut
1702 2963 1752 3018 de·

132 3051 238 3122 sustin
259 3069 314 3108 nos
338 3053 478 3119 convenit,
508 3055 633 3125 eoquod
655 3060 856 3124 argumentum
879 3033 964 3107 inc«
983 3055 1104 3109 horteris
1119 3054 1182 3108 illos
1196 3053 1244 3124 qui
1259 3053 1288 3106 in
1302 3051 1418 3106 ecclesia
1441 3052 1497 3105 alia
1521 3051 1638 3122 cupiunt
1652 3051 1752 3106 docere

133 3135 188 3195 Hire
197 3141 368 3198 allidentes
381 3159 400 3197 a
409 3142 489 3197 nobis
500 3158 663 3215 expressum
678 3160 740 3198 esse
751 3142 871 3198 ridetur.
952 3167 965 3195 u
981 3148 1168 3214 preterquam
1183 3139 1297 3213 pietatis
1313 3140 1437 3212 postulat
1450 3140 1532 3194 ratio.
1551 3158 1563 3192 i
1576 3139 1694 3195 Evidens
1710 3145 1753 3195 est

364 3248 481 3303 CAPUT
496 3249 649 3304 ppqpfflpq
950 3232 1025 3286 enim
1040 3231 1114 3302 quod
1123 3230 1203 3296 dixit,
1212 3250 1225 3280 (t
1233 3235 1265 3284 ut
1273 3228 1422 3283 denunties
1433 3227 1611 3299 quibusdam,
1622 3247 1634 3280 i>
1647 3228 1682 3283 de
1693 3228 1751 3283 suis

136 3346 200 3406 lora
214 3354 388 3409 Timotheum
410 3355 553 3423 Apostolus
571 3357 732 3410 nenttmdol
742 3358 908 3423 qeneulopi'i'r
950 3321 1028 3419 enim,
1040 3320 1069 3375 id
1079 3320 1147 3375 dieii
1157 3326 1249 3417 ΨΜ
1264 3318 1299 3371 de
1313 3317 1423 3416 ,alienis'
1432 3318 1491 3372 Nec
1505 3317 1581 3416 enim
1591 3317 1751 3417 exteri&

157 3428 517 3493 „mmmmm-5,
533 3427 645 3483 Grau-a,
668 3430 727 3493 αφ]
742 3429 851 3494 [mppr
865 3443 910 3479 w.
949 3415 1081 3464 uuntiare
1100 3415 1161 3463 erat
1179 3407 1320 3462 Timothei
1336 3413 1404 3461 tunc
1418 3406 1461 3460 rel
1471 3423 1593 3463 maxime
1607 3413 1751 3479 magistris

155 3501 277 3552 manem
291 3498 530 3565 adapostolatuin,
550 3504 574 3550 et
592 3500 770 3552 imluci'teuin
786 3499 909 3551 adreru-
949 3494 1751 3571 pietatis,nonsolumincreparecontrariisminimeusur·

156 3568 256 3622 ‘mm
269 3569 575 3635 d⁰⁶²⁰iib¹⁴³sa³⁸²²⁰²fb
950 3585 1149 3658 pentibus,sed
1164 3584 1331 3639 econtrario
1340 3583 1461 3655 plurima
1472 3583 1507 3636 ub
1517 3583 1572 3637 illis
1586 3582 1751 3641 malesusti·

156 3672 438 3746 irsumnposmius
446 3674 550 3730 Christi
561 3675 628 3730 Jesu
648 3675 805 3730 secundum
819 3676 910 3746 impe-
950 3673 1172 3731 uentibusllicit
1191 3679 1286 3728 autem
1303 3689 1361 3726 non
1379 3670 1481 3726 debere
1493 3672 1576 3727 aliter
1590 3671 1699 3736 docere,
1716 3671 1751 3728 de

129 3760 213 3817 iiten
225 3761 277 3818 Dei
304 3763 456 3819 Saliatoris
471 3763 569 3829 nostri,
588 3769 618 3818 et
640 3764 744 3819 Christi
758 3765 834 3828 Jesu,
850 3763 910 3835 spei
951 3763 1006 3817 illis
1017 3762 1113 3817 dicens
1128 3761 1177 3832 qui
1192 3777 1225 3815 ex
1235 3759 1447 3814 circumcisione
1461 3759 1648 3826 crediderant,
1665 3759 1712 3832 qui
1722 3765 1751 3815 et

122 3858 243 3908 “mne
256 3851 406 3909 Timotheo
423 3852 588 3907 charissimo
610 3852 669 3907 silio
692 3852 721 3907 ln
739 3853 804 3919 lide,
817 3852 911 3922 gratia
952 3852 1041 3906 multa
1055 3849 1194 3921 quusipro
1204 3849 1266 3920 lege
1278 3849 1435 3919 loquentes
1447 3864 1495 3902 eos
1509 3847 1557 3918 qui
1572 3865 1605 3901 eii
1619 3847 1750 3919 gentibus

125 3939 339 3996 {nirenoordia
353 3947 383 3996 et
396 3957 448 4012 pax
462 3958 480 3995 a
498 3941 556 3997 Deo
571 3946 661 4011 patre,
677 3948 705 3996 st
719 3941 830 3995 Christo
844 3941 911 3995 Jesu
952 3940 1142 3995 erantdocere
1155 3937 1357 3992 annitebantur
1371 3943 1468 3992 contra
1474 3936 1627 3993 Christiani
1637 3936 1751 4008 dogma-

123 4025 265 4085 *Domino
284 4035 423 4085 nostro.»
444 4032 540 4098 (Auso.)
556 4030 674 4085 Videtur
694 4029 792 4085 beatus
805 4028 911 4084 Paulus
951 4029 988 4084 tis
1002 4029 1098 4083 ritum.
1116 4029 1189 4082 Nam
1203 4025 1275 4081 etin
1290 4025 1420 4082 omnibus
1435 4026 1560 4098 epistolis
1579 4026 1749 4098 propemodo

121 4107 369 4189 hpruoeiptione
396 4119 542 4189 praesentis
561 4119 691 4189 Epistola
713 4125 812 4173 contm
829 4134 910 4172 suam
951 4119 1069 4173 Beatum
1081 4116 1144 4188 quis
1158 4116 1281 4170 inveniet
1294 4116 1415 4171 Paulum
1428 4115 1463 4170 de
1476 4114 1531 4171 illis
1544 4115 1667 4187 plurima
1680 4114 1750 4170 scri-

122 4207 346 4263 messeanam
359 4207 494 4278 adjecime
512 4207 634 4278 gratiam
656 4213 686 4263 et
703 4224 812 4278 pacem,
826 4212 911 4278 atque
951 4206 1075 4274 bentem,
1086 4223 1119 4260 eo
1129 4205 1204 4277 quod
1212 4205 1330 4260 etmulti
1349 4212 1416 4260 tunc
1430 4211 1511 4259 erant
1526 4205 1573 4276 qui
1587 4203 1749 4275 hujusmodi

123 4294 387 4363 uiaermoidiein,ab
400 4298 502 4352 ellectu
517 4298 725 4367 majoi·e,quem
735 4314 802 4367 erga
815 4297 909 4351 Timo·
951 4295 1146 4368 proponebant
1158 4294 1325 4361 doctrinam,
1337 4295 1410 4365 quod
1425 4299 1454 4347 et
1468 4294 1569 4348 melius
1582 4307 1750 4363 cognoscere

127 4380 321 4441 deminuere
335 4385 491 4453 videbatur,
501 4387 555 4440 hac
568 4387 642 4441 vocis
654 4386 811 4456 acijectiono
824 4347 942 4440 nissen
953 4386 1016 4456 quis
1025 4384 1128 4456 poterit
1141 4383 1165 4438 si
1173 4383 1436 4454 interpretationem
1443 4387 1578 4448 nostram,
1589 4397 1673 4452 quain
1683 4398 1750 4453 pro-

128 4469 241 4540 Quin,
255 4490 456 4531 consummans
483 4492 547 4529 vero
571 4475 809 4546 prescriptionem
824 4475 853 4528 in
868 4474 911 4528 liis
952 4474 1103 4545 pemudum
1118 4489 1168 4544 per
1183 4489 1282 4527 omnes
1295 4471 1426 4542 epistolas
1442 4469 1591 4539 explicasse
1610 4469 1748 4537 ridemur,

71 4620 73 4635 ἰ
131 4556 211 4632 incipit
222 4564 262 4619 aie
277 4582 284 4618 ;
302 4584 316 4615 s
331 4563 410 4619 Sicut
421 4564 517 4633 rogavi
533 4570 561 4619 te
578 4570 610 4620 ut
624 4564 777 4619 sustineres
794 4563 906 4635 Ephesi,
949 4563 1098 4618 decurrere
1107 4561 1234 4627 voluerit,
1246 4558 1385 4630 inquibus
1400 4557 1615 4611 ostendimusB.
1629 4557 1749 4613 Paulum

135 4652 278 4708 minim
288 4653 318 4707 iii
331 4639 533 4719 llaoedoniem,
549 4660 581 4708 ut
594 4653 775 4709 denuntiares
791 4653 908 4723 quibus·
949 4651 1084 4707 multade
1097 4647 1461 4705 hisfuisselocutum.Nam
1477 4646 1550 4717 quod
1566 4645 1645 4713 dixit,
1663 4664 1676 4699 <i
1691 4662 1748 4702 non

135 4737 208 4796 *ὀίω
221 4757 278 4799 non
300 4741 383 4796 alite-r
398 4741 508 4807 docere,
525 4758 615 4812 neque
631 4741 907 4810 -intenderetabulis,
950 4740 1097 4795 intendere
1111 4738 1212 4792 tubulis
1227 4742 1256 4791 et
1268 4733 1440 4806 genealogiis
1456 4734 1587 4802 infinitis,
1604 4755 1616 4788 i
1633 4735 1663 4790 in
1676 4751 1750 4790 com·

136 4829 351 4900 *afflogiis
368 4829 496 4897 infinitis,
513 4847 575 4901 qua
592 4830 761 4901 questiones
775 4835 910 4901 prestant
950 4846 1036 4884 mune
1051 4827 1165 4899 quidem
1175 4826 1209 4881 de
1219 4823 1349 4880 omnibus
1359 4823 1438 4890 dixit,
1455 4824 1576 4879 maxime
1586 4824 1621 4879 de
1638 4824 1749 4898 illisqui
1807 4831 1809 4836 ’

136 4918 575 4990 ‘mgisqusmdispenssuonsm
582 4919 714 4990 Deiquie
722 4919 906 4974 estinlide.i
951 4935 984 4973 ex
996 4916 1127 4989 gentibus
1141 4921 1216 4979 sunt,
1233 4915 1282 4987 qui
1305 4913 1483 4969 intendentes
1503 4913 1559 4969 illis
1586 4931 1647 4984 quae
1662 4931 1680 4968 a
1702 4915 1750 4968 Jii·

132 5003 370 5065 beennatensi
386 5008 466 5063 Pauli
476 5009 621 5064 humilitas
632 5009 718 5080 digna
729 5015 772 5064 est
786 5008 910 5063 demira·
951 5007 1019 5062 deis
1033 5004 1207 5071 dicebantur3
1223 5020 1296 5076 saepe
1317 5003 1348 5058 in
1363 5003 1494 5074 dogmate
1511 5002 1624 5074 pietatis
1647 5018 1749 5058 nocere

132 5092 330 5169 assequentem
337 5097 532 5167 discipulosuo
539 5097 664 5153 scribens
670 5115 727 5154 non
733 5098 804 5152 dixit
815 5115 820 5149 z
832 5097 910 5152 Sicut
950 5095 1125 5161 ridebantur,
1135 5093 1209 5167 quod
1214 5100 1244 5148 et
1250 5093 1356 5148 Galata
1366 5091 1492 5165 perpessi
1503 5090 1588 5146 fuisse
1599 5089 1749 5147 inveniun-

130 5187 298 5258 mpimut
312 5184 576 5257 probamentis,
593 5187 644 5242 sed
657 5186 908 5257 dixitsimpliciter,
950 5190 1007 5252 tur,
1023 5184 1149 5256 quicum
1168 5181 1346 5237 observantia
1370 5189 1536 5237 ceterorum
1560 5195 1621 5251 quae
1639 5178 1669 5234 iii
1687 5179 1749 5252 lege

128 5271 298 5347 dmtrogavi,
314 5275 358 5331 vel
382 5275 542 5330 obsecratus
557 5292 620 5330 sum
637 5291 644 5327 :
674 5276 715 5330 sic
732 5276 841 5330 sanctis
855 5276 909 5332 illis
949 5273 1063 5330 fuerant
1076 5271 1296 5336 delinitaetiam
1311 5287 1362 5325 nec
1377 5287 1394 5324 a
1408 5267 1618 5325 circumcisione
1625 5285 1686 5324 sese
1701 5285 1748 5322 co·

123 5363 236 5421 ulium
243 5364 461 5420 aratunireisos
475 5364 669 5420 obsecintioiie
690 5365 803 5436 adopus
818 5365 909 5436 pista·
951 5363 1118 5428 hibucrunt3
1134 5360 1308 5432 genealogiis
1320 5376 1384 5414 vero
1401 5376 1448 5414 eos
1469 5357 1616 5412 intendere
1632 5357 1749 5415 minime

121 5450 290 5519 hinnitum,
301 5454 344 5510 ita
356 5458 432 5509 utet
447 5454 622 5509 alacritatem
646 5455 745 5509 iisdem
760 5471 824 5509 cuni
839 5472 908 5526 qua-
951 5451 1099 5506 convenii-c
1113 5450 1233 5513 dixitne
1244 5449 1318 5520 quod
1330 5446 1420 5504 ludaei
1431 5454 1499 5501 tune
1512 5447 1632 5503 multam
1648 5463 1750 5520 expen-

120 5538 471 5604 humma·
486 5543 674 5616 imponerent,
690 5560 726 5601 eo
739 5542 815 5616 qued
828 5541 909 5600 abse-
951 5536 1678 5608 ¹debantsollicitudinem,iitoatandcrantChristum
1690 5551 1748 5594 nan
