3772 6120
123 290 177 355 ns
334 300 341 312 ·
420 288 452 352 u.
468 280 605 352 nisani
622 278 739 353 mum
758 290 926 354 inerms.
945 290 1109 353 nonum.
1130 278 1390 353 praemiiis
1404 270 1459 353 in.

123 411 178 480 iusi
194 426 291 481 stacta
305 423 412 497 Spiritu
429 421 591 477 immundos
606 427 635 476 et
653 423 787 477 erraticos
806 422 1065 495 spiritusAilrnpor
1074 425 1105 475 in
1120 427 1225 484 cateno,
1236 420 1375 474 utnotum
1384 418 1513 475 videlieet
1521 418 1672 474 interemti

124 512 312 570 devincamus.
325 512 371 568 Sic
380 511 477 583 itaque
487 512 681 583 succingemus
690 512 800 566 lumbos
811 518 921 567 nostros
961 512 1035 565 rium
1046 510 1197 580 Evangelii,
1205 508 1327 563 breviter
1336 508 1591 581 perstringendum.
1599 506 1672 580 thr

124 604 154 657 ln
167 604 293 669 veritate,
310 603 334 656 si
348 602 439 673 parati
456 618 553 657 sumus
568 602 656 655 errori
672 601 812 655 resistere.
822 602 921 655 Onmis
962 601 1009 670 qui
1024 598 1189 671 simpliciter
1198 596 1338 668 inteiligit,
1351 598 1425 652 dicet
1439 606 1556 670 propter
1563 598 1672 652 testim(

124 692 198 744 enim
210 691 257 763 qui
271 691 382 763 operari
401 691 459 744 vult
474 690 612 761 succingit
629 707 669 757 se,
683 695 715 744 ut
727 688 821 744 ablato
835 690 921 761 impe-
963 688 1067 742 Christi
1078 704 1142 742 eum
1150 687 1185 741 de
1198 701 1309 740 earcere
1320 690 1348 741 et
1358 688 1391 741 de
1400 686 1506 742 catenis
1516 684 1672 741 nesciturus

122 778 248 834 dimento
264 778 427 850 diligentius
441 785 582 850 operetur.
961 782 1023 831 tum
1033 778 1137 849 scripta
1146 774 1269 831 misisse·
1280 772 1352 831 alius
1362 782 1551 848 veropropter
1560 772 1672 846 corpas!

158 868 191 922 Et
198 868 326 939 ptadium
337 868 469 937 Spiritus,
478 868 550 937 quod
559 870 597 921 est
608 869 722 922 verbum
732 866 782 922 dei
790 884 799 919 .-
807 880 858 936 per
866 882 921 922 om·
961 866 1058 934 litatis,
1075 872 1103 920 et
1118 873 1245 923 catenam
1260 867 1342 923 istam
1358 880 1413 937 qua
1426 862 1672 931 circumdamur‚e

123 974 186 1011 nera
200 960 352 1012 orationem
368 961 392 1011 et
406 960 627 1023 obsecrationem,
641 962 751 1010 orantes
764 958 842 1010 omni
857 960 921 1009 tem-
962 952 1027 1009 dum
1039 956 1142 1010 seimus
1153 956 1309 1013 secundum
1324 952 1394 1011 illud
1404 956 1478 1027 quod
1489 959 1602 1026 oportet
1614 962 1668 1008 nos

120 1063 185 1115 porc
196 1046 380 1115 inspirentur
391 1048 485 1115 inipso
495 1046 641 1114 repetentes
654 1048 684 1098 in
694 1047 773 1099 ornni
783 1044 920 1099 instantia
962 1042 1192 1116 etperspecuium
1198 1036 1672 1115 videmusinaenignmte,istaeumd

123 1140 147 1188 et
158 1151 237 1205 prece
249 1150 301 1205 pro
317 1134 445 1189 orrrnibas
462 1136 565 1188 sanctis
579 1139 603 1188 el
623 1150 675 1202 pro
694 1150 737 1186 me
751 1126 852 1205 (Hier.)
869 1132 918 1187 Dei
960 1132 1118 1195 contendet,
1125 1138 1226 1188 ettunc
1233 1152 1296 1190 vero
1306 1148 1387 1207 posse
1397 1133 1425 1187 in
1434 1132 1604 1187 confidentia
1615 1126 1672 1185 Era

122 1240 215 1277 sermo
229 1222 264 1277 de
281 1222 388 1296 Spiritu
403 1226 499 1277 saneto
513 1222 600 1277 nuit:
625 1224 783 1277 contrarius
797 1232 862 1276 vero
885 1220 919 1275 de
961 1221 1069 1292 aporire
1088 1224 1231 1294 mysteria,
1249 1240 1313 1278 cum
1334 1229 1462 1277 catenam
1485 1218 1658 1292 deposuerit,

122 1310 377 1384 terioloquitur,et
387 1310 453 1366 inde
464 1310 553 1366 sumit
563 1311 717 1366 exordium.
736 1312 789 1380 (lui
803 1313 878 1365 enirn
888 1312 919 1364 de
960 1312 1070 1364 carcere
1083 1310 1155 1364 liber
1164 1312 1272 1377 exierit,
1288 1312 1341 1366 nisr
1352 1310 1423 1364 sorte
1438 1315 1467 1365 et
1480 1310 1511 1364 in
1524 1304 1672 1363 vinculisa

123 1407 198 1456 terra
208 1406 254 1467 est,
271 1402 302 1455 dr
317 1405 393 1455 terra
405 1402 539 1471 loquitur.
556 1400 611 1468 Oui
623 1401 655 1454 de
673 1404 735 1455 calo
750 1402 823 1453 senii
838 1416 920 1469 super
961 1395 1077 1452 vinculis
1088 1402 1293 1471 computandus
1303 1405 1354 1463 est,
1367 1400 1414 1472 qul
1424 1397 1667 1453 conversationem

122 1494 269 1553 enenesest,
279 1491 383 1558 etquod
393 1490 495 1543 victitet
505 1490 623 1553 audiuit,
639 1490 687 1542 lure
699 1490 917 1558 testatur(ioan.
960 1487 989 1541 in
1004 1486 1090 1554 coelis,
1102 1492 1131 1541 et
1145 1489 1179 1543 de
1194 1506 1248 1560 quo
1265 1488 1319 1543 dici
1329 1494 1422 1560 potest
1439 1507 1444 1540 :
1466 1486 1614 1541 l'osautem
1623 1486 1672 1540 nar

121 1576 261 1648 111).Porro
271 1592 364 1633 sermo
374 1576 424 1633 Dei
429 1576 541 1649 gladius
548 1576 669 1649 Spiritus
679 1584 730 1642 est,
740 1577 774 1631 de
782 1595 837 1650 quo
845 1594 920 1632 nunc
962 1578 989 1629 in
1000 1593 1092 1642 carere,
1103 1578 1186 1631 sedin
1199 1581 1312 1647 spiritu,
1323 1581 1348 1630 si
1359 1584 1451 1631 tamen
1461 1575 1584 1644 Spiritus
1596 1577 1645 1629 liei
1654 1572 1672 1627 lt

122 1665 226 1721 Paulus
241 1666 301 1721 ait:
319 1667 432 1723 Gladius
447 1668 580 1736 Spiritus,
602 1668 674 1736 quod
692 1673 729 1720 est
744 1668 857 1721 verbum
871 1669 920 1721 Dei
960 1667 993 1719 in
1007 1666 1081 1719 robis
1092 1667 1177 1732 (dom.
1195 1669 1262 1734 vm).
1280 1664 1402 1736 [Ambr]
1416 1665 1445 1719 Si
1460 1671 1534 1719 recte
1549 1676 1672 1717 conversi

123 1756 214 1823 (debr.
229 1752 276 1825 rr).
292 1756 395 1811 Vivens
416 1756 518 1827 quippe
539 1770 631 1810 sermo
651 1756 702 1810 Dei
722 1760 751 1810 et
769 1754 874 1822 efficax,
891 1739 1083 1824 etBSpiritus
1093 1760 1206 1808 sanctus
1217 1755 1350 1809 manetin
1363 1752 1452 1820 nobis,
1465 1760 1493 1808 et
1500 1754 1573 1825 quod
1583 1746 1672 1823 postu¹

122 1850 221 1899 acutus
230 1861 315 1916 super
329 1861 441 1898 omnem
452 1844 601 1916 ancipitem
611 1842 746 1915 gladium,
755 1851 784 1899 et
793 1850 920 1915 penetra·
961 1858 1109 1912 possumus
1120 1844 1280 1915 impetrare.
1289 1845 1348 1898 Iloc
1357 1850 1399 1897 est
1409 1860 1475 1913 ergo
1486 1844 1516 1897 in
1527 1840 1636 1913 Spiritu
1649 1854 1672 1894 st

121 1931 184 1986 bilis
199 1932 336 2005 usquead
352 1932 725 2003 artuspnimae,etossiu1n,
742 1938 771 1988 et
783 1932 919 1988 medulla·
961 1946 1051 1995 orare,
1069 1930 1172 1986 munda
1183 1930 1354 1987 coriscientia
1366 1936 1395 1986 et
1409 1932 1462 1985 nde
1477 1931 1587 2001 integra
1597 1940 1672 2001 preci

122 2020 256 2087 rquui
267 2022 387 2095 Spiritus
404 2020 531 2095 praecidit
540 2020 686 2089 etdividit,
703 2020 824 2076 multum
838 2020 920 2094 protr-
962 2021 1050 2074 Deum
1070 2021 1201 2090 dirigere.
1222 2022 1253 2075 ln
1283 2036 1367 2075 carne
1387 2021 1462 2075 enim
1485 2024 1557 2085 oret,
1582 2018 1631 2089 qui
1651 2032 1672 2089 p

120 2110 196 2165 ciens
209 2128 260 2183 per
283 2111 439 2165 orationem
460 2127 556 2165 eorum
580 2111 627 2182 qui
647 2110 676 2165 in
696 2111 771 2165 omni
791 2118 919 2182 tempore
961 2107 1672 2180 menteprecatu1·,iterumpeccaturusnondeeren

121 2198 272 2255 Dominum
295 2200 483 2272 deprecantur
509 2200 538 2255 in
567 2199 683 2271 Spiritu,
707 2201 788 2271 justa
816 2199 885 2255 illud
911 2220 916 2252 ι
960 2197 1148 2269 subreptione,
1166 2199 1214 2252 sed
1230 2198 1264 2253 do
1278 2198 1435 2270 proposito;
1452 2196 1499 2252 sed
1512 2201 1608 2269 potest
1623 2208 1672 2250 nor

123 2288 210 2343 Oraba
225 2292 337 2358 spiritu,
355 2290 436 2342 orabo
451 2294 474 2342 el
490 2290 612 2349 montell
626 2288 686 2343 Cor.
700 2294 764 2357 mv),
782 2290 852 2343 etin
867 2288 920 2344 hoc
959 2285 1016 2339 cart
1032 2286 1067 2340 ad
1082 2292 1211 2348 mortem,
1222 2284 1246 2341 si
1261 2294 1472 2356 perseveranter
1481 2292 1587 2350 oretur,
1601 2284 1672 2339 utt'u

121 2376 277 2448 proficiens,
294 2384 325 2431 ut
338 2394 389 2448 per
402 2374 510 2447 vigilias
526 2376 715 2431 etinstnntem
726 2392 837 2449 precem
847 2379 919 2447 dpo
959 2372 1156 2428 sedulamente
1164 2376 1289 2429 intentus
1297 2376 1334 2429 sit
1341 2391 1453 2447 semper
1463 2376 1492 2429 in
1499 2374 1672 2445 Deilegem,r

121 2464 209 2520 stolus
224 2466 253 2519 in
264 2466 314 2520 Dei
330 2465 413 2519 verbo
424 2465 612 2538 doctrinaque
623 2465 738 2532 ditetur,
750 2470 778 2520 et
793 2464 852 2521 haec
862 2483 919 2520 om-
960 2461 1052 2517 ditans
1066 2462 1111 2517 die
1128 2470 1268 2534 noctuque
1291 2478 1352 2535 quie
1366 2472 1444 2518 arnat
1464 2464 1548 2519 Deus.
1567 2462 1648 2517 Tune
1664 2476 1672 2515 1

120 2554 164 2608 nis
179 2555 324 2626 opulentia
339 2554 374 2608 ed
399 2554 518 2609 aliorum
540 2555 668 2626 proficiat
685 2554 814 2620 salutem,
832 2560 864 2608 ut
879 2556 919 2609 eis
960 2551 1063 2606 sanctis
1077 2558 1195 2623 possunt
1211 2568 1300 2620 orare,
1317 2569 1374 2607 non
1393 2561 1436 2607 est
1461 2552 1535 2607 enim
1556 2548 1672 2622 indigns

120 2659 231 2713 quoque
244 2643 313 2714 ipsis
328 2643 416 2713 prosit
431 2642 478 2714 qui
492 2660 543 2714 pro
553 2660 586 2697 eo
601 2643 756 2697 obsecrant.
773 2644 918 2715 Simulque
960 2656 1010 2710 pro
1020 2640 1138 2695 int-icem
1148 2638 1268 2695 sollicita
1280 2641 1336 2695 sint
1349 2642 1491 2696 membra:
1509 2659 1560 2695 nec
1574 2646 1672 2695 temen

120 2728 246 2802 Apostoli
260 2730 405 2786 humilitas
414 2731 589 2789 admiranda,
602 2731 723 2803 petentis
732 2732 875 2803 Ephesios.
888 2738 918 2788 ut
959 2728 1063 2800 poterit
1073 2728 1170 2794 videri,
1182 2730 1206 2783 si
1214 2746 1265 2801 pro
1277 2730 1413 2800 magistro
1424 2728 1554 2802 discipuli
1563 2720 1672 2784 idonei?

120 2835 170 2890 pro
181 2836 211 2873 se
220 2818 325 2874 faciant
335 2816 601 2874 obsecrationesdit
610 2820 713 2893 quippe
726 2840 731 2873 :
743 2823 776 2875 In
787 2825 864 2876 arreni
874 2825 917 2875 in·
958 2818 1072 2888 pellent,
1079 2816 1243 2888 adjuvantes
1257 2832 1331 2885 eum,
1345 2826 1385 2884 ut,
1398 2819 1559 2891 postpositis
1573 2817 1671 2890 imped

120 2910 225 2961 stantia
235 2913 259 2962 et
267 2925 345 2977 prece
348 2910 533 2978 proontnibus
539 2912 641 2962 sanetis
651 2914 674 2962 et
678 2925 730 2979 pro
742 2925 783 2963 me
788 2929 796 2975 ;
805 2914 917 2964 utseor-
958 2906 1004 2967 tis,
1013 2904 1142 2960 libertate
1157 2912 1253 2961 utatur
1266 2904 1300 2961 ad
1312 2905 1530 2979 praedicandum,
1541 2908 1672 2962 sicuttrar

120 3012 183 3050 sum
196 3003 368 3063 sanctorum,
379 3000 544 3051 etseorsum
557 2996 599 3050 sui
614 2995 719 3051 faceret
732 2997 914 3053 mentionem.
958 3003 1002 3049 est
1024 2994 1059 3049 ab
1082 3000 1205 3061 auctore,
1222 3010 1257 3049 nc
1277 3012 1391 3067 pressus
1409 2998 1435 3049 ri
1455 2996 1671 3051 tribulationum

158 3084 188 3138 dt
199 3085 270 3138 mibi
277 3084 358 3139 detur
368 3102 457 3139 sermo
469 3086 499 3139 iu
507 3088 647 3155 apertione
658 3088 714 3138 oris
723 3090 786 3153 inei,
793 3088 826 3141 in
832 3090 916 3155 eonfi-
928 3056 1105 3139 Cformidine
1119 3098 1236 3139 acumen
1252 3084 1384 3140 doctrinm
1400 3084 1547 3147 obtundat,
1565 3084 1672 3139 amissa

120 3174 213 3227 dantia
220 3178 316 3228 notum
326 3175 415 3243 sarcre
429 3175 752 3242 rnpsteriumErnrtpclii,
759 3190 868 3245 proquo
879 3180 917 3230 te·
958 3172 1051 3228 ritate.
1069 3170 1178 3245 Duplici
1191 3172 1279 3243 igitur
1290 3188 1393 3244 genere
1404 3190 1453 3246 pro
1468 3190 1498 3230 se
1513 3174 1653 3229 orandum
1666 3166 1672 3227 1

119 3263 229 3329 palione
236 3262 342 3331 suaper
351 3265 483 3317 incatrna
493 3280 499 3313 :
511 3264 549 3316 ila
558 3264 629 3317 edin
640 3265 917 3333 ipsoaudemn,prout
957 3267 1013 3329 tur,
1029 3266 1061 3317 ut
1075 3264 1104 3317 et
1117 3274 1215 3317 sensus
1229 3263 1289 3333 ejus
1299 3264 1563 3335 impleaturSpiritu
1573 3262 1609 3317 ad
1623 3256 1672 3317 eiu

119 3354 221 3419 opertet
244 3366 285 3405 nte
310 3354 394 3421 loqu-i.
422 3348 520 3421 (ilion)
537 3348 596 3406 Hoc
612 3351 686 3422 quod
701 3369 776 3407 nunc
799 3352 840 3408 ait
856 3372 862 3406 ε
882 3356 916 3409 ln
957 3349 1024 3405 dum
1038 3350 1121 3424 plene
1135 3352 1311 3425 mysterium,
1324 3358 1352 3407 'et
1362 3350 1478 3406 facultas
1489 3352 1529 3406 illi
1541 3353 1624 3407 detur
1634 3362 1672 3406 eu

117 3442 258 3508 apertione
273 3443 329 3495 oris
346 3442 399 3494 mei
413 3460 420 3509 ς
436 3446 465 3494 et
477 3438 544 3495 alibi
561 3459 567 3493 :
583 3442 715 3510 Aperiens
729 3458 757 3495 os
771 3458 854 3496 suum
868 3444 916 3496 do-
957 3442 986 3495 in
1002 3440 1161 3506 asserendo,
1185 3456 1269 3512 quam
1283 3442 1381 3513 utique
1404 3456 1514 3512 precem
1538 3440 1661 3495 libenter

118 3528 190 3583 cebet
201 3528 358 3597 discipulos,
369 3532 461 3583 dicens
472 3530 578 3595 tiletib.
591 3532 617 3595 v)
630 3549 636 3595 3
650 3532 692 3584 et:
711 3528 744 3586 Os
755 3547 845 3584 meum
857 3547 917 3599 opr—
957 3528 1044 3597 Deus,
1061 3526 1136 3584 videt
1149 3530 1223 3583 enim
1240 3529 1409 3599 legationem
1424 3546 1505 3584 suam
1520 3530 1548 3584 in
1564 3528 1672 3600 apostol

117 3618 167 3670 rui
181 3622 204 3670 el
212 3620 320 3672 altresi
330 3619 668 3686 spiriturnll’sal.erv111);
681 3624 726 3672 et:
739 3620 869 3687 Aperiunt
886 3624 915 3674 in
958 3616 1071 3689 despici,
1080 3618 1153 3672 unde
1164 3619 1260 3689 utique
1273 3616 1435 3688 indignatus
1445 3620 1474 3672 in
1489 3634 1573 3673 causa
1583 3632 1634 3673 sua
1643 3632 1672 3673 nt

115 3708 256 3774 parabolis
270 3722 298 3760 os
314 3722 405 3760 ineunt
423 3707 507 3769 (Psoi.
526 3708 635 3775 urxvu),
649 3712 677 3761 et
692 3713 793 3763 caetera
814 3706 857 3762 his
877 3708 916 3762 si·
956 3705 1034 3776 gabit
1048 3704 1185 3762 ellectum.
1199 3706 1228 3760 Si
1239 3707 1312 3761 enim
1323 3710 1494 3762 consuetudo
1509 3714 1537 3762 ot
1549 3708 1592 3761 lcx
1602 3706 1672 3762 estlt

117 3792 204 3862 milia,
220 3794 260 3849 sic
281 3793 484 3866 accipiendum,
506 3796 586 3868 quasi
606 3796 708 3850 dixerit
728 3815 733 3849 :
754 3797 917 3868 aperiantur
957 3795 1103 3850 hominum
1112 3795 1439 3868 noninierreexitia,qua
1448 3797 1668 3868 praesumptione

116 3870 243 3938 thesauri
263 3888 291 3937 et
308 3884 472 3939 abscondita
490 3901 507 3938 a
523 3882 631 3939 saeculis
650 3888 826 3940 sacramenta
845 3902 915 3958 pan·
957 3883 1037 3939 dacia
1045 3882 1145 3955 legatis
1155 3884 1206 3938 Dei
1215 3901 1271 3938 non
1281 3884 1371 3939 solum
1382 3885 1475 3947 exitia,
1489 3886 1537 3941 sed
1550 3894 1579 3940 ct
1595 3900 1672 3939 mors

117 3959 229 4035 dantur,
250 3978 282 4025 ut
301 3973 423 4043 Spiritus
446 3978 559 4027 sanctus
584 3973 704 4028 introcat
718 3974 754 4028 'ad
770 3990 804 4028 ea
822 3972 916 4047 profe·
956 3972 1053 4044 gater!
1064 3973 1157 4037 Quare
1167 3979 1196 4026 et
1203 3971 1278 4037 dicit,
1291 3976 1342 4027 Pro
1354 3992 1406 4044 quo
1414 3978 1548 4043 lepatione
1558 3977 1666 4043 suuper

117 4059 205 4112 rende
219 4075 280 4129 quae
295 4058 417 4114 latitant.
430 4058 502 4114 Nam
519 4061 593 4133 quod
607 4058 691 4131 liujus
708 4062 873 4128 testimonii,
888 4054 915 4117 id
957 4064 1020 4115 tene
1036 4081 1043 4114 :
1059 4078 1115 4117 non
1139 4062 1213 4116 enim
1228 4060 1443 4133 permittebatur
1457 4062 1543 4117 iibere
1558 4062 1647 4134 ioqui,
1663 4076 1672 4117 ε

117 4153 170 4212 est,
184 4149 302 4201 uidetur
311 4152 382 4201 mibi
394 4165 482 4204 sernto
492 4153 523 4203 in
531 4153 672 4217 apertione
681 4153 738 4204 oris
748 4152 867 4216 irrei,iste
879 4153 916 4206 sit
957 4149 1336 4222 subjectioneetneeessitnbr
1352 4151 1672 4218 verbaDeirelerens,vit

117 4230 285 4303 intellectus,
300 4236 446 4306 sequentia
470 4236 600 4308 probant,
620 4240 654 4292 ln
675 4240 849 4307 confidentia,
870 4241 914 4295 in-
957 4245 986 4294 et
996 4238 1085 4311 plagis
1100 4236 1300 4309 subjiciebatur
1310 4245 1339 4294 et
1349 4241 1494 4296 mortibus.
1509 4248 1537 4296 ct
1546 4240 1672 4313 lepidutu

117 4324 287 4396 quit,notum
297 4324 386 4392 iacere
397 4328 560 4392 mysterium
572 4326 914 4401 deanpeliiNequaquam
957 4329 1017 4401 ipse
1031 4327 1107 4382 enim
1122 4334 1150 4381 et
1164 4329 1198 4381 ad
1214 4328 1317 4383 bestias
1328 4330 1461 4400 pugnavit
1473 4326 1573 4402 Ephesi
1590 4332 1614 4397 (l
1620 4328 1672 4385 Gar

117 4413 146 4466 in
162 4410 315 4484 proverbiis
329 4418 358 4468 et
372 4412 522 4485 parabolis,
533 4412 605 4467 sicut
615 4422 643 4468 et
653 4414 805 4486 propheta,
819 4416 916 4487 etipse
995 4418 1025 4472 tv
1045 4421 1135 4470 aretem
1156 4420 1248 4470 sciatis
1266 4424 1289 4471 et
1312 4435 1356 4472 ros
1371 4430 1430 4488 qrte
1445 4422 1519 4474 circu
1537 4436 1579 4473 mr
1593 4418 1671 4479 sunl,

118 4500 253 4556 Dominus
277 4500 368 4556 adhuc
385 4501 555 4556 constitutus
573 4500 602 4555 in
617 4517 734 4572 corpore
749 4502 917 4575 loquebatur
956 4522 1048 4575 epam,
1059 4510 1154 4560 omma
1169 4508 1314 4559 rtotauobis
1325 4508 1406 4574 faciet
1420 4510 1560 4575 Tycbieus,
1570 4508 1672 4562 dilectu

117 4589 212 4645 dicens
225 4609 230 4642 :
247 4590 321 4645 Venit
331 4592 409 4655 bora,
418 4592 529 4661 quando
543 4607 716 4660 nequaquam
727 4594 758 4646 in
764 4596 915 4662 proverbiis
957 4600 1007 4659 ter,
1019 4598 1042 4648 et
1048 4595 1135 4661 fictitiis
1145 4597 1273 4647 mim'ster
1281 4598 1312 4648 in
1323 4598 1447 4662 bonnae,
1456 4612 1536 4665 quern
1548 4600 1614 4651 misi
1623 4596 1672 4651 ad·

117 4680 190 4732 robis
211 4681 319 4747 loquar,
335 4680 381 4733 sed
402 4680 568 4747 confidenter
582 4680 614 4734 de
637 4680 719 4734 Patre
740 4684 915 4737 antruntlabo
956 4682 1004 4736 boe
1015 4685 1113 4751 ipsum,
1131 4688 1160 4735 ut
1174 4686 1338 4750 capnosratis
1349 4700 1407 4752 qne
1422 4687 1496 4739 eirea
1509 4701 1557 4738 nos
1567 4688 1672 4752 .nmt,e

119 4764 190 4820 robis
206 4766 296 4832 (ioan.
318 4767 383 4836 rvr).
404 4767 485 4823 Hunc
499 4768 674 4823 confidentiae
689 4784 846 4824 sermonem
869 4787 915 4825 so·
956 4774 1059 4826 soletur
1072 4772 1155 4824 eorde
1170 4777 1267 4825 uestra.
1280 4770 1378 4847 (Hier.)
1390 4772 1544 4844 Dupliciter
1553 4773 1672 4845 accipite

118 4854 161 4908 lus
174 4853 278 4925 poterit
291 4853 426 4917 obtinere,
438 4858 485 4928 qui
498 4874 554 4912 non
567 4854 698 4912 habuerit
712 4874 760 4912 cor
773 4875 804 4913 se
819 4874 914 4931 repre·
956 4858 1019 4913 ideo
1031 4856 1182 4930 Tychicum
1201 4859 1319 4913 missum
1336 4858 1486 4931 Ephesum,
1503 4867 1534 4916 ut
1548 4862 1672 4917 nuntiam

118 4940 242 4998 trendens
261 4962 266 4997 :
287 4944 319 5000 Si
336 4948 410 4998 enim
433 4962 479 5000 cor
493 4950 619 5001 nostrum
640 4964 695 5000 non
711 4946 916 5015 reprehenderit
956 4945 1067 5002 vincula
1075 4946 1202 5018 Apostoli
1215 4955 1282 5002 nota
1291 4948 1365 5003 facti
1374 4964 1434 5005 esse
1444 4950 1473 5005 in
1485 4950 1561 5005 omni
1573 4956 1672 5022 prator

119 5036 175 5097 ne's,
192 5030 386 5101 confidentiam
404 5034 534 5089 trabernas
551 5035 589 5088 ad
608 5036 703 5101 delent,
725 5040 749 5089 et
773 5038 915 5105 quodcun-
956 5040 1083 5091 catenam
1094 5034 1169 5090 illius
1181 5036 1215 5090 ad
1227 5036 1310 5091 tidem
1321 5038 1631 5112 Evangeliiprolecisse,
1643 5054 1672 5094 ee

118 5136 168 5191 que
186 5123 357 5189 petierimus,
389 5123 554 5190 accipiemus
583 5124 618 5177 ab
644 5140 672 5176 eo
702 5122 729 5189 (l
753 5126 835 5179 ioan.
864 5126 914 5192 m).
958 5140 1092 5196 porequo
1107 5122 1142 5178 ad
1156 5124 1334 5180 colossenses
1348 5127 1459 5198 scripsit
1473 5127 1667 5196 dicens:0ue

118 5206 208 5262 Rarus
218 5209 314 5281 itaque
326 5209 427 5281 estqui
436 5209 465 5264 in
474 5210 643 5266 confidentia
652 5216 751 5267 notum
761 5211 845 5268 iaciat
854 5231 915 5286 my·
957 5230 999 5267 me
1009 5219 1084 5279 sunt,
1097 5217 1191 5267 omniu
1204 5220 1267 5268 nola
1274 5216 1356 5281 saciet
1366 5219 1438 5270 uobis
1450 5216 1579 5286 Tpcbiens
1590 5220 1672 5284 frater

118 5295 235 5350 sterium
250 5296 402 5370 Evangelii,
420 5298 487 5371 quia
500 5316 581 5353 rarus
595 5306 638 5355 est
652 5302 700 5373 qui
716 5301 915 5359 confidentiam
957 5304 1672 5375 ctus,etrninirter,elcenserrasinllomtno,prr-crunt

118 5378 264 5438 habeatad
275 5376 374 5442 Deum.
384 5407 395 5440 o
406 5388 474 5453 Quis
492 5386 567 5443 enim
580 5386 749 5461 gloriabitur
763 5396 870 5447 castum
886 5409 915 5446 se
957 5408 1000 5446 uos
1015 5392 1046 5446 ob
1061 5390 1109 5445 boe
1123 5394 1223 5460 ipsura,
1236 5398 1267 5445 ut
1282 5394 1446 5461 capnoscatis
1456 5410 1515 5463 qne
1528 5397 1603 5449 circa
1616 5406 1664 5449 not

119 5460 222 5526 hebere
235 5478 292 5553 eor,
302 5482 352 5531 eut
362 5477 425 5549 quls
435 5477 523 5532 stabit
534 5476 630 5532 dicens
639 5479 776 5535 mundum
786 5496 816 5536 se
826 5497 915 5536 essea
957 5486 981 5534 et
996 5482 1150 5535 consoletur
1163 5478 1346 5535 cordavestra
1360 5498 1423 5536 eum
1439 5480 1565 5539 onesimo
1576 5482 1672 5538 eberis

118 5556 256 5630 peresus?
271 5566 286 5616 s
300 5552 441 5622 buttes
454 5552 522 5639 quid
535 5562 636 5634 sitae
647 5570 701 5636 pro
714 5574 767 5638 qno
782 5554 916 5638 mirone
955 5572 981 5623 n
1014 5571 1091 5637 aare
1121 5566 1219 5637 parre,
1255 5572 1306 5638 qur
1327 5574 1365 5626 eu
1395 5582 1427 5625 ee
1458 5570 1542 5638 nus,
1575 5576 1630 5628 eu.
1664 5568 1672 5624 t
