3772 6120
126 232 167 331 sn
330 269 620 326 nasammonas
637 270 677 325 ru
696 271 773 326 aar.
794 270 901 327 enum
921 271 988 327 ars.
1010 272 1177 329 xxa-ru
1197 274 1309 330 narse.
1327 252 1378 329 'ao
1395 271 1518 332 rnsss.
1697 277 1750 335 see

130 398 208 468 cipere.
223 391 270 462 qui
285 391 375 446 nescit
388 391 517 446 homines
531 391 602 447 bene
616 391 733 447 virendo
750 393 858 464 praeire,
868 399 975 457 neAut
998 398 1109 468 pondus
1127 397 1343 454 tribulationum
1362 399 1487 471 graviter
1506 399 1642 467 tammus,
1664 408 1696 457 ut
1720 403 1749 458 in

132 483 200 558 quiad
206 482 254 535 boc
262 480 379 551 eligitur
389 487 420 534 ut
427 480 547 535 aliorum
557 481 669 551 culpam
676 482 818 561 corripiat,
830 484 904 554 quod
945 485 1001 540 illis
1013 486 1094 541 malis
1103 503 1168 542 eum
1179 489 1267 543 multo
1278 488 1417 543 desiderio
1429 505 1478 543 ros
1492 488 1593 544 docere
1604 490 1751 546 festinare·

134 570 225 628 nectari
237 569 344 630 debuit,
361 569 420 640 ipse
439 570 605 624 committat.
623 570 704 632 Hinc,
718 571 782 626 inde
793 590 822 626 se
837 589 903 643 ergo
945 590 1018 641 mus,
1034 575 1154 631 libenter
1173 593 1223 648 pro
1242 577 1318 631 vobis
1335 582 1524 648 supponentes
1541 578 1627 633 etiam
1640 579 1749 635 animas

135 662 168 733 qui
177 663 288 732 praesunt
304 658 542 729 circumspiciant,
559 665 591 713 ut
611 659 663 713 sibi
684 665 713 713 et
726 659 846 714 subditis
867 661 904 714 vi·
946 669 1066 727 nocuas,
1076 681 1109 719 eo
1122 665 1195 736 quod
1210 665 1379 720 sortiterros
1392 665 1588 736 diligebamus,
1602 673 1631 723 et
1645 668 1749 723 affectu

135 755 187 811 rant,
200 755 228 801 ut
239 746 344 801 bonum
365 747 439 818 quod
452 746 565 812 saciant,
582 752 611 801 et
625 747 700 801 intra
715 748 809 803 sinum
824 766 903 804 men·
945 751 1056 824 integro
1074 770 1203 824 ergarus
1218 753 1385 809 tenebamur
1398 773 1404 822 3
1421 754 1607 815 demiratione
1624 773 1689 812 vero
1703 757 1748 812 di·

136 835 334 903 bsebscandant,
358 840 387 890 et
406 842 501 890 tamen
516 852 548 890 ex
570 852 602 890 ca
621 836 657 890 ad
680 844 841 907 provectum
857 855 902 893 se·
943 856 1001 911 gna
1011 841 1080 896 illud
1091 842 1165 913 quod
1179 842 1289 897 volebat
1303 841 1495 914 comprobarit
1508 844 1611 915 prolati
1626 846 1748 917 exempli

137 925 249 998 quentium
269 925 397 996 exempla
417 929 500 979 recta
522 925 694 996 operationis
717 926 899 997 impertiant;
944 929 1101 999 qualitate:
1126 947 1193 985 nam
1216 936 1244 985 et
1272 930 1411 986 matribus
1439 933 1612 988 consuetudo
1638 940 1689 1000 est,
1712 940 1746 989 ut

137 1013 325 1071 atsubditorum
342 1013 453 1087 culpam
472 1013 727 1070 animadvertentes
748 1016 899 1087 corrigant,
942 1017 1173 1074 suisfrliissuum
1188 1020 1307 1074 laecum
1326 1019 1417 1074 multa
1430 1020 1574 1076 celeritate
1589 1021 1740 1093 praebeant,

138 1122 171 1160 nec
183 1109 268 1158 umen
286 1120 338 1174 per
355 1102 411 1157 rim
431 1104 491 1173 ejus
510 1103 759 1158 animadversionis
777 1104 901 1159 intume-
942 1106 1173 1162 existimantesse
1186 1108 1329 1178 adjuvare,
1340 1125 1403 1163 eum
1414 1108 1486 1164 srlios
1501 1126 1567 1166 suos
1582 1110 1744 1183 lactarepo-

138 1197 242 1260 scant3ut
250 1192 380 1263 quaedam
396 1191 498 1247 leniter
507 1197 636 1264 correpta
649 1194 779 1260 tolerent,
797 1210 848 1248 nec
860 1198 902 1248 ta·
941 1195 1057 1250 tuerint.
1072 1196 1218 1251 Nutricem
1235 1213 1300 1251 vero
1314 1197 1368 1252 hoc
1389 1197 1418 1251 in
1443 1199 1504 1252 loeo
1523 1203 1643 1254 matrem
1662 1199 1741 1261 dixit.

138 1299 181 1337 nen
192 1281 337 1353 disciplinae
354 1281 465 1336 vincula
483 1282 582 1336 eadem
603 1281 719 1337 lenitate
733 1282 899 1349 dissolvant3
942 1300 1004 1355 quae
1016 1284 1088 1339 lilios
1102 1301 1167 1339 suos
1182 1285 1281 1351 nutrit,
1294 1290 1323 1340 et
1332 1286 1385 1339 hoc
1396 1286 1540 1341 evidenter
1553 1287 1678 1343 ostendit
1692 1304 1743 1360 per

139 1371 281 1442 atquadam
303 1369 449 1425 toleranda
473 1371 659 1438 dissimulent,
680 1388 732 1425 nee
751 1377 848 1426 tamen
868 1389 901 1426 ca
941 1371 1028 1437 illam,
1045 1390 1106 1444 quac
1127 1373 1231 1444 adjecit
1249 1374 1354 1441 dicens,
1376 1376 1448 1428 sieut
1472 1377 1561 1443 foreat
1578 1379 1648 1444 filios
1668 1393 1740 1432 succ.

140 1476 229 1515 nucem
250 1459 453 1514 dissimulando
472 1459 646 1530 permittant.
667 1459 818 1515 Laboriosa
836 1467 902 1515 sunt
942 1460 1047 1515 Deinde
1058 1467 1087 1516 et
1101 1463 1174 1533 quod
1186 1462 1275 1532 magis
1292 1480 1395 1534 augere
1410 1464 1471 1533 ejus
1487 1470 1598 1535 poterat
1609 1465 1743 1521 intentio-

138 1550 180 1611 ista
192 1556 216 1603 et
231 1548 284 1603 uisi
298 1547 395 1602 divina
408 1548 501 1619 gratia
521 1549 618 1604 fulciat
635 1549 669 1603 ad
686 1550 901 1604 custodiendum
943 1566 1018 1616 nem,
1028 1566 1060 1604 ec
1072 1551 1146 1621 quod
1161 1551 1231 1605 nihil
1246 1551 1282 1605 ab
1297 1552 1352 1607 illis
1367 1552 1492 1622 accipere
1507 1553 1635 1608 voluerit.
1649 1553 1741 1622 (Aac.)

137 1636 236 1691 luda.
248 1636 334 1693 Recte
347 1652 412 1690 sero
428 1637 462 1690 de
477 1637 598 1691 adventu
610 1637 728 1692 districti
739 1637 842 1707 judicis
853 1654 902 1709 per
943 1638 1008 1694 ldeo
1023 1656 1079 1693 non
1090 1638 1161 1693 dixit
1170 1648 1262 1695 mater
1271 1641 1338 1711 quia
1347 1640 1498 1712 aliquando
1510 1647 1615 1696 matres
1624 1643 1667 1696 rel
1677 1642 1745 1698 deli-

137 1725 255 1796 Sepientiae
264 1724 370 1779 librum
385 1725 638 1791 diatonicon-eade
646 1732 671 1781 et
682 1729 735 1781 cita
750 1728 901 1795 apparebit,
910 1713 934 1773 Β
944 1727 1064 1782 catiores
1077 1734 1153 1795 sunt,
1162 1729 1204 1782 rel
1215 1729 1309 1784 minus
1320 1735 1449 1784 amantes
1463 1729 1536 1784 lilios
1548 1747 1614 1786 suos
1624 1747 1687 1787 eum
1699 1748 1745 1803 pe-

136 1817 237 1883 cuariam
245 1815 388 1882 jeedicr'crm
399 1816 584 1868 deerireirnarre
596 1816 640 1868 bis
652 1817 703 1884 que'
709 1821 834 1883 praeeat
847 1817 900 1882 flet.
943 1817 1068 1888 pererint
1077 1817 1194 1871 tradunt
1207 1817 1270 1872 aliis
1284 1818 1460 1873 nutriendos.
1478 1820 1600 1874 Rursum
1616 1820 1639 1874 si
1654 1821 1745 1875 solum

137 1901 232 1972 licen).
244 1903 317 1966 Quia
329 1919 396 1973 ergo
409 1903 573 1980 plerumque
586 1919 637 1974 per
649 1908 816 1974 potestatem
829 1903 903 1974 regi-
943 1904 1058 1960 dixisset
1071 1910 1206 1976 tanquam
1221 1906 1315 1960 nutrix
1330 1906 1425 1962 fovens
1439 1913 1468 1962 et
1477 1924 1534 1963 non
1548 1908 1703 1964 addidisset
1712 1910 1745 1963 fi-

133 1991 194 2046 niris
205 1991 238 2046 ad
250 1992 363 2063 culpam
378 1992 571 2063 prorumpitur
581 1992 719 2059 elationis,
732 1998 817 2063 atque
828 1992 902 2064 apud
943 1993 995 2048 lios
1005 2000 1222 2065 suos,tanquam
1230 1994 1286 2050 alia
1296 1996 1422 2067 pariente
1432 1996 1596 2051 nutriendas
1605 1996 1744 2068 accepisse

133 2080 261 2135 districtim
273 2081 407 2151 judicem,
420 2080 481 2152 ipsa
492 2081 576 2135 elatio
593 2080 722 2152 impietas
736 2081 900 2148 aestimatur,
943 2082 1094 2150 rideretur,
1108 2089 1137 2137 et
1151 2083 1290 2138 nutricem
1304 2101 1334 2139 se
1349 2085 1418 2139 dixit
1432 2085 1500 2155 quia
1517 2083 1618 2151 alebat,
1631 2092 1660 2140 et
1672 2079 1752 2140 tilios'

132 2168 181 2225 lene
191 2169 222 2224 de
231 2170 351 2224 Domino
360 2187 411 2241 per
421 2170 482 2224 Elin
492 2170 605 2231 dicitur,
617 2171 671 2238 Qui
679 2173 842 2226 coeatdocea
851 2174 904 2225 im·
943 2188 1009 2227 suos
1023 2172 1090 2243 quia
1096 2172 1308 2244 ipsepepererat
1317 2173 1413 2228 dicens
1425 2190 1432 2224 :
1444 2176 1539 2228 Fe'tioli
1547 2177 1609 2241 mei,
1622 2191 1688 2242 quoe
1697 2177 1745 2228 e‘te-

130 2258 395 2330 pioetdeipsoquippe
406 2258 510 2313 ducatu
519 2258 904 2330 dumsuperbiunt,exemplo
945 2276 1011 2314 rum
1019 2262 1744 2331 parturio,quoadusqueebrietusresormetnrinco

130 2347 510 2419 nosubditosadimpietatem
519 2348 904 2420 trahuntUndemagnopere
947 2351 987 2403 bis
998 2349 1068 2415 (Gal.
1085 2353 1130 2418 rr).
1148 2349 1226 2404 Parit
1239 2355 1335 2405 autem
1349 2350 1422 2405 sicut
1438 2349 1511 2421 parit
1526 2349 1648 2405 Ecclesia
1663 2355 1744 2406 utero

131 2437 258 2491 cerandum
268 2442 320 2499 est,
334 2442 366 2490 ut
376 2436 424 2508 qui
434 2437 564 2507 regendis
573 2436 733 2491 hominibus
745 2436 903 2509 praefertur,
946 2453 997 2493 auo
1011 2454 1067 2492 non
1083 2438 1192 2492 semine
1205 2452 1267 2493 suc.

130 2525 185 2595 apud
195 2542 221 2579 se
233 2525 311 2579 intra
325 2525 509 2579 secretarium
524 2525 628 2579 mentis
641 2524 670 2579 in
686 2526 819 2580 cathedra
834 2542 905 2597 prae·
982 2527 1113 2581 tremores
1128 2529 1203 2580 enim
1218 2529 1281 2581 ertia
1293 2525 1397 2594 fraires
1408 2526 1511 2580 laboris
1525 2528 1615 2580 nostri
1628 2532 1654 2581 el
1669 2531 1745 2583 laesi-

130 2611 199 2668 rideat
206 2613 382 2669 humilitatis.
390 2614 517 2684 Cumque
528 2613 666 2684 judicanti
677 2614 702 2668 ei
718 2614 827 2669 crateris
840 2613 906 2668 foris
948 2617 1065 2681 radiare,
1084 2620 1160 2670 noete
1178 2619 1255 2670 enirn
1273 2620 1298 2670 et
1317 2615 1362 2669 dic
1380 2620 1523 2683 operantes
1543 2617 1581 2669 ad
1598 2616 1647 2670 lece
1662 2622 1694 2670 ut
1712 2632 1746 2671 nc

130 2702 252 2770 adebtur,
271 2702 400 2774 vigilanti
427 2703 506 2756 oculo
530 2703 704 2757 incessanter
718 2702 845 2774 aspiciat,
862 2702 906 2757 cui
946 2705 1746 2773 precaremurquemquamcatraruprade'caoienasboau·

131 2792 271 2864 quaudoque
278 2791 368 2863 iudici
383 2791 443 2862 ipse
453 2791 487 2846 de
502 2791 545 2845 his
554 2792 725 2862 judicandus
740 2793 863 2859 assistat,
875 2797 908 2845 ut
947 2794 1050 2860 pelium
1060 2792 1117 2845 Dei.
1131 2790 1250 2859 (Ambe.)
1261 2791 1345 2845 Scitis
1355 2794 1384 2844 et
1393 2790 1446 2862 ipsi
1457 2795 1596 2861 quantum
1612 2792 1746 2847 sustinui-

131 2886 362 2951 quantonuncante
373 2896 438 2934 eum
451 2896 534 2951 quem
545 2897 601 2934 non
612 2881 688 2934 ridet
700 2880 847 2935 sollicitius
854 2885 909 2935 tre-
948 2896 1011 2935 mus
1021 2879 1156 2946 laborem,
1167 2885 1244 2934 utne
1257 2895 1357 2951 graves
1369 2878 1447 2933 robis
1461 2895 1522 2934 esse
1536 2879 1683 2935 videamur
1694 2897 1745 2952 pro

131 2967 280 3039 pidettento
289 2986 354 3025 eum
364 2986 428 3024 cum
440 2969 542 3023 viderit
556 2969 680 3023 securior
688 2975 794 3024 cernat.
806 2970 937 3056 Pensetc
949 2974 1045 3024 nostra
1060 2969 1238 3024 necessitate.
1252 2967 1474 3023 Persistebamus
1489 2968 1574 3035 enim,
1587 2974 1616 3023 et
1629 2986 1685 3025 non
1699 2987 1746 3024 so·

132 3071 181 3129 ergo
191 3059 252 3131 quia
264 3059 300 3114 ad
322 3058 551 3114 satisfaciendum
566 3058 693 3112 districto
705 3058 792 3128 judici
807 3059 842 3113 de
856 3075 908 3113 aua
948 3058 1006 3113 lum
1020 3059 1050 3113 in
1060 3057 1105 3112 die
1116 3063 1317 3129 ergavestram
1327 3057 1483 3112 doctrinam
1493 3058 1622 3129 occupari
1636 3058 1746 3114 rideba-

132 3149 299 3203 lantummodo
313 3149 410 3202 anima
421 3147 540 3202 fortasse
553 3147 597 3201 vix
608 3147 720 3213 sufficit,
731 3153 764 3202 ut
777 3147 851 3218 quod
866 3164 908 3203 re·
948 3163 1022 3213 mur,
1033 3163 1084 3201 noc
1097 3153 1259 3218 poteramus
1269 3162 1320 3217 per
1329 3151 1420 3200 totum
1430 3146 1505 3200 diem
1516 3147 1594 3217 operi
1604 3147 1743 3209 insistere.

132 3236 208 3305 gcadb
214 3237 333 3292 subditis
348 3243 450 3308 praesto
465 3243 518 3304 est,
535 3235 683 3290 reddendae
697 3236 772 3306 apud
785 3253 851 3291 eum
865 3252 909 3290 ra·
948 3235 988 3290 ita
1002 3241 1034 3290 ut
1048 3235 1177 3290 sufficere
1195 3234 1276 3290 nobis
1294 3235 1492 3307 potuissemus,
1509 3240 1538 3289 et
1550 3253 1601 3308 pro
1616 3237 1746 3293 omnibus

133 3322 196 3379 banis
203 3331 336 3398 tempore,
348 3332 381 3380 ut
396 3326 436 3380 ita
449 3326 541 3380 dicam
551 3329 593 3380 tot
606 3324 682 3379 solus
692 3325 801 3379 animas
810 3324 904 3391 habet,
945 3324 990 3379 his
1000 3325 1113 3380 illorum
1126 3325 1253 3396 ipsorum
1268 3323 1358 3378 utitur
1371 3323 1532 3379 testimonio
1547 3324 1597 3379 Dei
1615 3343 1623 3378 .·
1644 3325 1746 3393 buain-

133 3414 309 3482 qcanimirum
319 3413 612 3486 cogitatio‚siassidue
624 3419 748 3468 mentem
759 3419 903 3485 excoquet,
947 3413 1019 3485 quit,
1032 3417 1106 3468 testes
1121 3417 1183 3468 estis
1198 3419 1223 3468 et
1237 3414 1317 3479 Deus,
1333 3428 1418 3481 quam
1431 3418 1523 3466 sancte
1538 3417 1655 3481 atinate,
1667 3419 1692 3469 ct
1706 3417 1746 3469 si·

134 3515 220 3557 ensem
232 3509 375 3558 tumorem
391 3502 529 3575 superbiae
543 3501 655 3573 premit.
668 3507 697 3557 et
710 3508 802 3557 rector
811 3502 904 3574 provi·
947 3504 1234 3571 nequerelaeobe'rqar'
1240 3502 1641 3568 credidistieadsreimus:ciceet
1650 3505 1743 3565 croatie,

133 3587 247 3647 dostanto
255 3593 316 3663 jam
326 3608 418 3664 neque
426 3609 473 3646 rex
483 3597 621 3664 apostata,
632 3608 724 3663 neque
737 3591 793 3646 dux
802 3591 906 3663 impius
947 3592 1310 3662 qucrnedounumquemque
1321 3595 1442 3644 vestrum
1453 3593 1746 3658 tanquurnpalerfllioe

134 3678 257 3747 sabim,
278 3686 385 3754 quanto
400 3681 425 3735 ei
443 3682 613 3752 cogitatione
626 3681 749 3735 sollicita
768 3685 904 3752 potestas,
946 3696 1008 3734 euos
1023 3680 1189 3733 obsecrantes
1204 3694 1248 3731 tus
1259 3682 1282 3732 et
1292 3680 1470 3732 coruolantes.
1487 3677 1583 3732 Utitur
1592 3677 1704 3748 quidem
1715 3678 1747 3733 il-

136 3780 179 3836 οπο
192 3777 301 3842 accepta
324 3776 376 3837 est,
397 3787 453 3824 non
467 3770 558 3824 honor
577 3770 625 3825 scd
649 3786 720 3824 onus
739 3769 904 3824 estimatur.
947 3767 1039 3823 lorum
1053 3767 1179 3844 ipsorum
1202 3764 1374 3832 testimonio,
1401 3781 1434 3820 eo
1453 3764 1528 3836 quod
1549 3763 1603 3837 ipsi
1622 3764 1748 3822 sciebant

135 3852 187 3912 dara
202 3858 244 3914 cui
256 3876 318 3914 esse
333 3876 407 3914 nunc
417 3859 542 3929 judicem
556 3859 634 3924 libet,
651 3859 717 3912 huie
731 3858 825 3913 ridere
840 3864 907 3913 tunc
949 3857 1070 3929 qualiter
1079 3872 1127 3910 eos
1140 3856 1175 3909 ad
1186 3855 1277 3910 instar
1282 3854 1372 3926 patris
1382 3853 1523 3925 patienter
1532 3853 1705 3921 obsecrabat,
1719 3861 1748 3909 et

133 3941 230 4011 jndicem
243 3965 300 4003 non
316 3947 384 4002 libet
394 3967 399 4001 :
410 3947 553 4002 numerari
563 3948 639 4002 enim
653 3948 741 4019 eulpre
752 3952 904 4018 nequeunt,
948 3943 1146 4001 consolabatur
1164 3960 1249 4016 super
1261 3942 1458 3998 accedentibus
1472 3942 1529 3997 illis
1547 3943 1682 4007 tristitiis,
1697 3943 1747 3998 de·

136 4045 179 4101 lue
189 4035 319 4091 habenda
338 4036 484 4109 potestatis
498 4052 594 4091 amore
614 4041 822 4109 perpetrantur,
839 4042 907 4090 tuuc
947 4051 1065 4107 precans
1079 4050 1127 4088 eos
1140 4050 1198 4089 non
1217 4031 1360 4088 discedere
1375 4049 1392 4086 a
1407 4032 1461 4086 lrde
1482 4049 1489 4085 z
1511 4037 1684 4089 memoratus
1705 4037 1748 4088 est

88 4132 97 4145 ·
137 4121 203 4179 alum
215 4143 279 4180 sero
289 4130 416 4197 potestas
425 4122 495 4179 bene
504 4125 623 4196 geritur,
631 4141 696 4180 cum
708 4141 765 4180 non
774 4124 905 4190 amando,
948 4129 1043 4179 autem
1056 4128 1085 4178 et
1096 4122 1157 4190 Dei,
1170 4121 1236 4194 quia
1250 4121 1330 4187 dixit,
1346 4125 1438 4176 sancte
1449 4126 1475 4176 et
1487 4125 1561 4192 juste
1574 4126 1600 4176 et
1611 4125 1671 4176 sine
1681 4139 1747 4191 que-

135 4211 170 4265 ted
179 4214 297 4282 bmeudo
308 4215 455 4281 retinetur,
470 4232 532 4286 quae
546 4220 579 4269 ut
593 4215 754 4269 ministrare
768 4219 843 4269 recte
858 4230 906 4269 ra·
947 4217 1007 4269 reia
1021 4214 1094 4268 cebir
1104 4215 1154 4281 qui
1161 4212 1326 4277 credidistis,
1337 4210 1411 4284 apud
1422 4227 1507 4282 quem
1517 4211 1639 4265 maxime
1653 4210 1688 4265 de
1703 4210 1748 4265 his

135 4294 430 4375 latoportetprimum
440 4308 471 4358 ut
485 4303 557 4358 hanc
567 4319 623 4358 non
638 4303 785 4374 cupiditas,
797 4303 846 4358 sed
861 4320 907 4357 ne·
948 4307 1031 4358 cauta
1044 4301 1166 4372 cognitio
1187 4298 1291 4355 habere
1315 4299 1471 4367 videbatur,
1499 4304 1528 4354 et
1548 4302 1686 4367 testificati
1699 4316 1748 4354 su-

135 4389 225 4446 astas
233 4392 375 4464 imponat:
387 4398 520 4464 percepta
528 4399 624 4447 autem
636 4409 687 4446 nec
697 4409 747 4462 pro
758 4391 908 4446 formidine
917 4359 941 4418 D
949 4408 1021 4458 mua,
1029 4390 1748 4457 utambaleb'ediccelleo,quiecccvitoorteregnum

135 4472 197 4533 leba
206 4480 307 4547 deseri,
317 4497 370 4535 nec
383 4498 416 4535 cx
431 4481 546 4535 libidine
559 4480 699 4553 amplecti,
715 4497 750 4535 ne
765 4487 814 4535 ant
828 4482 908 4552 pejus
948 4495 1040 4544 ruam,
1049 4485 1074 4534 ct
1088 4481 1218 4547 pluriam.
1228 4478 1303 4532 Bene
1317 4476 1420 4548 quippe
1431 4475 1533 4546 posuit,
1552 4474 1692 4543 testificati
1699 4491 1747 4530 su·

134 4564 303 4640 iusquesiex
317 4569 477 4625 humilitate
487 4570 641 4640 superbiat,
649 4569 672 4623 si
685 4570 784 4624 dimna
794 4569 908 4640 dispen·
949 4585 1021 4635 mue,
1037 4567 1078 4622 ita
1087 4572 1119 4622 ut
1128 4567 1259 4622 ostendat
1271 4564 1405 4637 quoniam
1419 4563 1449 4618 in
1463 4562 1601 4634 principio
1614 4562 1673 4617 haec
1687 4562 1750 4633 ipsa

133 4654 226 4713 mous
236 4658 366 4714 ordinem
375 4659 508 4730 fugiendo
523 4664 694 4726 contemnat,
703 4664 795 4713 autea
808 4659 907 4730 jugum
949 4657 1004 4712 illis
1020 4655 1196 4727 loquebatur,
1209 4654 1284 4725 quod
1299 4651 1448 4707 conveniat
1462 4667 1510 4705 ecs
1524 4650 1625 4721 dignos
1645 4650 1748 4706 babere

132 4747 224 4816 liberm
245 4749 363 4803 rectoris
383 4748 506 4819 abjiciat,
526 4765 582 4819 quo
601 4764 666 4802 eum
690 4764 775 4819 super
793 4755 908 4802 caeteros
949 4752 1028 4802 actus
1045 4743 1146 4816 quibus
1160 4743 1270 4815 placere
1285 4739 1394 4812 possint
1412 4739 1453 4794 illi
1469 4739 1517 4811 qui
1538 4756 1585 4794 ecs
1599 4740 1707 4796 rcceut
1719 4741 1748 4797 in

129 4833 250 4901 trimum
259 4837 389 4908 regimen
402 4838 531 4892 delectat.
543 4838 671 4892 Potestas
687 4853 754 4907 ergo
769 4853 833 4891 cum
847 4853 908 4907 per·
949 4851 1029 4890 suam
1043 4832 1232 4904 cognitionem
1252 4846 1317 4884 cum
1330 4844 1434 4899 magna
1454 4828 1613 4885 futurorum
1628 4829 1749 4901 promis·
1828 4886 1831 4890 ,

129 4919 212 4994 e'piur
225 4941 282 4982 uon
295 4926 412 4980 libidine
426 4927 548 4982 amanda
562 4931 613 4991 est,
630 4926 679 4980 sed
694 4925 907 4997 longanimitate
949 4923 1027 4978 sione
1040 4940 1046 4989 ;
1057 4938 1108 4993 pro
1123 4919 1200 4975 omni
1211 4916 1405 4989 magnitudine
1417 4917 1502 4972 etiam
1517 4919 1598 4989 paria
1607 4935 1655 4973 eos
1665 4935 1749 4990 agere

126 5011 282 5070 bbraada:
314 5021 347 5070 ut
364 5015 430 5069 inde
449 5021 518 5070 tunc
540 5015 576 5069 ad
597 5014 737 5085 judicium
760 5013 909 5069 salubriter
949 5010 1087 5076 convenit,
1104 5015 1133 5064 et
1150 5009 1245 5064 dicens
1261 5023 1322 5072 suc,
1339 5006 1443 5061 iterum
1463 5007 1498 5062 ad
1518 5007 1632 5062 illorum
1655 5012 1748 5062 trans-

124 5097 233 5169 bresit,
244 5103 321 5159 unde
334 5119 409 5159 nunc
420 5105 455 5159 ad
468 5104 658 5159 ministerium
667 5103 807 5177 patienter
815 5102 909 5174 gravis
950 5100 972 5155 it
985 5115 1144 5172 personam,
1165 5096 1276 5170 quando
1300 5094 1414 5167 quidem
1431 5095 1480 5150 illa
1504 5112 1565 5167 qua
1585 5100 1614 5150 et
1632 5111 1700 5166 erga
1717 5113 1748 5151 sc

120 5186 268 5248 maasia
288 5190 380 5248 Sicuti
402 5196 428 5246 ei
450 5197 551 5247 nutris
571 5194 659 5260 foueat
683 5209 745 5246 suos
765 5195 850 5259 filios:
870 5194 909 5246 rie
950 5193 1025 5252 sunt,
1044 5189 1080 5244 ad
1093 5189 1146 5243 boc
1159 5190 1370 5250 commemorat,
1388 5190 1421 5240 ut
1436 5200 1484 5239 eos
1498 5184 1534 5238 ad
1549 5184 1747 5241 revelationem

118 5278 293 5337 erumpes
303 5298 358 5348 cos,
368 5285 567 5351 complacemus
582 5283 752 5350 participare
763 5282 837 5338 cobis
852 5296 908 5335 nce
950 5278 1080 5343 adducat,
1096 5274 1207 5348 quando
1223 5292 1288 5331 vero
1295 5275 1330 5331 ad
1341 5274 1453 5331 laudem
1466 5288 1563 5345 eorum
1577 5289 1608 5328 se
1627 5278 1708 5347 aptat
1716 5280 1748 5331 ut

90 5396 95 5404 ·
116 5370 200 5425 dam
207 5370 391 5439 Bcanpctium
406 5371 519 5436 Obrr‘sti,
531 5372 576 5424 sed
591 5375 699 5424 nostrae
710 5372 833 5438 ipsorum
847 5372 910 5422 ani·
951 5382 1048 5423 eorum
1063 5365 1238 5421 alacritatem
1247 5364 1298 5418 tali
1308 5362 1401 5419 studio
1411 5361 1502 5432 magis
1512 5361 1648 5417 suscitare
1656 5362 1749 5418 ridea-

117 5472 181 5523 aas,
196 5462 334 5531 quoniam
348 5460 510 5514 charissimi
528 5460 604 5514 nobis
618 5460 687 5526 sacti
700 5460 772 5512 estis.
791 5456 908 5526 (Ambe.)
950 5460 999 5511 tur
1011 5455 1023 5508 l
1033 5455 1066 5509 Et
1077 5458 1189 5524 prepter
1208 5453 1256 5507 boc
1274 5458 1299 5507 et
1309 5469 1357 5507 nor
1370 5453 1478 5520 gratias
1494 5453 1604 5520 aqimus
1616 5452 1670 5506 Dec
1687 5454 1746 5506 sias

115 5542 178 5603 volt
190 5548 323 5622 equidem
338 5546 440 5613 dicere,
454 5546 586 5619 quoniam
595 5551 706 5601 tantum
716 5546 798 5616 longe
812 5562 909 5603 sumus
951 5544 1311 5611 intermissioaetqucaiam
1320 5541 1683 5609 eameraeepaeeueaaobu
1690 5554 1748 5594 cer·-
