3772 6120
198 253 232 308 63
508 256 538 309 B.
555 253 690 309 RABANI
706 251 822 307 MAURI
835 251 1002 309 Ancurae.
1017 250 1178 306 MOGUNT.
1196 250 1344 306 OPERUM
1357 250 1448 306 PARS
1463 252 1513 308 111.
1795 240 1829 304 tl

196 388 306 437 cessum
315 362 425 436 videtur
435 364 470 434 ad
484 380 605 451 idipsum
616 376 709 439 usum
725 377 791 447 quia
807 382 836 430 et
850 376 910 430 dies
925 374 1116 455 estepanum,
1129 375 1252 429 releerte
1262 376 1342 446 quasi
1351 375 1382 429 in
1391 381 1486 430 monte
1494 384 1561 429 sunt
1570 374 1617 445 qui
1627 373 1714 427 otiam
1724 372 1832 427 carnali

198 475 226 523 et
236 469 295 523 dies
310 470 502 540 processionis,
512 475 541 523 et
552 469 610 539 ipsa
621 469 693 522 ratio
703 473 851 538 conceptus
862 472 993 536 ctpartus
1034 464 1137 534 copula
1146 464 1292 523 inhaerent.
1308 465 1356 518 sed
1370 472 1465 518 tarnen
1481 470 1558 519 extra
1573 462 1760 534 suscipienda
1770 478 1832 533 pro-

195 558 277 627 juxta
291 560 382 628 legem
398 559 499 613 cessari
516 557 689 628 temporibus
705 557 748 611 bis
763 555 864 610 debere
880 555 994 611 demon·
1033 555 1068 608 lis
1078 553 1276 608 admixtionem
1288 552 1412 607 debitam
1421 554 1500 607 nulla
1512 553 1603 607 carnis
1621 552 1766 622 voluptate
1780 551 1834 605 eol·

196 650 359 702 strantHoc
372 653 463 701 cratera
478 649 537 700 dieo
551 649 700 700 secandam
716 647 994 713 irrdnlpentioranon
1034 649 1145 698 vantur.
1173 645 1205 700 ln
1224 650 1320 698 monte
1339 642 1441 714 quippe
1461 648 1535 697 stare
1550 642 1617 712 quid
1634 646 1686 706 est,
1704 640 1761 694 nisi
1777 639 1835 694 irrr-

196 738 345 790 secandanr
362 740 520 805 inanitum.
532 735 710 790 Manifestum
721 742 764 789 est
776 734 838 788 idco
849 735 900 789 hoc
914 735 993 790 illum
1034 738 1109 788 etum
1125 733 1285 804 propaginis
1302 733 1331 786 in
1348 748 1431 787 carne
1447 748 1502 786 non
1522 746 1646 802 quaerere
1664 748 1670 782 :
1691 730 1720 783 in
1736 736 1834 783 monte

197 825 264 877 dare
274 824 431 886 consilium,
442 832 474 879 ut
481 825 693 879 fornicationem
703 824 839 891 excludat,
851 812 907 878 nori
918 831 949 878 ut
958 824 993 878 ad
1034 828 1108 875 stare
1130 828 1171 876 est
1191 823 1268 877 carni
1285 822 1435 876 carnaliter
1450 839 1505 876 non
1523 820 1676 875 adherere.
1695 817 1750 873 Sed
1767 818 1835 890 quia

197 913 341 965 racliorem
349 913 434 966 viam
446 912 624 967 tendentibus
632 915 686 968 iter
693 913 812 967 claudat.
826 914 918 981 (dap.)
927 914 993 977 Qua
1035 910 1115 965 inulti
1125 919 1192 965 sunt
1202 911 1249 981 qui
1260 912 1366 965 scelera
1381 911 1495 981 quidem
1511 910 1603 964 carnis
1620 910 1763 972 deserant,
1781 923 1834 961 nec

196 1000 253 1053 sint
266 1008 361 1054 autem
379 1001 458 1069 levia,
478 1018 538 1072 quur
556 1003 652 1071 gruaria
669 1005 782 1074 promta
798 1017 853 1056 non
870 1002 993 1056 bartiano
1033 1004 1128 1054 tarncn
1140 1000 1169 1054 in
1180 1000 1310 1071 conjugio
1321 1001 1403 1072 positi
1411 1016 1479 1055 asma
1487 999 1663 1055 solummodo
1673 996 1761 1050 debiti
1766 997 1833 1067 jura

195 1088 242 1142 sed
268 1089 362 1144 divino
381 1096 448 1144 sunt
469 1090 613 1162 pensanda
631 1091 747 1162 judicio,
766 1092 900 1145 Videmus
917 1091 991 1145 enim
1033 1095 1205 1154 consonent,
1218 1090 1275 1144 exit
1284 1090 1398 1161 quidem
1407 1090 1478 1144 Loth
1495 1088 1656 1153 Sodomam,
1668 1086 1717 1139 sed
1735 1092 1832 1139 tannen

197 1179 324 1246 qrrredam
335 1178 370 1233 ab
381 1179 448 1252 ipsis
462 1199 572 1254 quoquo
582 1182 715 1253 apostolis
729 1180 897 1251 ignoscendo
907 1180 992 1234 fuisse
1032 1195 1096 1232 mox
1106 1178 1142 1232 ad
1153 1184 1286 1233 montana
1297 1195 1353 1232 non
1363 1179 1498 1250 pervenit,
1511 1195 1574 1233 curra
1587 1179 1648 1248 jam
1662 1166 1833 1230 dmunabilis

195 1279 334 1336 concessa,
354 1272 436 1344 qualo
458 1272 526 1328 illud
551 1271 684 1341 estquod
707 1268 871 1324 reiterabilis
888 1269 991 1323 Paulus
1033 1267 1089 1320 rita
1098 1267 1276 1338 relinquitur,
1290 1268 1337 1321 sed
1349 1268 1440 1322 adhuc
1449 1268 1585 1323 celsitudo
1601 1263 1760 1337 conjugalis
1770 1278 1835 1318 con¹

195 1360 360 1431 conjugibus
370 1360 411 1414 ait
426 1376 431 1413 :
444 1362 531 1415 Nolite
541 1362 656 1414 intercor-
665 1348 799 1427 baudone
815 1361 871 1414 nisi
884 1374 916 1413 es
930 1374 991 1413 con·
1031 1357 1156 1411 tinentiae
1166 1355 1307 1411 subtiliter
1316 1373 1371 1411 non
1380 1362 1502 1411 tenetur.
1516 1357 1565 1412 Est
1578 1373 1644 1410 vero
1656 1355 1686 1409 in
1705 1352 1832 1409 medium

194 1466 274 1504 sensa
289 1452 326 1504 ad
341 1456 444 1519 tempas
460 1456 490 1503 nl
504 1453 602 1504 vacetis
616 1452 749 1503 orationi,
758 1451 801 1515 Et,
817 1451 854 1503 ad
867 1450 989 1517 idipsrnn
1032 1445 1223 1514 Segia-civitas
1236 1461 1297 1516 qua
1313 1445 1468 1516 fugientem
1486 1447 1574 1500 salvet
1591 1445 1747 1507 infirmum,
1765 1442 1833 1515 quis

196 1540 298 1592 iterant
309 1542 491 1600 rrrcrtt'mr'nr',
505 1557 538 1593 nc
548 1556 592 1593 cos
603 1544 683 1594 tentet
699 1539 818 1593 Satanas
825 1545 937 1608 propter
947 1541 990 1590 in·
1030 1532 1159 1587 videlicet
1177 1551 1239 1588 cum
1265 1534 1316 1588 sibi
1342 1551 1392 1605 per
1419 1534 1652 1588 incontinentiam
1678 1534 1834 1587 miscentur

197 1614 405 1695 icriipcrantimn
423 1619 548 1694 vairam,
562 1626 636 1700 (prod
644 1628 739 1700 putari
749 1634 842 1699 posset
858 1642 914 1681 non
929 1638 990 1681 esso
1031 1625 1173 1694 conjuges,
1185 1631 1213 1678 et
1223 1624 1317 1694 lapsus
1327 1623 1463 1677 scelerum
1474 1623 1585 1693 fugiunt
1599 1628 1738 1676 ettamen
1752 1620 1833 1675 renis

195 1721 338 1783 peccatum
350 1717 460 1771 misceri
469 1717 573 1771 scilicet
588 1718 699 1788 conjugi
716 1734 771 1771 non
790 1717 911 1770 tiliorum
927 1733 990 1786 pro·
999 1700 1022 1760 Β
1031 1713 1183 1779 salventur,
1197 1714 1276 1783 quasi
1286 1729 1401 1784 paruam
1416 1712 1519 1783 quippe
1529 1711 1671 1765 civitatem
1685 1710 1833 1764 inveniunt

195 1805 477 1869 creandorumcausa,
485 1806 667 1877 quodbonum
679 1813 721 1860 est
731 1805 864 1877 nuptialeq
877 1804 992 1859 sedean-
1032 1802 1062 1856 in
1073 1819 1128 1873 qua
1140 1802 1175 1855 ab
1185 1802 1296 1872 ignibus
1308 1801 1505 1855 defendantur.
1518 1800 1591 1864 Quia
1604 1798 1765 1869 conjugalis
1774 1798 1832 1852 haec

196 1892 267 1946 nalis
277 1893 361 1947 etiam
371 1895 521 1966 voluptatis
531 1902 563 1948 ut
572 1895 763 1949 fornicationis
777 1896 834 1948 siro
848 1894 988 1960 adulterii,
1033 1892 1087 1945 rita
1098 1908 1153 1945 non
1164 1891 1278 1962 quidem
1298 1891 1327 1944 in
1345 1889 1497 1944 virtutibus
1512 1890 1585 1943 mira
1600 1896 1652 1954 est,
1670 1888 1721 1941 scd
1736 1896 1833 1941 tamen

194 1983 251 2034 sire
258 1984 423 2053 cujusquam
430 1984 546 2038 alterius
555 1984 740 2039 immunditiae
750 1984 925 2037 mortiferum
935 2000 992 2038 ma-
1032 1980 1319 2052 asuppliciisseoura.
1331 1980 1410 2034 Unde
1424 1980 1498 2033 idem
1510 1979 1580 2032 Loth
1590 1977 1626 2031 ad
1642 1977 1776 2046 angelum
1792 1975 1832 2031 di-

195 2070 263 2132 luna,
278 2072 350 2142 quod
362 2077 443 2143 turpe
453 2079 495 2127 est
504 2073 589 2127 etiam
601 2074 703 2141 dicere,
716 2090 770 2144 quo
781 2079 873 2144 potest
881 2078 991 2127 tentare
1032 2072 1070 2125 cit
1082 2090 1087 2123 ι
1099 2072 1146 2126 list
1161 2073 1257 2124 cier'tos
1272 2071 1327 2123 nac
1335 2072 1428 2137 jeraia,
1449 2070 1486 2121 cd
1503 2084 1587 2135 prtum
1606 2082 1719 2135 possrnn
1738 2067 1833 2133 pipere

196 2160 308 2224 Satnna,
318 2160 582 2231 libidopertrahere,
594 2163 826 2216 incontinentium
838 2162 940 2215 devitet
951 2162 991 2215 in·
1028 2175 1127 2230 parca,
1145 2165 1169 2214 rt
1184 2160 1310 2215 salrator
1324 2161 1355 2211 in·
1370 2174 1400 2211 cc
1416 2177 1424 2211 ;
1446 2157 1575 2223 nunquid
1595 2170 1650 2208 non
1668 2154 1777 2207 inemec
1795 2159 1833 2208 est

195 2247 322 2301 firmitas.
330 2249 427 2303 Posset
436 2266 512 2320 erpo,
520 2257 551 2304 ut
560 2251 685 2315 dixi‚hoc
694 2252 787 2322 putari
797 2268 852 2305 non
862 2266 922 2305 esse
930 2268 991 2322 pec*
1032 2257 1056 2305 ct
1071 2254 1137 2305 aaa
1153 2254 1183 2304 in
1200 2267 1231 2305 ca
1242 2246 1521 2306 airiraamcari'asta
1532 2244 1619 2317 igitur
1629 2242 1742 2306 dicimis
1756 2248 1834 2295 Μ’

196 2341 297 2402 catum,
314 2337 367 2390 nisi
379 2338 548 2393 addidisset:
565 2364 575 2385 a
590 2340 648 2393 lloc
658 2346 752 2394 autern
762 2340 823 2394 dico
837 2334 991 2394 secundum
1033 2356 1098 2394 nren
1107 2341 1142 2394 ad
1150 2341 1270 2395 salutem
1279 2347 1343 2395 tuta
1350 2339 1522 2411 perhibetur,
1535 2338 1601 2410 quia
1611 2330 1769 2408 conjugalis
1777 2331 1833 2386 vita

196 2425 379 2486 tamaianam
389 2429 541 2481 secundum
554 2428 713 2499 imperium.
728 2448 741 2475 s
753 2430 923 2493 Quisautem
931 2431 990 2500 jam
1032 2446 1110 2483 neca
1122 2431 1227 2484 mundo
1241 2431 1323 2499 longe
1342 2435 1385 2484 est
1400 2429 1496 2496 dirtos,
1514 2445 1565 2482 nec
1581 2434 1677 2482 mmen
1695 2443 1713 2480 a
1730 2425 1839 2505 gaudio*

195 2518 992 2589 negetosscpeccaturrr,crimdarironiamfacientibnsapo·
1032 2514 1241 2573 salutisaliena.
1254 2519 1307 2573 Sed
1318 2525 1384 2572 tunc
1395 2519 1544 2573 iunctione
1561 2517 1633 2570 hanc
1648 2517 1736 2570 vitam
1752 2531 1833 2568 suam

195 2601 292 2679 stolica
302 2604 468 2658 auctoritato
481 2605 602 2660 fateatur
613 2598 732 2675 (Granni
741 2608 917 2661 Arlrrronendi
927 2614 993 2662 sunt
1032 2610 1164 2677 conjuges
1179 2609 1259 2678 quasi
1269 2608 1298 2661 in
1309 2620 1394 2678 parra
1407 2608 1518 2661 civitate
1533 2605 1703 2663 custodiunt.
1720 2605 1834 2676 quaudo

197 2688 339 2758 ititnjuges,
351 2692 571 2764 utsuscipiendae
583 2695 667 2766 prolis
677 2713 706 2749 se
718 2697 897 2750 meminerint
909 2714 991 2751 causa
1033 2714 1082 2767 pro
1099 2714 1128 2751 sc
1147 2697 1266 2751 assiduis
1282 2696 1526 2767 deprecationibus
1545 2694 1732 2749 intercedunt.
1755 2692 1834 2748 Unde

195 2779 367 2847 conjunctos,
381 2786 409 2835 et
423 2799 486 2836 cum
502 2783 691 2838 immoderata
699 2784 863 2838 admistioni
873 2786 993 2839 senien-
1033 2792 1062 2840 ct
1071 2792 1146 2840 recte
1156 2803 1206 2857 per
1215 2786 1347 2856 angelum
1358 2786 1392 2840 ad
1404 2785 1535 2839 eumdem
1546 2783 1617 2838 Lotlr
1628 2782 1751 2836 dicitur:
1770 2782 1836 2836 Ecca

195 2875 237 2922 tes
252 2871 462 2940 propagationis
477 2872 626 2927 articulum
638 2873 666 2926 in
675 2891 757 2928 usum
766 2874 992 2929 transferantro·
1032 2879 1114 2930 ctiam
1125 2881 1155 2929 in
1167 2878 1216 2930 boc
1229 2879 1334 2944 suscepi
1341 2891 1432 2943 preces
1445 2880 1506 2927 inas
1515 2880 1545 2926 at
1557 2889 1612 2926 non
1620 2873 1775 2926 sabccrtam
1788 2886 1836 2923 ur·

195 2958 319 3028 luptatis,
340 2959 523 3029 perpendant,
542 2962 614 3031 quod
632 2962 696 3016 licet
711 2970 790 3016 extra
805 2979 860 3016 raon
879 2969 987 3029 exeant,
1033 2966 1089 3017 bene
1104 2980 1217 3032 proquo
1234 2968 1340 3018 locatas
1353 2982 1387 3027 es,
1407 2963 1474 3034 quia
1487 2962 1616 3015 videlicet
1632 2977 1695 3015 cum
1715 2960 1774 3014 Deo
1788 2958 1836 3011 dc-

195 3047 328 3100 tamenin
343 3047 403 3117 ipso
418 3048 548 3120 conjugio
563 3052 685 3120 conjugii
699 3049 765 3121 jura
778 3053 986 3107 transcendant.
1032 3053 1154 3123 precatio
1170 3053 1307 3109 suuntur.
1326 3069 1504 3123 nequaquam
1520 3051 1584 3105 talis
1604 3050 1756 3119 conjugum
1776 3052 1835 3101 rita

195 3135 272 3188 Unde
283 3152 394 3189 necesse
410 3143 452 3191 cst
469 3146 500 3191 ut
516 3138 619 3192 crebris
637 3157 669 3192 ex
686 3141 858 3195 orationibus
879 3142 992 3196 deleant
1031 3143 1194 3208 damaetam
1212 3143 1246 3193 de
1264 3158 1320 3212 qrra
1337 3140 1532 3212 deprecatione
1548 3155 1659 3210 quoque
1670 3135 1835 3191 Paulusnd-

194 3224 422 3294 ‹ptrrrdpulchrarn
437 3229 543 3296 colaria
560 3229 681 3299 speciem
698 3230 828 3283 admixtis
843 3231 991 3302 voluptati·
1031 3237 1128 3284 monet
1143 3231 1238 3284 dicens
1256 3246 1261 3282 τ
1279 3231 1368 3284 ,l'olilc
1388 3231 1524 3298 frorrdarc
1541 3230 1668 3290 laricem,
1690 3229 1749 3280 nisi
1764 3228 1835 3293 sorte

191 3310 243 3365 iiras
252 3312 367 3366 tradant.
379 3314 451 3368 Hinc
464 3323 506 3369 est
525 3316 610 3377 enirn,
632 3319 705 3388 quod
724 3318 828 3389 perans
845 3320 990 3373 medicinae
1032 3337 1063 3371 cr
1077 3336 1207 3373 cernenne-
1222 3321 1259 3373 od
1270 3325 1382 3388 tenipus,
1398 3325 1427 3372 nt
1443 3322 1540 3372 recoctis
1555 3318 1687 3373 orationi.

193 3401 313 3454 celestis
323 3402 473 3471 Apostolus
483 3418 537 3458 rron
553 3412 610 3459 tam
625 3423 707 3460 sanos
717 3407 841 3461 instituit
851 3424 933 3478 quam
950 3409 990 3462 in·
1072 3409 1131 3461 Volo
1154 3414 1243 3462 cirtem
1270 3425 1360 3461 orienes
1383 3409 1506 3461 leornines
1526 3423 1577 3460 esse
1599 3409 1671 3459 steen
1694 3406 1833 3471 rneipsrnn

192 3488 282 3542 lintris
297 3490 499 3547 niedicarnenta
511 3496 676 3549 monstrarit
686 3496 789 3553 iliceos.
1033 3496 1147 3565 islndnn)
1165 3497 1307 3560 tirrarrtum
1318 3513 1384 3565 ergo
1402 3497 1437 3549 ad
1452 3495 1618 3549 leenerolum
1634 3499 1663 3547 et
1677 3491 1831 3546 sollicitum

494 3601 609 3656 UptpUT
627 3602 687 3657 γη,
1031 3585 1197 3654 magistrum
1207 3585 1329 3654 pertinet
1339 3601 1436 3639 onmes
1453 3586 1523 3638 tales
1540 3582 1601 3637 lieri
1622 3597 1702 3653 posse
1718 3578 1832 3632 volebat

195 3687 419 3757 Instruitoosan‘
431 3695 497 3744 stent
512 3695 541 3743 in
554 3695 775 3756 rrrotrirnonio,rt
787 3696 876 3759 rrrojtcs
887 3693 986 3746 bonnm
1030 3690 1099 3739 esse,
1111 3673 1327 3744 Sicutssssil'fflmr
1346 3674 1436 3745 qualis
1453 3680 1548 3728 autem
1562 3672 1622 3745 19⁸⁰
1639 3677 1701 3723 emt
1715 3684 1781 3721 ΠΜ
1799 3667 1830 3720 5¹¹

321 3761 394 3813 decet
409 3777 461 3815 esse
476 3765 506 3815 in
522 3765 659 3831 rr'rpr'aali
671 3769 745 3817 stota
761 3767 858 3817 ra'rcrc.
1029 3762 1162 3833 subjectis
1172 3763 1303 3817 ostendit.
1315 3764 1561 3832 Scdnnnspar'spae
1568 3758 1828 3832 propriumdonam

227 3850 264 3900 lle
282 3850 381 3916 arcibus
402 3854 551 3919 scripsistis
574 3852 668 3906 reniti:
689 3855 793 3906 llonnm
818 3858 855 3906 cst
881 3854 989 3906 lronn'ni
1030 3854 1108 3906 naon
1121 3868 1139 3905 a
1154 3855 1214 3918 lico,
1231 3855 1306 3906 alias
1319 3853 1430 3920 peridem
1443 3855 1492 3917 st'c,
1508 3849 1831 3907 alinsrcron'cllocsal

192 3938 338 3989 rnnlicrcm
353 3954 408 3992 non
423 3945 542 4007 tortprre.
559 3942 671 4008 Propter
686 3943 882 4008 fornicationes
896 3946 989 3994 autent
1029 3940 1222 4011 unusquisque
1230 3938 1775 4010 justarotumsuumdenaneibabet,
1785 3946 1827 4003 ut,

193 4029 381 4092 catarracte-isque
401 4044 479 4080 seram
508 4045 618 4081 acorem
647 4030 751 4092 tionem,
774 4036 797 4080 ct
822 4045 989 4097 rationemque.
1030 4030 1052 4082 si
1066 4030 1140 4090 velit,
1157 4029 1244 4100 ipsius
1255 4035 1326 4083 nutu
1336 4030 1386 4083 Del
1397 4029 1611 4098 possibilitatem
1622 4036 1827 4098 consequatur:

181 4112 277 4163 'srrrnn
294 4115 389 4165 riranr
407 4114 511 4167 irnirrot.
533 4116 585 4178 Qui
604 4114 688 4186 ordml
703 4116 893 4169 fornicationis
912 4124 989 4170 metu
1032 4118 1094 4171 idco
1106 4134 1161 4171 non
1175 4118 1258 4171 debet
1267 4118 1329 4188 quis
1339 4119 1491 4187 constringi
1503 4135 1537 4172 ne
1547 4135 1563 4172 a
1573 4118 1649 4172 licito
1659 4115 1829 4188 prohibitus.

195 4199 322 4268 permisit
346 4201 468 4271 prolecto
494 4217 549 4255 non
568 4202 708 4257 stantibus
733 4210 903 4274 pareceptum
927 4222 990 4259 eon-
1032 4205 1130 4259 illicita
1138 4206 1279 4272 adimant,
1291 4208 1339 4261 sed
1355 4207 1415 4278 ipse
1424 4206 1476 4260 sibi
1487 4207 1572 4275 eligat
1583 4206 1650 4276 quid
1668 4214 1805 4275 sequatur
1821 4222 1827 4257 :

194 4287 269 4353 tulit,
299 4288 401 4342 sedne
421 4289 584 4343 sortassein
608 4297 713 4344 terram
746 4300 861 4346 ruerent
889 4295 990 4348 lectum
1033 4296 1096 4349 bico
1110 4300 1203 4348 orclem
1218 4311 1271 4349 reon
1288 4300 1382 4365 rrrrplis
1397 4301 1422 4349 ct
1436 4298 1536 4360 ‘rideris
1554 4297 1655 4349 bonnm
1669 4300 1707 4348 est
1724 4296 1784 4347 illis
1807 4295 1834 4347 si

194 4377 357 4432 callentibus
367 4378 497 4431 ostendit.
509 4379 588 4433 Unde
603 4379 693 4433 adhuc
703 4380 911 4451 insinuantibus
928 4348 1072 4438 sub-Dsic
1077 4389 1259 4452 peramarunt
1273 4388 1344 4438 aieret
1357 4390 1382 4438 et
1395 4402 1450 4452 epo.
1467 4386 1529 4438 Non
1544 4383 1649 4437 diceret
1665 4382 1773 4436 bonum
1789 4387 1834 4436 est

196 4466 250 4519 dit:
262 4468 346 4521 laer-i
354 4468 525 4520 rirdcbitnnr
537 4469 912 4532 reddat,sirrrib'teronlrrnct
922 4489 992 4526 uror
1033 4473 1168 4543 innuptis
1184 4480 1216 4526 ut
1226 4472 1282 4526 sint
1292 4473 1364 4527 sicut
1374 4479 1403 4528 et
1413 4491 1474 4544 ego,
1486 4473 1509 4527 si
1519 4490 1576 4527 non
1586 4478 1659 4525 esset
1674 4472 1785 4541 integer
1802 4472 1832 4525 in

195 4557 264 4607 ciro.
291 4554 398 4618 Quibus
423 4556 491 4609 ilum
518 4556 547 4609 in
574 4573 678 4625 magna
702 4557 849 4611 honestate
869 4561 991 4629 conjugii
1033 4578 1158 4632 corpore,
1169 4562 1346 4615 necdiceret:
1362 4580 1374 4613 a
1385 4564 1489 4616 Omnes
1498 4562 1624 4615 homines
1634 4559 1763 4615 volebam
1771 4576 1833 4613 esee

194 4641 300 4710 aliquid
310 4643 493 4714 deroluptate
499 4644 651 4716 largiretur
659 4645 796 4715 adjunxit,
811 4666 822 4693 (ι
835 4646 888 4699 hoc
897 4653 991 4702 autem
1033 4651 1106 4704 sicut
1115 4650 1267 4720 rrreipsum3
1280 4671 1292 4695 a
1302 4651 1324 4703 si
1334 4651 1410 4705 enim
1419 4651 1640 4704 habuiturorem
1651 4655 1681 4702 et
1691 4648 1832 4713 haedina,

194 4728 255 4781 dico
270 4731 423 4784 secundum
434 4732 647 4801 indulgentiam,
665 4751 720 4789 non
737 4736 889 4789 secundum
907 4737 993 4808 impe·
1033 4739 1154 4807 virgines
1164 4756 1224 4793 esse
1240 4740 1340 4793 noluit.
1359 4740 1413 4795 Sed
1429 4739 1511 4804 absit,
1528 4739 1567 4793 sic
1582 4737 1656 4792 enim
1676 4754 1693 4790 a
1708 4736 1837 4807 pueritia

195 4816 280 4884 rium,
295 4840 305 4863 a
317 4818 512 4889 culpaqnippe
529 4840 589 4875 esse
605 4824 746 4878 invenitur
762 4825 835 4895 quod
854 4825 992 4893 indulgeri
1034 4827 1140 4898 Spiritu
1150 4827 1282 4886 terrebat.
1295 4837 1326 4882 ut
1336 4830 1420 4899 liujus
1433 4830 1473 4882 rei
1491 4827 1616 4882 studium
1632 4842 1688 4879 non
1705 4818 1834 4888 haberet,
1861 4878 1866 4887 ,

195 4905 367 4976 perhibetur.
380 4908 434 4960 Sed
450 4925 510 4977 (pute
528 4916 606 4964 tanto
623 4913 705 4967 citius
721 4914 870 4979 relaxetur,
889 4922 994 4986 quanto
1036 4917 1138 4987 quippo
1149 4933 1212 4970 eum
1218 4918 1383 4987 juvenculus
1394 4917 1563 4986 anticipatus
1579 4916 1616 4969 sit
1630 4932 1647 4968 a
1663 4914 1756 4983 graba
1773 4912 1834 4966 Dei.

196 5010 251 5048 non
275 5011 324 5065 per
342 4996 415 5048 hanc
429 4996 560 5051 illicitum
577 5001 643 5068 qnid
664 5002 767 5069 agitur,
784 5003 833 5056 sod
849 5003 901 5056 boe
920 5005 994 5074 (procl
1036 5005 1188 5075 Postquam
1217 5006 1287 5059 dixit
1313 5021 1542 5076 unuruquemquc
1563 5004 1708 5074 propriam
1729 5002 1836 5056 donum

196 5090 239 5137 est
249 5083 358 5138 licitum
368 5083 420 5137 sub
431 5085 621 5140 moderamine.
635 5106 691 5143 non
701 5098 822 5145 tenetur.
835 5093 914 5156 Quod
925 5093 995 5147 brine
1036 5094 1138 5147 babere
1149 5095 1240 5151 aDeo.
1253 5095 1375 5149 ostendit
1385 5094 1413 5147 in
1423 5110 1476 5163 qua
1489 5110 1519 5145 rc
1529 5092 1630 5145 melius
1640 5098 1683 5144 est
1697 5108 1758 5144 esse
1774 5106 1838 5161 pro-

196 5173 267 5227 Loth
278 5173 306 5226 in
320 5174 470 5244 semetipso
487 5175 619 5245 exprimit
636 5178 710 5241 (Gen.
730 5188 797 5247 xrs),
815 5181 882 5251 quia
897 5183 996 5235 arden·
1037 5183 1365 5253 pensi01·enr,quiainco
1380 5181 1613 5251 adjuvatur-quis,
1633 5180 1706 5249 quod
1723 5179 1836 5232 ridetur

197 5269 254 5314 tem
266 5262 417 5316 Sodomam
427 5263 507 5334 fugit,
519 5262 567 5317 sod
577 5271 672 5318 tamen
688 5267 775 5337 Segor
789 5269 932 5324 inveniens
950 5287 996 5323 ne·
1037 5272 1169 5325 ariditate
1181 5271 1283 5325 mentis
1297 5276 1438 5341 appetere.
1454 5271 1528 5336 Orroei
1536 5273 1562 5321 si
1575 5287 1601 5321 se-
1614 5284 1669 5321 non
1683 5272 1834 5325 continent,

198 5365 338 5419 ‹piaquam
346 5367 409 5405 mox
416 5354 731 5411 montanaconseendit:
741 5358 886 5412 ardentem
892 5359 994 5430 quippe
1039 5361 1144 5413 tendant
1156 5379 1164 5413 :
1176 5363 1272 5414 melias
1283 5365 1320 5413 est
1330 5362 1404 5412 enirn.
1413 5358 1661 5426 ›tribercqnornnrr'
1667 5357 1771 5421 (Cossi.
1782 5355 1838 5408 No-

198 5437 348 5492 Sodomam
368 5439 464 5509 lugere
481 5446 524 5495 est
543 5441 640 5495 illicita
659 5442 751 5496 carnis
767 5444 897 5501 incendia
912 5447 995 5501 decli·
1035 5445 1695 5521 tandumquodfornicationisgenerasunttria.
1709 5442 1838 5496 Primum

198 5542 282 5583 aare:
295 5527 414 5581 altitudo
423 5545 488 5583 sero
498 5536 540 5584 est
550 5531 689 5585 montium
699 5533 839 5587 munditia
852 5537 996 5592 continen-
1036 5537 1111 5607 qued
1134 5555 1185 5609 per
1208 5537 1434 5608 conjunctionem
1455 5550 1536 5590 sexus
1560 5533 1708 5604 utriusque
1729 5530 1839 5601 persici,
