3772 6120
117 284 186 348 1555
415 283 448 340 B.
468 281 605 364 atam
623 280 740 338 ntum
758 280 928 338 nucum.
946 279 1109 339 nonunt.
1130 283 1279 343 ornauit
1296 283 1389 339 PARS
1407 282 1459 340 111.
1696 279 1760 340 test

116 411 238 468 assentit
250 413 365 466 0000500
379 407 577 479 Hieronymus,
588 405 618 461 in
633 404 784 461 Ezechielis
794 409 915 461 50005050
927 407 995 468 Aad
1006 407 1058 463 boc
1069 414 1182 464 creetur
1195 425 1213 464 a
1227 409 1294 476 1100,
1310 415 1344 464 05
1357 425 1414 464 000
1423 408 1486 474 Dei,
1496 408 1547 463 sed
1562 405 1669 463 diaboli
1682 407 1761 463 500105

117 501 196 557 illam
205 498 531 568 sententiemerponens,
540 510 596 565 qua
605 493 741 549 Dominus
750 494 785 548 nd
796 494 919 566 prophe·
958 497 1141 553 voluntatem.
1160 498 1294 553 Insanum
1311 498 1436 564 omnino,
1459 503 1489 552 et
1508 500 1611 552 000500
1626 497 1761 552 rabonem

117 594 177 645 tam
191 587 254 642 ait:
272 604 285 640 0
302 587 429 657 Loquere
445 589 473 640 et
491 584 536 638 dic
550 583 642 638 adeos
656 601 662 636 :
676 582 919 639 1100051015110001-
958 589 1011 651 005,
1033 585 1125 641 dicere
1150 588 1322 642 voluntatem
1343 586 1395 642 Dei
1416 603 1451 640 ex
1473 585 1526 641 Dei
1544 586 1761 641 0010050500οο

119 695 133 732 0
148 677 297 743 00011000,
309 674 333 728 01
344 674 417 729 sorte
426 674 469 728 vel
480 672 533 745 ipsi
542 672 668 739 audiant,
680 677 710 727 et
719 670 823 726 siforte
838 671 918 743 0010-
958 673 1030 740 sieri,
1045 675 1187 740 05110000,
1205 675 1399 731 damnatorem
1414 674 1520 730 diaboli
1536 675 1658 746 ejusque
1676 674 1762 730 famu·

120 787 133 821 0
150 770 239 833 00005,
253 765 387 836 quoniam
399 763 500 819 domus
509 778 678 834 exasperans
693 768 745 817 est.
756 781 769 815 0
782 762 919 834 Loquitur
958 761 1060 830 lorum,
1084 764 1155 818 velle
1176 770 1208 819 ut
1221 764 1332 819 diabolo
1351 765 1501 818 serviatur.
1525 762 1581 818 Sed
1601 763 1656 817 boc
1675 764 1763 818 catho-

117 861 214 912 autem
226 853 286 908 brec
299 852 375 908 Deus
386 850 555 922 ambigentis
565 851 676 918 0110050,
691 856 724 907 05
733 849 852 906 liberum
867 850 918 906 bo·
959 850 1019 906 licis
1034 851 1178 923 Pelagium
1193 859 1397 925 consequenter
1411 869 1442 907 se
1453 852 1579 924 objicere
1593 851 1759 918 existimant,

117 941 202 998 minis
211 945 351 996 monstret
360 939 519 1006 arbitrium,
530 955 565 994 ne
576 939 750 1011 prescientia
759 939 918 995 futurorum
960 940 1084 1011 001550
1098 928 1243 1013 peccatum
1260 942 1406 997 transiisse
1422 941 1450 997 in
1465 958 1566 996 omnes
1582 941 1760 997 diffitentur:

40 1049 52 1064 ’
117 1031 186 1086 maii
199 1030 244 1087 vel
257 1029 324 1086 boni
338 1028 516 1085 immutabile
539 1028 625 1084 iaciat
647 1028 722 1100 quod
743 1028 819 1084 Deus
840 1027 918 1084 iutn·
959 1029 1093 1100 quoniam
1103 1029 1127 1084 si
1140 1030 1261 1102 primam
1271 1030 1447 1084 nativitatem
1458 1030 1611 1101 originalis
1619 1030 1701 1101 culpa
1709 1046 1761 1087 non

117 1135 182 1175 rum
196 1118 313 1174 noverit.
330 1119 394 1174 Non
408 1117 484 1173 enim
499 1117 565 1189 quia
581 1117 757 1173 111000050ιο
766 1117 916 1188 cognoscit,
959 1116 1073 1189 obliget,
1095 1134 1151 1173 000
1173 1119 1231 1174 sint
1251 1118 1362 1174 obnoxii
1380 1118 1495 1173 diabolo
1512 1119 1637 1190 parvuli,
1658 1135 1708 1174 nec
1724 1120 1762 1174 in·

117 1211 344 1264 necesseestnos
353 1205 445 1261 lacere
462 1204 536 1278 quod
550 1205 598 1261 ille
611 1204 758 1276 praescivit,
775 1204 824 1259 sed
843 1204 918 1276 quod
958 1205 1075 1278 digeant
1084 1207 1145 1262 erui
1154 1207 1190 1263 de
1204 1212 1342 1280 potestate
1352 1206 1548 1275 tenebrarum,
1560 1206 1613 1279 001
1624 1223 1761 1280 nunquam

117 1313 169 1352 nos
180 1295 295 1369 propria
308 1295 452 1350 voluntate
466 1310 565 1350 sumus
578 1293 689 1361 tacturi,
706 1293 766 1366 ipse
782 1292 861 1348 novit
873 1292 918 1348 10·
959 1311 1037 1350 0000
1049 1302 1163 1351 auctore
1178 1296 1367 1352 discesserint.
1379 1297 1437 1351 Nos
1450 1301 1559 1362 autem,
1570 1296 1622 1369 qni
1632 1297 1761 1352 ornnesin

118 1391 214 1442 turum
230 1384 310 1456 quasi
322 1385 407 1439 Deus.
422 1383 541 1455 Scripsit
551 1399 662 1455 quoque
671 1382 821 1456 predictus
835 1383 920 1438 Pater
958 1384 1049 1440 Adam
1064 1385 1180 1458 periisse
1198 1387 1365 1458 profitemur
1384 1385 1472 1454 (venit
1487 1385 1565 1441 enirn
1587 1384 1676 1440 Filius
1696 1402 1762 1457 000·

117 1473 293 1545 Augustinus
304 1472 391 1527 libros
405 1473 475 1527 duos
489 1472 524 1526 de
542 1470 793 1527 Praedestinatione
807 1475 918 1527 sancto·
960 1489 1023 1529 rere
1044 1480 1073 1528 et
1093 1474 1201 1529 salvare
1226 1474 1301 1546 quod
1320 1474 1464 1546 perierat),
1490 1490 1543 1532 nec
1564 1474 1687 1534 dicimus
1706 1474 1763 1530 ideo

117 1577 192 1629 rum,
206 1560 352 1634 inquibus
369 1564 461 1616 totum
481 1560 556 1632 quod
577 1559 720 1616 confertur
738 1560 847 1615 bomini
868 1559 919 1614 bo·
960 1562 1049 1618 creari
1066 1579 1236 1634 quemquam
1251 1562 1395 1617 hominem
1409 1567 1443 1618 nt
1453 1562 1562 1617 diaboli
1576 1563 1666 1618 saciat
1676 1563 1763 1618 rotun-

117 1667 197 1719 num,
218 1667 252 1706 ex
273 1650 367 1722 gratia
384 1649 436 1705 Dei
455 1648 527 1715 lieri,
551 1665 607 1704 non
627 1665 661 1704 ex
685 1648 809 1704 bominis
832 1648 920 1704 libero
961 1655 1058 1719 tatem,
1076 1657 1105 1707 05
1119 1651 1298 1723 agnoscimus
1309 1668 1422 1708 omnem
1433 1651 1582 1707 bominem
1597 1668 1656 1708 non
1664 1652 1765 1708 005000·

117 1739 245 1806 arbitrio,
260 1755 294 1795 ex
307 1736 456 1793 sententiis
475 1741 637 1793 sanctarum
653 1736 864 1809 scripturarum
878 1725 952 1791 00-11
959 1744 1040 1811 ptum
1056 1741 1168 1796 diabolo
1181 1758 1243 1798 esse
1256 1742 1407 1815 captivum.
1419 1741 1624 1798 Praerarieab'o
1633 1741 1708 1796 enim
1720 1742 1765 1797 bo

118 1828 292 1902 010051001ωο
306 1826 439 1883 ostendit.
451 1826 507 1881 Sed
518 1826 634 1881 iuemnt
642 1825 730 1898 aliqui
742 1825 790 1897 qui
806 1830 921 1881 autnon
961 1827 1045 1883 minis
1058 1828 1201 1902 disposita
1220 1847 1237 1886 a
1261 1830 1369 1885 saeuus
1386 1830 1541 1886 creationis
1563 1830 1695 1885 ordinem
1708 1836 1763 1886 tur·

119 1916 311 1989 intelligendo,
332 1920 384 1972 005
397 1914 516 1986 intelligi
531 1931 565 1969 es
579 1914 699 1970 nolendo
714 1930 776 1987 0000
791 1912 829 1968 151
844 1919 920 1970 recte
960 1916 1028 1972 5000
1043 1933 1100 1972 000
1114 1918 1209 1990 005015
1225 1937 1231 1973 :
1247 1923 1276 1974 05
1288 1919 1388 1975 merito
1403 1925 1537 1975 creatura
1560 1918 1702 1992 peccatrix
1714 1936 1765 1992 000-

118 2005 224 2079 0001050
236 2011 313 2073 sunt,
330 2003 359 2060 in
371 2019 490 2079 pravum
503 2019 617 2059 sensum
631 2002 770 2059 abducere
782 2002 920 2059 conaban-
960 2007 1053 2062 nalem
1067 2006 1289 2063 dominationem
1303 2007 1379 2064 illius
1393 2008 1512 2080 patitur,
1528 2007 1579 2062 cui
1593 2007 1693 2063 relicto
1705 2023 1765 2063 rem

118 2103 175 2154 tur.
192 2096 297 2150 Contra
310 2109 381 2166 quos
392 2092 491 2149 500500
504 2093 635 2165 Prosper,
650 2092 699 2164 qui
709 2093 770 2163 ejus
784 2091 919 2148 50050100
959 2094 1080 2151 Domino
1098 2103 1199 2168 sponte
1216 2113 1247 2152 se
1268 2096 1403 2152 00051515.
1416 2115 1430 2150 a
1452 2097 1567 2167 (object.
1584 2093 1613 2163 7,
1628 2095 1657 2163 8,
1672 2094 1699 2163 9,
1712 2096 1763 2164 511.)

119 2184 210 2241 550110
228 2189 374 2239 exsoeutor
388 2182 450 2248 tuit,
472 2180 652 2237 rescribendo
666 2180 819 2236 fortissime
836 2181 918 2237 resti·
962 2202 975 2237 0
991 2183 1764 2257 11000010000000150000010051505100051105000110·

119 2272 164 2342 tit,
187 2278 272 2345 atque
300 2270 476 2327 0000101550
501 2269 635 2343 00051050
657 2269 793 2342 magistro
816 2274 919 2326 sancire
960 2270 1074 2327 dicium.
1095 2271 1151 2337 Qui
1171 2277 1267 2328 autem
1283 2272 1381 2328 510005
1399 2273 1474 2344 0005
1497 2273 1562 2328 baec
1584 2272 1624 2328 sit
1645 2272 1765 2329 voluutas

120 2361 318 2419 1100100100οο0
334 2366 408 2416 recte
428 2376 476 2415 eos
490 2358 620 2414 sensisse.
636 2358 755 2430 Scripsit
769 2358 844 2414 enim
862 2374 921 2414 me·
960 2360 1013 2416 Dei
1026 2365 1059 2416 ut
1073 2377 1176 2432 magna
1189 2378 1255 2434 0000
1269 2360 1495 2418 Christianorum
1506 2362 1765 2418 salraessenecre

118 2456 246 2508 moratus
260 2450 311 2516 vir,
325 2453 422 2504 beatus
432 2447 537 2502 seilicet
547 2449 676 2520 Prosper,
689 2447 725 2502 ad
739 2447 873 2504 11050000
886 2447 921 2503 50
961 2448 1004 2517 115,
1019 2465 1070 2504 nec
1082 2449 1179 2522 possit,
1195 2456 1247 2506 aut
1257 2450 1357 2507 510005
1370 2451 1445 2524 0005
1453 2452 1531 2508 11000
1546 2451 1622 2507 nolit
1631 2458 1665 2508 05
1678 2469 1765 2508 omnes

117 2538 212 2610 gratio
223 2542 253 2593 et
267 2536 356 2592 libero
369 2535 487 2591 arbitrio
501 2535 632 2608 :scripsit
640 2540 738 2591 eontra
747 2534 923 2607 0001501000-
962 2532 1091 2589 catholici
1106 2533 1136 2588 in
1152 2535 1208 2589 lide
1221 2534 1358 2589 catholica
1376 2542 1572 2607 perseverent,
1593 2535 1645 2590 sed
1663 2536 1729 2590 velit
1739 2543 1766 2591 05

119 2627 321 2684 lumniatorum
337 2625 484 2681 Gallorum
498 2625 533 2680 de
549 2623 809 2697 predestinatione3
826 2621 935 2707 simili·¹
963 2638 1067 2693 magna
1080 2622 1180 2678 exinde
1194 2639 1259 2696 pars
1271 2629 1421 2695 apostatet,
1439 2630 1490 2679 aut
1504 2641 1523 2679 a
1535 2624 1700 2681 sanctitatis
1712 2642 1766 2698 pro

119 2722 164 2772 ter
185 2721 215 2771 et
236 2720 335 2770 contra
358 2714 483 2786 capitula
505 2712 696 2785 objectionum
722 2713 921 2768 vincentiana·
964 2711 1054 2784 posito
1069 2717 1142 2777 ruat,
1159 2719 1209 2767 aut
1223 2713 1297 2784 quod
1315 2712 1457 2768 adulteria
1482 2715 1765 2785 050000005010010·

120 2820 184 2861 rum
199 2804 234 2859 de
248 2804 348 2858 eadem
362 2801 619 2874 predestinatione,
642 2817 752 2857 necnon
770 2801 806 2856 ad
827 2816 922 2855 00000-
961 2800 1059 2871 gnum
1074 2817 1217 2856 sacrarum
1231 2801 1296 2856 ideo
1305 2803 1481 2872 contingant,
1494 2802 1566 2874 qnia
1576 2803 1643 2858 illas
1655 2802 1767 2859 Deusad

119 2900 170 2967 pta
181 2909 243 2965 0000
257 2908 290 2946 00
305 2891 447 2947 (lennensi
461 2891 574 2946 civitate
589 2890 614 2946 ei
627 2896 695 2946 sunt
708 2890 795 2946 missa
805 2891 840 2946 50
854 2906 923 2963 pra·
963 2889 1016 2945 hoc
1042 2889 1251 2962 predestinavit
1277 2898 1310 2946 05
1341 2891 1484 2956 caderent,
1520 2892 1610 2946 nimis
1646 2909 1767 2963 perverse

120 2979 307 3036 destinatione
321 2979 574 3051 congruentissime
596 2978 750 3051 respondit.
775 2978 924 3049 10001500
963 2978 1098 3045 sentiunt,
1114 2979 1288 3050 0500001500
1304 2980 1356 3034 hoe
1379 2980 1487 3035 dicunt.
1509 2981 1587 3046 Quia
1608 2981 1767 3037 detestanda

121 3066 251 3124 omnibus
264 3067 352 3122 lector
366 3066 456 3123 tidelis
470 3072 564 3139 potest
577 3066 697 3139 probare
718 3082 783 3121 eum
802 3053 953 3122 sensisseC
964 3074 993 3125 et
1008 3067 1198 3124 abominanda
1211 3067 1305 3140 opinio
1333 3073 1385 3134 est,
1407 3084 1469 3139 0000
1492 3069 1588 3124 Deum
1608 3071 1768 3142 cujusquam

121 3158 157 3214 de
169 3156 417 3230 predestinatione
430 3156 490 3222 Dei,
513 3155 549 3210 ad
567 3155 688 3211 00105000
709 3155 827 3210 humaui
840 3171 924 3227 gene·
964 3157 1046 3213 malae
1071 3156 1224 3213 0010050510
1246 3164 1296 3212 005
1320 3157 1400 3212 malae
1423 3157 1547 3212 actionis
1568 3159 1665 3214 eredit
1686 3166 1768 3214 aucto

121 3247 171 3315 ris,
186 3262 243 3302 nou
258 3245 294 3300 ad
308 3243 518 3300 damnationem
533 3244 605 3299 tieri.
617 3243 697 3301 Unde
711 3260 786 3299 nunc
801 3261 834 3299 ex
843 3244 924 3300 dictis
965 3263 1035 3313 rem,
1049 3247 1130 3318 cujus
1143 3245 1351 3317 praedestinatio
1357 3261 1505 3317 nunquam
1516 3252 1600 3301 estin
1609 3246 1766 3315 bonitatem,

36 3396 40 3404 ,
121 3335 271 3392 memorati
286 3333 445 3405 0101011000
459 3349 608 3406 excerpere
622 3331 703 3388 nobis
722 3333 838 3406 placuit,
853 3339 883 3390 et
896 3333 925 3390 in
966 3351 1112 3407 nunquam
1133 3340 1213 3390 extra
1224 3334 1364 3406 justitiam
1384 3341 1437 3389 est.
1459 3334 1608 3390 Universae
1632 3337 1708 3392 enim
1726 3337 1768 3392 vie

121 3425 195 3481 5000
213 3424 361 3497 epistolam
381 3439 495 3496 ponere,
518 3421 620 3494 quibus
641 3420 844 3493 objectionibus
861 3424 926 3479 Vin·
966 3423 1079 3482 Domini
1093 3423 1284 3479 misericordia
1297 3429 1326 3479 et
1340 3423 1451 3478 veritas.
1463 3424 1707 3481 Adulteriaenim
1720 3442 1770 3481 ma·

122 3513 259 3571 cantionis
270 3514 310 3569 ita
318 3511 859 3585 responditdicenstl'inccnltemobjwt.
869 3512 881 3570 l
890 3511 923 3585 l):
959 3514 1087 3569 'sitarum
1100 3518 1130 3568 ct
1139 3512 1312 3584 corruptelas
1323 3512 1462 3582 virginum
1470 3528 1531 3566 non
1540 3513 1768 3570 instituerunorit

124 3602 301 3670 «Quomodo
316 3617 413 3657 vemm
426 3600 567 3657 constabit
584 3600 659 3672 0005
676 3600 753 3656 Deus
776 3600 847 3657 nolit
868 3618 926 3656 om·
966 3619 1001 3658 ea
1029 3601 1176 3667 Divinitas,
1203 3601 1253 3656 sed
1279 3601 1425 3667 damnare,
1456 3616 1509 3655 nec
1537 3602 1702 3674 disponam,
1725 3603 1769 3658 sed

123 3708 174 3748 nes
189 3688 793 3757 0010000050100000000100010011050000
815 3690 926 3746 Veritas
966 3690 1077 3764 punire.
1102 3691 1169 3756 Qua
1194 3690 1270 3745 mala
1290 3690 1419 3745 homines
1437 3706 1504 3745 curn
1527 3691 1696 3758 admittunt,
1719 3692 1771 3747 suis

124 3780 199 3836 51005
215 3799 220 3835 :
239 3800 250 3831 0
269 3780 300 3836 Si
320 3796 378 3846 vos,
397 3795 462 3834 cum
483 3778 546 3834 sitis
564 3778 642 3845 mali,
661 3778 750 3834 nostis
769 3777 844 3833 bona
860 3779 927 3834 data
967 3780 1200 3855 concupiscentiis
1222 3784 1251 3835 et
1267 3778 1467 3852 cupiditatibus
1485 3780 1631 3847 serviunt,
1653 3798 1721 3854 quas
1737 3778 1768 3834 05

126 3870 223 3925 «dare
236 3867 425 3935 1111100005οἰ0,
442 3873 548 3939 quanto
563 3866 654 3938 magis
667 3868 754 3923 Pater
764 3873 858 3923 vester
869 3884 926 3923 000-
967 3867 1768 3941 illaprimavoluntariaeprsevaricationislabetraxerunt.s

127 3978 138 4010 r
156 3959 234 4015 lestis
243 3955 632 4030 dabitbonapetentibussel
647 3975 658 4006 r
670 3955 797 4021 Qualiter
804 3956 866 4012 lieri
880 3973 927 4030 po-
968 3958 1023 4015 Sed
1039 3959 1117 4013 00110
1130 3957 1214 4012 modo
1227 3957 1398 4013 credendum
1409 3963 1453 4012 est
1467 3958 1639 4029 btu'usmodi
1654 3959 1771 4015 homines

124 4051 181 4103 test
194 4044 853 4118 0511000,00105000510000100550001500
872 4045 927 4102 dici
967 4046 996 4102 in
1012 4046 1084 4102 hanc
1094 4045 1319 4118 desperationem
1334 4061 1366 4099 ex
1392 4045 1444 4099 Dei
1465 4046 1618 4102 voluntate
1639 4047 1769 4107 cecidisse,

126 4151 182 4191 000
191 4140 285 4208 potest
292 4135 367 4206 quod
376 4134 478 4189 salvari
489 4132 585 4201 velint,
602 4133 673 4188 nolit
684 4133 794 4205 aliquos
808 4135 926 4201 salvare,
968 4152 1033 4191 cum
1043 4134 1137 4209 potius
1151 4135 1252 4189 allevet
1262 4134 1398 4190 Dominus
1412 4135 1576 4206 omnesqui
1590 4143 1735 4200 00000005
1745 4141 1769 4189 05

126 4223 239 4280 etiamsi
262 4222 365 4279 salvari
387 4223 482 4289 velint,
501 4221 556 4277 nisi
574 4221 676 4293 aliqure
698 4238 789 4277 causae
808 4223 929 4280 existam
970 4222 1769 4296 erigatomneselisos.Nemoenirnnisiilliusgratiasta·

125 4312 286 4385 dequibus,
304 4313 432 4385 quamvis
445 4311 503 4368 sint
516 4310 597 4367 nobis
610 4309 852 4382 incognoscibiles,
868 4313 930 4385 ipse
970 4314 1077 4369 bilitur.
1093 4313 1144 4368 Dei
1159 4330 1227 4385 ergo
1243 4314 1372 4368 voluntas
1386 4319 1430 4367 est
1440 4317 1473 4367 nt
1492 4313 1522 4368 10
1545 4313 1622 4368 bona
1635 4315 1768 4368 voluntate

125 4408 220 4459 5000000
231 4401 342 4473 judicat
355 4401 434 4468 bene,
455 4401 491 4458 50
509 4417 564 4474 000
583 4399 639 4456 5101
658 4416 715 4456 000
734 4407 828 4473 005005
846 4403 1113 4475 aliternmaneant,
1125 4408 1154 4458 ct
1164 4401 1328 4474 priusquam
1340 4403 1488 4456 deseratur
1498 4403 1646 4458 neminem
1660 4403 1766 4458 deserit.

126 4508 192 4548 eum
205 4492 359 4563 quidquam
377 4491 469 4546 tacere
483 4489 614 4546 debuisse
629 4506 714 4562 quam
735 4489 854 4548 fecerit?
873 4493 928 4548 Re·
970 4495 1001 4549 ln
1018 4491 1111 4547 libello
1125 4490 1212 4562 igitur
1227 4507 1311 4562 quem
1326 4507 1411 4561 supra
1426 4496 1604 4545 memoratus
1619 4491 1662 4545 vir
1680 4497 1768 4547 contra

127 4585 285 4651 motaergo
300 4580 352 4634 hac
362 4579 531 4635 discretione
550 4595 635 4651 quam
649 4579 743 4635 divina
758 4580 875 4635 scientia
888 4581 929 4637 in·
969 4580 1093 4653 capitula
1116 4578 1353 4634 calumniatorum
1379 4578 1525 4633 Gallorum
1547 4581 1674 4652 scripsit,
1696 4582 1767 4651 juxta

127 4675 172 4725 tra
196 4674 335 4724 secretum
362 4669 480 4740 justitiae
502 4686 559 4725 000
584 4669 718 4735 00051005,
741 4670 929 4726 sincerissime
970 4672 1055 4724 tinem
1066 4669 1192 4740 ejusdem
1206 4667 1271 4722 libri
1287 4668 1328 4721 ita
1343 4666 1494 4722 subnexuit
1507 4668 1609 4723 dicens
1625 4669 1763 4740 (Seutllz

127 4757 298 4814 credendum
308 4763 392 4830 atque
403 4758 590 4830 profitendum
600 4763 644 4812 est
653 4758 742 4812 Deum
751 4759 821 4813 00110
830 4764 862 4814 05
871 4776 930 4813 000·
970 4776 984 4810 0
998 4758 1130 4828 Quisquis
1140 4757 1228 4826 igitur
1236 4772 1270 4810 ex
1280 4755 1526 4827 predestinatione
1535 4757 1600 4825 Dei,
1612 4758 1689 4812 00105
1698 4757 1765 4812 tanti

127 4863 178 4903 nes
192 4847 322 4904 homiues
336 4848 405 4902 salvi
424 4848 502 4902 fiant.
523 4847 552 4902 si
573 4846 688 4917 quidem
705 4846 865 4917 Apostolus,
883 4864 930 4902 cu·
970 4845 1145 4911 necessitate,
1157 4843 1285 4898 homines
1296 4844 1325 4898 in
1338 4848 1451 4914 peccata
1459 4845 1626 4916 compulsos
1637 4847 1699 4917 cogi
1707 4845 1767 4900 dicit

125 4939 174 5008 jus
187 4939 242 4993 ista
255 4936 399 4992 sententia
412 4942 465 5004 est,
480 4934 680 4991 sollicitissime
698 4921 832 5007 precipit,
854 4937 928 5007 quod
969 4936 998 4990 10
1014 4939 1144 4999 mortem,
1160 4949 1217 4988 non
1231 4938 1274 4988 est
1292 4931 1455 4988 catholicus.
1480 4933 1568 4988 Nullo
1594 4934 1671 4989 enim
1693 4933 1765 4989 modo

127 5036 159 5091 in
173 5026 303 5083 omnibus
316 5025 445 5083 1100100110
459 5024 585 5097 piissime
599 5029 628 5079 et
641 5023 806 5089 custoditur,
825 5030 858 5079 ut
871 5026 929 5081 Deo
969 5021 1177 5098 praedestinatio
1191 5021 1241 5076 Dei
1258 5021 1386 5076 homines
1402 5020 1515 5092 iniquos
1534 5021 1615 5088 facit,
1629 5039 1719 5095 neque
1728 5038 1766 5076 00

127 5114 488 5186 proomnibuslmminibua
501 5113 927 5187 supplicetur2exquibusquod
967 5117 1100 5188 jusquom
1114 5110 1284 5166 omninoest
1305 5127 1390 5165 causa
1413 5111 1531 5181 peccati.
1557 5131 1569 5162 r
1595 5111 1762 5181 1500053001.

127 5207 209 5261 multi
239 5212 367 5279 pereunt,
397 5204 575 5278 percuntium
603 5209 647 5259 est
671 5202 823 5269 meritum;
851 5205 925 5275 quod
965 5207 1016 5275 tl:
1037 5223 1048 5253 ι
1070 5202 1123 5267 Qui
1144 5200 1213 5255 dicit
1227 5201 1301 5272 quod
1317 5201 1351 5254 ab
1367 5200 1401 5254 iis
1415 5200 1534 5273 001000
1551 5208 1621 5256 sunt
1635 5201 1764 5274 pradesti-

127 5295 209 5350 rnulti
224 5297 375 5364 salvantur,
394 5294 528 5351 salvantis
542 5300 586 5349 est
600 5293 716 5348 donum.
729 5293 766 5347 Ut
775 5293 850 5347 enim
861 5309 925 5348 rous
967 5291 1027 5348 nati
1041 5292 1075 5346 ad
1092 5290 1186 5357 ritum,
1203 5307 1259 5344 0οο
1274 5290 1383 5344 auferat
1396 5294 1529 5362 percepta
1539 5287 1762 5364 baptismigratis

127 5382 287 5450 damnetur,
302 5386 478 5458 inculpabilis
491 5392 535 5440 005
553 5384 604 5440 1101
620 5382 731 5456 justitio
752 5402 757 5435 ι
778 5389 810 5438 05
830 5390 926 5439 autem
967 5381 1103 5452 originale
1118 5385 1274 5453 peceatum,
1292 5395 1347 5434 000
1366 5383 1410 5433 005
1423 5377 1595 5435 catholicus.
1611 5381 1761 5437 80000000

127 5472 380 5543 000010051500500,
394 5473 604 5532 100150515οὓ01
617 5473 771 5545 gradaest.
784 5491 798 5524 0
815 5473 923 5543 (object.
967 5477 1029 5527 tum
1043 5469 1119 5526 enim
1128 5467 1316 5541 baptismatis,
1331 5466 1500 5540 quaomnia
1519 5484 1640 5540 prorsus
1657 5476 1761 5544 0000050

126 5561 194 5633 tls
211 5561 283 5620 15000
297 5561 395 5620 510005
404 5564 480 5636 0005
498 5563 591 5635 major
604 5577 669 5636 pars
682 5560 795 5635 genens
810 5560 927 5619 5000001
966 5561 1106 5627 delentur,
1118 5557 1242 5616 05100010
1256 5557 1297 5614 010
1310 5559 1409 5614 verum
1422 5556 1528 5631 estqui
1538 5574 1598 5616 uon
1607 5559 1710 5617 000510
1722 5573 1760 5614 re·
