3772 6120
121 295 172 351 lla
418 296 449 349 B.
471 295 606 349 RABANI
626 294 742 349 MAURI
761 294 928 350 ARCHIEP.
948 294 1110 351 MOGUNT.
1132 294 1280 350 OPERUM
1298 294 1390 351 PARS
1408 297 1458 352 ΙΙΙ.
1706 296 1757 353 lta

118 420 288 493 praediorum
302 420 539 490 magnificentiam
554 424 774 484 contemnentes,
786 419 1008 489 posthaecADei
1029 419 1203 490 scientiaque
1229 420 1395 482 consistunt,
1418 421 1521 487 dicare,
1542 421 1596 474 nisi
1620 438 1637 473 a
1655 420 1758 473 timore

118 510 241 564 vidimus
257 527 306 581 pro
322 509 462 579 scalpello,
477 524 527 579 pra
542 509 641 575 grafio,
651 524 701 578 pra
717 507 824 561 calamo
841 524 917 560 com-
958 508 1071 561 Domini
1085 525 1141 561 non
1157 525 1237 578 posse
1252 508 1366 562 servari.
1382 509 1425 562 lld
1449 510 1523 563 hunc
1544 509 1632 578 igitur
1650 513 1759 562 metum

119 598 233 659 moveri,
247 599 294 669 qui
309 598 333 651 si
348 597 613 667 contemplationem
624 596 715 649 cordis
726 596 824 650 mundi
834 597 917 649 lixam
959 612 1016 649 non
1035 601 1194 667 peccatores
1215 597 1304 650 sancti
1330 597 1499 668 propheticis
1525 597 1680 651 invitantur
1701 597 1759 651 elo-

119 692 258 752 tenerent,
271 702 416 756 nunquam
432 685 530 756 utique
543 701 593 756 pro
609 685 701 756 parvis
716 683 800 738 rebus
815 683 918 737 admit·
960 684 1042 755 quiis,
1070 685 1179 739 dicente
1203 686 1423 756 psalmographo
1442 704 1448 737 ε
1474 688 1575 739 Timete
1593 687 1757 751 Dominum,

119 781 222 840 terent,
233 775 307 845 quod
320 791 357 827 ne
371 791 421 845 pro
432 774 542 844 magnis
554 791 586 827 ac
599 773 730 844 pretiosis
744 773 920 827 incurrerent
959 776 1051 827 sorceti
1059 777 1126 841 ejus,
1138 776 1205 841 quia
1217 775 1291 827 nihil
1300 775 1371 827 deest
1383 776 1545 828 timentibus
1559 790 1637 838 euru,
1650 774 1698 844 qui
1709 773 1760 827 hoc

119 863 228 935 opibus
243 863 356 917 easdem
370 863 483 934 penitus
499 862 620 933 abjicere
636 860 804 924 maluerunt,
815 878 881 915 nam
892 868 920 915 et
960 860 1061 914 timore
1084 861 1185 914 metuit
1205 861 1305 927 Deum,
1328 860 1493 931 perfectioni
1511 863 1573 931 ejus
1595 867 1704 916 certum
1719 868 1761 916 est

119 953 288 1024 plerumque
302 952 431 1006 nonnulli
444 958 523 1006 tanto
538 952 596 1005 zelo
610 951 734 1005 codicem
755 956 875 1016 servant,
888 956 920 1004 ut
961 950 1030 1003 nihil
1045 950 1151 1003 deesse.

120 1057 186 1096 eum
200 1058 235 1095 ne
249 1041 347 1095 leviter
358 1040 471 1112 quidem
487 1040 552 1110 legi,
568 1040 610 1093 vel
630 1040 755 1109 contingi
773 1038 807 1093 ab
827 1039 921 1110 aliquo
997 1038 1124 1092 Charitas
1132 1040 1318 1107 magnanima
1329 1045 1375 1104 est,
1381 1041 1698 1108 irrcarrdaestrcharitas
1706 1057 1761 1096 aaa

120 1130 225 1195 sinant,
237 1136 266 1184 et
278 1130 343 1184 iude
355 1129 512 1183 occasiones
527 1129 710 1200 impatientiae
721 1145 754 1182 ac
763 1127 862 1181 inertis
876 1127 920 1180 in·
962 1131 1124 1192 emulatur,
1132 1143 1188 1180 aaa
1197 1130 1324 1197 irritatur,
1335 1143 1388 1181 uon
1397 1145 1544 1197 perperam
1555 1133 1622 1197 epit,
1631 1145 1688 1183 aaa
1697 1144 1762 1182 am·

120 1225 252 1285 currant;
267 1219 342 1273 unde
351 1224 499 1272 moventur
515 1217 654 1289 stipendia
663 1217 804 1288 patientiae
819 1221 848 1270 et
857 1216 921 1270 cha·
962 1217 1058 1270 ditiora
1072 1220 1119 1280 est,
1131 1232 1187 1269 aon
1200 1219 1298 1284 quarti
1312 1233 1371 1285 qua
1384 1233 1435 1270 sua
1450 1223 1525 1281 suat,
1542 1234 1599 1272 aaa
1613 1221 1759 1283 irritatur,

121 1309 214 1363 ritatis
233 1307 388 1379 acquirere.
408 1308 535 1377 Cumque
555 1323 652 1360 omnes
667 1306 778 1360 divitias
792 1322 857 1359 suas
871 1322 921 1376 pro
963 1321 1018 1359 aaa
1033 1307 1132 1372 caphat
1145 1307 1266 1368 malum,
1285 1321 1341 1359 aaa
1354 1307 1453 1373 paudet
1468 1321 1550 1374 super
1562 1309 1761 1375 iniquitatem:

123 1397 227 1452 Christi
242 1412 337 1451 amore
352 1396 545 1466 disperserint,
558 1395 708 1467 pristinum
722 1402 817 1448 tamen
832 1394 922 1447 cordis
963 1395 1440 1464 coupaudetariternoeritati,omnia
1449 1395 1761 1459 toleratomaiacrcdit,

122 1487 253 1541 allectum
267 1485 296 1539 in
311 1484 395 1538 rebus
411 1484 535 1538 minimis
550 1490 733 1549 retentantes,
746 1489 774 1537 et
790 1500 839 1554 pra
855 1483 922 1553 ipsis
963 1485 1059 1536 omnia
1073 1485 1281 1550 superterram
1290 1488 1388 1551 sperat,
1399 1483 1521 1536 charitas
1532 1498 1681 1551 nunquam
1693 1499 1764 1536 eacc-

122 1590 325 1645 nonnunquam
353 1573 495 1627 mobiliter
517 1573 672 1639 irascentis,
691 1573 777 1626 veluti
799 1573 847 1642 qui
867 1588 924 1626 non
964 1574 1014 1625 dit.
1032 1570 1151 1639 (hmbr.)
1167 1571 1258 1625 Tanta
1271 1571 1409 1641 praeconia
1421 1571 1565 1626 charitatis
1590 1570 1712 1636 edocuit,
1733 1575 1764 1625 ut

123 1663 246 1718 habeant
261 1663 443 1734 apostolicam
454 1662 630 1727 charitatem,
646 1679 678 1714 ex
694 1661 823 1714 omnibus
838 1661 924 1714 infru·
964 1677 1021 1714 nou
1034 1659 1175 1713 immerito
1190 1660 1263 1713 hanc
1278 1660 1385 1714 catoris
1395 1667 1565 1731 anteponere
1576 1660 1765 1725 videretur,et

122 1753 212 1808 ctuosi
229 1751 394 1822 sterilesque
408 1750 658 1823 redduntu1·,quad
670 1749 699 1803 in
715 1735 1106 1819 spiritubeatusssincassum
1121 1747 1248 1802 laborare
1268 1765 1315 1802 eos
1334 1749 1382 1819 qui
1403 1749 1466 1802 aliis
1485 1749 1626 1803 mandatis
1649 1765 1764 1819 operam

123 1841 273 1912 Apostolus
288 1839 441 1911 previdens
457 1857 463 1891 z
481 1839 553 1893 Etsi
573 1840 747 1901 distribuero,
770 1837 871 1908 inquit,
892 1841 925 1891 ia
965 1837 1043 1904 dant,
1060 1836 1125 1891 huic
1140 1853 1196 1890 non
1209 1836 1444 1908 obtemperantes.
1461 1839 1533 1892 Hinc
1547 1844 1576 1892 et
1588 1838 1629 1891 ait
1644 1839 1765 1892 loannes

123 1930 194 1985 eibos
205 1945 364 1999 pauperum
378 1944 472 1982 omnes
486 1928 631 1995 facultates
645 1943 729 1990 meas,
746 1933 771 1980 et
786 1927 925 1980 tradidero
966 1926 1118 1997 apostolus,
1135 1927 1206 1980 Deus
1218 1927 1339 1979 charitas
1353 1933 1399 1992 est,
1416 1932 1445 1981 et
1467 1927 1515 1997 qui
1528 1927 1696 1981 charitatem
1710 1942 1766 1980 nou

125 2034 222 2088 corpas
231 2033 327 2070 meum
338 2021 369 2070 ut
384 2018 511 2081 ardeam,
526 2017 694 2070 charitatem
704 2021 799 2069 autem
810 2031 867 2069 aon
876 2015 925 2068 ha·
965 2013 1060 2079 habet,
1076 2013 1145 2068 sciat
1158 2031 1188 2068 se
1202 2015 1292 2068 Deum
1305 2029 1361 2068 non
1371 2015 1484 2083 habere,
1500 2016 1574 2069 unde
1587 2016 1617 2070 in
1632 2015 1689 2069 alia
1704 2014 1767 2085 Epi-

126 2108 216 2172 lruero,
235 2107 307 2160 nihil
323 2106 393 2159 mihi
404 2107 521 2173 prodest.
540 2104 620 2159 Unde
633 2104 741 2175 liquido
760 2102 925 2174 comproba·
967 2104 1039 2157 stola
1053 2104 1128 2157 idem
1143 2103 1247 2157 Paulus
1267 2103 1307 2157 ait
1325 2105 1429 2172 (Ephes.
1450 2108 1478 2174 u)
1499 2123 1504 2157 :
1521 2106 1590 2158 lieres
1610 2110 1705 2158 autem
1722 2107 1771 2173 qui

124 2202 181 2262 tur,
196 2194 395 2266 perfectionem
410 2210 466 2247 non
483 2193 580 2247 statim
594 2192 722 2247 nuditate
733 2193 926 2264 etprivatione
967 2195 1040 2248 dives
1054 2198 1090 2246 est
1105 2196 1136 2246 ia
1151 2194 1343 2246 misericordia
1351 2197 1593 2262 proptermultam
1605 2196 1769 2247 misericor*

126 2282 435 2347 omniumfacultatum,
445 2299 494 2336 seu
509 2281 680 2352 dignitatum
695 2281 851 2352 abjectione
859 2297 925 2335 con·
969 2283 1048 2336 diem
1062 2284 1193 2334 misertus
1208 2287 1244 2334 cu
1259 2283 1357 2334 nostri.
1375 2282 1429 2344 Qui
1445 2297 1511 2351 ergo
1531 2282 1700 2336 charitatem
1715 2298 1771 2336 non

125 2373 208 2444 tingi,
215 2372 269 2426 nisi
285 2371 370 2426 fuerit
386 2371 508 2425 charitas
523 2370 667 2441 illa,cujus
676 2370 826 2441 Apostolus
838 2386 927 2424 mem·
968 2369 1062 2437 habet,
1073 2370 1200 2440 ingratus
1214 2375 1257 2423 est
1271 2369 1469 2425 misericordiae
1477 2370 1537 2436 Dei,
1552 2371 1620 2440 quia
1634 2387 1692 2424 non
1707 2370 1771 2424 dili-

128 2461 179 2516 bra
192 2460 333 2527 describit,
345 2477 407 2531 quac
421 2460 452 2514 in
470 2460 530 2514 sola
547 2459 637 2513 cardis
652 2460 776 2530 puritate
790 2458 926 2513 consistit.
967 2460 1009 2529 git
1023 2475 1074 2529 per
1088 2459 1162 2528 quod
1178 2459 1300 2513 salvatus
1314 2465 1366 2524 est,
1375 2465 1408 2513 ut
1417 2459 1532 2530 perinde
1548 2459 1698 2524 discerent,
1708 2460 1774 2531 quia

130 2551 203 2604 Nam
219 2550 285 2620 quid
301 2554 344 2603 est
358 2549 434 2602 aliud
450 2565 506 2603 non
521 2548 659 2613 temulari,
677 2565 732 2602 non
751 2548 854 2614 inflari,
872 2564 928 2600 non
969 2548 1093 2618 graviter
1106 2547 1317 2618 delinquebant,
1328 2548 1375 2618 qui
1386 2565 1481 2602 escam
1496 2548 1627 2602 fraterna
1641 2548 1774 2603 charitati

130 2638 247 2702 irritari,
262 2653 318 2691 non
333 2653 417 2705 agere
432 2653 589 2708 perperam,
598 2652 788 2706 nonquaerere
804 2653 865 2706 qua
879 2652 931 2690 sua
971 2636 1180 2708 praeponebant.
1190 2637 1263 2690 Nam
1279 2637 1336 2691 haec
1351 2642 1395 2690 cst
1409 2654 1470 2707 qua
1482 2644 1514 2695 et
1526 2637 1555 2690 in
1565 2637 1697 2707 prasenti
1712 2654 1775 2708 pro-

130 2732 206 2793 sunt,
222 2742 279 2780 non
298 2741 384 2795 super
403 2725 552 2796 iniquitate
572 2724 705 2794 gaudere,
731 2740 786 2778 non
807 2725 930 2794 cogitare
972 2726 1034 2779 dest
1046 2730 1075 2779 et
1088 2725 1117 2779 in
1131 2731 1268 2779 amenum
1280 2743 1343 2780 cum
1358 2727 1416 2780 Dea
1431 2732 1587 2797 permanet.
1599 2726 1694 2794 (Cass.)
1704 2727 1773 2780 Om-

132 2815 249 2879 malum,
264 2813 424 2884 etreliqua,
440 2813 494 2866 nisi
509 2830 557 2867 cor
571 2813 725 2884 perfectum
744 2819 828 2883 atque
847 2830 929 2867 mun·
971 2814 1019 2868 nia
1033 2829 1155 2884 namque
1170 2814 1244 2867 dana
1257 2831 1308 2884 pro
1318 2831 1370 2869 usu
1382 2831 1414 2868 ac
1428 2815 1594 2868 necessitate
1606 2814 1774 2869 tribuuntur

133 2904 282 2958 dissimum
293 2904 351 2957 Deo
364 2918 476 2973 semper
485 2903 583 2956 ollcrre
598 2907 627 2955 et
642 2903 779 2956 intactum
793 2918 810 2954 a
823 2902 930 2956 cunctis
971 2903 1006 2956 ad
1022 2908 1143 2972 tempus,
1159 2908 1355 2957 consummata
1374 2903 1581 2973 dispensatione
1597 2919 1662 2956 mox
1676 2904 1774 2974 procul

134 2990 393 3065 perturbationibus
402 2991 552 3045 custodiro.
562 2990 663 3046 Omnia
676 2990 763 3060 igitur
772 2990 929 3061 hujusgra·
971 2991 1056 3045 dubio
1068 2991 1225 3045 transitura
1239 3010 1245 3058 3
1260 2992 1383 3046 charitas
1395 3009 1461 3046 vero
1481 2992 1558 3046 nullo
1576 2992 1775 3062 intercipietur

134 3082 181 3136 tire
193 3080 327 3152 gerenda,
339 3080 552 3150 appetendaque
563 3084 629 3134 sunt
637 3079 726 3146 uobis,
739 3096 789 3150 pra
798 3080 930 3151 hacjeju-
941 3087 1108 3156 Ctempore,
1125 3096 1181 3133 non
1192 3080 1283 3133 solmn
1293 3081 1404 3134 enimin
1412 3082 1542 3152 prasenti
1551 3082 1656 3135 mundo
1665 3081 1775 3136 utiliter

134 3170 191 3237 nia,
201 3168 319 3240 vigilias,
331 3167 450 3233 labores,
461 3168 585 3240 corporis
595 3168 762 3229 nuditatem,
772 3168 931 3235 lectionem,
974 3174 1107 3240 operatur
1121 3169 1150 3222 in
1165 3168 1254 3232 nabis,
1271 3169 1419 3223 sedetiam
1434 3171 1464 3223 in
1479 3170 1573 3224 futuro
1590 3171 1702 3224 sarcina
1715 3187 1774 3224 cor-

136 3265 307 3329 caeterasque
318 3257 543 3311 virtutesdchere
552 3274 603 3311 nos
613 3258 753 3327 suscipere
762 3258 932 3325 noverimus,
974 3274 1065 3329 poreae
1074 3257 1248 3312 necessitatis
1258 3256 1367 3328 abjecta
1377 3259 1514 3312 efficacior
1524 3259 1613 3313 multo
1629 3266 1715 3329 atque
1729 3276 1775 3313 ex·

136 3354 169 3402 ut
182 3346 287 3401 scilicet
301 3362 351 3417 per
365 3346 427 3399 illas
442 3345 477 3399 ab
491 3346 628 3400 universis
641 3345 817 3416 passionibus
832 3346 931 3413 noxiis,
976 3346 1120 3400 cellentior
1134 3346 1311 3417 permanebit
1325 3347 1402 3401 nullo
1422 3363 1547 3418 unquam
1568 3348 1776 3419 corrumpenda

134 3437 253 3491 illaesum
267 3451 367 3506 parare
376 3451 423 3488 cor
431 3440 568 3501 nastrum,
578 3441 607 3488 et
614 3452 777 3489 conservare
784 3435 933 3505 possimus,
976 3435 1095 3501 defectu,
1105 3435 1153 3488 sed
1165 3451 1215 3506 per
1224 3435 1464 3506 incorruptionem
1475 3443 1639 3506 perpetuam
1655 3437 1777 3507 flagran-

135 3530 165 3579 et
185 3525 221 3578 ad
242 3523 442 3594 perfectionem
463 3523 607 3577 charitatis
627 3523 688 3577 istis
707 3523 841 3593 gradihus
861 3523 935 3577 inni·
977 3524 1033 3577 tius
1048 3524 1104 3578 Deo
1119 3530 1203 3594 atque
1214 3524 1349 3578 intentius
1359 3524 1515 3579 adhaesura.
1525 3525 1621 3595 (aaa)
1631 3525 1703 3589 Quid
1716 3531 1777 3580 tam

136 3612 222 3668 tendo
235 3612 430 3666 conscendere.
443 3611 550 3665 Videtis
562 3627 629 3681 ergo
643 3611 713 3665 nihil
727 3612 886 3682 pretiosius,
895 3612 937 3666 ni·
977 3613 1180 3682 magnaniuum
1197 3629 1282 3683 quam
1295 3629 1346 3684 pro
1360 3613 1452 3684 impiis
1463 3613 1555 3667 mori?
1571 3613 1638 3684 quid
1653 3619 1715 3667 tam
1728 3613 1777 3668 be-

137 3701 178 3756 hil
193 3699 353 3773 perfectius
362 3700 487 3771 nihilque
497 3699 655 3767 sublimius,
666 3708 694 3754 et
707 3705 739 3755 ut
753 3701 794 3754 ita
807 3700 934 3770 dixerim,
978 3702 1097 3772 nignum
1115 3718 1201 3772 quam
1218 3706 1246 3755 ct
1260 3702 1389 3757 inimicos
1403 3703 1537 3773 diligere?
1551 3703 1611 3756 sala
1631 3692 1675 3756 cst
1692 3720 1778 3773 quam

137 3791 210 3846 nihil
229 3788 365 3844 charitate
384 3789 534 3861 perennius
553 3789 671 3843 inveniri
691 3809 696 3842 :
718 3790 839 3844 charitas
860 3791 936 3845 euim
977 3791 1094 3845 felicitas
1108 3790 1265 3845 alienanon
1276 3792 1387 3863 premit,
1398 3793 1464 3862 quia
1475 3792 1688 3846 nonaemulatur
1700 3809 1706 3844 :
1719 3791 1780 3846 sola

136 3895 281 3951 nunquam
295 3878 412 3946 excedit,
420 3879 478 3933 sine
488 3895 606 3950 quanon
614 3879 706 3933 solum
718 3879 934 3951 illapraecellen-
978 3886 1021 3934 cst
1036 3896 1122 3950 quam
1135 3879 1253 3933 felicitas
1267 3896 1318 3934 sua
1330 3897 1387 3934 nan
1406 3880 1522 3947 extollit,
1537 3881 1674 3951 quianon
1693 3880 1777 3936 intla-

137 3969 248 4022 tissima
265 3968 467 4021 charismatum
487 3984 604 4038 genera,
626 3968 674 4021 sed
695 3968 781 4021 etiam
807 3969 936 4040 martyrii
977 3974 1039 4036 tur,
1056 3969 1115 4022 sola
1130 3976 1181 4034 est,
1197 3984 1281 4039 quam
1299 3969 1415 4023 scientia
1434 3987 1490 4024 non
1509 3969 1673 4039 compungit
1690 3970 1777 4036 mala,

138 4056 226 4128 ipsius
238 4055 329 4125 gloria
342 4063 485 4109 vacuatur.
496 4056 629 4126 Quisquis
643 4056 731 4125 igitur
744 4056 829 4110 luerit
845 4058 873 4111 in
886 4058 937 4112 hu·
978 4057 1044 4128 quia
1058 4073 1114 4110 non
1128 4057 1187 4126 agit
1200 4074 1358 4128 perperam.
1377 4059 1472 4112 omnia
1485 4059 1595 4124 tolerat,
1612 4058 1707 4111 omnia
1719 4075 1779 4112 cre-

135 4144 183 4216 jas
198 4143 343 4198 charitatis
358 4144 526 4214 perfectione
540 4144 682 4211 fundatus,
691 4161 803 4200 necesse
811 4150 854 4199 est
862 4152 895 4199 ut
901 4147 943 4200 ad'
978 4146 1029 4212 dit,
1044 4145 1139 4198 omnia
1151 4152 1255 4216 sperat,
1269 4147 1364 4199 amnia
1378 4148 1484 4201 suffert.
1495 4147 1669 4202 Ideatolcrat
1681 4147 1778 4202 omnia

139 4230 333 4286 sublimiorem
349 4231 428 4285 illum
442 4232 588 4285 charitatis
601 4232 733 4286 timorem
746 4234 837 4302 gradu
851 4234 938 4288 excel·
978 4235 1007 4288 in
1021 4235 1150 4305 prasenti
1170 4234 1236 4299 vita,
1253 4235 1319 4304 quia
1333 4236 1422 4289 credit
1436 4236 1531 4290 omma
1545 4235 1687 4290 defutura
1702 4237 1775 4303 vita3

139 4319 256 4374 lentiore
270 4320 447 4385 conscendat,
458 4337 542 4391 quem
554 4336 610 4374 non
620 4336 768 4392 paenarum
778 4328 878 4388 terror,
887 4339 938 4377 nec
978 4328 1007 4377 et
1020 4323 1118 4377 suffert
1131 4323 1226 4377 omnia
1247 4340 1307 4393 quae
1321 4324 1368 4378 hic
1382 4325 1583 4391 immittuntur,
1602 4326 1669 4395 quia
1681 4331 1779 4395 sperat

138 4409 239 4481 cupido
253 4408 443 4480 praemiorum,
453 4409 501 4462 sed
516 4409 621 4463 amoris
634 4415 752 4480 generat
760 4411 967 4480 rnagnituda,D
978 4412 1072 4466 amnia
1088 4428 1149 4482 quae
1163 4411 1201 4464 ibi
1218 4413 1430 4481 promittuntur.
1447 4415 1511 4468 Non
1532 4414 1631 4484 quaerit
1650 4430 1712 4484 quar
1727 4427 1777 4468 sura

140 4515 195 4569 qua
209 4498 252 4552 vel
267 4498 342 4552 filius
352 4498 628 4569 indulgentissimum
639 4504 748 4570 patrem
758 4500 800 4553 vel
809 4500 935 4566 liatrem,
978 4507 1053 4567 sunt,
1064 4517 1154 4571 neque
1166 4500 1240 4554 enim
1250 4501 1435 4555 essentetiam
1443 4502 1570 4556 homines
1579 4510 1720 4557 amatores
1728 4519 1777 4574 pe-

138 4586 235 4653 frater,
252 4586 295 4645 vel
314 4587 447 4654 amicum,
466 4588 583 4653 amicus,
603 4587 646 4641 rel
663 4589 821 4658 conjugem,
837 4590 937 4659 conjux
978 4590 1067 4644 cunia
1081 4590 1137 4643 nisi
1151 4605 1184 4642 eo
1199 4606 1229 4642 sc
1244 4596 1377 4659 putarent
1391 4591 1610 4656 excellentiores
1625 4608 1680 4663 quo
1695 4592 1778 4646 ditio-

140 4674 259 4728 sollicita
274 4682 418 4729 reveretur
436 4677 547 4743 aflectu,
568 4676 635 4731 dum
657 4677 718 4747 ejus
735 4693 792 4731 non
810 4677 935 4741 verbera,
979 4696 1032 4743 res,
1049 4678 1094 4732 cui
1110 4677 1206 4732 morbo
1220 4680 1361 4733 contraria
1373 4680 1504 4747 charitas,
1520 4696 1577 4733 non
1597 4681 1697 4751 quaerit
1715 4697 1778 4752 quae

140 4776 231 4833 neque
242 4760 374 4828 convicia,
384 4763 432 4816 sed
448 4763 490 4816 vel
506 4771 620 4819 tenuem
635 4764 740 4819 amoris
753 4765 887 4819 formidat
900 4766 939 4820 of·
980 4784 1031 4822 sua
1041 4773 1115 4833 sunt,
1127 4767 1155 4820 id
1166 4774 1217 4833 est,
1227 4784 1283 4822 non
1298 4769 1406 4840 privata
1416 4769 1580 4824 excellentie
1590 4770 1710 4823 laetatur.
1722 4770 1779 4824 Mo

138 4848 257 4914 fensam,
274 4855 358 4920 atque
372 4850 401 4904 in
422 4852 552 4907 omnibus
569 4870 625 4908 non
646 4854 737 4907 solum
754 4854 871 4919 actibus,
890 4871 938 4908 ve·
979 4857 1034 4911 rito
1049 4873 1115 4927 ergo
1130 4862 1159 4909 et
1171 4873 1227 4911 non
1242 4857 1366 4919 inflatur,
1384 4858 1505 4913 charitas
1519 4858 1613 4912 omnia
1627 4859 1726 4924 credit,
1738 4859 1780 4913 in-

138 4955 203 4993 rum
217 4937 303 4992 etiam
322 4938 412 4992 verbis
427 4941 547 4994 attonita
562 4958 673 5013 semper
685 4943 790 5014 pietate
805 4943 939 4997 distendi·
978 4952 1083 5000 tereos
1097 4945 1195 5016 utiquc
1209 4963 1279 5017 quos
1297 4963 1435 5001 connexos
1456 4947 1570 5000 sibimet
1592 4964 1681 5001 unum
1701 4946 1778 5002 facit.

138 5116 389 5186 illiusintepescat3
405 5118 486 5186 cujus
496 5117 605 5171 timoris
614 5121 852 5190 magnificentiam
865 5138 938 5175 unus
979 5126 1139 5189 maritatur,
1149 5140 1204 5178 aaa
1218 5127 1347 5195 inflatur,
1360 5141 1415 5178 aaa
1430 5128 1488 5193 epit
1500 5141 1658 5194 perperam,
1669 5139 1727 5178 noa
1741 5129 1779 5178 est

139 5205 341 5276 prophetarum
356 5206 498 5276 eleganter
512 5207 647 5276 expressit
662 5210 725 5271 (isa.
740 5212 836 5279 xxxin)
848 5227 854 5262 ε
865 5211 939 5264 Ilici·
979 5213 1137 5275 ambitiosa.
1147 5229 1204 5266 aon.
1219 5216 1319 5281 qiearit
1332 5229 1453 5281 quasue
1466 5219 1542 5279 sent,
1559 5229 1615 5267 aaa
1630 5216 1777 5279 irritatur,

141 5296 193 5359 ria,
208 5293 349 5365 iuquiens,
365 5297 464 5349 salutis
475 5297 612 5363 sapientia
623 5302 647 5349 et
659 5301 775 5352 ecferata
791 5302 877 5352 timor
888 5300 938 5352 lio-
980 5316 1034 5354 aaa
1051 5305 1149 5368 sopitat
1165 5305 1281 5366 malurn,
1299 5317 1355 5354 aaa
1369 5304 1468 5368 pareda
1483 5318 1565 5371 super·
1585 5305 1776 5370 iniquitatem,

140 5383 222 5446 raiar‘,
238 5384 294 5450 ipse
310 5383 453 5436 thesaurus
467 5386 535 5452 ejus,
551 5398 607 5436 non
623 5385 715 5454 potuit
727 5387 837 5441 timoris
854 5386 936 5441 istius
978 5391 1126 5457 can-paudet
1140 5396 1232 5444 autem
1242 5392 1364 5456 ueritati,
1372 5393 1481 5458 patiens
1492 5393 1590 5460 quippe
1597 5395 1634 5443 est
1642 5390 1774 5456 charites,

138 5467 307 5539 dignitatem
321 5487 354 5524 ac
368 5470 501 5525 meritum
511 5471 601 5541 magis
613 5473 758 5529 evidenter
768 5476 933 5546 exprimere,
978 5477 1044 5548 quia
1058 5478 1137 5533 illata
1148 5478 1222 5532 mala
1235 5477 1431 5550 aequanimiter
1444 5479 1560 5546 tolerat3
1576 5480 1696 5548 benigna
1711 5495 1777 5532 vero

140 5573 225 5628 quam
239 5558 351 5613 dividas
364 5558 463 5614 salutis
477 5565 588 5626 nostra,
600 5577 661 5632 qua
673 5562 702 5615 in
716 5579 782 5617 vera
797 5564 936 5634 sapientia
976 5571 1023 5632 est,
1045 5565 1111 5636 quia
1130 5582 1181 5637 pro
1205 5565 1285 5620 malis
1306 5565 1381 5619 bona
1404 5566 1520 5636 largiter
1546 5566 1698 5633 ministrat,
1719 5583 1776 5621 aaa
