3772 6120
120 289 186 348 {271
413 288 444 341 Β.
465 285 601 341 RABANI
621 286 737 342 unum
755 287 925 344 ARCHIEP.
944 288 1108 345 MOGUN'I'.
1129 288 1278 346 OPERUM
1299 290 1396 348 Pnas
1413 292 1465 347 111.
1696 284 1760 344 {272

116 416 206 471 Deum
225 414 368 477 ridebunt,
384 427 475 482 neque
492 411 568 463 enim
587 425 694 472 orriries,
711 411 759 464 sed
775 412 823 481 qui
837 412 1049 483 digniAgitare
1071 413 1163 468 valeia
1183 430 1244 468 esse
1275 415 1391 486 aliquid,
1412 415 1559 486 magisque
1584 427 1648 466 esse
1678 426 1759 481 quarn

118 509 193 558 sunt.
210 505 367 573 Resurgent
380 501 455 555 enirn
470 506 499 553 et
510 499 586 570 pigui
602 505 632 551 et
647 499 754 568 indigni
770 517 855 571 regno
870 500 918 555 illo
959 501 1127 573 omniaque
1142 519 1305 575 percorpus
1319 501 1578 574 sentiuntur‚quod
1593 515 1645 555 nec
1659 499 1690 554 in
1704 499 1759 554 loco

118 593 165 647 ubi
176 591 315 646 videbitur
324 592 408 652 Deus,
421 591 555 662 quoniam
566 605 664 642 omnes
675 589 721 660 qui
730 590 919 644 monumentis
959 589 1097 657 uideatur,
1114 608 1165 646 nec
1179 593 1360 662 quarendum
1382 592 1420 647 sit
1433 591 1532 656 oculis,
1555 606 1609 645 nec
1631 587 1761 643 audiatur

118 687 185 736 sunt
198 681 316 735 audient
327 697 421 734 vocem
439 681 500 750 ejus
514 685 543 732 et
557 679 717 748 procedent,
727 678 775 732 scd
784 695 848 732 cum
857 695 919 732 ma·
960 680 1046 734 affatu
1061 696 1113 735 nec
1127 685 1204 735 tactu
1217 687 1356 748 teneatur,
1374 699 1425 736 nec
1448 680 1591 736 sentiatur
1610 679 1723 732 incessu
1735 683 1760 732 et

117 787 174 841 gna
188 769 354 824 dillerentia.
367 770 439 823 Nam
454 767 501 838 qui
517 766 587 820 bene
602 766 738 827 fecerunt,
754 767 783 820 in
797 783 920 821 resurre·
959 768 1088 823 rideatur
1103 774 1208 835 tamen,
1220 770 1363 824 sedcorde
1381 770 1498 825 mundo.
1517 770 1618 840 Neque
1635 766 1710 820 enim
1727 765 1758 820 de

117 859 238 913 ctionem
251 859 328 917 ritae:
347 858 393 928 qui
406 863 501 911 autem
517 855 589 909 male
603 861 731 925 egerunt,
749 855 777 909 in
792 872 919 909 resurre·
960 857 1013 911 hac
1026 858 1084 912 rita
1096 858 1143 912 ille
1158 857 1333 929 loquebatur,
1350 875 1414 914 curn
1434 860 1487 913 hoc
1501 858 1631 924 dioeret;
1653 854 1759 927 quando

119 946 240 1002 ctionem
254 947 362 1017 iudicii.
381 946 433 1001 llic
445 945 584 1016 judicium
599 961 709 1015 poenam
732 936 867 999 aternam
884 943 921 998 si·
961 946 1073 1017 quidem
1089 946 1125 1000 ab
1145 948 1197 1002 hoc
1219 949 1319 1002 saculo
1341 948 1370 1002 in
1386 964 1441 1019 quo
1455 948 1532 1002 Deus
1548 945 1693 1018 apparuit,
1708 959 1758 999 non

118 1037 243 1107 gnificat,
255 1036 327 1090 sicut
337 1035 421 1089 ctiam
438 1035 507 1087 illud
521 1034 646 1088 dictum:
662 1033 738 1097 «Qui
749 1049 804 1087 nou
819 1033 917 1099 credit,
961 1035 1042 1090 sicuti
1063 1042 1115 1100 est,
1136 1037 1184 1090 secl
1199 1037 1227 1090 in
1251 1036 1341 1108 specie
1356 1053 1410 1106 qua
1434 1036 1531 1100 soluit,
1548 1033 1655 1106 quibus
1667 1033 1757 1099 voluit,

117 1127 177 1196 jam
199 1125 341 1196 judicatus
361 1131 404 1177 est
423 1125 513 1177 licita.
535 1141 573 1183 m,
593 1123 646 1185 lut.
667 1141 679 1169 u
699 1122 778 1186 Quod
798 1138 864 1192 ergo
879 1122 921 1175 ait
961 1124 1029 1177 satis
1037 1124 1169 1179 discrevit
1180 1125 1272 1179 saeculi
1287 1124 1375 1178 futuri
1389 1125 1478 1178 ritarn
1495 1122 1671 1178 discretione
1684 1137 1759 1192 aper·

119 1220 234 1268 sanctus
246 1213 419 1277 Ambrosius
434 1231 447 1263 «
463 1229 554 1283 neque
569 1212 592 1265 is
607 1211 655 1282 qui
666 1212 756 1265 Deum
766 1212 858 1265 ridere
868 1227 921 1265 no·
962 1213 1080 1278 tissima,
1098 1212 1145 1267 ubi
1159 1213 1216 1267 ait:
1240 1213 1275 1267 Et
1288 1213 1355 1284 quid
1369 1213 1473 1267 mirum
1487 1213 1511 1266 si
1525 1211 1556 1267 in
1570 1210 1759 1283 praesentisa·

119 1303 205 1357 luerit
213 1308 306 1374 potest
314 1303 404 1357 Deum
418 1302 523 1364 vidiae,
538 1322 549 1351 ι
568 1301 635 1371 quid
650 1301 727 1354 aliud
738 1300 856 1370 intelligi
871 1317 920 1353 ro·
960 1302 1034 1367 culo,
1047 1301 1100 1355 nisi
1117 1302 1229 1372 quando
1239 1302 1299 1357 uult
1309 1301 1446 1357 Dominus
1455 1318 1511 1355 non
1521 1301 1647 1355 videtur.
1664 1300 1697 1354 ln
1707 1299 1761 1371 ipsa

120 1392 182 1458 luit,
195 1392 249 1446 nisi
261 1391 327 1463 quia
337 1392 360 1444 is
371 1391 419 1461 qui
429 1391 591 1444 mundando
604 1390 681 1443 cordi
692 1406 789 1443 curam
800 1394 880 1442 tanta
890 1405 921 1442 re
963 1406 1072 1461 quoque
1095 1390 1301 1445 resurrectione
1327 1407 1383 1446 non
1400 1390 1482 1444 lacile
1497 1395 1542 1444 est
1557 1390 1650 1445 Deum
1664 1388 1758 1453 ridere,

119 1481 234 1551 dignam
250 1497 306 1535 non
321 1481 381 1534 vult
391 1479 562 1549 impendere,
572 1494 628 1532 non
642 1478 702 1532 vult
713 1478 803 1532 Deum
814 1477 918 1543 ridere,
962 1479 1017 1533 nisi
1037 1479 1081 1534 his
1106 1479 1154 1551 qui
1176 1479 1260 1534 corde
1284 1480 1341 1534 sint
1359 1479 1473 1534 mundo.
1500 1479 1536 1533 Et
1559 1478 1644 1533 ideo:
1663 1476 1760 1532 «Beati

119 1570 181 1623 ride
203 1569 319 1641 proinde
335 1569 401 1639 quid
422 1568 566 1638 adjungat,
583 1584 660 1621 errec
683 1568 712 1620 in
732 1568 801 1631 loco,
818 1567 919 1637 inquit,
963 1568 1067 1623 mundo
1082 1567 1317 1640 corde,ipsienim
1332 1569 1421 1623 Deum
1437 1566 1759 1637 ridebunt.»Hincja1n

118 1659 193 1713 Deus
208 1658 327 1723 videtur,
345 1657 392 1709 sed
408 1656 513 1711 mundo
527 1656 620 1710 cordo.
636 1676 648 1708 a
666 1656 739 1720 Quid
754 1655 919 1722 (evidentius,
963 1657 998 1712 de
1021 1657 1069 1710 illo
1093 1658 1194 1712 saeculo
1217 1657 1309 1711 dicere
1332 1674 1446 1712 exorsus
1460 1663 1504 1711 θεῖ
1523 1655 1573 1712 ubi
1587 1656 1682 1711 Deum
1695 1655 1761 1710 ride·

120 1747 186 1818 quid
203 1746 360 1819 expressius
382 1746 436 1800 dici
462 1745 569 1816 potuit?
583 1745 625 1799 Ab
645 1746 698 1798 bac
712 1745 798 1814 igitur
817 1727 954 1799 visioneB
964 1745 1041 1812 bunt,
1068 1762 1124 1800 non
1139 1762 1236 1800 omnes
1251 1746 1299 1817 qui
1314 1754 1471 1816 resurgent,
1486 1745 1536 1799 sed
1558 1743 1607 1816 qui
1621 1752 1760 1815 resurgent

120 1835 248 1890 diabolus
258 1845 286 1889 et
299 1835 392 1906 angeli
404 1836 465 1906 ejus
480 1841 509 1888 et
521 1851 619 1888 omncs
632 1851 695 1888 cum
712 1834 746 1887 iis
761 1834 850 1905 impii,
859 1834 921 1888 sine
962 1836 997 1889 ad
1021 1835 1105 1890 vitam
1121 1842 1266 1901 aeternam,
1292 1851 1349 1889 non
1364 1835 1472 1905 indigni
1491 1835 1526 1888 de
1543 1834 1648 1906 quibus
1662 1833 1759 1889 dictum

120 1925 177 1980 ulla
197 1925 300 1979 nebula
326 1923 518 1988 dubitationis,
548 1923 652 1978 exclusi
680 1929 755 1989 sunt,
787 1923 920 1993 quoniam
962 1930 1023 1978 est:
1051 1925 1211 1978 «Tollatur
1232 1924 1346 1995 impius,
1372 1938 1408 1978 ne
1422 1924 1516 1978 videat
1537 1922 1759 1977 claritatemllo-

119 2002 225 2070 municio
239 2014 322 2068 corde
338 2030 394 2066 nou
408 2019 484 2079 sunt,
501 2030 533 2065 ac
554 2029 604 2083 per
621 2012 673 2066 hoc
690 2012 765 2083 quod
783 2012 918 2082 scriptum
961 2013 1046 2079 mini,
1064 2031 1077 2065 n
1093 2013 1142 2067 sed
1155 2013 1244 2083 digni,
1266 2014 1301 2067 de
1318 2012 1448 2084 qualibus
1463 2012 1535 2067 dixit
1548 2011 1611 2083 ipse
1630 2011 1757 2066 Dominus

120 2110 163 2159 est
178 2104 206 2158 in
222 2103 293 2156 libro
303 2102 364 2165 iob,
380 2102 488 2156 venisse
502 2102 616 2172 angelos
627 2101 654 2155 in
670 2111 819 2171 conspectu
829 2101 879 2155 Dei
890 2106 919 2155 et
960 2117 1154 2172 cumpraesens
1167 2117 1223 2156 non
1233 2102 1389 2156 rideretur:
1405 2121 1416 2152 ι
1438 2101 1492 2165 Qui
1504 2100 1599 2171 diligit
1613 2116 1669 2167 me,
1686 2116 1757 2155 mau-

119 2192 229 2247 renisse
244 2191 359 2245 cumeis
374 2190 526 2255 diabolum,
543 2207 598 2244 non
614 2190 676 2243 ideo
690 2189 818 2243 diabolus
828 2190 918 2244 Deum
960 2190 1027 2244 data
1039 2207 1103 2244 mea
1117 2190 1240 2245 custodit
1253 2209 1259 2257 ;
1274 2196 1319 2244 et:
1337 2190 1390 2255 Qui
1415 2190 1510 2260 diligit
1536 2205 1593 2256 me,
1611 2189 1759 2260 diligitnra

119 2282 221 2336 uidisse
236 2280 391 2334 credendus
401 2285 452 2334 cst.
463 2280 518 2350 lpsi
530 2279 604 2333 enirn
618 2278 684 2331 dicti
695 2284 762 2331 sunt
771 2279 879 2332 venisse
889 2278 918 2331 in
962 2279 1124 2344 Patremeo,
1132 2295 1161 2334 et
1170 2279 1346 2350 cgodiligam
1355 2295 1419 2333 eum
1429 2283 1457 2333 et
1469 2279 1619 2332 ostendam
1628 2278 1757 2350 meipsum

120 2376 273 2443 conspectu
286 2367 346 2432 Dei,
364 2385 420 2424 uon
436 2368 510 2422 Deus
526 2369 554 2421 in
575 2373 722 2439 conspectu
740 2383 846 2421 corum.
863 2368 922 2421 Nec
962 2368 1003 2423 illi
1013 2371 1103 2434 (locri.
1118 2366 1664 2438 x1i¹,·il);inechiquibusdiceturzc
1679 2366 1755 2422 ltein

121 2477 191 2533 opus
209 2464 252 2514 est
268 2459 320 2513 hoc
338 2459 398 2512 loco
414 2457 569 2519 immorari,
585 2462 617 2510 ut
634 2472 683 2528 pro
700 2456 803 2510 viribus
818 2456 922 2510 nostris
963 2456 1058 2528 ignem
1068 2463 1204 2511 aternum
1214 2457 1263 2528 qui
1278 2462 1452 2529 praeparatus
1462 2462 1505 2510 est
1517 2456 1632 2511 diabolo
1646 2461 1756 2526 atange

120 2565 255 2604 conemur
277 2547 424 2601 ostendere
444 2545 583 2616 quomodo
603 2551 631 2599 et
656 2546 708 2599 hoc
730 2545 923 2615 temporaliter
964 2546 999 2601 lis
1013 2547 1074 2616 ejus
1095 2548 1201 2615 lellatth.
1221 2561 1288 2612 xxv,
1306 2542 1362 2614 41),
1379 2563 1393 2598 ι
1409 2545 1459 2600 sed
1473 2544 1503 2599 hi
1518 2544 1623 2616 quibus
1637 2545 1752 2600 dicetur:

121 2639 179 2703 ilat,
192 2654 256 2691 cum
271 2636 299 2689 in
314 2636 364 2689 Dei
376 2642 526 2705 conspectu
538 2650 649 2705 semper
658 2634 713 2687 sint
725 2633 829 2687 omnia.
841 2635 923 2688 Nunc
966 2652 979 2687 c
999 2635 1109 2699 Venite,
1130 2633 1269 2689 benedicti
1290 2634 1382 2688 Patris
1404 2634 1469 2697 mei,
1495 2634 1632 2705 percipite
1646 2649 1752 2704 regnum

122 2726 198 2780 enirn
218 2725 353 2796 quaeritur
367 2723 506 2794 quomodo
524 2723 650 2777 rideatur
665 2723 753 2787 Deua,
771 2740 826 2777 non
841 2723 869 2776 in
889 2739 923 2776 ea
964 2723 1038 2794 quod
1048 2722 1310 2794 robisparatumest
1321 2722 1356 2776 ab
1363 2722 1549 2777 initiomundi
1559 2722 1751 2790 (reinvalle

124 2814 217 2886 specie
232 2829 288 2884 qua
302 2819 329 2866 ct
343 2813 373 2867 in
387 2813 441 2865 isto
458 2812 559 2865 saeculo
576 2811 742 2882 quibusdam
763 2811 858 2877 voluit,
875 2828 922 2882 ap-
966 2813 1010 2867 Illi
1025 2813 1128 2883 quippe
1138 2811 1220 2865 ibunt
1231 2812 1260 2866 in
1274 2810 1481 2865 ambustionem
1495 2816 1642 2875 aeternam,
1658 2811 1703 2866 isti
1713 2827 1752 2865 au·

122 2919 232 2976 parere,
247 2902 359 2973 quando
375 2918 431 2954 non
452 2901 540 2954 solum
557 2918 621 2954 eum
640 2900 782 2954 Abraham
804 2900 924 2971 aliisque
965 2901 1063 2955 tamin
1077 2901 1161 2955 dmm
1178 2906 1331 2955 aternam:
1348 2906 1377 2953 et
1389 2916 1451 2970 qua
1462 2899 1573 2954 estvita
1583 2907 1695 2963 aterna,
1708 2898 1751 2953 nisi

121 2992 215 3062 justis,
224 3006 321 3044 verum
331 2990 416 3043 etiam
430 3005 494 3042 cum
505 2990 574 3042 Cain
589 2989 734 3043 tratricida
748 2989 922 3055 locutusest;
966 2990 1040 3060 quod
1061 3006 1123 3061 ipsa
1140 2989 1207 3042 Vita
1230 2988 1297 3042 alibi
1312 2988 1396 3043 dicit:
1418 3008 1429 3039 ι
1452 2989 1518 3042 Haec
1541 2995 1584 3043 est
1603 2995 1695 3043 autem
1705 2988 1750 3041 rita

123 3081 172 3136 sed
195 3079 334 3151 quomodo
357 3078 485 3131 rideatur
500 3077 528 3131 in
552 3076 599 3129 illo
624 3093 711 3147 regno
728 3075 774 3130 ubi
791 3077 841 3131 ulii
861 3067 1079 3147 ejusdemne,
1105 3085 1137 3133 ut
1158 3084 1329 3148 cognoscant
1343 3082 1372 3132 te
1394 3092 1483 3131 unum
1503 3077 1596 3131 Deum
1610 3094 1712 3141 rernm,
1726 3086 1748 3130 et

123 3186 187 3224 curn
203 3167 336 3221 ridebunt
350 3166 431 3220 sicuti
448 3172 498 3219 est.
518 3166 595 3220 Tunc
610 3165 715 3236 quippe
733 3165 882 3219 satiabitur
894 3167 922 3220 in
965 3184 1049 3239 quem
1064 3167 1166 3221 misisti
1181 3168 1276 3222 Jesum
1289 3166 1433 3221 Christum
1449 3167 1539 3231 (loun.
1555 3166 1676 3235 xr11,3)?
1691 3163 1750 3219 »sel

124 3258 204 3312 bonis
226 3255 395 3310 desiderium
418 3272 526 3308 eorum.
548 3254 608 3318 Quo
630 3254 768 3308 desiderio
788 3254 924 3325 flagrabat
965 3257 1005 3312 sic
1020 3255 1159 3327 quomodo
1175 3255 1306 3327 promisit
1318 3260 1497 3309 ostensurum
1512 3255 1637 3326 seipsum
1649 3254 1748 3309 dilecto

122 3345 294 3418 Moyses,cui
310 3345 385 3416 loqui
396 3345 430 3398 nd
442 3346 532 3399 Deum
546 3344 615 3398 facie
628 3345 663 3398 ad
673 3345 773 3399 sociem
783 3346 924 3400 nonsutfi·
965 3345 1043 3400 ribus
1057 3345 1115 3399 suis
1129 3361 1193 3399 cum
1204 3344 1289 3398 Patre
1303 3361 1390 3398 unum
1405 3344 1496 3398 Deum
1512 3361 1569 3398 non
1584 3343 1717 3415 quomodo
1727 3342 1748 3396 iu

121 3435 211 3491 ciebat
225 3441 254 3488 ct
269 3434 394 3489 dicebat:
415 3453 425 3484 r
443 3434 567 3488 Ostende
582 3434 651 3487 mihi
667 3434 847 3504 temetipsam
863 3451 923 3488 rua-
964 3435 1017 3489 hoc
1029 3434 1129 3488 saeculo
1144 3432 1172 3486 in
1188 3449 1304 3504 corpore
1318 3432 1393 3487 risus
1407 3438 1451 3486 est
1465 3448 1481 3486 a
1496 3432 1577 3486 bonis
1592 3438 1622 3486 et
1639 3431 1748 3487 amalis.

121 3523 276 3588 nifastem
293 3523 550 3589 rideamtellirorl.
570 3538 664 3587 xxxru,
683 3522 736 3585 13),
755 3544 767 3575 a
788 3530 923 3594 tanquam
965 3525 997 3577 ln
1009 3522 1116 3593 judicio
1139 3522 1214 3576 enim
1232 3522 1327 3576 futuro
1345 3539 1400 3593 quo
1416 3521 1455 3575 sic
1470 3527 1607 3576 venturus
1628 3528 1747 3593 estque

123 3613 229 3668 diceret
239 3612 314 3683 quod
329 3612 358 3665 in
370 3611 481 3664 Psalmo
495 3627 528 3664 ex
538 3611 636 3664 codem
648 3611 786 3665 desiderio
798 3612 922 3666 canitur:
968 3612 1051 3666 modo
1076 3611 1151 3665 visus
1164 3616 1208 3664 est
1221 3611 1282 3665 iens
1298 3611 1327 3665 in
1350 3610 1461 3674 coelum,
1486 3609 1539 3664 hoc
1553 3616 1607 3678 est,
1623 3611 1653 3665 iu
1667 3610 1748 3664 eadem

126 3721 138 3754 ι
164 3700 293 3756 Satiabor
316 3700 382 3754 dum
411 3698 637 3754 manifestabitur
659 3700 750 3770 gloria
769 3707 819 3755 tua
844 3703 923 3769 (Psoi.
968 3700 1058 3755 forma
1071 3699 1121 3754 lilii
1136 3700 1259 3755 hominis
1275 3698 1533 3753 eamdemformam
1547 3699 1689 3765 videbunt,
1703 3697 1749 3770 qui·

124 3806 180 3855 xri,
198 3790 251 3860 15).
271 3789 361 3853 «Quo
384 3788 522 3843 desiderio
542 3788 659 3843 ardebat
679 3796 707 3842 et
721 3789 877 3861 Philippus,
898 3796 926 3844 et
968 3789 1020 3843 hus
1039 3789 1165 3843 dicturus
1179 3794 1239 3843 est:
1262 3806 1276 3841 r
1301 3788 1419 3852 Esurivi,
1445 3793 1474 3842 et
1496 3805 1554 3842 non
1568 3785 1749 3843 dedistismihi

125 3879 165 3934 sic
188 3879 285 3932 satiari
304 3876 435 3948 cupiebat
457 3878 552 3931 dicens
571 3896 576 3929 :
603 3895 615 3929 c
635 3878 757 3932 Ostende
772 3878 852 3933 nobis
871 3877 925 3932 Pa·
967 3877 1137 3932 manducare
1154 3877 1259 3940 (noctu.
1280 3894 1341 3943 xxv,
1362 3877 1418 3944 le),
1435 3896 1449 3928 r
1464 3877 1532 3947 quia
1545 3882 1574 3932 et
1587 3877 1675 3932 iudai
1688 3875 1748 3930 vide·

125 3976 208 4032 trem,
224 3974 253 4020 et
271 3966 374 4021 sufficit
393 3965 473 4019 nobis
494 3969 581 4031 (loen.
604 3982 660 4031 xrs,
677 3966 702 4031 8,
720 3967 757 4034 9).
781 3984 794 4017 r
817 3968 857 4022 Ilo
875 3967 927 4021 hac
968 3967 1038 4021 bunt
1051 3967 1081 4020 in
1096 3983 1180 4038 quem
1196 3971 1386 4037 pupugerunt,
1404 3981 1459 4020 non
1474 3965 1553 4020 illam
1577 3967 1628 4021 Dei
1648 3966 1749 4020 sormam

124 4057 231 4109 visione
241 4056 303 4125 ejus
317 4054 434 4124 loquens
448 4053 533 4107 etiam
549 4054 607 4124 ipse
624 4062 733 4109 amator
747 4062 776 4108 et
787 4055 927 4108 desidera·
968 4073 1023 4127 qua
1043 4072 1100 4110 non
1120 4055 1249 4126 rapinam
1267 4054 1420 4109 arbitratus
1435 4061 1478 4109 est
1492 4071 1553 4109 esse
1568 4055 1682 4126 aqualis
1695 4053 1748 4108 Dec.

125 4151 172 4198 tor
185 4142 358 4205 Ambrosius,
372 4143 466 4195 nonin
483 4144 551 4204 loco.
570 4142 671 4213 inquit,
688 4144 762 4197 Deus
777 4144 888 4198 sirletur
899 4150 928 4198 et
968 4146 1000 4200 ln
1015 4145 1064 4198 illa
1075 4144 1126 4199 Dei
1140 4144 1232 4199 forma
1248 4149 1315 4197 tunc
1336 4142 1469 4197 ridebunt
1480 4159 1554 4210 eum,
1573 4144 1622 4215 qui
1635 4143 1750 4199 ridebunt

126 4233 200 4288 sicut
213 4233 249 4286 ad
264 4231 356 4284 ilicem
371 4230 506 4296 Mambre,
523 4232 596 4285 sicut
614 4232 643 4284 in
660 4239 754 4286 moute
773 4233 860 4299 Sinu;
877 4234 926 4287 sed
968 4234 1050 4289 sicuti
1065 4238 1116 4288 est.
1134 4234 1192 4288 Nec
1205 4233 1267 4287 ideo
1280 4231 1423 4299 ridebunt,
1436 4232 1503 4303 quia
1516 4249 1655 4303 pauperes
1667 4231 1749 4304 spirih

127 4322 232 4377 mundo
248 4320 341 4385 corde,
358 4327 386 4373 et
400 4320 536 4390 sequitur,
551 4321 641 4374 scions
654 4321 721 4392 quid
736 4322 885 4380 desideret,
899 4324 999 4400 etDin
1011 4323 1064 4377 hac
1072 4323 1131 4376 rita
1139 4322 1261 4387 suerunt,
1273 4321 1339 4393 quia
1349 4321 1442 4383 miteS,
1463 4321 1530 4392 quia
1546 4322 1684 4392 ingenim,
1699 4317 1749 4390 quic

128 4411 194 4482 quid
207 4415 307 4464 astuct
321 4416 350 4463 el
359 4409 425 4479 quid
436 4415 539 4480 speret.
547 4410 604 4463 Nec
615 4410 815 4481 corporalibus,
825 4411 926 4481 inquit,
969 4411 1125 4466 esurientes
1139 4417 1168 4465 et
1177 4410 1304 4465 sitientes
1315 4410 1466 4480 justitiam,
1483 4410 1549 4481 quia
1565 4409 1748 4470 misericoraes,

128 4500 215 4553 oculis
232 4499 307 4553 Deus
331 4499 474 4569 ipuaeritur,
492 4497 593 4567 quibus
618 4516 649 4552 se
666 4500 788 4553 ostendit
797 4499 925 4566 Abrahae,
970 4501 1036 4572 quia
1051 4499 1167 4572 pacilici,
1182 4500 1249 4571 quia
1260 4499 1482 4570 persecutionem
1498 4498 1574 4570 passi
1588 4498 1749 4571 propterjus

129 4589 215 4654 Isaac,
232 4587 316 4643 Jacol·
331 4593 360 4641 et
374 4587 437 4641 aliis
451 4587 479 4640 in
495 4586 546 4640 hoc
565 4588 675 4653 saeculo,
692 4606 743 4642 nec
753 4588 927 4644 circumseri·
969 4591 1071 4655 titiam,
1090 4588 1216 4660 quumvis
1230 4593 1258 4642 et
1281 4587 1340 4642 baso
1354 4587 1451 4641 omnia
1464 4569 1539 4641 idern
1554 4588 1610 4660 ipsi
1634 4588 1697 4651 sint,
1713 4580 1748 4638 sed

128 4676 205 4732 bitur
214 4677 407 4747 rismpropter
421 4676 489 4730 illud
503 4676 578 4746 quod
590 4676 758 4742 dictumest,
771 4679 929 4733 Posteriora
970 4679 1036 4751 quia
1049 4678 1155 4732 mundo
1170 4682 1237 4731 sunt
1251 4677 1344 4731 corde.
1357 4676 1422 4730 ideo
1435 4676 1540 4747 quippe
1553 4676 1694 4732 interillas
1702 4673 1749 4728 ba·

127 4783 191 4822 mea
202 4764 323 4831 videbis,
335 4781 387 4819 nec
400 4772 475 4818 tactu
491 4772 613 4829 tenismr,
626 4765 699 4820 sicut
710 4767 796 4820 etiam
806 4768 929 4823 luctatus
968 4767 1106 4823 titudines
1124 4783 1189 4821 cum
1203 4766 1298 4819 omnia
1312 4765 1415 4819 farciant
1429 4765 1477 4835 qui
1494 4781 1543 4819 cor
1566 4766 1698 4821 mundum
1712 4764 1747 4816 bn·

127 4862 171 4913 est
180 4872 244 4911 curo
254 4854 349 4920 Jacob,
360 4872 410 4907 nec
424 4854 538 4909 auditur
553 4854 649 4918 allatu,
661 4856 733 4909 sicut
743 4873 798 4910 non
810 4858 929 4911 soluma
970 4856 1046 4915 bent.
1059 4872 1115 4910 non
1129 4862 1173 4910 est
1185 4862 1282 4909 tamen
1291 4853 1391 4908 alicubi
1401 4854 1524 4927 positum
1538 4872 1544 4907 :
1563 4873 1576 4907 r
1589 4854 1676 4909 Deum
1689 4850 1748 4906 ride·

126 4952 170 5001 tot
183 4945 297 5011 sanctis,
315 4960 411 4999 rerum
427 4944 512 4997 etiam
525 4962 542 4997 a
559 4943 669 4999 diabolo
685 4945 798 5000 auditus
810 4952 862 5009 est,
878 4963 929 5000 nec
971 4946 1049 5010 bunt,
1068 4965 1081 4997 r
1098 4944 1152 4999 nisi
1165 4942 1213 4997 ubi
1227 4943 1332 4997 dictum
1348 4949 1408 4997 est:
1430 4962 1443 4993 c
1457 4943 1537 4997 Beati
1551 4944 1658 4999 mundo
1674 4939 1747 4999 corde,

127 5037 248 5089 sentitur
264 5035 384 5099 incessu,
401 5033 473 5087 sicut
492 5034 644 5104 aliquando
662 5051 725 5088 cum
746 5034 775 5088 in
799 5034 934 5105 paradiso
972 5034 1105 5106 quoniam
1121 5033 1228 5088 mundo
1239 5032 1322 5086 corde
1335 5031 1475 5087 videbitur
1487 5033 1596 5097 (notin.
1611 5050 1637 5099 r,
1651 5032 1703 5102 8),»
1716 5022 1749 5099 qli

127 5124 320 5180 deambularet
332 5123 367 5176 ad
378 5139 532 5193 vesperam.
547 5123 630 5176 Vides
641 5123 929 5193 quemadmodumrir
971 5139 1022 5177 nec
1037 5123 1066 5176 in
1080 5122 1141 5177 loco
1155 5121 1274 5186 videtur,
1291 5137 1342 5175 nec
1356 5120 1444 5175 oculis
1456 5121 1650 5191 corporalibus
1668 5114 1748 5191 qnad-

128 5221 240 5268 sanctus
255 5213 379 5267 enitatur
394 5216 503 5265 mentes
517 5217 627 5265 nostras
641 5211 676 5265 ab
693 5211 822 5267 omnihus
836 5211 929 5266 carnis
970 5220 1026 5275 tur,
1043 5227 1095 5266 nec
1103 5208 1342 5265 circumscribitur
1353 5209 1425 5274 visu,
1435 5225 1486 5263 nec
1496 5214 1573 5264 tactu
1587 5210 1703 5275 videtur,
1714 5216 1749 5262 net

129 5302 256 5355 sensibus
266 5318 389 5366 evocare,
400 5307 431 5355 ut
444 5307 525 5371 aptas
536 5301 620 5355 facim
630 5301 664 5354 ad
676 5301 827 5355 videndum
839 5303 928 5356 Deum
970 5301 1085 5356 auditur
1100 5300 1196 5363 allatu,
1216 5315 1268 5353 nec
1281 5298 1403 5352 sentitur
1419 5297 1541 5353 incessu.
1561 5318 1573 5350 ι
1591 5300 1680 5353 Deum
1693 5294 1749 5351 enim

129 5395 158 5443 ct
172 5394 266 5442 tamen
281 5390 348 5460 quid
359 5390 418 5459 agit
428 5390 494 5443 talis
507 5390 678 5444 extrinsecus
692 5391 834 5461 plantator
846 5396 874 5443 et
887 5390 926 5443 ri·
968 5406 1052 5444 nemo
1068 5389 1137 5443 vidit
1152 5404 1276 5460 unquam
1295 5389 1389 5457 (loen.
1412 5402 1431 5451 ι,
1453 5386 1491 5455 8),
1512 5406 1524 5438 r
1539 5388 1584 5442 vel
1597 5387 1628 5443 in
1641 5385 1748 5441 haesita

128 5484 219 5547 gater,
236 5477 289 5532 nisi
304 5478 472 5533 intrinsecus
493 5486 625 5550 operetur
641 5480 688 5550 qui
707 5481 756 5533 deit
771 5480 928 5534 incremen·
970 5480 1053 5534 sicuti
1068 5479 1129 5550 ipse
1155 5484 1209 5540 est,
1235 5477 1377 5531 ueletiam
1392 5476 1422 5530 in
1434 5477 1603 5546 angelorum
1617 5477 1681 5542 riu,
1695 5472 1750 5529 sien

88 5582 93 5593 ·
130 5574 191 5620 tum
200 5566 292 5621 Deus:
309 5567 372 5636 quis
385 5567 461 5621 enim
470 5569 531 5624 sine
544 5569 687 5638 adjutorio
699 5568 814 5639 spiritus
824 5567 875 5623 Dei
885 5585 930 5622 co·
970 5568 1091 5623 visibilia
1104 5557 1160 5623 ista
1173 5583 1235 5638 qua
1251 5565 1387 5637 corporali
1402 5564 1509 5621 risione
1522 5571 1683 5629 cernuntur,
1700 5558 1749 5633 qnia
