3772 6120
122 248 172 305 ssi
335 228 339 241 '
418 240 449 301 s.
466 242 605 300 nasim
621 240 737 301 riom
755 245 924 301 inorme.
947 244 1109 302 rosum.
1131 244 1285 303 eranum
1299 244 1394 303 snas
1409 246 1460 302 na
1711 244 1765 303 sss

122 377 162 440 (et
175 378 290 429 ceteras
305 373 424 428 hereses
438 387 499 441 quas
513 370 647 426 faotomm
663 376 692 424 et
710 370 858 426 materiam
872 387 923 442 po·
931 371 1009 432 nsit.
1022 372 1057 425 ln
1072 373 1183 425 modom
1196 373 1292 439 picria
1300 372 1399 438 pratia
1407 371 1513 435 sunia
1525 384 1582 438 pira
1594 371 1767 438 gratificavit
1780 416 1782 421 .

122 468 202 527 nunt)
215 462 321 534 aliquid
331 461 405 515 unde
419 465 554 515 creaturae
566 460 623 514 sint
639 459 728 522 boma,
740 460 923 515 antecesserit
963 476 1011 513 rios
1021 463 1054 514 io
1066 462 1172 514 dilecto.
1180 458 1561 530 Deusnobisgratiamdedit,
1568 459 1765 529 propterquod

122 559 274 618 creaturas,
296 551 345 605 sed
365 549 460 604 omnia
488 566 522 603 ex
537 549 623 609 nihilo
638 548 824 603 substiterint.
841 550 920 613 Quod
963 548 1132 603 credidimus
1146 549 1176 603 in
1191 549 1295 604 Filium
1310 549 1372 619 ejus
1386 546 1764 618 Christumliiligensenim

62 654 68 667 ·
123 642 225 696 electos
238 657 298 706 noS,
315 644 348 694 ut
361 656 485 694 essemus
496 639 586 692 sancti
597 644 627 692 et
636 638 811 692 immaculati
826 655 921 692 coram
962 637 1138 707 unigenitum
1153 654 1236 692 suum
1250 636 1424 692 amatoribus
1439 638 1502 707 ejus
1513 635 1611 690 dirius
1621 635 1697 705 donn
1711 636 1765 690 lnc-

122 731 193 802 ipso.
218 730 269 783 lioc
292 734 335 782 est
358 728 426 796 Deo,
449 734 515 782 ante
535 726 669 781 fabricam
685 727 783 782 mnndi
801 733 921 783 testatus
961 726 1048 795 gitur.
1066 725 1168 796 (Hier.)
1185 726 1285 781 Omnis
1299 743 1366 797 ergo
1388 725 1489 795 gratia
1512 740 1598 796 quam
1618 725 1765 796 consequi-

122 824 174 884 est,
191 819 225 872 ad
238 817 442 889 praescientiam
457 817 508 870 Dei
523 816 654 887 pertinet,
667 816 813 870 cuiomnia
827 816 923 870 sutura
964 830 1029 869 mur
1046 815 1076 869 in
1087 815 1180 885 gloria
1197 820 1225 869 et
1250 815 1362 869 laudeni
1379 815 1449 885 ejus,
1467 814 1514 885 qui
1529 830 1582 868 nos
1594 813 1772 883 gratificavit,

119 909 180 978 jam
189 907 348 972 factasunt,
360 911 389 961 et
404 912 556 977 antequam
576 905 785 959 stantuniversn
794 910 860 959 sunt
874 921 922 958 no·
963 903 992 957 in
1005 904 1116 970 dilecto,
1129 904 1219 958 hocin
1229 904 1348 959 Domino
1360 904 1504 959 &satore
1513 903 1681 974 completur,
1698 903 1764 973 quia

121 1001 153 1050 ta
163 1015 170 1062 3
182 994 407 1051 sicutetPsulus
417 982 705 1066 ipse'praedestinatur.
716 994 744 1047 in
769 998 850 1047 utero
864 1010 922 1047 ma·
963 991 1068 1063 absque
1082 993 1222 1064 sapientia
1235 999 1263 1047 et
1278 992 1403 1059 veritate,
1418 991 1538 1063 justitia,
1554 1008 1633 1063 pace,
1650 992 1763 1047 redem-

122 1086 174 1139 tris
188 1101 255 1149 suae,
272 1090 301 1141 et
313 1082 451 1139 ieremias
461 1084 492 1137 in
501 1083 791 1138 vulvasanctillcatur.
804 1084 927 1151 (atrebat
963 1082 1058 1152 ptione
1072 1083 1235 1153 caeterisque
1245 1082 1396 1136 rirnitibns
1409 1083 1518 1136 nullum
1526 1081 1633 1136 bonum
1642 1081 1768 1152 intelligi:

122 1174 257 1229 Praescius
272 1172 398 1228 omnium
411 1173 486 1227 Deus
500 1172 561 1235 scit,
574 1172 621 1242 qui
641 1171 775 1226 credituri
786 1177 880 1227 essent
891 1171 922 1226 in
964 1176 1055 1241 potest
1070 1188 1075 1222 :
1089 1187 1139 1224 nec
1153 1171 1303 1241 legendum
1314 1179 1366 1237 est,
1383 1171 1456 1225 sicut
1468 1170 1612 1225 iubatinis
1619 1168 1767 1225 codicibus

123 1262 275 1321 Christum,
292 1262 364 1316 sicut
373 1261 442 1316 dicit
456 1261 496 1315 ad‘
506 1261 665 1316 Romanos:
684 1262 753 1328 Quos
764 1264 886 1329 prasciit
897 1265 927 1314 et
963 1258 1092 1326 habetur,
1108 1262 1141 1314 ie
1165 1262 1261 1314 abiecto
1275 1263 1333 1327 litio
1347 1277 1406 1327 ruo,
1422 1260 1472 1314 sed
1485 1260 1661 1331 simpliciter,
1678 1263 1712 1312 in
1721 1261 1770 1312 di·-

122 1356 225 1407 oorerit
242 1368 290 1405 nos
304 1352 392 1418 (Rom.
412 1358 478 1415 rint,
495 1366 551 1404 non
571 1350 666 1404 solum·
685 1366 718 1403 ex
739 1349 852 1414 ludaris,
873 1349 922 1403 sed
964 1351 1038 1407 lecto,
1056 1353 1088 1402 ut
1100 1349 1139 1403 sit
1151 1365 1251 1405 sensus
1264 1351 1296 1402 in
1309 1350 1415 1414 diiecto,
1432 1348 1513 1419 quasi
1522 1347 1712 1405 subaudiant
1730 1350 1766 1403 ab

123 1441 208 1495 etiam
224 1457 256 1494 ex
270 1438 409 1509 gentibus.
426 1439 503 1504 Quos
517 1455 583 1509 ergo
606 1439 680 1492 Deus
695 1438 799 1495 dicitur
812 1454 919 1501 vocare,
963 1439 1120 1490 orambim&
1137 1438 1193 1491 Iste
1207 1442 1251 1491 est
1264 1437 1392 1499 deamo,
1408 1437 1444 1491 de
1453 1452 1508 1509 quo
1517 1437 1627 1492 inlsaia
1636 1438 1762 1493 canitur:

122 1535 302 1602 perseverant
316 1529 344 1581 in
360 1528 432 1582 lide:
450 1527 478 1581 hi
494 1520 644 1598 sunt'quos
659 1526 745 1597 elegit
757 1533 823 1581 ante
838 1543 921 1581 mun·
963 1524 1083 1578 Caritate
1091 1527 1187 1579 dilecto
1204 1542 1260 1580 meo
1274 1527 1338 1594 (Iso.
1351 1530 1387 1591 r).
1409 1526 1489 1590 Quod
1510 1542 1576 1580 vero
1592 1526 1642 1592 ait,
1675 1529 1764 1594 ¹(nuti-

122 1618 229 1673 durnin
240 1618 361 1679 Christo,
379 1623 412 1671 ut
426 1616 705 1670 sintincontaminati
720 1632 815 1669 coram
823 1616 881 1669 Deo
891 1615 921 1669 in
962 1616 1063 1680 ficaoit,
1079 1613 1107 1667 id
1123 1619 1174 1680 est,
1199 1620 1295 1685 gratos
1315 1615 1380 1669 fecit
1396 1615 1426 1668 in
1450 1615 1572 1675 Christo,
1589 1630 1648 1669 non
1671 1615 1763 1669 solum

123 1707 269 1770 charitate,
286 1707 338 1759 hoc
352 1712 404 1771 est,
421 1710 454 1759 ut
468 1722 547 1759 amor
560 1705 611 1759 Dei
626 1708 752 1757 sanctam
769 1704 824 1757 illis
838 1697 1089 1767 saciatBredemit,
1107 1703 1156 1757 sed
1176 1703 1262 1757 etiam
1285 1710 1399 1774 peccata
1415 1703 1571 1769 remittens,
1589 1704 1651 1757 sine
1665 1709 1764 1759 nostro

123 1795 372 1867 conversationem.
383 1793 676 1866 (Ilier.)Quodaute1n
690 1793 739 1861 ait,
756 1798 786 1846 ut
806 1809 921 1847 asserant
962 1791 1063 1846 merito
1070 1792 1162 1862 justos
1176 1807 1228 1846 nos
1242 1792 1317 1846 lecit.
1333 1794 1368 1846 ln
1382 1809 1441 1861 quo.
1450 1794 1582 1847 runcinus
1602 1793 1767 1861 redornptiu·

123 1889 213 1940 cerreti
227 1890 251 1938 rt
261 1885 438 1938 irriinoculati
453 1898 546 1936 corani
559 1886 627 1951 ipso,
648 1883 724 1936 inter
743 1888 872 1936 sanctum
893 1887 922 1935 et
963 1884 1255 1950 neriipcrsonpuincm
1266 1884 1363 1950 ipsius,
1377 1883 1761 1950 roini'sriorwmpercatomoa.

122 1974 335 2028 immaculatum
357 1973 410 2026 hoc
438 1972 563 2028 interest.
591 1972 663 2042 quod
687 1970 734 2041 qui
757 1975 870 2027 sanctus
892 1977 922 2025 et
962 1968 1239 2040 (ArabriDuplicem
1253 1969 1376 2040 gratiam
1389 1970 1508 2040 flagitat,
1523 1968 1773 2041 quiantredemit·

123 2063 320 2117 immaculatus
334 2078 444 2132 quoque
465 2060 585 2130 intelligi
607 2064 710 2131 potest,
727 2060 923 2114 immaculatus
963 2058 1163 2128 nossunguine
1173 2075 1224 2112 suo
1234 2064 1263 2112 et
1273 2064 1389 2129 peccata
1396 2058 1478 2113 nobis
1488 2074 1544 2112 non
1561 2059 1721 2130 imputavit,
1734 2060 1769 2114 ie

123 2167 187 2205 vero
198 2167 255 2205 non
262 2150 357 2204 statim
367 2154 396 2203 ct
404 2155 518 2203 sanctus
532 2167 537 2201 :
550 2148 659 2220 parvuli
675 2148 778 2219 quippe
789 2148 923 2202 immacu·
963 2152 1013 2212 est,
1025 2147 1178 2201 rodbmitct
1185 2147 1358 2201 manumisit.
1374 2147 1473 2211 (Hier.)
1483 2148 1532 2202 llle
1544 2147 1703 2211 redimitur,
1713 2149 1766 2220 qui

122 2239 172 2293 lati
190 2244 265 2305 sunt,
277 2237 462 2309 quiaintegro
472 2253 588 2307 corpore
600 2236 709 2291 nullum
720 2236 809 2291 seuere
823 2252 922 2306 pecca·
962 2235 1148 2307 captivasset,
1165 2242 1194 2290 et
1207 2236 1366 2290 inhostium
1377 2236 1491 2291 venians
1505 2242 1676 2308 potestatem
1690 2236 1765 2292 liban

122 2334 194 2395 tum,
204 2334 232 2382 et
246 2333 342 2381 tamen
352 2343 408 2380 non
419 2325 593 2396 sanctionis
603 2325 736 2379 sanctium
745 2326 921 2379 voluntatoet
961 2340 1022 2378 esse
1036 2324 1151 2391 desivit3
1173 2324 1255 2379 itaet
1269 2342 1319 2379 nos
1333 2324 1385 2379 sub
1401 2325 1512 2395 peccati·
1519 2325 1582 2395 jugi
1596 2324 1771 2380 servivimus·
1795 2375 1799 2380 .

123 2416 216 2471 studio
228 2421 420 2487 comparatum
431 2414 538 2486 etquod
551 2415 749 2468 immaculatus
759 2414 813 2467 diei
828 2420 921 2485 potest
961 2419 991 2466 et
1002 2412 1086 2466 vincti
1100 2430 1207 2479 sumus,
1221 2413 1294 2468 sicut
1310 2414 1339 2467 in
1349 2414 1498 2483 Evangelio
1509 2414 1570 2484 ipsa
1579 2413 1758 2468 Veritasait:

123 2506 169 2560 ille
176 2504 739 2576 quipeccatumnonsecit,sanctusnuteni
748 2503 824 2572 isqui
831 2502 919 2555 rirtu·
963 2504 1058 2557 Oinnis
1072 2505 1122 2570 (poi
1136 2505 1203 2571 facit
1218 2508 1369 2571 peccatine,
1381 2519 1476 2555 serres
1491 2509 1529 2556 est
1540 2507 1645 2571 peccati
1669 2506 1759 2569 rison.

122 2593 355 2664 tibusplenussit,
364 2592 478 2664 juxtaid
490 2591 725 2662 quodinquodam
732 2592 839 2661 psalmo
851 2591 919 2645 scri·
961 2593 1032 2655 rnrl:
1049 2607 1100 2644 neo
1119 2598 1184 2645 ante
1203 2592 1346 2662 potuimus
1365 2591 1475 2645 vinctas
1490 2592 1597 2645 catenis
1620 2592 1761 2662 explicans

124 2680 214 2735 bitur:
224 2684 277 2748 Qui
283 2683 589 2734 attitulatsiormoculo
599 2684 622 2733 et
639 2685 770 2748 niteretur
775 2682 920 2748 iristitiam
961 2696 1070 2745 manus,
1087 2686 1116 2733 et
1130 2681 1224 2734 oculos
1239 2680 1368 2734 attollere
1383 2696 1505 2745 sursum,
1522 2680 1582 2735 nisi
1598 2681 1763 2752 redemptor

124 2772 204 2835 [Prot.
221 2771 284 2839 xrr),
301 2775 330 2822 et
344 2768 373 2822 in
387 2768 502 2823 Cantico
518 2768 690 2821 canticorum
708 2786 713 2819 :
730 2769 920 2836 Totosprm'oso
961 2768 1113 2831 adveniret,
1130 2769 1177 2839 qui
1192 2769 1283 2839 ruptis
1295 2769 1411 2823 vinculis
1426 2769 1538 2835 nostris,
1551 2769 1761 2825 nosliberaiet.

123 2861 297 2927 capi-ocima
312 2863 417 2924 incant
432 2859 733 2911 incentores-estraes
749 2856 836 2921 (dant.
852 2858 896 2927 rr).
961 2858 1016 2911 Sed
1026 2859 1088 2928 quis
1103 2859 1160 2912 haec
1175 2858 1276 2929 potuit,
1293 2858 1345 2912 nisi
1362 2858 1437 2912 solus
1451 2860 1532 2913 Jesus
1548 2859 1687 2915 Dominus
1713 2877 1763 2915 no·

159 2949 192 3000 ln
201 2947 336 3000 charitate
343 2947 542 3015 predestinata
553 2962 600 2999 nor
610 2948 640 2999 in
659 2947 831 3013 adoptionem
851 2948 921 3012 sitio-
960 2954 1027 3013 star,
1044 2947 1132 3018 quiin
1146 2947 1351 3018 suo-sanguine
1364 2953 1456 3002 totuin
1470 2948 1592 3002 redemit
1610 2949 1770 3005 mundanu-

122 3053 188 3089 rinn
201 3038 349 3104 perierunt
362 3035 499 3089 Christum
509 3037 538 3088 iri
551 3037 650 3103 iprum.
661 3033 949 3103 tAmbr.)llocdicitC
960 3035 1117 3107 Dupliciter
1134 3053 1199 3090 vem
1221 3036 1336 3106 sanguis
1359 3037 1463 3090 Christi
1488 3044 1519 3090 ct
1537 3054 1602 3091 caro
1628 3037 1768 3110 intelligi&

122 3124 276 3178 decrevisse
286 3124 385 3187 Deum,
398 3129 431 3178 ut
443 3123 587 3176 credentes
601 3123 630 3177 in
645 3122 788 3177 Christum
801 3122 918 3194 adopta·
959 3131 1015 3191 tur,
1040 3126 1082 3181 rel
1105 3125 1239 3196 spiritalis
1264 3126 1312 3178 illa
1334 3131 1418 3196 atque
1440 3126 1544 3191 divina,
1560 3127 1595 3180 de
1622 3144 1680 3196 qua
1700 3114 1770 3199 ipsc}

45 3206 49 3211 ’
122 3220 221 3268 rentur
234 3213 264 3267 in
275 3213 346 3266 lilios
360 3212 420 3279 Dei,
436 3217 469 3266 ut
482 3217 566 3282 caput
586 3212 711 3281 ipsorum
734 3212 773 3265 sit
791 3213 918 3266 Christus
959 3214 1048 3268 dicit:
1065 3215 1135 3269 Gora
1152 3217 1419 3281 trecassinensem,
1431 3221 1454 3268 et
1472 3218 1589 3282 sotanis
1608 3232 1690 3270 iacies·
1700 3232 1770 3272 om*

122 3319 204 3356 verus
213 3301 301 3356 Filius
308 3301 368 3355 Dei.
380 3301 476 3372 (Hier.)
485 3301 564 3364 Quod
573 3305 667 3355 autem
674 3301 714 3354 ait
725 3303 774 3355 :lo
784 3301 918 3355 claritate
959 3308 996 3357 est
1008 3308 1087 3372 potus
1097 3306 1185 3373 (doen.
1200 3304 1245 3369 rr);
1260 3309 1307 3356 ot:
1325 3305 1387 3357 llari
1399 3306 1634 3359 incardumeeritts
1644 3321 1769 3360 carnem·

120 3393 385 3460 praedestinantem,
402 3388 552 3459 dupliciter
567 3390 715 3460 legendum
727 3395 778 3454 est,
790 3390 919 3445 utebati·
959 3408 1058 3457 incem,
1070 3397 1095 3444 rt
1115 3395 1237 3446 biberitis
1250 3395 1416 3458 scriptitarem
1432 3410 1534 3453 inciam,
1554 3410 1611 3448 rien
1624 3395 1767 3450 habebitis

121 3485 165 3535 tes
174 3480 218 3533 rel
229 3496 291 3533 cum
303 3477 493 3550 superioribus
508 3480 549 3532 rel
560 3495 624 3532 cum
640 3478 817 3533 inferioribus
831 3495 919 3550 copu-
958 3484 1046 3533 onam.
1055 3485 1186 3535 aternam
1204 3481 1313 3547 libid.);
1329 3481 1371 3534 vel
1385 3498 1450 3535 caro
1461 3482 1762 3554 etsanguis,quaecrn·

121 3569 273 3627 leturzcum
283 3567 536 3638 superioribusita:
547 3573 575 3621 ut
590 3570 680 3622 cerreti
695 3584 810 3621 coccinus
824 3573 848 3621 et
866 3571 918 3622 iin-
959 3569 1040 3623 cillxa
1053 3575 1104 3633 cst,
1121 3569 1203 3640 etqui
1214 3569 1311 3622 militis
1321 3569 1769 3628 ellususestlanoea.Juxtalranc·

121 3660 257 3712 irrocutati
270 3670 363 3711 coram
375 3659 469 3725 ipsein
481 3658 624 3723 charitate,
637 3661 915 3727 etposteasequatur:
959 3657 1123 3713 divisionem
1144 3658 1291 3712 instinctis
1310 3660 1371 3728 ejus
1393 3659 1540 3713 diversitas
1559 3661 1709 3731 sanguinis
1732 3666 1764 3716 et

117 3748 317 3815 predestinaret
334 3762 381 3799 nor
391 3748 420 3799 in
432 3747 607 3814 adoptionem
624 3748 749 3812 filiorum
762 3763 813 3814 per
825 3748 918 3800 leram
960 3748 1052 3802 carnis
1066 3746 1178 3811 dicitur,
1194 3753 1226 3801 ut
1239 3747 1296 3801 alia
1309 3748 1347 3800 sit
1359 3764 1434 3811 carc,
1448 3765 1509 3820 que
1520 3749 1616 3803 visura
1625 3756 1673 3804 est
1683 3751 1760 3805 salir-

121 3835 259 3890 tiresiam
274 3839 304 3889 in
318 3838 408 3905 ipsum
416 3855 423 3897 ;
441 3851 504 3889 curn
519 3833 698 3888 inferioribus
713 3840 806 3888 autern
816 3834 871 3888 sic:
887 3837 919 3888 in
959 3843 1021 3891 tare
1035 3836 1100 3897 Ilei;
1113 3837 1168 3890 alia
1182 3852 1246 3890 caro
1255 3842 1284 3890 et
1294 3837 1417 3905 sanguis,
1435 3853 1496 3907 quie
1507 3854 1625 3908 regumn
1636 3839 1688 3893 Dei
1703 3855 1767 3905 non-

120 3925 919 3993 elmritotepraedcstinonsnarioadoptionemfitioinmper
960 3930 1065 3996 queant
1074 3925 1225 3996 possidere.
1240 3926 1451 3996 Consequenter
1466 3931 1561 3980 autem
1576 3933 1643 3997 post
1651 3928 1769 3983 rodem·-

118 4014 211 4065 lesum
222 4013 361 4066 Christum
372 4015 402 4065 in
414 4012 514 4080 ipsaid
521 4017 573 4071 est,
581 4012 702 4071 Christo,
716 4011 926 4082 quinunquam-
958 4014 1082 4085 ptionem
1104 4014 1248 4085 sanguinis
1275 4015 1388 4079 Christi,
1410 4014 1603 4069 remissionem
1618 4017 1763 4087 accepisse

120 4099 234 4153 nonfuit
247 4099 330 4162 tillus,
348 4115 398 4152 nos
413 4115 478 4152 sero
498 4116 553 4153 non
567 4098 672 4153 suimus
685 4099 744 4163 nbi,
766 4105 917 4169 ante-quam
959 4103 1109 4157 scribimur
1120 4110 1298 4173 peccatorum
1316 4122 1321 4155 z
1340 4103 1415 4174 quia,
1433 4103 1486 4156 nisi
1507 4104 1651 4175 ¹redempti
1671 4105 1759 4159 fueri·

120 4187 310 4260 praedestinati
326 4203 451 4241 essemus
462 4187 491 4240 in
503 4187 573 4257 ipso.
585 4188 644 4240 Hoc
657 4188 874 4258 predestinavit,
887 4195 923 4243 ub
959 4208 1031 4258 mus,
1047 4190 1153 4246 frustra
1171 4190 1252 4244 nobis
1266 4200 1378 4262 pccoatn
1395 4193 1546 4257 doriantur,
1570 4209 1622 4247 nec
1647 4195 1767 4249 tentam»

121 4275 238 4330 haberet
250 4281 419 4347 potestatem
434 4274 508 4329 silius
518 4275 568 4329 Dei
579 4275 794 4346 fieriomnisqui
804 4277 918 4332 credere
958 4281 1083 4351 nooiperc
1097 4296 1247 4351 possumus
1258 4280 1434 4335 delictorum.
1456 4288 1486 4335 et
1501 4282 1573 4336 sarri
1589 4299 1652 4336 esse
1668 4299 1766 4338 cessa·-

119 4365 251 4421 roluisset
261 4365 291 4419 in
301 4365 404 4436 ipsum,
416 4364 482 4435 quia
491 4364 654 4418 nemotllius
666 4365 716 4419 Dei
729 4365 791 4418 sieri
800 4367 913 4437 poterit,
923 4366 947 4424 D
957 4386 1028 4434 mus,
1044 4369 1097 4423 nisi
1117 4369 1238 4440 pretium
1254 4385 1303 4439 pro
1318 4369 1399 4424 nobis
1410 4376 1543 4424 cruentus
1557 4371 1702 4441 quondam
1720 4371 1766 4425 iii·

119 4455 174 4511 nisi
185 4456 269 4510 tidem
284 4460 313 4510 et
325 4454 502 4520 charitatem,
516 4470 577 4524 quse
590 4469 642 4524 per
656 4453 834 4509 dilectionem
849 4472 915 4526 ope·
956 4465 1016 4512 ctor
1031 4458 1180 4528 acceperit.
1204 4458 1362 4514 sectandum
1377 4461 1491 4513 diuitias
1510 4462 1615 4527 pratia
1627 4464 1686 4529 ejus
1699 4476 1766 4529 qua

119 4551 207 4603 ratur.
219 4542 330 4599 habeat.
343 4545 500 4599 Secundum
509 4545 678 4612 propositum
690 4547 840 4597 celrintotir
850 4562 915 4599 sua.
957 4549 1192 4617 superabundavit
1209 4549 1242 4601 in
1254 4548 1341 4601 nobis.
1361 4547 1613 4618 superabundavit,
1630 4547 1765 4615 dixitut·

119 4633 182 4687 Sive
189 4633 342 4686 secundum
350 4632 712 4703 beneplacitumroluntatis
722 4633 923 4688 suaezrerbum·
957 4652 1013 4691 non
1027 4636 1119 4691 solum
1132 4653 1150 4690 a
1165 4641 1255 4690 morto
1265 4635 1406 4703 liberaret,
1423 4637 1471 4691 sed
1491 4637 1577 4691 etiam
1592 4644 1762 4693 tantumne·

118 4722 234 4791 εὐδοκία,
249 4721 322 4790 quod
330 4722 447 4777 Latinus
462 4738 554 4777 sermo
563 4722 765 4792 interpretatus
778 4728 822 4777 est
829 4727 917 4792 placi-
958 4726 1092 4796 pientiam
1108 4725 1189 4779 nobis
1197 4725 1323 4789 donaret,
1343 4731 1375 4779 ut
1387 4726 1544 4780 voluntates
1560 4727 1622 4797 ejus
1635 4727 1764 4782 omnin·-

120 4807 383 4877 tam,apudGraecos
399 4811 584 4881 compositum
591 4816 674 4864 ester
682 4810 918 4882 ‹luobusintegris
957 4832 1012 4885 que
1026 4815 1162 4885 mysteria
1184 4830 1373 4868 nosceremus.
1391 4815 1443 4878 Qui
1464 4815 1596 4885 intelligit
1608 4816 1767 4872 reiimtenn

118 4887 346 4955 &abcobebetrob
359 4898 523 4965 &cariatone
534 4901 916 4970 otptnoito,quodnospossu·
957 4904 1007 4957 Dei
1022 4904 1051 4957 in
1074 4903 1267 4959 remissionem
1282 4909 1461 4974 peccatorum
1483 4909 1654 4971 nostrorum,
1670 4906 1768 4961 mm·

118 4983 634 5057 musdicerebeneplocitum‚quianon
641 4989 737 5044 statim
747 5006 830 5044 omne
840 4990 914 5060 quod
956 5008 1001 5046 me
1015 4992 1044 5046 in
1060 4992 1183 5046 Ecclesia
1194 4992 1229 5046 de
1245 4992 1382 5046 Gentibus
1391 4999 1571 5063 congregata,
1589 5009 1650 5064 que
1662 4994 1769 5050 aliems

118 5076 251 5146 placet,et
259 5072 440 5142 beneplacere
452 5078 544 5142 potest
553 5096 559 5129 ε
568 5078 617 5131 sed
625 5077 661 5132 ibi
670 5082 781 5132 tanturn
796 5079 912 5153 εὐδοκία,
956 5080 1040 5137 inita
1054 5087 1223 5135 testamento
1231 5088 1259 5135 et
1266 5081 1767 5152 promissionibuslsraelipseinteb·

38 5192 42 5199 ·
117 5165 170 5218 hoc
183 5170 226 5218 est
238 5161 443 5233 beneplacitum
458 5162 569 5229 dicitur,
583 5165 830 5238 ubiquodplaeuit,
839 5172 915 5221 recte
954 5169 1017 5238 ligit
1035 5170 1125 5240 qualis
1148 5169 1322 5224 abundantia
1345 5176 1388 5224 est
1405 5171 1502 5239 gratiae
1521 5170 1571 5224 Dei
1588 5171 1618 5224 in
1642 5186 1692 5226 eos
1707 5173 1767 5244 quie

117 5250 463 5323 placitumcomprobetur.
477 5252 594 5322 (Amin.)
612 5255 913 5327 Teleplscitumllcum
955 5258 1135 5312 oredlderunt
1153 5259 1190 5312 in⁴
1208 5275 1283 5312 euni.
1300 5261 1357 5312 llas
1371 5259 1483 5313 divitias
1497 5259 1655 5330 gratiarum
1674 5260 1769 5317 intsn.

117 5340 248 5394 habuisse
257 5340 333 5405 dicit,
346 5340 420 5395 utad
429 5339 540 5394 laudem
551 5341 686 5398 claritatis
696 5347 756 5416 ejus
766 5346 915 5418 pmllceret
955 5362 1010 5400 non
1024 5347 1090 5402 tacit
1103 5363 1211 5412 vacuas,
1230 5348 1278 5417 qui
1292 5355 1429 5418 quantum
1444 5350 1519 5403 valet
1532 5349 1656 5403 humana
1669 5349 1759 5421 fragis

116 5428 209 5501 gmtia
230 5427 478 5494 datahominibus,
496 5433 528 5483 ut
542 5430 617 5484 selus
640 5440 737 5489 nostra
753 5435 844 5506 gloria
863 5433 913 5488 Dei
954 5435 1018 5491 lites
1032 5436 1142 5502 nititur,
1160 5434 1268 5490 laborat
1282 5440 1367 5507 atque
1377 5439 1530 5494 contendit.
1557 5446 1666 5492 etcum
1681 5440 1763 5510 Ape

170 5543 260 5599 ¹llec
273 5541 362 5597 fusius
377 5544 457 5616 apud'
466 5544 669 5616 Hieronymum
682 5548 824 5619 leguntur.
