3772 6120
190 332 245 396 Μ
408 377 414 389 .
491 334 1527 395 ammittualtmmsmtouult'l.·oruttumttsm
1609 350 1613 356 ·
1775 334 1830 395 Μ

189 475 254 518 rum
263 463 437 535 perpendere
458 462 565 524 volunt,
580 462 628 516 sed
642 462 780 533 plurimos
792 463 821 517 in
845 463 1020 534 episcopii-A
1030 463 1160 518 ordinare
1174 461 1280 532 adjicit,
1290 481 1304 514 a
1320 466 1431 533 oportet
1444 460 1606 531 episoopars
1622 459 1830 531 irreprehensi·

188 557 250 607 tum
265 553 432 624 producunt,
452 568 504 605 nee
522 551 608 605 vitam
632 568 729 606 eorum
754 554 909 623 antiquam,
935 569 989 607 nec
1028 551 1113 606 bilem
1126 568 1187 606 esse
1202 552 1275 605 sieut
1287 551 1339 605 Dei
1353 551 1575 620 dispensatorem
1590 550 1659 616 (l'r't.
1671 554 1701 620 r).
1722 569 1737 603 s
1757 552 1831 606 Cum

94 716 97 721 Ι
189 641 363 712 propositum
377 641 505 695 examine
515 641 675 699 suadentes,
688 642 736 694 sed
750 642 786 695 ad
796 642 987 696 dalimsiouem
1028 641 1188 695 conreuerit
1202 640 1298 710 utirpue
1307 640 1357 701 illi,
1373 645 1405 693 nt
1414 638 1608 710 presbyterum
1623 655 1689 693 eam
1702 639 1832 695 diceret.-

189 742 269 784 susm
283 731 432 784 hecsolum
444 729 600 800 proferunt,
618 731 691 800 quod
718 736 768 783 aut
792 746 883 801 nuper
900 731 988 785 credi·
1028 730 1229 785 sederidenter
1256 733 1285 783 et
1306 729 1467 800 episcopum
1482 735 1510 782 et
1528 727 1726 799 presbyteram
1741 730 1832 784 aemi·

188 819 271 885 derit,
286 826 337 874 sut
354 819 495 890 supersit
523 804 687 889 baptisatus,
712 819 760 872 sod
780 819 805 872 sl
834 820 896 889 quis
928 821 989 875 uult
1028 820 1192 890 narit3qure
1206 826 1301 872 autem
1312 819 1349 872 sit
1368 834 1453 872 eausa
1461 833 1518 871 non
1537 824 1581 871 est
1591 818 1700 887 justum
1715 832 1780 873 eum
1793 819 1830 872 si-

189 909 377 963 differentiam
391 908 683 978 recognoscereillarn,
693 908 838 978 quainter
851 908 930 963 Pauli
940 909 987 963 de-
1027 908 1114 963 lentie
1130 908 1282 978 praeterire,
1294 906 1329 960 ob
1343 906 1421 960 illam
1435 906 1662 960 immutationem
1669 907 1829 970 nominum,

189 1003 276 1059 oreta,
294 994 424 1068 interque
439 997 539 1050 horum
558 995 679 1051 habetur
693 997 881 1067 prudentiam,
897 999 987 1052 iuteu·
1028 1014 1090 1067 qum
1104 998 1140 1051 ud
1154 1013 1277 1067 praesens
1291 996 1480 1059 esseridetur,
1496 1001 1525 1049 et
1543 1012 1599 1065 qua
1612 1012 1646 1048 ex
1665 1012 1754 1050 causa
1775 996 1832 1050 dis-

190 1086 403 1147 datcausss,ob
414 1100 547 1156 quasuon
563 1087 603 1139 sic
614 1085 815 1156 llerioportore
829 1087 932 1141 Paulus
946 1087 988 1140 in·
1028 1093 1104 1141 creta
1129 1091 1196 1140 subt
1214 1101 1265 1138 nec
1287 1093 1362 1139 nuuc
1379 1083 1494 1138 nomina
1512 1089 1542 1138 et
1562 1096 1655 1154 neque
1682 1085 1832 1156 episeopus

189 1172 301 1242 struxit,
317 1180 424 1229 attane
436 1175 585 1246 perspiciet
607 1175 710 1229 decreti
736 1177 797 1245 sajus
810 1177 961 1230 utilitatem
979 1196 985 1243 ;
1028 1174 1082 1228 dici
1108 1180 1201 1244 potest
1209 1173 1364 1244 presbyter,
1373 1188 1464 1243 neque
1474 1171 1619 1242 presbyter
1628 1188 1757 1244 unquam
1770 1173 1831 1245 epi·

189 1265 332 1319 examinet
345 1278 411 1319 reru
422 1266 482 1334 jain
509 1264 577 1334 ipsis
600 1264 728 1333 negotiis,
746 1269 775 1317 et
789 1265 946 1334 perspiciat.
964 1265 987 1318 si
1028 1264 1102 1333 scopi
1116 1263 1353 1333 nuncupationem
1369 1261 1473 1331 poterit
1492 1261 1544 1314 sibi
1559 1261 1700 1315 rindiuare
1726 1277 1832 1332 usque-

188 1364 245 1408 nen
260 1353 294 1407 de
304 1354 360 1407 illis
373 1354 420 1424 qui
435 1354 470 1406 de
480 1353 531 1406 hoc
546 1353 704 1406 madefacti
724 1360 790 1407 suut
798 1354 930 1424 episcopi,
938 1360 989 1407 aut
1028 1352 1095 1405 dum
1114 1350 1260 1423 presbyter
1273 1368 1334 1405 esse
1348 1350 1430 1405 sistit.
1451 1350 1583 1420 Antiquis
1600 1351 1706 1405 etenim
1719 1358 1831 1421 tempo-

189 1454 287 1496 umues
308 1456 407 1496 causas
432 1443 501 1496 istas
523 1442 656 1501 inveniet.
672 1448 721 1495 aut
739 1442 837 1496 saltem
852 1459 939 1496 unam
954 1460 987 1496 ex
1028 1441 1104 1495 ribus
1120 1441 1232 1510 quaudo
1242 1439 1339 1510 pietati
1359 1439 1509 1493 studebant
1522 1438 1690 1509 prssbpteri,
1706 1439 1787 1494 omrri
1803 1441 1831 1494 in

187 1530 243 1586 illis
267 1532 397 1602 reperiet,
413 1538 463 1585 ant
478 1531 601 1584 inveniet
626 1547 673 1584 eos
701 1531 822 1585 eludune
848 1532 988 1586 immensa
1027 1531 1087 1584 loeo
1102 1529 1313 1588 ordinabantur,
1340 1530 1393 1583 hoc
1403 1529 1517 1599 quidem
1530 1544 1633 1582 nomeu
1653 1529 1828 1600 sustemph-

188 1614 528 1690 entelliitauteosquiin
543 1621 671 1673 eamdem
690 1621 986 1689 suutgratiamaocer-
1026 1619 1110 1673 tionis
1129 1618 1243 1672 honoris
1265 1618 1442 1688 accipientes,
1463 1618 1533 1671 sicut
1561 1623 1590 1671 et
1613 1618 1689 1688 apud
1715 1618 1826 1672 iudeus

188 1708 245 1772 siti,
258 1718 309 1761 nec
323 1708 429 1762 similes
440 1708 503 1775 sibi,
516 1722 568 1762 uec
588 1709 688 1778 dignos
698 1726 758 1762 esse
773 1710 942 1773 existiment,
959 1715 987 1764 et
1028 1704 1182 1779 presbyteri
1196 1707 1370 1772 dicebantur,
1388 1706 1552 1776 quipopulo
1570 1712 1720 1776 praeerant.
1737 1707 1826 1760 Vocu-

188 1796 241 1849 hoe
253 1795 289 1849 de
303 1796 358 1850 illis
372 1797 419 1867 qui
433 1812 544 1869 semper
564 1798 650 1852 sitam
665 1814 745 1852 suurn
762 1799 863 1853 studiis
872 1800 985 1870 optimis
994 1792 1017 1852 Β
1026 1796 1231 1851 banturautem
1247 1799 1275 1849 et
1291 1796 1413 1867 episcopl
1427 1795 1463 1848 ab
1477 1795 1524 1848 illo
1537 1812 1630 1865 opere,
1646 1795 1724 1864 qnod
1739 1802 1769 1850 et
1778 1796 1826 1850 irn-

189 1880 410 1951 illustraveruut,
423 1890 452 1940 et
462 1902 517 1940 uon
546 1887 734 1940 discesserunt
746 1887 782 1941 ab
806 1888 855 1942 illo
880 1888 986 1959 optimo
1027 1886 1103 1957 plere
1117 1885 1292 1950 videbantur,
1308 1901 1341 1938 eo
1367 1884 1441 1953 qnod
1455 1883 1633 1937 considerare
1648 1884 1747 1937 omnia
1766 1901 1825 1955 qua

190 1974 341 2044 preposito,
366 1976 439 2046 quod
464 1976 492 2028 iu
521 1977 691 2030 anteriorem
717 1977 803 2031 vibam
822 1977 987 2048 expendisse
1026 1973 1324 2043 adcultumpertinent
1339 1972 1826 2042 pietatissuerautconstitati:itaut

188 2058 363 2125 videbantur,
373 2070 402 2118 et
415 2064 536 2119 maurae
555 2065 590 2118 ob
600 2066 781 2135 cupiditatem
791 2067 985 2137 pecuniarum,
1026 2064 1220 2118 universorum
1233 2061 1470 2133 dispensationem
1485 2061 1621 2115 nuberent
1634 2061 1824 2115 commissam.

190 2157 219 2205 et
233 2153 306 2223 quod
322 2154 397 2207 omui
413 2170 444 2206 ex
460 2159 539 2224 parte
547 2154 705 2209 coadunare
728 2160 879 2226 properent
906 2166 987 2226 peru-
1027 2153 1100 2205 Nam
1110 2160 1140 2206 et
1154 2151 1305 2222 perlectam
1322 2151 1561 2220 dispensationem
1572 2156 1601 2203 et
1619 2150 1827 2213 auctoritatem,

188 2238 260 2307 nias,
275 2241 299 2294 si
314 2247 408 2295 tamen
423 2243 582 2296 autaatales
594 2242 863 2307 fuerunt,auteerte
877 2243 912 2297 ab
931 2245 987 2298 illis
1027 2240 1206 2295 ecclesiastici
1218 2239 1367 2294 ministerii
1382 2239 1433 2308 ipsi
1456 2245 1523 2292 tunc
1541 2238 1721 2293 commissam
1746 2238 1830 2293 habe·

188 2330 236 2399 qui
260 2336 340 2385 extra
363 2330 514 2386 Fetlesiam
542 2334 609 2387 sunt
630 2332 807 2403 improperiis
829 2334 985 2404 pulsentur,
1028 2329 1105 2394 bant,
1118 2335 1146 2383 et
1160 2329 1255 2383 narnia
1269 2328 1439 2397 regebantur
1453 2343 1503 2397 pro
1517 2342 1615 2381 eornm
1629 2326 1759 2381 arbitrio.
1773 2328 1831 2382 Heu

188 2419 426 2490 proquibusante
451 2436 508 2474 non
523 2421 643 2474 multum
657 2422 793 2492 temporis
806 2438 870 2475 curn
884 2424 989 2493 proles·
1029 2424 1123 2472 autem
1139 2418 1242 2488 poterit
1256 2418 1319 2488 quis
1332 2424 1388 2471 eta
1413 2417 1488 2470 Luca
1507 2415 1614 2469 discere
1641 2416 1828 2482 mantissam,

189 2505 275 2560 sienis
290 2515 364 2561 esset
376 2508 449 2571 talis,
467 2510 597 2573 autialis,
615 2508 722 2563 nullum
736 2510 798 2563 vitre
813 2526 870 2564 suae
884 2511 927 2563 rel
949 2511 989 2564 iu·
1030 2507 1078 2577 qui
1097 2506 1126 2559 in
1137 2505 1452 2576 Actibueapestolorum
1462 2508 1528 2573 lrlct.
1546 2503 1570 2575 x)
1586 2505 1661 2559 luter
1677 2511 1782 2559 caetera
1789 2504 1832 2559 di·

189 2592 330 2663 {eguistis
343 2598 536 2651 testimonium
550 2598 767 2669 habentesquod
792 2605 907 2669 possent
920 2600 989 2653 talia
1029 2595 1069 2649 cit
1082 2595 1191 2649 misisse
1202 2596 1321 2649 Paulum
1334 2594 1447 2664 Ephesi,
1464 2599 1493 2646 et
1510 2609 1638 2647 evocasse
1653 2593 1832 2663 presbyteros

188 2696 292 2753 augere
306 2685 378 2744 aliis,
395 2691 423 2738 et
446 2685 621 2755 diligentiam
635 2687 768 2741 adhibere
782 2689 825 2740 sui
840 2690 986 2759 propositi.
1029 2684 1063 2737 ad
1080 2701 1119 2745 se,
1136 2685 1215 2754 cujus
1229 2684 1315 2737 etiarn
1329 2690 1358 2737 et
1380 2682 1602 2736 exhortationem
1618 2682 1711 2736 rideas
1730 2682 1833 2737 factum

189 2770 383 2827 midensvero
407 2773 475 2827 illud
505 2790 537 2827 ex
550 2775 594 2828 his
615 2790 676 2845 quar
691 2792 709 2829 a
731 2776 811 2829 nobis
826 2782 891 2830 ante
914 2777 989 2830 dicta
1029 2772 1151 2841 exponit,
1168 2772 1234 2842 quia
1248 2771 1348 2824 iisdem
1362 2769 1575 2824 ailreuieutibns
1593 2769 1691 2823 secisse
1710 2770 1831 2835 videtur,

189 2865 264 2925 sunt,
278 2862 451 2932 quohiarnB.
465 2864 569 2917 Patulus
579 2879 654 2929 eum,
671 2864 718 2934 qui
733 2865 768 2917 de
788 2881 873 2936 prava
883 2866 939 2919 rita
952 2867 986 2919 ad
1029 2860 1057 2913 iu
1073 2859 1174 2929 quibus
1189 2860 1294 2914 Paulus
1309 2859 1349 2912 ita
1363 2859 1495 2913 disserit:
1515 2880 1527 2909 a
1543 2859 1689 2913 Attendite
1704 2859 1787 2913 robis
1804 2862 1832 2913 et

189 2949 334 3003 meliorem
350 2951 435 3004 vitam
449 2951 571 3017 translit,
584 2956 612 3005 ei
622 2966 705 3023 opere
716 2953 775 3024 ipso
789 2954 852 3007 vita
868 2971 926 3008 suae
940 2955 988 3008 do
1029 2949 1105 3003 sutrii
1123 2949 1203 3018 gregi
1221 2949 1252 3002 iu
1262 2964 1317 3018 quo
1328 2965 1375 3001 sos
1390 2947 1511 3017 Spiritus
1525 2954 1640 3001 sanetus
1659 2948 1756 3018 posuit
1775 2947 1832 3018 epi·

187 3044 319 3092 eumenta
334 3039 494 3110 prebuerit,
512 3041 541 3094 iu
567 3041 790 3095 Fcelesiasticam
805 3043 905 3114 recipit
925 3043 987 3097 lun·
1028 3054 1126 3109 scupos
1140 3038 1175 3090 ad
1189 3037 1342 3106 regendam
1359 3037 1509 3091 Ecclesiam
1526 3037 1586 3090 Ilei.
1614 3058 1625 3087 s
1647 3036 1770 3091 Eridens
1789 3042 1832 3091 est

186 3126 317 3191 monem,
329 3143 384 3182 non
401 3129 436 3183 ob
448 3130 568 3200 primam
582 3131 822 3185 conversationem
833 3113 1015 3202 reprobandi
1026 3127 1093 3196 quia
1103 3143 1173 3197 ques
1188 3127 1247 3196 ipse
1261 3126 1417 3179 nominarit
1430 3125 1617 3196 presbyteros,
1636 3127 1687 3179 hos
1701 3144 1720 3180 a
1743 3126 1832 3181 Paule

185 3229 260 3280 eum,
284 3215 333 3269 sed
362 3229 412 3288 pro
441 3219 565 3272 secunda
586 3219 703 3287 dignum
727 3236 787 3274 esse
811 3221 983 3276 existimans.
1026 3216 1170 3286 episcopos
1184 3216 1333 3269 accersitos
1355 3215 1539 3271 denuntiavit.
1558 3215 1585 3268 hi
1601 3231 1666 3269 sero
1686 3214 1737 3285 qui
1753 3216 1831 3270 enli-

186 3303 258 3356 Nam
272 3304 352 3358 illum
371 3307 418 3375 qui
432 3307 593 3376 hujusmodi
613 3306 707 3371 llierit,
731 3309 889 3362 necessario
908 3309 986 3363 testi·
1026 3303 1147 3357 natimiis
1169 3320 1244 3358 nuuc
1257 3303 1361 3357 habent
1379 3308 1558 3373 patestatem,
1570 3303 1618 3373 qui
1640 3319 1716 3358 nune
1740 3304 1832 3359 nomi·

186 3393 312 3447 moniam
330 3393 433 3449 bonum
460 3395 648 3467 subsequitur,
673 3397 710 3449 ob
728 3397 790 3452 ritae
814 3399 875 3467 ejas
896 3416 987 3454 corre-
1027 3399 1131 3445 llantur
1164 3393 1296 3463 episcopi.
1323 3409 1379 3446 1101!
1401 3393 1486 3462 huius
1512 3392 1635 3447 ecclesiae
1658 3393 1832 3448 creabuntur

185 3479 316 3547 ettonem,
329 3484 396 3553 quia
405 3484 434 3536 in
449 3485 549 3538 melius
563 3502 596 3538 se
612 3492 711 3556 sponte
727 3487 873 3540 transtulit
895 3494 922 3542 et
938 3504 987 3559 op
1026 3481 1158 3552 episcopi,
1168 3482 1217 3536 sed
1231 3481 1528 3552 provincissintogras,
1537 3486 1566 3534 et
1575 3482 1738 3552 intempore
1752 3499 1830 3553 rege-

186 3567 332 3637 p'rebriuru
345 3570 471 3641 pristinis
486 3572 548 3626 vitae
568 3589 624 3627 sure
639 3590 657 3626 a
670 3590 700 3627 se
728 3573 853 3644 dispulit.
873 3575 907 3629 Et
928 3592 984 3629 non
1026 3568 1094 3623 bant
1108 3570 1300 3640 apestolorum
1321 3571 1435 3624 narniae
1450 3571 1614 3641 nuncupati,
1631 3571 1672 3624 sic
1693 3571 1832 3627 universe

186 3661 230 3708 est
245 3657 499 3726 pertimescendum
515 3677 550 3713 ne
561 3660 640 3714 facile
665 3661 762 3714 redeat
788 3661 915 3715 ulterius.
937 3662 985 3732 qui
1026 3659 1098 3713 risis
1112 3659 1291 3713 Timotheum
1299 3659 1554 3730 preposuitbeatus
1570 3660 1683 3717 Paulus,
1697 3666 1729 3713 et
1741 3661 1831 3715 erese

187 3744 303 3799 arbitrio
317 3763 368 3800 suo
382 3748 418 3801 ab
433 3748 488 3802 illis
498 3756 597 3821 sponte
615 3750 758 3804 discedere
768 3752 983 3821 prabonorarit,
1026 3748 1129 3801 Titum.
1161 3748 1277 3801 llsidens
1302 3755 1398 3801 autem
1413 3756 1457 3801 est
1471 3749 1603 3818 quonium
1618 3756 1647 3801 et
1666 3749 1738 3802 alios
1768 3749 1832 3803 aliis

185 3834 321 3904 optimum
352 3853 413 3890 esse
432 3838 594 3893 existimans
617 3845 650 3892 ut
668 3840 817 3893 meliorum
840 3856 913 3894 curie
928 3847 986 3894 stu·
1026 3836 1175 3907 provinciis
1185 3854 1235 3906 per
1251 3842 1345 3906 partes
1353 3837 1450 3890 itidem
1472 3837 1631 3907 praeposuit,
1645 3839 1684 3891 ita
1700 3844 1730 3891 et
1739 3854 1829 3895 uuae

185 3922 259 3983 deat,
277 3925 429 3978 secuudum
445 3926 520 3979 hunc
539 3926 652 3979 rnodum
668 3927 754 3981 etlam
770 3927 801 3980 B.
819 3927 982 3981 Mattlueam
1025 3925 1144 3995 quisque
1156 3941 1254 3979 eorum
1270 3925 1387 3993 iritegrae
1396 3925 1771 3996 provinciasollieitudinem
1785 3929 1830 3983 iu·

184 4025 217 4062 ex
234 4010 381 4079 publicano
392 4012 512 4066 electum
525 4012 797 4079 luisseinveniemus,
813 4022 841 4068 et
852 4015 983 4084 ipsumin
1024 4014 1126 4084 deptus
1135 4021 1312 4084 percurreret
1326 4014 1456 4068 eeclesias
1473 4015 1626 4079 universas,
1644 4020 1672 4069 et
1686 4017 1723 4069 ad
1740 4017 1829 4071 eoele-

184 4099 342 4167 apostolum
369 4100 526 4155 invenimus
542 4101 685 4163 hausisse,
705 4119 738 4155 eo
768 4103 843 4172 quod
865 4104 985 4173 pristina
1024 4102 1828 4167 siasticamsunctionem,ubideerantclerici,0rdinarent,

182 4185 241 4239 vitu
256 4202 351 4241 eorum
364 4189 471 4241 nullum
486 4189 542 4242 lllis
557 4190 651 4243 attulit
671 4191 914 4265 impedimentum,
935 4195 982 4263 qui
1024 4198 1052 4244 et
1067 4207 1248 4261 quacumque
1261 4208 1351 4246 eausa
1374 4193 1451 4245 dura
1478 4193 1550 4263 apud
1565 4194 1628 4246 illas
1643 4194 1827 4261 accedebant,

184 4274 530 4336 hocufliciumsumereut,
545 4295 578 4332 eo
595 4279 669 4348 quod
684 4286 713 4332 et
738 4279 859 4350 perlecto
882 4282 984 4337 allecta
1024 4280 1222 4343 dissolvebant,
1247 4297 1295 4335 eos
1313 4280 1397 4334 simul
1426 4288 1455 4335 et
1473 4281 1556 4335 verbo
1579 4282 1715 4337 doctrinae
1742 4284 1831 4338 corri-

184 4363 474 4421 meliorumstudiisse
499 4367 719 4422 illustraverunt.
736 4368 873 4422 Diaconos
887 4370 984 4424 simili·
1023 4384 1102 4438 gens,
1120 4384 1167 4423 ees
1186 4375 1215 4422 et
1230 4369 1381 4422 durissima
1406 4377 1584 4440 peccatorum
1605 4371 1709 4425 delicta
1732 4389 1830 4444 repro·

183 4458 235 4515 ter,
243 4455 375 4524 opinatur
384 4456 510 4527 quisquis
519 4457 765 4512 usumdirinarum
774 4429 1128 4529 Scripturaramnpitians
1155 4459 1238 4519 Deus,
1270 4458 1420 4512 dissolvere
1448 4476 1499 4529 per
1519 4460 1639 4527 pratiatur
1666 4461 1825 4523 videbatur,

182 4541 303 4613 ignorat,
320 4544 980 4618 beatumPautnmpireshperospratersnisisso,
1023 4547 1058 4599 ad
1081 4548 1195 4617 plenum
1213 4547 1298 4600 tetiam
1323 4548 1416 4600 omnis
1440 4548 1545 4602 taciens
1559 4548 1616 4614 illa,
1639 4565 1701 4618 quse
1729 4566 1831 4605 eanre-

183 4632 230 4684 sed
245 4648 301 4685 uon
316 4633 357 4686 ita
376 4651 406 4687 se
426 4652 471 4688 res
499 4635 600 4689 habet:
617 4636 667 4690 illa
691 4636 766 4689 enini
793 4652 854 4705 quae
869 4637 904 4689 de
927 4638 984 4709 epi·
1023 4636 1119 4689 aiebat
1133 4635 1223 4691 faeere
1246 4653 1321 4697 trum,
1352 4637 1399 4705 qui
1424 4638 1590 4707 praepositus
1619 4637 1694 4691 idem
1708 4639 1745 4692 ad
1777 4640 1831 4694 boc

182 4734 266 4788 scopo
280 4720 507 4777 inauterioribus
519 4724 597 4789 dixit,
610 4724 696 4778 etiam
707 4724 774 4778 etde
784 4724 921 4787 illisdieit,
935 4727 983 4797 qui
1023 4725 1123 4779 fuerat.
1153 4726 1225 4779 Natu
1253 4733 1282 4778 et
1308 4725 1445 4778 universa
1467 4727 1592 4780 civitates
1621 4734 1689 4781 tuuc
1712 4728 1832 4799 presby·

182 4818 257 4860 nuuc
265 4808 450 4863 nominantur
462 4813 626 4884 presbyteri,
644 4829 677 4867 eo
690 4813 763 4883 quod
777 4814 900 4884 antiquis
911 4820 981 4869 teru-
1022 4819 1106 4877 teras,
1137 4821 1169 4868 ut
1189 4814 1254 4879 dixi,
1282 4813 1430 4877 habebant,
1462 4816 1508 4884 qui
1529 4833 1594 4869 suris
1624 4816 1760 4870 ecelesias
1775 4818 1833 4872 sin·

181 4894 296 4965 poribus
309 4898 436 4967 utrisque
446 4900 655 4957 hisnominibus
668 4907 802 4956 vocantur
812 4902 978 4973 presbyteri,
1021 4904 1080 4971 guli
1097 4922 1103 4957 ;
1121 4904 1168 4974 qui
1183 4919 1248 4956 vero
1262 4920 1337 4956 nunc
1346 4904 1467 4974 episcopi
1493 4905 1684 4964 nominantur,
1703 4906 1746 4959 illi
1761 4912 1832 4963 tuuc

181 4987 211 5036 et
223 4983 275 5038 hec
293 4985 461 5040 notabamus
474 4987 509 5040 de
535 4990 760 5061 Philippensibus
782 4991 934 5046 scribentes
952 4994 981 5047 iu
1020 4992 1141 5061 apostoli
1151 4991 1326 5046 dicebantur.
1339 4991 1478 5054 tluouimn
1494 5009 1614 5063 seraper
1627 4994 1758 5064 singulas
1765 4995 1833 5050 citt-

182 5089 216 5127 ea
229 5075 356 5145 epistola,
369 5093 433 5130 eum
448 5076 571 5130 scribens
580 5080 729 5149 Apostolus
751 5079 880 5149 cepisset.
892 5087 920 5134 et
933 5098 980 5134 co-
1021 5086 1094 5134 tates
1107 5088 1157 5134 aut
1165 5081 1363 5151 possessiones,
1375 5081 1423 5151 qui
1437 5082 1642 5136 ordinationem
1648 5084 1832 5154 episcopatus

181 5161 317 5233 episeopis
332 5169 361 5218 et
375 5180 437 5217 eum
451 5163 576 5217 diaconis
590 5167 669 5232 dixit,
694 5166 807 5221 evidens
829 5168 896 5237 quia
923 5182 980 5223 uon
1022 5176 1215 5239 susceperuut,
1226 5175 1255 5224 et
1264 5176 1331 5223 tuuc
1351 5171 1464 5239 quidem
1476 5172 1528 5225 boc
1543 5173 1626 5226 niodo
1644 5173 1772 5228 ecelesia
1788 5192 1832 5229 re-

173 5257 243 5330 nerat
256 5251 387 5321 possibile
397 5260 429 5307 ut
443 5252 524 5307 multi
543 5262 638 5308 essent
656 5256 778 5326 episcopi
793 5256 822 5309 in
838 5272 894 5311 una
912 5257 980 5310 civi·
1020 5257 1161 5327 gebautur
1173 5277 1179 5325 ;
1189 5259 1320 5327 quoniam
1336 5275 1400 5312 vere
1414 5260 1503 5330 pristas
1529 5262 1737 5315 incrementum
1752 5280 1832 5317 sura·

180 5342 248 5391 tate.
264 5340 364 5393 Melius
377 5348 471 5395 autem
489 5341 551 5411 quis
561 5358 727 5412 cogitaseere
743 5344 810 5399 illud
835 5345 979 5414 poteritex
1021 5346 1235 5416 psissevidetur,
1247 5348 1463 5417 otropletaesunt
1479 5350 1830 5406 aorrmodociritatescre-

166 5425 235 5481 ,illis
250 5443 311 5496 quus
332 5428 471 5482 adTitum
490 5429 601 5499 scripsit
615 5432 780 5495 Apostolum
796 5430 866 5486 dhrit
874 5433 978 5487 etenim
1020 5435 1157 5499 dentium,
1171 5436 1219 5489 sed
1235 5437 1373 5505 regiones.
1391 5439 1484 5492 Boulis
1513 5456 1577 5492 vero
1592 5440 1729 5509 apostulis
1746 5442 1830 5495 deee-

182 5520 243 5570 eut
258 5515 411 5569 constituas
425 5518 609 5588 persingulas
637 5519 762 5575 civitates
790 5521 977 5592 presbyteras,
1020 5524 1158 5588 dentibus,
1176 5524 1214 5577 illi
1229 5525 1277 5594 qui
1292 5526 1431 5594 pastillos
1451 5528 1707 5595 ordinatisunt,ut
1723 5547 1828 5601 praees·

181 5611 255 5673 sicut
264 5616 317 5677 ega
327 5604 379 5663 tibi
394 5607 524 5677 precepi,
542 5627 556 5661 a
570 5614 600 5662 et
612 5607 707 5665 diceus
735 5610 832 5681 quales
859 5610 980 5667 debeant
1019 5618 1083 5668 sent
1091 5612 1215 5669 ecclesus
1230 5612 1285 5667 illis
1299 5613 1398 5683 primis
1407 5618 1547 5688 exequuti
1554 5632 1612 5673 non
1625 5624 1828 5689 poterantne-
