3786 6128
152 299 224 368 lidi
576 308 621 372 na
640 308 917 375 montanarius
935 312 1150 377 niaoirtmn.
1168 353 1199 363 -
1220 316 1287 378 tra.
1309 315 1358 379 lli.
1719 316 1789 382 illd

152 430 227 492 nitus
239 431 295 493 diei
308 435 357 511 qul
371 448 469 513 pacem
493 436 616 497 noluerit
630 436 770 514 ampiecti,
790 446 875 515 negat
896 436 1069 508 sibincibus
1084 440 1349 519 praemoreretur,
1363 437 1499 502 ideonum
1515 448 1616 505 nducie
1637 445 1789 522 impetrare

151 530 263 598 patiam
272 522 950 603 neum,qotpaeinousesseconnumeraturus
991 530 1315 609 poterantquoricunqne
1329 530 1364 590 de
1379 536 1429 591 Dei
1447 532 1640 593 misericordia
1664 530 1790 610 postula·

152 622 220 687 ergo
235 618 346 688 oportet
358 628 419 674 esse
440 614 492 674 Dei
507 616 588 687 iiiios,
608 614 691 675 corde
713 622 806 687 mites,
822 632 950 679 sermone
991 616 1068 679 bant.
1086 622 1117 680 in
1132 618 1212 680 nobis
1227 636 1291 679 rcro
1314 622 1354 679 sic
1378 618 1551 680 unanimitas
1577 624 1716 681 diminuto
1737 624 1788 681 est.

150 702 303 776 amandes,
319 702 464 763 electione
479 705 630 764 concordes
644 703 774 775 fideliter,
786 706 838 766 sibl
852 708 951 766 unani*
990 712 1023 766 ut
1037 707 1187 784 etlurgdtos
1203 708 1372 785 operationis
1394 706 1512 768 intractu
1529 710 1574 769 sit.
1602 710 1705 770 Demos
1724 714 1792 770 tunc

150 788 260 849 mitads
273 788 391 851 neribus
404 793 586 854 coherentes.
600 792 653 854 Sed
664 792 781 871 hecpax
796 810 859 855 cum
870 798 950 855 bonis
992 802 1020 856 ct
1034 800 1133 857 tironos·
1143 794 1382 864 venundabantet
1395 797 1428 856 ad
1445 798 1594 858 thesauros
1610 796 1661 858 sibi
1678 804 1708 859 iu
1722 800 1790 859 carlo

149 884 180 937 et
192 878 244 937 nei
257 886 395 956 praeapte
407 881 583 942 servantibus
602 880 785 942 custodienda
799 890 842 943 cst
862 900 868 941 t
894 898 950 944 non
985 892 1166 962 ,mltonandos
1180 884 1373 946 distribuenda
1384 884 1413 945 in
1423 900 1490 945 usna
1500 888 1687 964 indigentium
1700 886 1791 965 pretia

148 980 214 1025 cum
229 969 344 1044 iniquils
359 970 548 1041 etscalcratia
560 974 607 1047 qul
618 986 714 1047 pacem
726 971 835 1031 interae
846 971 951 1032 habant
991 972 1123 1051 apostolis
1146 974 1300 1035 offerebant
1315 992 1320 1033 r
1338 985 1368 1035 at
1382 989 1456 1035 nnnc
1485 976 1519 1034 dc
1543 974 1712 1053 patrimonia
1739 998 1790 1037 nec

148 1056 318 1131 inpeccatis
341 1058 409 1117 suia.
433 1058 489 1117 Pax
517 1060 620 1119 Christi
645 1062 680 1119 ad
705 1060 825 1120 salntem
841 1064 951 1136 proiicit
991 1062 1114 1122 (lecimus
1134 1063 1248 1127 dantus:
1265 1074 1294 1123 et
1308 1079 1371 1122 cnm
1384 1068 1502 1123 rendere
1528 1062 1627 1141 juireat
1641 1064 1787 1131 Dominus.

147 1146 361 1221 sempiternam,
375 1162 428 1224 pax
440 1162 504 1207 curn
518 1149 608 1218 bonis,
626 1158 655 1208 et
669 1149 773 1208 bellum
788 1166 852 1208 cum
876 1152 950 1209 vitiis
991 1158 1112 1213 emimus
1124 1152 1218 1229 potios
1230 1162 1258 1212 et
1272 1168 1418 1229 augemus.
1434 1154 1552 1213 Sicorin
1567 1152 1793 1223 nobisemarcuit

146 1246 261 1310 seraper
284 1236 443 1295 habendum
468 1249 519 1295 est.
545 1237 620 1296 Mala
642 1237 782 1313 siqnidem
802 1240 949 1298 hominurn
990 1238 1154 1315 rigorildci
1179 1246 1219 1300 sic
1238 1242 1411 1313 tradentium
1437 1243 1522 1303 robur
1537 1242 1671 1319 elanguit.
1689 1241 1724 1304 nt
1747 1242 1790 1303 id-

146 1324 302 1399 impiorurn
317 1326 380 1383 odio
406 1326 535 1384 habenda
560 1328 635 1397 sunt,
659 1342 725 1386 nam
750 1326 877 1386 iroruincs
895 1326 949 1405 ipsi
990 1328 1062 1389 circo
1076 1328 1352 1407 llomlnustcmpora
1367 1340 1464 1390 nostre
1477 1330 1628 1408 respiciens
1645 1329 1675 1392 iu
1703 1330 1791 1393 arm-

146 1417 277 1488 quamris
291 1416 358 1472 maii
378 1415 436 1473 sint
449 1415 564 1474 amandi
579 1420 655 1485 sunt,
672 1420 739 1492 quia
754 1422 885 1476 creatura
898 1416 948 1475 ilci
988 1417 1062 1495 gello
1077 1434 1128 1479 suo
1143 1417 1238 1479 dicem
1253 1424 1293 1478 ait
1309 1440 1314 1477 :
1335 1419 1581 1480 «utriushominis
1604 1434 1667 1480 cum
1683 1420 1792 1481 uenerit

146 1504 225 1560 sunt.
242 1502 815 1579 rupemquuintonucstconcoraram
829 1504 948 1565 tratrem
989 1517 1071 1585 putas
1094 1508 1218 1569 inueniet
1241 1509 1325 1567 tidem
1345 1508 1373 1567 ln
1397 1514 1494 1567 terro?
1517 1512 1592 1581 (tor.
1624 1530 1699 1578 arur,
1723 1513 1788 1583 a),

147 1586 358 1650 etcltaittatom
373 1590 486 1667 copulat
507 1598 708 1668 proximorum.
735 1596 791 1653 Pau
813 1592 948 1670 Spiritum
989 1595 1124 1656 Videmus
1138 1596 1200 1657 tleri
1222 1603 1296 1673 quod
1319 1596 1365 1655 llio
1380 1594 1508 1673 predixit
1524 1622 1529 1656 :
1547 1596 1576 1657 in
1605 1602 1656 1658 Dei
1677 1598 1789 1667 timore,

146 1676 199 1738 nei
215 1678 374 1755 specialiter
389 1683 576 1756 promeretur.
600 1688 657 1741 Pan
678 1680 835 1743 dilectionis
858 1688 950 1742 muter
990 1686 1019 1746 in
1035 1686 1096 1759 iege
1109 1683 1235 1761 lustitia,
1252 1686 1497 1751 indurationem
1522 1707 1614 1763 opere,
1631 1688 1700 1747 iudea
1714 1684 1792 1747 nulia

146 1777 201 1827 est.
218 1768 275 1827 Pax
288 1770 424 1828 indicium
438 1772 596 1829 sanctitatis
612 1792 617 1829 :
635 1771 670 1831 de
685 1784 741 1848 qna
754 1770 891 1831 Dominus
899 1768 981 1850 p'rrB
992 1780 1043 1835 est.
1061 1776 1150 1834 Nemo
1162 1774 1321 1834 iirtnrornur
1338 1785 1413 1834 metir
1435 1780 1540 1851 cogitat
1567 1774 1641 1835 diem
1666 1778 1788 1848 Domini,

146 1854 318 1933 repnsnm
331 1858 387 1917 alt:
405 1878 415 1915 r
430 1858 724 1919 recommandatam
735 1859 852 1935 dlligite.
868 1860 949 1920 »Patr
990 1873 1017 1923 et
1032 1862 1102 1923 iram
1116 1864 1176 1932 Del,
1193 1875 1221 1922 ct
1235 1864 1386 1923 incredulis
1407 1874 1524 1923 rentum
1537 1868 1674 1940 supplicia
1688 1870 1716 1922 et
1731 1876 1789 1924 sta-

146 1947 238 2022 piebls
252 1952 367 2013 uniam,
384 1947 475 2023 glorio
489 1949 653 2019 sacerdotis,
670 1959 699 2007 et
719 1949 815 2025 patrie
840 1946 945 2021 laetitia,
989 1956 1052 2007 tuta
1064 1948 1293 2024 periistisrctcrna
1306 1950 1542 2009 tormentanemo
1557 1946 1790 2025 consideratque

144 2040 176 2093 et
189 2045 281 2094 terror
295 2041 418 2095 nostium
432 2040 489 2096 siue
504 2034 655 2096 visibilium
666 2043 722 2096 sire
739 2035 921 2096 invisibilium
939 2061 944 2109 ;
989 2044 1128 2096 metueret
1150 2034 1321 2096 conscicntia
1339 2048 1436 2096 nostra
1449 2035 1473 2097 sl
1487 2036 1615 2096 crederet
1630 2061 1636 2095 :
1654 2037 1720 2112 qula
1735 2052 1791 2097 non

145 2124 278 2184 omnibns
289 2124 394 2185 ritibus
408 2140 462 2202 pax
476 2134 519 2185 cst
532 2126 724 2195 custodienda,
750 2140 813 2202 qnae
837 2140 948 2202 temper
988 2124 1077 2186 credit
1092 2132 1206 2185 omnino
1221 2140 1270 2185 nec
1299 2126 1410 2185 metuit.
1435 2130 1582 2186 sinotum
1610 2122 1746 2192 crederet,
1763 2138 1791 2186 at

145 2214 176 2274 lli
201 2214 387 2287 narraret,
417 2224 446 2274 ct
475 2234 536 2291 que
559 2214 589 2274 in
617 2232 684 2291 pace
717 2222 814 2274 saneta
840 2222 944 2281 ntanet,
987 2218 1097 2272 curreret
1113 2236 1118 2271 ε
1137 2219 1159 2272 si
1178 2225 1296 2283 careret,
1324 2214 1462 2273 eraderet.
1479 2216 1675 2291 Oportetorgo
1700 2222 1732 2274 ut
1746 2228 1791 2274 cx·-

143 2316 210 2362 cum
223 2310 328 2363 sanctis
353 2304 404 2363 Del
424 2305 587 2364 sociotatem
608 2304 701 2363 lrabet.
721 2304 880 2365 Sacerdotis
903 2315 946 2364 cst
986 2304 1104 2363 citemus
1127 2324 1178 2363 nos
1195 2312 1331 2379 quantum
1354 2316 1512 2380 possumus,
1530 2307 1558 2364 et
1573 2303 1789 2363 somnoinertirc

144 2392 176 2452 itt
196 2407 265 2470 pace
288 2392 422 2470 populum
450 2393 601 2453 admonere
631 2394 697 2470 quid
727 2394 828 2453 debeat
850 2408 943 2469 agore,
986 2396 1088 2450 tuteris
1103 2391 1268 2469 abruptoad
1292 2388 1466 2450 obseruanda
1486 2398 1515 2450 ct
1536 2388 1660 2468 gerenda
1678 2388 1790 2450 Domini

143 2480 242 2559 papuli
255 2488 300 2541 est
319 2480 348 2541 ln
372 2481 531 2542 humilitate
546 2488 643 2541 audire
658 2498 719 2558 que
734 2490 830 2541 monet
856 2496 946 2541 sacer·
986 2492 1124 2557 precepta
1147 2477 1313 2555 vigilemus:
1334 2484 1423 2540 simus
1438 2478 1509 2539 tales
1529 2482 1625 2556 quaes
1642 2494 1702 2540 esse
1729 2480 1790 2556 lpse

143 2570 197 2631 dos
213 2588 219 2630 e
235 2572 372 2647 quidquid
388 2588 444 2630 nor
459 2572 524 2630 licat
540 2569 660 2648 postoris
675 2576 718 2630 est
738 2568 885 2646 pronibere
911 2586 946 2631 ne
986 2568 1066 2628 notris
1088 2570 1213 2645 precipit
1231 2573 1327 2628 diceus
1344 2587 1349 2626 :
1367 2564 1431 2628 Sint
1445 2571 1532 2628 lumbi
1548 2570 1632 2628 rostri
1647 2564 1787 2645 procincti

145 2662 206 2733 nai,
231 2660 319 2736 plebia
344 2673 386 2719 cst
408 2660 506 2719 andire
529 2674 564 2720 ne
586 2660 670 2719 faciat
695 2682 700 2718 ε
722 2668 806 2736 atque
829 2658 946 2719 unitata
986 2668 1017 2718 ct
1030 2658 1150 2719 lucerne
1166 2656 1306 2727 ardenter,
1320 2666 1347 2716 ct
1361 2674 1409 2717 ros
1427 2657 1534 2717 similes
1555 2654 1716 2718 hominibus
1739 2670 1787 2716 ex-

145 2747 290 2809 duculum
313 2764 411 2808 carnes
436 2751 539 2808 debent
559 2746 642 2808 simul
666 2747 774 2824 praelati
793 2755 822 2808 et
840 2747 946 2808 subditi
987 2745 1177 2824 spectantibus
1186 2745 1422 2807 dominumsuum
1431 2747 1542 2823 quando
1550 2742 1786 2823 rentatanuptiis.

144 2838 176 2898 la
190 2836 246 2896 dde
261 2848 289 2897 et
306 2835 454 2899 dilectione
474 2852 524 2914 per
538 2838 635 2898 omnia
653 2852 774 2910 serrare,
798 2843 865 2914 quia
884 2836 944 2897 alre
986 2839 1019 2896 ut
1032 2850 1096 2895 eum
1123 2834 1231 2896 renent
1244 2846 1274 2895 et
1284 2834 1438 2912 pulsauerit
1451 2832 1580 2912 aperiant
1592 2832 1617 2895 ei
1649 2838 1722 2908 (tuo.
1737 2848 1786 2906 ru,

145 2938 215 3004 pace
239 2939 296 2986 non
317 2925 471 3004 suartpitur
491 2927 646 2987 sacerdotis
668 2927 767 2998 oratio,
782 2942 834 2986 nec
857 2925 945 3003 piebis
986 2924 1041 2995 35).
1057 2946 1067 2981 r
1085 2930 1140 2984 Etr
1160 2948 1171 2982 ι
1188 2923 1399 2984 Beatiserviilii
1410 2922 1641 3002 qnosatiraniens
1657 2922 1788 2983 dominns

144 3014 260 3076 oblatio.
276 3016 305 3076 ai
321 3032 387 3092 argo
403 3015 530 3075 uolumus
543 3019 677 3076 velociter
691 3034 708 3076 a
724 3017 781 3076 Deo
807 3014 943 3085 exaudiri,
985 3013 1123 3074 invenerit
1142 3014 1288 3090 uigilantes
1303 3013 1382 3087 uitia.
1409 3028 1432 3072 r.
1458 3012 1512 3085 37).
1541 3034 1551 3070 u
1570 3011 1715 3073 dedititios
1738 3026 1789 3072 nos

143 3110 174 3164 et
187 3108 462 3182 gaucerannum
475 3115 573 3165 nostro
588 3104 623 3164 ab
643 3124 675 3165 eo
698 3106 795 3181 accipi,
810 3104 946 3166 actenus
957 3095 977 3152 Β
988 3112 1100 3180 oportet
1112 3122 1182 3163 csse.
1199 3120 1235 3163 ne
1253 3118 1317 3162 cum
1332 3104 1515 3179 expeditionis
1535 3102 1594 3162 dies
1607 3101 1723 3173 uenerit,
1739 3100 1790 3162 lm·

144 3194 244 3272 atique
258 3198 287 3254 ln
301 3210 369 3271 pace
382 3196 551 3255 conserturi.
568 3201 608 3254 ite
623 3208 677 3270 quo
689 3208 740 3253 nos
759 3194 822 3269 ipsa
836 3194 946 3252 ilarinu
987 3192 1095 3270 pedites
1111 3204 1139 3252 et
1149 3192 1297 3269 implicitos
1313 3192 1514 3269 apprehendat.
1533 3190 1638 3253 Luceat
1655 3191 1686 3252 lu
1708 3190 1789 3252 bonis

144 3282 286 3343 lastmere
301 3284 417 3360 dignata
430 3294 493 3343 cst:
514 3305 525 3341 r
547 3286 576 3344 Si
599 3285 693 3353 onera,
720 3282 821 3359 lnquit,
843 3296 946 3342 munus
987 3280 1539 3359 operibusdesideriumuostrumlumen
1552 3278 1788 3357 utqueenblgeet.

143 3374 227 3432 trum
241 3380 307 3431 ante
320 3375 456 3442 altareet
469 3372 507 3431 lbi
521 3377 683 3431 recordatus
692 3372 947 3448 drerlsquiairater
987 3383 1020 3430 ut
1033 3377 1125 3447 ipsum
1134 3374 1230 3430 lumen
1247 3386 1297 3430 nos
1311 3374 1346 3429 ad
1361 3368 1452 3428 lucem
1477 3369 1613 3428 claritatis
1629 3376 1739 3428 eternae
1754 3366 1789 3429 de

144 3472 211 3521 tuos
225 3465 311 3519 nabot
325 3466 432 3536 aliquid
447 3465 595 3519 adversum
609 3460 946 3536 rs‚reiinquetuimunus
987 3458 1039 3518 irae
1054 3458 1147 3518 aaron
1173 3471 1253 3518 noete
1271 3456 1413 3534 pertineat,
1430 3471 1484 3533 quo
1502 3472 1564 3516 anm
1589 3456 1709 3525 Christo,
1740 3463 1787 3533 qni

143 3559 227 3608 tuum
243 3560 308 3608 ante
321 3554 410 3608 altare
432 3562 460 3608 et
479 3550 547 3607 vade
566 3552 643 3625 prius
668 3554 841 3608 reconciliari
865 3554 945 3607 fratri
987 3558 1110 3607 estsere
1123 3552 1199 3624 prucis
1213 3557 1318 3613 anrtor,
1337 3559 1365 3605 et
1380 3562 1444 3605 curn
1458 3550 1561 3605 sanatis
1585 3551 1693 3619 angelis
1713 3548 1784 3619 ejus,

140 3640 330 3709 tumetium
353 3638 467 3697 renlcnr
490 3638 590 3696 oderes
612 3650 715 3696 munus
738 3645 820 3696 tuum
835 3636 942 3710 (notri.
986 3644 1092 3696 aternu
1105 3654 1171 3712 paco
1187 3644 1216 3696 ct
1229 3646 1364 3712 perpetua
1377 3634 1509 3693 i'elloitate
1522 3636 1657 3693 truamur.

143 3724 242 3801 eta).
260 3748 272 3778 ι
289 3728 363 3796 Quia
386 3738 453 3802 crgo
476 3730 615 3785 uniemur
638 3731 763 3785 nostmm
787 3732 815 3783 et
833 3737 946 3784 coneor-

139 3816 222 3876 diam
237 3821 313 3875 Deus
327 3817 609 3885 desiderat‚ostcndlt
618 3815 678 3892 lpse
688 3814 849 3874 salvatorin
859 3814 946 3874 Eran-

138 3906 218 3981 gciio
229 3907 389 3963 captarem
399 3907 437 3962 ita
448 3906 565 3979 loquens
577 3926 583 3961 ε
597 3908 714 3975 «Pater,
726 3902 827 3980 iuquit,
839 3908 945 3974 sancte,
1026 3904 1059 3964 nr
1074 3914 1104 3964 ut
1121 3902 1173 3962 troc
1183 3910 1312 3980 prompte
1327 3900 1436 3962 edicere
1457 3906 1598 3977 possimus
1618 3897 1789 3961 studendum

137 4006 226 4054 serra
240 4008 289 4052 cos
303 3997 333 4052 in
347 3997 461 4052 nornine
482 3998 531 4051 tuo
546 4008 616 4067 quos
635 3994 736 4052 dedisti
756 3992 826 4050 mlhl
844 4002 877 4050 ut
892 3997 949 4050 sint
989 3992 1069 4053 nobis
1097 4000 1141 4052 est
1168 4000 1200 4052 ut
1222 4006 1366 4052 sacrarum
1396 3990 1532 4050 uirtutum
1556 3994 1688 4050 solatium
1710 3988 1790 4050 nobis

137 4096 234 4144 anain
250 4085 323 4141 sicut
336 4082 527 4157 etnoaidoart.
539 4094 605 4153 xiil,
623 4084 675 4155 ti).
696 4102 707 4137 r
725 4082 804 4141 Unde
823 4090 852 4138 at
872 4082 947 4156 Apo·
988 4082 1176 4158 adquiramus.
1194 4091 1222 4140 et
1247 4085 1322 4139 riam
1344 4078 1461 4155 justitiae
1476 4089 1504 4139 ct
1527 4076 1653 4140 raritatis
1673 4092 1791 4155 pergere

130 4169 603 4232 stolusiidelesimrtaturdlccns:
617 4168 943 4238 «atramentarium,
987 4185 1127 4233 curenrus.
1152 4180 1292 4246 quernus
1316 4168 1439 4229 hostium
1467 4166 1656 4244 spiritualium
1674 4164 1791 4228 iusidias

131 4266 171 4322 ut
183 4262 310 4335 idipsum
323 4261 441 4335 rapiatis
455 4266 484 4317 ct
496 4270 585 4319 unum
598 4259 698 4318 dicatis
720 4274 817 4317 omncs
841 4259 866 4334 (l
884 4265 945 4318 ror.
987 4268 1017 4319 ct
1029 4257 1183 4318 tuuaultum
1201 4255 1333 4317 sirionem
1347 4273 1398 4334 per
1421 4258 1472 4316 Dei
1485 4256 1609 4331 gratiam
1625 4256 1705 4315 illaesi
1730 4268 1791 4314 era-

127 4368 154 4411 r.
174 4351 220 4420 x).
240 4368 253 4400 ι
270 4348 379 4406 Etiicm
397 4371 402 4404 :
419 4372 429 4403 ι
448 4350 511 4406 Non
524 4351 570 4417 sit,
588 4349 689 4424 iuquit,
707 4350 781 4405 inter
800 4360 848 4406 ros
871 4350 947 4405 aetus
988 4350 1095 4415 denua,
1127 4350 1161 4407 ad
1189 4345 1330 4405 colestem
1358 4345 1563 4405 beatitudinem
1582 4345 1788 4421 perveniamus.

123 4450 166 4500 et
178 4440 339 4507 contentio,
355 4437 447 4496 omnis
462 4438 630 4505 amaritudo,
641 4440 671 4494 et
680 4438 769 4503 irael
778 4437 1031 4510 indignatiaond
1045 4442 1119 4513 qood
1135 4434 1336 4512 per-delendum
1357 4434 1531 4494 continentia
1544 4442 1643 4493 contra
1661 4432 1791 4509 concupi-

124 4535 167 4589 ει
181 4522 775 4603 ciamoaetblasplremlamilaturamble,
793 4529 948 4583 cumomni
987 4526 1109 4584 scenties
1133 4526 1224 4583 cernis
1251 4533 1281 4583 et
1303 4522 1448 4582 illecebras
1467 4521 1642 4600 uoluptatum
1670 4520 1791 4581 maxime

122 4618 256 4677 malitia
265 4612 416 4689 (limma,
430 4616 483 4687 tlt.
499 4616 590 4674 sltem
600 4616 727 4672 atibtoitr
742 4636 754 4670 a
771 4615 948 4672 Susnnentes
987 4615 1068 4674 nobis
1084 4612 1242 4672 neccssaria
1256 4624 1307 4672 est.
1331 4610 1411 4671 nnuc
1425 4626 1476 4671 nos
1491 4614 1636 4687 Scriptura
1658 4610 1793 4671 admonet

121 4709 267 4768 traiectu
280 4705 310 4764 iu
323 4706 461 4763 chanuto
472 4706 583 4762 solliciti
599 4718 710 4762 serrare
730 4707 867 4761 sanitatem
890 4704 948 4778 spi·
988 4703 1105 4762 dicens:
1126 4730 1136 4751 a
1166 4702 1234 4760 rost
1259 4700 1497 4776 concupiscentias
1512 4708 1644 4760 tuasnon
1655 4714 1711 4773 ees,
1729 4702 1792 4760 eta

120 4797 259 4855 rituam
273 4796 382 4852 viuculo
397 4797 473 4868 pacis
489 4816 494 4849 :
509 4806 597 4851 unum
621 4806 722 4868 corpus
744 4797 773 4850 et
793 4806 866 4850 arnus
894 4794 949 4867 spi·
989 4794 1132 4850 voluntate
1151 4795 1201 4850 tua
1220 4801 1322 4848 averte.
1340 4793 1369 4847 Si
1393 4795 1510 4864 praestas
1529 4793 1631 4849 anime
1654 4794 1711 4848 tuae
1729 4802 1793 4848 con-

120 4892 228 4952 ntur,
245 4884 319 4940 sicut
332 4886 421 4940 uocati
435 4887 502 4939 estis
516 4883 546 4939 in
560 4897 617 4940 una
630 4898 679 4957 spe
690 4884 841 4940 vocationis
851 4890 949 4939 rostra
989 4880 1190 4956 cupiscentlam
1218 4885 1288 4954 ejus,
1305 4876 1389 4936 tucia
1413 4886 1441 4936 te
1459 4878 1488 4935 ln
1510 4877 1648 4952 gaudium
1672 4876 1792 4936 inimicis

117 4974 349 5051 (trimetro
371 4968 435 5029 neo
449 4973 545 5046 itaque
559 4974 731 5030 unanimitas
746 4972 798 5028 sub
816 4970 950 5046 apostolis
991 4970 1047 5028 tuis
1069 4973 1162 5032 tamn.
1189 4982 1262 5037 xuni,
1283 4968 1339 5039 30).
1359 4968 1471 5025 rnmor
1492 4968 1568 5025 enim
1591 4966 1673 5024 istius
1694 4964 1792 5024 mundi

120 5066 213 5123 otim
228 5062 286 5119 mit
300 5074 306 5116 r
322 5063 396 5118 siout
407 5074 494 5118 nurus
511 5060 686 5119 credentium
703 5064 823 5134 populus
837 5060 948 5118 Domini
991 5063 1066 5134 parit
1089 5056 1265 5115 inimicitiam
1291 5056 1351 5115 Dei.
1382 5053 1461 5114 Unde
1476 5056 1612 5130 scriptum
1627 5063 1669 5113 est
1685 5074 1691 5112 ι
1709 5070 1722 5112 a
1737 5050 1792 5124 Qui

126 5148 282 5212 mandata
295 5152 465 5209 comodum.
482 5152 649 5209 charitatem
663 5162 746 5206 suam
769 5151 870 5215 tenuit,
887 5166 949 5223 pro
988 5148 1048 5206 nult
1063 5162 1123 5205 esse
1144 5149 1251 5203 aruimus
1277 5143 1362 5219 huius
1377 5144 1480 5214 seculi,
1497 5146 1627 5202 inimicus
1647 5146 1698 5202 Del
1724 5156 1791 5201 con·

129 5240 193 5300 bat
209 5241 360 5313 Scriptura
371 5254 433 5314 que
442 5240 512 5297 dicit
529 5260 534 5294 :
552 5239 672 5296 «Turba
682 5246 777 5297 autem
788 5252 886 5295 eorum
900 5240 947 5311 qui
987 5240 1117 5295 anteitur
1128 5238 1193 5295 tter.
1206 5248 1242 5302 rr,
1259 5236 1298 5306 i).
1325 5250 1339 5287 a
1362 5232 1421 5292 lior
1441 5231 1516 5292 enlm
1537 5229 1681 5309 apostolus
1700 5230 1791 5292 aciens

131 5324 328 5389 mutuemur
341 5331 437 5386 aalma
450 5336 481 5386 at
493 5336 586 5386 mente
601 5342 658 5385 nna
672 5330 802 5401 agebam.
820 5348 832 5381 n
852 5327 886 5384 tit
898 5328 948 5384 ite
989 5327 1111 5384 ioannes
1122 5320 1272 5399 persuadet
1285 5322 1365 5381 nobis
1386 5328 1414 5380 et
1432 5321 1501 5380 dlelt
1516 5340 1522 5379 r
1538 5344 1549 5377 r
1566 5322 1660 5381 Nolite
1673 5318 1791 5401 attigere

136 5432 211 5478 ram
228 5433 235 5474 e
254 5432 268 5472 a
284 5417 319 5474 at
330 5424 413 5474 mant
428 5424 638 5490 perseuerantes
653 5432 749 5474 ornnes
759 5414 907 5473 unanimes
918 5415 947 5471 ln
988 5418 1135 5479 urendum,
1153 5410 1403 5470 nnuestcnaricas
1418 5408 1603 5480 Patauinae,
1620 5406 1688 5485 qnia
1707 5422 1791 5469 omne

140 5509 355 5566 austerorum
371 5506 949 5580 mulieribusettiarlaquretueratmater
988 5507 1062 5577 queri
1088 5504 1116 5559 in
1144 5500 1249 5558 inundo
1269 5508 1312 5560 est
1338 5498 1733 5575 concupiscentiosamisest,
1764 5506 1792 5559 et

147 5596 561 5669 reau‚ctnauibmcjua(lct.
581 5612 597 5665 ι.
616 5596 668 5666 it).
688 5614 700 5645 s
719 5594 752 5651 in
775 5594 838 5650 ideo
857 5590 949 5650 enica-
989 5588 1379 5667 mucuprsccntiamuiomm‚
1394 5587 1566 5665 etsupcrbtn
1592 5584 1697 5654 ultan
1709 5588 1790 5647 loru.

1211 3785 1245 3837 lic
1260 3786 1363 3836 uirtute
1377 3785 1561 3836 continentia.
