3772 6120
117 258 168 333 tls
319 264 762 333 sammnenenmtrr.
783 264 1100 331 montmarin.
1123 308 1155 317 -
1174 262 1215 333 tn
1233 266 1344 333 unse.
1366 266 1393 333 tr
1411 270 1460 333 aa
1478 280 1558 336 uu.
1712 270 1763 339 tta

116 398 170 454 lllls
182 414 348 471 proponens
369 398 506 470 judicium
524 418 529 452 :
547 399 603 453 noli
625 405 720 453 autem
745 396 1031 469 contentioniAquid
1045 403 1101 456 talc
1116 396 1190 473 apud
1206 420 1256 457 nos
1272 403 1454 465 existimaret,
1473 404 1592 475 adiicit:
1612 424 1624 457 ι
1642 406 1672 461 Si
1687 406 1763 461 caim

118 488 238 547 studere.
253 504 288 542 ex
308 490 489 543 contentione
505 488 579 543 euim
592 489 663 542 nihil
676 489 846 543 adnascitur.
864 488 917 541 rrisi
962 507 974 541 ι
992 489 1054 559 quis
1068 494 1245 546 mundaverit
1256 510 1285 545 se
1295 492 1329 546 ab
1342 493 1466 549 his.erat
1479 511 1527 547 ras
1543 495 1685 550 inhonore
1699 512 1764 551 san·

120 577 188 649 quod
201 576 293 648 aliqui
309 579 456 631 mendacia
471 580 638 632 confirmare
650 579 776 649 cupiunt,
789 578 822 631 ad
833 577 920 647 pluri·
963 602 975 627 ιι
991 579 1155 633 ctilicaturn.
1164 587 1192 634 ct
1202 581 1340 651 optimum
1349 582 1476 641 Domino,
1489 583 1524 636 ad
1536 600 1619 637 omne
1632 600 1702 655 opus
1712 584 1762 639 bo·

121 682 226 721 morum
241 666 464 720 subversionem.
962 684 975 717 ι
991 683 1059 721 nuru
1069 676 1268 739 prrepamtrnu.
1280 696 1292 719 ι»
1302 670 1356 723 Sed
1367 670 1439 741 quod
1452 671 1762 727 illiematerianatrrra·

154 755 303 810 -Sollieite
314 771 384 809 eura
393 756 515 826 teipsum
525 754 833 826 probabileruexhibere
844 756 915 809 Deo:
961 754 1004 809 lis.
1022 756 1089 810 facit
1103 758 1147 811 hic
1163 758 1311 812 arbitrium
1326 778 1331 811 :
1350 758 1397 829 qui
1412 760 1486 813 enirn
1502 777 1531 814 se
1546 778 1563 813 a
1577 761 1762 816 deterioribus

123 845 309 915 «operarium
323 844 549 898 inconfusibilem
566 862 572 896 :
589 852 663 897 reete
678 848 847 897 tractantem
862 860 920 896 rer·
961 846 1158 914 segregaverit,
1171 854 1213 900 est
1227 865 1274 901 aas
1288 848 1374 901 utile:
1389 848 1441 902 hoc
1455 855 1550 903 auteur
1566 849 1595 903 in
1609 858 1705 904 nostro
1720 855 1763 906 est

124 932 212 987 «burn
228 934 368 989 veritatis.
378 936 493 1004 profana
507 939 601 987 autem
616 941 645 987 et
655 933 828 1003 inaniloquia
842 933 918 987 deri·
960 935 1084 1005 positum
1100 935 1216 990 arbitrio
1235 942 1263 990 et
1279 942 1426 1008 potestate,
1440 944 1469 992 ct
1481 938 1605 992 ostendit
1617 939 1686 992 illud
1701 954 1762 995 esee

122 1030 156 1077 ta.
171 1042 183 1073 ι
200 1023 330 1077 Cautelte
348 1023 512 1091 dogmatum
531 1022 655 1079 intende,
671 1028 699 1076 et
714 1040 746 1075 ea
762 1038 823 1092 quie
848 1023 920 1074 reri·
963 1024 1107 1095 propositi.
1125 1024 1227 1079 iterum
1243 1026 1326 1079 vertit
1346 1043 1376 1080 se
1396 1027 1430 1079 ud
1454 1027 1515 1097 ejas
1530 1028 1761 1093 exhortationem,

122 1110 263 1165 recissum
284 1128 442 1173 commone,
460 1117 536 1165 recto
559 1112 643 1165 edoce
663 1112 802 1169 instituto,
817 1117 845 1164 et
864 1126 920 1164 non
961 1112 1045 1183 paulo
1060 1113 1152 1167 minus
1168 1114 1239 1168 hauc
1253 1114 1358 1169 habeus
1373 1115 1557 1170 intentionem
1573 1134 1625 1188 per
1650 1133 1763 1171 omnem

122 1199 212 1271 pigeas
227 1198 354 1254 laborem
369 1201 474 1271 probis
485 1200 588 1255 subire.
605 1201 677 1254 Nam
697 1200 920 1254 adversariorum
961 1200 1033 1255 hanc
1047 1202 1209 1272 epistularrr;
1227 1204 1300 1257 unde
1316 1209 1344 1257 et
1360 1204 1468 1274 inquit:
1486 1224 1498 1255 ιι
1515 1205 1654 1260 Jurenilia
1668 1212 1763 1261 autem

125 1290 258 1343 ueritates
274 1305 454 1360 vocumque
464 1289 540 1343 omni
554 1289 734 1344 innnunditia
748 1290 830 1360 plena
844 1295 919 1344 suut.
963 1308 976 1337 ιι
992 1290 1131 1344 desideria
1146 1292 1219 1359 luge.
1238 1310 1251 1344 r
1268 1293 1386 1346 thurrern
1396 1293 1608 1348 delectationem
1620 1302 1648 1348 et
1663 1310 1764 1349 ranam

125 1382 151 1431 ct
162 1378 195 1431 ed
212 1378 368 1432 novitatem
384 1379 535 1433 multorum
551 1382 615 1432 suut
630 1379 795 1447 excogitata,
806 1378 918 1447 repelle.
962 1379 1143 1450 voluptatem,
1161 1398 1222 1450 quae
1236 1381 1286 1434 tibi
1303 1398 1358 1435 uon
1375 1383 1511 1445 eorrrenit,
1529 1382 1611 1452 longe
1626 1401 1643 1437 a
1656 1384 1763 1438 tescei-

130 1467 272 1521 «llultum
289 1468 366 1520 enim
378 1468 528 1537 proliciunt
541 1468 575 1520 ad
590 1467 775 1537 impietatem,
788 1475 815 1520 et
830 1484 922 1520 sermo
963 1474 1002 1533 το,
1019 1468 1120 1538 qtrilrus
1133 1469 1175 1522 ael
1196 1471 1315 1523 inanime
1328 1470 1411 1524 rebus
1431 1471 1492 1542 capi
1507 1472 1650 1526 consuerit
1661 1474 1762 1542 juren-

133 1572 253 1610 aeorum
264 1560 408 1610 utcancer
421 1556 518 1627 serpit,
534 1572 567 1609 ex
583 1556 684 1626 quibus
699 1561 740 1609 est
754 1557 923 1626 Hymenaeus
964 1562 1010 1610 tus
1026 1577 1031 1609 :
1051 1580 1061 1601 ιι
1081 1558 1193 1611 Sectare
1218 1576 1282 1612 roro
1307 1560 1458 1627 justitiam,
1477 1560 1569 1621 tidem,
1585 1560 1761 1627 charitatem,

135 1650 182 1698 «ct
195 1644 325 1699 Philetus
341 1646 387 1715 qui
404 1646 550 1699 aventato
564 1646 726 1698 exciderunt
740 1646 864 1698 diceutes
878 1662 923 1698 re·
956 1662 978 1695 ·o
995 1662 1090 1715 pacem
1106 1662 1170 1700 cum
1184 1648 1228 1700 his
1243 1648 1291 1717 qui
1313 1648 1442 1701 invocant
1460 1648 1611 1702 Dominum
1634 1648 1670 1703 de
1683 1649 1766 1703 eorde

135 1750 146 1785 r
159 1733 358 1787 surrectionem
371 1736 431 1803 jam
448 1734 549 1787 tactam
564 1740 593 1787 et
606 1732 771 1787 subvertunt
792 1750 923 1804 quoium-
934 1717 979 1786 Be
998 1751 1077 1805 puro.
1095 1754 1109 1785 a
1124 1735 1304 1803 Diligentiam
1320 1737 1421 1791 adhibe
1439 1737 1566 1807 justitiae,
1585 1742 1613 1791 ct
1626 1754 1689 1792 earn
1704 1754 1766 1809 quae

136 1822 212 1875 edam
228 1822 326 1875 tidem.
339 1823 426 1875 nl'ult
435 1823 538 1877 dicere.
555 1823 611 1876 noli
627 1840 728 1877 uorum
744 1823 848 1893 aliquid
864 1823 922 1876 exi-
963 1823 993 1877 in
1008 1824 1097 1877 Derim
1110 1829 1152 1877 est
1165 1825 1259 1889 tillem,
1272 1833 1299 1879 et
1317 1825 1493 1881 charitatem.
1505 1832 1533 1880 et
1547 1843 1645 1897 pacem
1659 1844 1723 1881 cum
1736 1827 1768 1881 il-

137 1911 245 1965 stirnare.
263 1920 295 1965 et
307 1910 462 1965 secundum
478 1913 611 1983 pietatem
638 1918 797 1982 pror-ectum
817 1930 864 1965 eos
888 1912 922 1965 ad
965 1913 999 1967 lis
1014 1912 1060 1983 qui
1074 1914 1136 1966 ritae
1150 1913 1299 1968 virtutibus
1313 1914 1557 1985 student.0ptime
1567 1916 1764 1982 dehisdicens,

139 2014 242 2070 presens
255 2000 361 2054 habere
377 2001 538 2071 prospicias.
556 2019 588 2054 co
605 2001 676 2072 quod
693 2001 773 2055 multi
799 2018 846 2054 eos
861 2001 924 2054 sub
965 2002 1075 2063 strada.
1084 2002 1150 2056 utin
1162 2002 1263 2072 quibus
1277 2003 1383 2056 diceret
1396 2008 1425 2056 et
1437 2003 1568 2073 possibile
1583 2009 1657 2058 esset
1666 2021 1764 2075 pacem

142 2097 287 2159 sequautur.
300 2090 343 2143 Ad
363 2090 576 2144 similitudinem
591 2096 685 2144 autem
701 2090 838 2160 passionis
852 2090 924 2143 sicut
965 2108 1076 2144 serrare
1099 2091 1252 2144 adnitatur.
1267 2110 1280 2143 o
1293 2092 1399 2145 Stultus
1414 2096 1507 2145 autem
1523 2098 1552 2145 et
1567 2093 1627 2145 sine
1642 2091 1767 2163 discipli·

143 2192 220 2231 nueer
242 2178 291 2249 qui
303 2179 375 2232 solet
386 2196 498 2249 serpere
513 2179 541 2233 in
555 2196 681 2248 gregem,
691 2179 775 2233 etiam
791 2179 843 2250 ipsi
850 2180 923 2232 mul·
966 2197 1029 2233 «ua
1043 2180 1210 2251 ‹pareestioues
1225 2180 1497 2251 devitasciensquia
1511 2186 1649 2249 generant
1664 2181 1736 2234 lites.
1751 2196 1763 2233 t

144 2267 362 2321 tesideliumsuis
372 2267 547 2322 sermonibus
558 2269 715 2323 ineseautes
730 2270 875 2322 attrahant
889 2268 922 2321 ad
967 2268 1072 2323 Stultus
1087 2276 1115 2322 et
1131 2269 1255 2323 indoctas
1269 2270 1375 2323 vocarit
1389 2270 1557 2340 questiones
1572 2286 1635 2341 quac
1658 2286 1714 2324 non
1729 2267 1764 2322 ob

146 2353 307 2427 inpietatem.
316 2357 389 2410 sicut
402 2358 570 2428 Hymenaeus
580 2363 608 2411 ct
621 2357 757 2415 Philetus.
768 2358 815 2428 qui
831 2373 925 2410 reram
966 2357 1089 2428 aliquam
1103 2359 1174 2411 bunt
1188 2358 1348 2413 utilitatem.
1365 2358 1596 2429 [leelinaiuquit.
1605 2358 1640 2412 ab
1655 2358 1765 2428 illisqui

91 2425 94 2455 ²
146 2444 226 2499 carim
237 2446 474 2500 resurrectionem
489 2446 670 2515 abnegantes,
680 2447 764 2499 aliam
774 2446 924 2517 ‹pranrdam
966 2444 1092 2500 absolute
1109 2446 1173 2499 solis
1186 2445 1385 2516 quaestionibus
1400 2463 1513 2518 operam
1530 2464 1609 2500 suam
1619 2446 1767 2518 splendere

147 2535 359 2589 resurrectionem
371 2535 614 2605 somniantquam
630 2542 658 2589 et
673 2536 700 2588 iu
716 2536 925 2589 succensionem
966 2535 1091 2606 cupiunt.
1108 2535 1183 2588 ltixrc
1206 2540 1301 2589 autem
1318 2552 1349 2589 cx
1365 2535 1408 2590 his
1429 2537 1630 2593 adnascuntur,
1646 2552 1766 2608 quorum

146 2630 249 2678 entare
265 2640 379 2677 neeesse
392 2630 442 2677 est.
460 2625 492 2678 Et
507 2624 560 2677 ista
581 2625 614 2677 ad
631 2625 850 2678 consulationem
865 2626 926 2693 ejus
967 2640 1017 2677 nec
1032 2629 1164 2677 recteest
1180 2624 1316 2691 intenti03
1340 2630 1366 2679 et
1388 2625 1454 2695 quia
1475 2642 1519 2679 res
1534 2625 1588 2679 ista
1601 2642 1652 2678 nec
1667 2640 1767 2679 eome-

146 2710 225 2767 tlixisse
238 2713 521 2783 rideturdpostulus,
538 2731 570 2767 eo
593 2715 667 2784 quod
689 2713 768 2767 valde
784 2714 928 2767 cousuevit
967 2712 1036 2771 niat.
1054 2730 1104 2766 nec
1127 2714 1224 2767 deceat
1246 2730 1311 2767 eum
1333 2714 1465 2768 ostendit.
1484 2733 1496 2765 ιι
1523 2716 1649 2777 Servum,
1665 2714 1766 2785 inquit,

148 2799 222 2855 tristes
236 2802 330 2856 tacere
344 2802 457 2872 eosqui
469 2802 503 2855 ad
516 2803 667 2856 utilitatem
678 2804 798 2856 aliorum
817 2803 926 2873 prospi-
969 2820 983 2854 ιι
1000 2802 1111 2855 [lentini
1127 2817 1184 2855 non
1198 2808 1309 2873 oportet
1320 2802 1441 2872 litigare.
1461 2824 1472 2851 a
1488 2802 1596 2857 Deinde
1607 2810 1636 2857 et
1652 2803 1765 2858 modurn

147 2888 925 2961 deudamsuutordinathsiplurimos-fideliumridei·intin
968 2891 1007 2944 illi
1023 2907 1162 2961 exponens
1179 2890 1319 2961 quomodo
1338 2891 1438 2945 debeat
1461 2891 1595 2946 doctrinae
1609 2892 1765 2956 intendere,

147 2976 248 3034 motus
256 2980 464 3051 serpereUnde
472 2980 657 3050 etpcrsisteus
665 2981 784 3034 suadere
792 2981 863 3039 eimt
870 2997 926 3034 urin
967 2980 1007 3033 ait
1023 2999 1028 3032 :
1044 3004 1054 3023 ι
1074 2979 1126 3033 Sed
1142 2980 1369 3034 modestumesse
1384 2981 1419 3034 ad
1433 2998 1540 3038 omnes.
1550 2981 1770 3047 docibilemnon

147 3066 246 3123 datoris
261 3070 357 3122 aniruo
372 3069 493 3135 deliciet,
511 3075 540 3123 et
554 3069 588 3122 ob
607 3070 726 3124 aliorum
748 3070 883 3123 malitiam
898 3071 926 3123 iu
937 3035 981 3119 Ge
1000 3068 1161 3138 litigiosum,
1176 3084 1239 3122 cum
1255 3068 1392 3123 modestia
1409 3060 1555 3123 dueentem
1570 3086 1617 3123 eos
1630 3069 1678 3140 qui
1689 3070 1770 3123 resis-

147 3158 270 3227 ttuporem
296 3162 430 3220 vertatur,
448 3158 564 3227 adjicit:
582 3176 595 3203 ιι
612 3158 665 3212 Sed
686 3160 800 3212 lirnium
826 3158 926 3212 funda·
970 3182 981 3207 ιι
998 3157 1192 3211 tuutreritati.
1206 3178 1219 3209 a
1236 3158 1271 3211 Et
1284 3158 1435 3212 utilitatem
1450 3158 1538 3230 ipsius
1552 3159 1768 3226 reiostendens;

149 3252 286 3300 «neutum
297 3247 347 3301 Dei
367 3246 548 3312 stat,habens
563 3247 738 3317 signaculum
747 3248 808 3312 hoe,
824 3264 927 3317 cogim-
969 3251 997 3301 et
1012 3251 1116 3317 quanto
1131 3246 1231 3300 melius
1245 3246 1283 3299 sit
1296 3246 1335 3300 sie
1349 3247 1448 3300 docere
1463 3248 1635 3304 resistentes.
1651 3246 1747 3318 adjicit
1762 3265 1768 3300 :

150 3334 344 3389 rritllominus
363 3336 410 3406 qui
428 3343 494 3389 sunt
508 3337 577 3405 ejus.
595 3356 606 3385 i
624 3337 697 3395 llaec.
714 3336 816 3407 iuquit,
830 3344 858 3390 te
873 3336 928 3391 duo
971 3353 983 3385 ι
1000 3336 1041 3389 Ne
1056 3335 1167 3405 quaudo
1179 3335 1227 3388 det
1241 3335 1281 3389 eis
1295 3335 1370 3389 Deus
1384 3335 1578 3405 penitentiam
1597 3336 1632 3389 ad
1647 3335 1770 3406 agnitio-

148 3424 317 3481 onerentur.
334 3424 458 3495 primum
470 3424 733 3495 quidermquoniam
749 3425 868 3478 aliorum
884 3441 928 3478 se·
972 3444 984 3473 ιι
1001 3439 1065 3477 nem
1079 3423 1213 3489 recitatis,
1230 3430 1259 3476 et
1281 3423 1479 3494 resipiscente
1494 3423 1597 3477 diaboli
1619 3424 1735 3495 laqueis,
1754 3441 1771 3478 a

149 3508 223 3566 hedo
238 3530 293 3567 non
319 3514 486 3567 exterminat
508 3530 603 3567 rerum
628 3514 783 3577 veritatem,
806 3515 928 3568 secundo
972 3532 983 3563 ι
997 3529 1052 3584 quo
1067 3512 1166 3583 captivi
1181 3518 1315 3566 tenentur
1328 3512 1363 3565 ab
1376 3529 1408 3566 eo
1423 3512 1452 3566 in
1464 3514 1524 3582 ejus
1535 3513 1688 3566 voluntate.
1708 3512 1771 3566 »Ex

150 3600 334 3667 toeniamsuos
341 3604 388 3672 qui
401 3602 457 3656 reri
465 3609 530 3657 sunt
546 3603 606 3671 ejus
623 3603 689 3656 olim
705 3602 925 3672 cognovitDeus.
970 3601 1149 3656 contentione
1163 3607 1257 3654 autem
1281 3600 1386 3670 placari
1407 3601 1573 3655 adversariis
1600 3599 1771 3670 impossibile

152 3685 229 3759 lhrque
255 3708 304 3745 eos
330 3709 400 3763 quos
424 3709 497 3745 nunc
513 3692 647 3762 perspicis
662 3691 766 3753 seduci,
782 3692 832 3745 hos
854 3692 929 3746 Ileus
970 3696 1022 3751 est,
1038 3690 1163 3743 doctrina
1180 3706 1244 3743 vero
1258 3689 1474 3743 mansuetudine
1494 3688 1612 3759 probata
1630 3705 1704 3759 saepe
1718 3690 1772 3744 scit

153 3775 202 3831 olim
214 3780 347 3851 reprobos
361 3798 422 3834 esse
440 3781 562 3843 seiebat;
579 3780 649 3834 nibil
661 3797 737 3851 crgo,
755 3783 795 3843 at,
815 3796 927 3847 norum,
970 3780 1097 3837 suadere,
1106 3784 1135 3832 et
1145 3778 1277 3832 duritiam
1289 3776 1375 3831 animi
1388 3778 1505 3831 mollire.
1518 3778 1661 3847 Praeparat
1674 3777 1770 3844 etiam,

153 3868 176 3917 ut
185 3865 208 3921 iu
221 3876 365 3940 stuporem
379 3870 506 3936 vertaris,
515 3870 561 3924 sed
575 3870 641 3923 illud
658 3870 780 3938 lit‚quod
796 3869 862 3922 olim
872 3870 933 3923 heri
974 3869 1007 3918 ut
1021 3870 1049 3917 et
1063 3862 1098 3916 ad
1111 3862 1258 3916 acritatem
1272 3861 1427 3933 perspicere
1443 3860 1559 3931 possint,
1571 3861 1745 3915 discedentes
1755 3878 1772 3913 a

155 3953 342 4013 eiebatlleus:
360 3976 425 4013 narn
450 3961 530 4029 cujus
549 3960 589 4013 rei
613 3974 709 4012 eruam
734 3958 836 4012 habere
850 3957 934 4012 debe·
975 3947 1202 4019 presumptione,
1219 3964 1236 3999 a
1250 3962 1305 4016 qua
1325 3951 1353 4000 et
1377 3946 1531 4016 anticipati,
1548 3944 1627 4016 quasi
1651 3943 1771 4015 quodam

158 4056 202 4097 ltus
216 4046 337 4102 instituit
357 4048 453 4102 dicens
470 4067 475 4100 :
495 4074 505 4097 ι
525 4048 559 4102 Et
590 4048 697 4101 ‹liseeat
721 4046 755 4101 ab
785 4046 933 4117 iniquitate
975 4028 1773 4102 l²¹¹l¹¹⁰0di²¹¹¹0¹i⁰⁰⁰⁰¹¹²⁵t¹4⁰¹itenentur·Pffltlflflfflss‘llfi·

159 4136 257 4191 somni„
269 4138 315 4207 quq
329 4137 565 4191 „ominapnomen
575 4137 698 4191 psmpni⁸
711 4134 933 4204 ,Uthujugmodj
975 4117 1074 4172 demin
1083 4116 1496 4173 deterius,correctionemrero
1511 4115 1539 4169 in
1556 4114 1656 4169 melius
1666 4114 1773 4167 nullam

160 4216 538 4281 pompnoedisoedantabomni
547 4226 700 4297 impietate·
709 4224 935 4295 mammo,
976 4201 1099 4256 solentes
1111 4200 1262 4271 suscipere.
1274 4199 1380 4254 Deinde
1394 4205 1422 4252 et
1436 4198 1594 4253 litturorum
1612 4198 1640 4251 in
1655 4197 1774 4252 norissi-

159 4306 298 4385 poopfimos
310 4315 461 4386 magistros
473 4313 753 4369 sciehatmldedehis
763 4313 860 4383 affligi·
869 4330 936 4383 qua,
976 4285 1030 4338 mis
1040 4283 1214 4354 temporibus
1229 4282 1364 4337 memoria
1377 4283 1536 4336 consolatur
1551 4282 1663 4335 beatum
1677 4280 1773 4333 Timo·

160 4395 240 4457 ΕΜ
249 4408 278 4458 et
287 4403 559 4458 matus-mmmmm
579 4420 611 4457 Μ
626 4403 734 4457 radone
746 4362 818 4472 'quia
832 4351 967 4457 mustosD
976 4370 1082 4428 theam,
1093 4374 1124 4421 ut
1137 4384 1194 4421 neu
1201 4367 1296 4421 auimo
1307 4366 1419 4420 deliciet
1429 4382 1480 4436 pro
1490 4364 1661 4436 pravissimis
1669 4368 1775 4456 tempo-

161 4500 183 4539 ex
192 4492 243 4545 suis
256 4493 370 4547 ridebat
386 4493 414 4546 iu
427 4448 551 4548 deterius
563 4444 796 4564 'prorupissebae
808 4492 842 4543 de
852 4508 937 4545 causa
976 4454 1054 4509 ribus
1065 4458 1094 4507 et
1108 4452 1279 4513 ¹¹⁰¹¹¹inibu⁸'
1288 4449 1495 4520 sicutseqmmr
1504 4447 1771 4516 insubjeetocapste'

1345 4543 1354 4571 ,
1370 4539 1378 4553 ι
1395 4540 1402 4559 ι

161 4575 400 4647 *mmmmm
414 4583 683 4648 ⁰⁰¹¹⁵⁰¹³ti⁰¹¹⁰m²¹¹t
700 4580 819 4635 amun
835 4597 938 4651 magna
977 4618 1091 4683 Propter
1114 4615 1249 4679 fulsurum
1276 4539 1489 4679 ngpllllqgwllltlm
1513 4606 1773 4674 nrrrltlplr'cationenr

163 4664 529 4726 “¹⁰¹⁰01l0n2l'11t5012fflffl1
540 4688 627 4725 ‘¹¹²‘ssst
639 4675 668 4724 Gt
685 4676 827 4740 argentea·
839 4670 887 4723 sed
906 4676 935 4723 θῑ
1011 4687 1140 4738 lurrtatur
1154 4685 1311 4751 .·lpostehun
1324 4681 1361 4733 ed
1373 4678 1592 4748 predicandam,
1605 4679 1774 4746 poniturque

91 4816 93 4823 ,
165 4754 260 4827 'lienes
272 4766 301 4815 et
314 4761 422 4825 aetitia,
439 4767 468 4815 et
481 4761 608 4832 quaedam
628 4760 740 4830 quidem
763 4765 830 4813 sunt
843 4759 872 4812 iu
882 4758 934 4812 ho·
1011 4758 1047 4809 nd
1062 4754 1230 4808 Timotheum
1248 4753 1364 4804 ruorrtlio
1380 4751 1411 4802 do
1424 4750 1566 4815 firmitate.

167 4856 273 4921 iterem,
282 4850 340 4904 alia
355 4866 420 4904 vcro
431 4850 458 4904 in
468 4849 677 4904 contumeliam.
691 4868 703 4893 a
712 4848 823 4918 Magna.
831 4847 932 4918 inquit,
1012 4861 1025 4895 o
1042 4843 1100 4896 lloc
1114 4845 1209 4894 autern
1223 4854 1357 4908 cognosce
1367 4836 1499 4907 quoniam
1509 4835 1537 4889 in
1551 4835 1774 4890 novissimisdie-

167 4926 462 4994 bancornensem
481 4939 578 4993 multis
588 4938 742 4992 consistens
755 4936 933 4993 hominibus:
977 4950 989 4983 t
1006 4932 1057 4985 bus
1073 4928 1218 4984 instabunt
1237 4934 1366 4997 tempora
1388 4925 1560 4996 periculosa3
1574 4924 1695 4992 (Arabe.)
1712 4939 1775 4977 con·

169 5036 251 5082 lmese
263 5034 307 5083 est
319 5046 387 5097 ergo
397 5045 453 5082 non
463 5044 560 5082 omnes
575 5026 613 5080 ibi
628 5044 688 5080 esse
700 5042 803 5096 aequos.
820 5027 893 5080 Nam
908 5032 936 5080 et
976 5021 1066 5076 cuerit
1087 5034 1210 5089 namque
1232 5017 1404 5071 deteriorum
1419 5015 1556 5069 memoria
1569 5015 1712 5068 consolare
1728 5028 1775 5067 eos

91 5174 93 5179 .
170 5106 284 5188 bragae
298 5118 383 5172 domo
398 5134 453 5171 non
465 5125 583 5189 possunt
596 5117 763 5170 omuiaaasa
776 5115 879 5169 similia
894 5131 937 5169 re·
978 5111 1065 5182 quiin
1081 5107 1296 5163 moribusmalis
1305 5111 1384 5173 suutg
1401 5112 1430 5159 et
1444 5121 1506 5175 qua?
1521 5104 1578 5158 sint
1589 5109 1775 5173 temporepe-

91 5248 94 5255 .
170 5202 237 5270 ΜΗ,
249 5207 314 5261 licet
329 5207 367 5260 sit
380 5206 479 5259 duna
492 5206 571 5259 valde
585 5204 752 5277 inagna,sed
768 5204 842 5258 inter
851 5220 938 5258 aurea
978 5200 1097 5254 riculesa
1112 5198 1272 5262 ostendens,
1280 5195 1386 5264 adjicit.
1396 5214 1408 5245 ι
1419 5196 1517 5260 Erunt,
1534 5192 1634 5263 inquit,
1647 5190 1776 5245 homines

91 5344 98 5353 .
171 5290 394 5364 dagemeavasa
408 5294 613 5366 perspiciuntur
628 5294 770 5364 etliguca,
787 5298 815 5346 et
830 5292 936 5361 aetitia,
978 5289 1084 5359 seipsos
1099 5292 1234 5341 amantes.
1247 5285 1369 5339 alliunia
1385 5285 1510 5338 adsum
1520 5280 1654 5334 facientes
1668 5280 1776 5335 utilita-

171 5380 241 5437 tlrlia
250 5384 365 5456 quidem
385 5383 473 5438 multa
487 5384 572 5453 digna
586 5388 652 5436 sunt
666 5382 781 5445 honore,
803 5381 859 5434 alia
872 5396 937 5434 viro
978 5382 1036 5432 tem
1051 5378 1093 5431 ael
1108 5394 1158 5448 pro
1168 5375 1330 5429 delectione.
1340 5394 1352 5424 ιι
1362 5372 1462 5443 Cupidi
1475 5370 1690 5442 pecuniarum.»
1705 5371 1778 5435 Quia

170 5471 450 5544 aureonemptibilia,
465 5478 493 5526 ct
516 5472 551 5527 ad
572 5478 681 5526 certum
696 5488 778 5525 usum
793 5470 913 5525 discreta
930 5488 935 5522 :
979 5472 1008 5521 ct
1021 5466 1145 5521 studium
1157 5480 1240 5519 omne
1250 5463 1410 5533 expendunt
1420 5461 1449 5514 in
1460 5459 1624 5530 colligendis
1637 5459 1772 5531 pecuniis.

170 5546 244 5617 lmdc
256 5562 324 5635 quia
335 5561 474 5617 naturalis
497 5567 559 5616 erat
583 5576 712 5616 rasorum
733 5559 841 5627 divisio,
856 5560 889 5613 at
903 5574 938 5613 ne
981 5555 1088 5611 «Elati.
1098 5553 1322 5625 »adjectantes
1338 5548 1500 5605 iltahabere
1514 5556 1577 5621 quar
1589 5558 1648 5606 nea
1660 5548 1775 5605 labent·
