3772 6120
120 238 187 303 llil
415 239 446 293 B.
467 237 603 291 RABth
623 237 738 293 naum
756 236 925 307 ARCHIRP.
945 233 1107 291 MOGUNT.
1129 233 1277 291 OPEBUM
1296 232 1388 287 PARS
1407 234 1457 289 ΠΙ.
1696 232 1763 290 lli!

117 364 230 423 vultuet
241 364 317 417 claro
329 362 454 431 digneris
464 360 613 431 respicere,
630 366 660 413 et
672 366 786 430 accepta
800 359 913 419 hahere,
924 365 946 421 Α
956 360 1076 413 mittat«
1090 358 1293 413 percuratum
1303 359 1454 413 Dominum
1464 367 1605 413 nostram.
1615 359 1675 413 Per
1681 375 1764 429 quem

117 454 199 507 sicuti
212 458 326 521 accepta
340 451 444 505 habere
458 451 590 518 dignatus
600 467 630 503 es
645 467 763 503 rrrunera
780 449 857 519 pueri
872 449 915 503 tui
956 449 1013 503 haec
1024 450 1128 502 ornain.
1138 449 1264 509 Domine,
1275 466 1387 518 semper
1399 447 1474 503 bona
1483 465 1573 513 creas,
1587 448 1762 507 sanctifices,

115 542 184 611 justi
194 541 273 604 abet,
290 549 318 594 ot
328 540 496 595 sacrificium
509 540 674 610 patriarchae
687 539 774 593 nostri
784 538 912 603 Abrabre,
957 538 1088 599 deilicae,
1102 538 1242 591 benedicis
1252 544 1281 591 et
1297 546 1413 608 prestas
1425 537 1516 591 nobis.
1531 558 1544 590 r
1557 538 1620 591 lloc
1636 537 1764 592 videlieet

117 637 145 684 et
159 630 233 701 quod
247 629 296 685 tibi
307 629 409 683 obtulit
422 646 549 683 saturnus
562 629 692 682 sacerdos
712 636 779 682 tuus
799 627 913 682 Melchi-
956 643 1105 698 precamur
1118 634 1148 680 ut
1164 644 1213 696 per
1224 627 1316 696 ipsum
1326 627 1470 680 Christum
1483 627 1587 680 Filium
1603 632 1688 680 tunm
1699 627 1764 685 ,uni-

117 717 915 779 sedechsanctnmsrrcrilicium.immaculatambostiam.»
956 716 1094 781 genitum,
1111 731 1257 786 perquem
1282 716 1376 768 omnia
1400 716 1474 768 bone
1491 722 1591 769 creata
1613 722 1683 769 sunt
1701 731 1762 770 aaa·

117 810 237 877 Accepta
262 808 358 862 hebuit
372 807 507 862 Dominus
526 822 641 860 nurnero
658 806 736 861 blial.
753 806 817 875 (luia
832 805 914 875 quid·
956 804 1079 858 ctilicata
1101 813 1129 857 et
1155 804 1302 866 rivaticata,
1318 805 1376 857 brec
1399 811 1578 858 sacramenta
1602 804 1760 869 benedicas,

118 897 183 967 quid
196 897 333 967 optimum
346 897 461 953 invenit..
472 896 590 950 Dourino
601 894 711 948 obtulit.
725 895 759 948 Et
774 911 825 947 nos
836 896 915 963 justa
956 904 984 946 et
999 894 1079 946 nobis
1101 894 1136 946 ed
1157 894 1313 947 remedium
1336 893 1541 963 sempiternam
1566 894 1760 964 accipiendum

118 1002 236 1040 munera
252 992 280 1040 et
295 986 401 1043 rnnndu
414 985 482 1043 Ileo,
496 984 699 1039 munducmde
712 986 811 1036 ellone
834 983 916 1035 debe·
955 982 1090 1052 praebeas.
1108 983 1162 1035 Per
1174 998 1258 1052 quem
1274 989 1302 1035 et
1317 999 1380 1036 cum
1396 999 1452 1051 ‹pur›
1468 990 1498 1037 et
1522 983 1552 1037 in
1577 988 1694 1052 quaest
1711 981 1759 1037 tibi

119 1092 182 1131 tuus
209 1074 349 1129 hbraham
366 1075 423 1129 otio
438 1092 488 1127 suo
505 1091 559 1128 nrm
574 1073 706 1143 pepercit,
723 1072 770 1125 sed
784 1072 916 1126 obediens
957 1073 1013 1125 Deo
1030 1071 1105 1125 Patri
1120 1072 1315 1141 ornnipetenti,
1334 1072 1363 1125 in
1384 1071 1492 1125 unitate
1516 1071 1644 1141 Spiritus
1662 1071 1756 1136 meri,

117 1163 235 1233 jussioni
256 1163 368 1217 Domini
392 1164 490 1217 ollerre
514 1179 577 1216 eum
603 1162 698 1223 soluit,
714 1161 916 1214 Melchisedech
957 1160 1048 1214 onrnis
1064 1161 1153 1213 honor
1168 1167 1196 1213 et
1216 1161 1315 1229 gloria,
1333 1178 1382 1230 per
1406 1161 1502 1215 omnia
1526 1160 1633 1214 saecula
1651 1160 1758 1215 secula

118 1253 226 1322 primus
241 1252 371 1307 sacerdos
384 1252 503 1307 Domino
514 1268 614 1320 panem
623 1256 652 1304 ct
662 1250 756 1304 sinum
766 1250 875 1316 obtulit,
888 1255 917 1303 et
958 1265 1030 1312 runt,
1038 1249 1217 1303 umen.rPost
1228 1250 1286 1303 haec
1295 1266 1360 1317 ergo
1372 1249 1406 1302 ad
1418 1250 1577 1303 orationem
1584 1248 1755 1303 [lominicara

117 1341 180 1395 ideo
192 1341 327 1411 scriptum
344 1340 430 1394 estin
445 1341 555 1393 Psalmo
571 1359 576 1391 :
596 1359 607 1389 e
625 1340 666 1392 Tu
688 1358 717 1392 es
737 1339 867 1392 sacerdos
887 1338 916 1393 ia
958 1338 1164 1409 proferendam,
1176 1339 1305 1391 sacerdos
1320 1338 1418 1392 inritat
1432 1339 1570 1408 populum
1584 1338 1626 1393 ita
1640 1338 1751 1393 dicens:

118 1440 253 1484 eternum
266 1430 419 1484 secundum
427 1429 553 1482 ordinem
561 1428 851 1487 blelchisedechtl’sul.
862 1445 915 1494 err,
958 1429 1097 1495 Praecpta
1111 1430 1283 1481 salutaribus
1299 1431 1398 1481 rnonr'b‘
1413 1432 1436 1480 cl
1461 1430 1560 1480 rlr'rr'ao
1586 1429 1753 1481 institutione

119 1519 145 1584 il
172 1538 177 1571 :
205 1519 301 1588 »quie
325 1518 398 1571 sient
422 1517 623 1572 Melchisedech
645 1533 746 1586 panem
766 1517 915 1581 etrinum,
958 1518 1085 1582 formali,
1109 1518 1246 1569 audatius
1270 1518 1367 1569 darre.
1393 1516 1498 1575 Christi
1523 1517 1602 1571 enim
1628 1526 1753 1587 praecepte

118 1607 157 1661 ita
167 1614 196 1661 et
205 1607 333 1665 Christus
344 1607 372 1660 in
384 1606 512 1676 passione
523 1623 575 1660 sua
586 1622 686 1675 corpus
704 1612 733 1659 et
751 1606 916 1674 sanguinem
959 1605 1049 1658 salute
1064 1611 1130 1658 sunt
1149 1605 1241 1674 plena.
1263 1604 1328 1674 quia
1343 1604 1402 1675 ipse
1422 1611 1465 1659 est
1486 1606 1565 1658 salus
1586 1612 1699 1665 aeterna,
1713 1621 1752 1661 cu·

119 1695 221 1750 obtulit
230 1697 287 1751 Deo
298 1695 375 1751 Patri
382 1712 431 1765 pro
444 1694 525 1748 nohis
546 1696 580 1749 Et
594 1695 623 1748 in
638 1712 710 1764 pane
732 1703 761 1748 et
773 1695 836 1748 rino
858 1686 949 1765 pas-B
957 1695 1004 1763 jus
1014 1693 1205 1746 admonitione
1220 1700 1249 1746 et
1268 1694 1395 1763 jussione
1415 1700 1499 1763 atque
1523 1694 1701 1749 institutione
1717 1693 1751 1747 di-

119 1785 205 1841 sionis
216 1802 272 1839 suar
280 1784 446 1854 mysterium
458 1801 508 1838 nos
519 1783 624 1839 inalbari
640 1784 734 1841 voluit,
749 1784 860 1853 quando
875 1783 918 1837 di·
959 1782 1022 1837 sinu
1043 1782 1155 1836 lhnrmti
1179 1783 1240 1836 ausi
1263 1799 1360 1837 sumus
1380 1800 1476 1853 preces
1494 1784 1553 1837 Deo
1576 1783 1749 1853 omnipotenti

119 1873 233 1947 scipulis
244 1872 302 1927 suis
314 1874 385 1929 dans·
397 1889 498 1943 penem
507 1889 539 1926 ac
549 1872 664 1926 calicem
681 1872 768 1926 dixit:
782 1888 795 1923 e
808 1873 866 1927 lloe
876 1880 919 1925 est
959 1873 1068 1925 otl'erre.
1073 1872 1156 1939 juxta
1162 1872 1304 1941 exemplar
1317 1872 1390 1941 quod
1403 1871 1748 1942 ipseSalratordiscipulor

119 1978 220 2032 corpus
239 1978 334 2021 taeurn
351 1981 356 2017 :
373 1968 402 2015 et
424 1961 470 2014 hic
489 1967 532 2015 cst
554 1962 624 2015 calix
649 1961 795 2027 sarranium
820 1962 916 2014 mei.»
962 1976 1027 2014 suos
1039 1959 1134 2014 docuit
1149 1961 1177 2015 in
1192 1960 1318 2014 oratione.
1333 1962 1391 2014 lieo
1411 1961 1514 2030 placita
1537 1960 1652 2023 habere,
1666 1966 1692 2015 et
1706 1961 1746 2014 es

111 2051 226 2122 (hebo.
245 2067 319 2113 xxvi,
337 2048 392 2107 too
418 2050 451 2103 Et
477 2067 528 2104 nos
554 2051 712 2120 supplicare
732 2050 866 2103 debentne
890 2058 921 2105 ut
961 2056 1033 2103 trem
1061 2048 1283 2118 omnipotentem
1313 2066 1362 2119 pro
1391 2049 1470 2103 nobis
1489 2049 1654 2119 suppliciter
1675 2050 1745 2103 mre·

120 2139 193 2193 sieut
207 2139 433 2208 suprrulictorum
461 2146 572 2209 patrum
592 2145 706 2208 accepta
725 2140 782 2192 l'leo
808 2140 921 2193 suerunt
962 2137 1075 2206 pellere.
1084 2140 1165 2192 Peter·
1177 2144 1269 2191 noster·
1282 2141 1332 2205 (μα’
1342 2156 1367 2192 cr
1381 2143 1412 2191 br
1423 2142 1504 2202 cerlis,
1516 2138 1693 2205 Sualr'ficrlur
1705 2153 1742 2191 no

121 2245 248 2287 munera,
258 2228 298 2283 ita
311 2230 379 2282 flant
389 2235 418 2282 et
427 2235 533 2281 nostru.
547 2252 558 2275 «ι
577 2227 721 2298 Supplices
735 2234 763 2281 te
779 2245 918 2298 rogamus,
963 2244 1023 2279 rom
1036 2232 1126 2285 turem,
1136 2228 1271 2281 ,ldocrriot
1281 2232 1497 2294 rcprnrrnluuor,
1506 2229 1741 2281 Fieteolantarlue

122 2317 300 2386 omnipotens
309 2317 395 2383 Deae,
403 2316 472 2386 jube
484 2316 541 2370 haec
550 2316 667 2386 perferri
682 2333 732 2386 per
740 2332 840 2371 manus
855 2334 919 2371 san·
961 2317 1032 2367 rieul
1050 2319 1078 2367 br
1095 2320 1157 2369 rulo
1171 2320 1194 2369 rl
1212 2319 1240 2370 in
1256 2321 1340 2373 rora.
1359 2319 1461 2370 Panem
1479 2322 1608 2369 nostrum
1622 2318 1738 2383 quotidie·

121 2405 158 2457 cti
174 2405 266 2473 angeli
281 2404 323 2459 tui
340 2405 368 2459 in
383 2404 503 2459 sublime
518 2406 607 2458 altare
627 2412 708 2459 tuum
728 2405 756 2459 in
771 2411 920 2476 conspeetu
963 2420 1031 2457 aricio
1045 2406 1081 2458 do
1096 2406 1172 2458 trobr‘s
1182 2405 1269 2470 hodie,
1284 2405 1317 2459 El
1331 2407 1440 2458 diarrilte
1456 2407 1533 2458 nobis
1549 2406 1638 2458 dehita
1652 2410 1735 2466 nostra

122 2493 221 2551 divine
235 2494 393 2563 maiestatis
407 2499 471 2549 tuae.
485 2522 494 2538 ··
503 2493 655 2547 llumiliter
666 2510 732 2562 ergo
747 2495 921 2564 postulamus
961 2495 1032 2546 sicut
1045 2499 1068 2545 rt
1085 2510 1132 2546 reos
1147 2496 1281 2547 dimittier
1287 2510 1317 2546 us
1330 2495 1497 2547 debitoribus
1509 2496 1618 2556 nostris,
1628 2494 1658 2549 lit
1667 2510 1695 2545 ae
1703 2507 1736 2544 ⁴er

122 2589 155 2637 ut
169 2599 288 2636 munera
300 2589 399 2637 nostra
413 2599 497 2652 super
512 2583 564 2635 hoc
579 2583 668 2636 altare
683 2582 756 2652 quod
773 2583 858 2636 rideri
873 2599 921 2654 po·
963 2583 1079 2634 induces
1094 2585 1123 2635 ie
1135 2582 1382 2637 tealeb'encor.Srd
1394 2584 1481 2636 libera
1491 2599 1541 2635 uos
1551 2600 1569 2636 a
1581 2586 1659 2636 virolo.
1670 2580 1734 2636 labis

122 2676 178 2725 test
195 2670 298 2731 oblata.
314 2671 399 2724 Peter
411 2670 510 2740 iubeat
523 2671 644 2724 celestis
658 2688 708 2741 per
722 2688 822 2724 roanos
832 2672 920 2725 saneti
940 2683 942 2685 ’
962 2685 1029 2738 ergo
1043 2676 1150 2740 septem
1165 2671 1347 2739 petitionibus
1366 2671 1507 2740 poscimus
1526 2671 1617 2725 Deum
1632 2670 1731 2729 Patren,

121 2759 214 2827 angeli
231 2759 274 2812 sui
290 2758 410 2829 perferri
428 2759 455 2812 in
476 2759 544 2813 illud
559 2760 647 2813 altum
672 2761 761 2814 altare
781 2761 854 2830 qnod
878 2766 922 2814 est
961 2764 994 2811 ut
1008 2757 1088 2811 nobis
1100 2775 1133 2812 ee
1148 2775 1209 2829 quae
1222 2759 1346 2813 salubria
1364 2766 1430 2813 sunt
1449 2759 1585 2824 mitteret,
1599 2766 1628 2813 et
1646 2775 1676 2812 ea
1687 2774 1731 2828 qut

122 2854 188 2901 ento
202 2846 325 2903 ubinam
340 2849 516 2917 majestatem
529 2865 620 2913 suam,
633 2850 706 2919 orrod
721 2849 809 2903 oculis
818 2849 921 2903 nostris
962 2847 1045 2901 rroaia
1056 2854 1123 2901 sunt
1131 2848 1228 2918 procul
1240 2865 1257 2902 a
1268 2848 1348 2903 nobis
1358 2849 1485 2919 repellet.
1506 2849 1594 2916 Cujus
1614 2846 1731 2918 petitionis

122 2935 215 2990 videre
231 2952 286 2991 non
302 2952 459 3006 possumus,
476 2936 543 3007 quia
558 2939 701 3007 corporale
726 2955 782 2991 non
806 2944 850 2992 est
872 2939 921 2992 sed
962 2936 1163 3006 expositionem
1185 2939 1266 3007 juxta
1293 2943 1452 2992 sonetorum
1473 2937 1620 2992 doctorum
1643 2950 1730 2991 sensata

123 3023 257 3093 spiritale.
275 3024 309 3081 Et
325 3025 397 3079 sicut
412 3042 462 3079 nos
485 3025 608 3079 divinam
632 3028 807 3095 majestatem
830 3028 921 3083 Patris
931 3004 953 3065 G
963 3024 1083 3079 breviter
1093 3025 1137 3078 hie
1151 3026 1286 3080 aelnotare
1299 3043 1440 3080 cursibus.
1455 3029 1545 3088 l’olcr,
1556 3025 1653 3096 inquit,
1664 3028 1732 3077 aoshr

122 3112 356 3181 investigarenon
371 3130 529 3183 possumus,
545 3114 585 3167 ita
599 3131 650 3167 nec
664 3131 696 3167 ea
721 3132 781 3184 quae
803 3115 832 3168 in
854 3132 921 3171 eon·
962 3117 1011 3179 (μα’
1026 3133 1051 3165 rc
1077 3117 1104 3167 br
1126 3117 1206 3169 eolis
1224 3115 1351 3169 Christus
1370 3115 1440 3169 dixit
1464 3115 1499 3169 ad
1519 3115 1665 3185 discipulos
1684 3128 1732 3167 snos

123 3208 218 3272 spectu
234 3202 295 3271 ejus
314 3208 381 3255 sunt
403 3201 537 3255 debemus
561 3203 738 3271 investigare,
756 3204 804 3257 sed
829 3204 921 3274 potius
963 3202 1264 3271 postresurrectionem
1275 3205 1539 3257 suanr;.l.rrredoud
1551 3206 1731 3257 lutremouea

124 3288 270 3349 credere«
285 3296 316 3345 ut
331 3297 469 3361 quohruot
482 3309 514 3344 ex
528 3292 579 3344 bac
594 3292 691 3345 alhrris
706 3293 919 3363 participatione
962 3296 985 3343 rl
1008 3294 1045 3343 ad
1061 3294 1169 3347 Patrem
1193 3298 1323 3345 ecetram.
1345 3293 1436 3346 Aliter
1458 3293 1533 3345 enirn
1554 3291 1623 3345 dixit
1643 3291 1731 3343 Patren

122 3385 328 3434 sacrosanctum
340 3379 401 3435 Filii
413 3380 454 3434 tui
464 3397 566 3450 corpus
575 3381 777 3451 etsanguincm
791 3399 919 3452 surnpse-
960 3379 1142 3440 suurn,aliter
1151 3380 1262 3436 Patrem
1275 3390 1416 3435 nostrum·
1429 3382 1541 3434 Patrem
1552 3381 1729 3450 qrrippesuun,

122 3467 220 3532 ritum,
235 3468 312 3523 omni
330 3468 523 3523 benedictione
536 3470 640 3522 culesti
657 3476 686 3521 et
699 3471 791 3538 gratia
811 3471 919 3541 replea·
961 3469 1025 3536 <poia
1048 3468 1107 3538 ipse
1130 3469 1259 3538 proprius
1282 3480 1325 3523 est
1347 3470 1537 3525 l·'iliusl'atris
1550 3487 1582 3522 err
1602 3464 1731 3522 substantia

121 3572 187 3610 rnur
197 3573 248 3625 per
259 3557 401 3612 Christum
415 3557 562 3611 llominum
580 3566 717 3611 nostrum.
733 3559 844 3612 »Orare
859 3559 920 3629 qui·
960 3557 1125 3611 ihrtrisante
1136 3558 1232 3611 omnia
1244 3564 1370 3628 tempora
1389 3560 1512 3627 gerrrilus,
1528 3558 1580 3628 ipsi
1600 3557 1670 3611 Patri
1681 3570 1731 3608 roe

121 3646 184 3699 dem
198 3644 332 3707 dehemus
349 3646 460 3699 Patrem
475 3647 626 3711 calestem,
642 3653 672 3701 nt
696 3664 793 3700 omnes
815 3649 862 3717 qui
887 3666 918 3701 ex
960 3653 1067 3699 ternus.
1081 3647 1165 3699 l'ater
1177 3655 1273 3700 noster·
1288 3664 1397 3717 quorpue
1412 3655 1455 3700 est
1469 3647 1531 3701 ideo
1542 3647 1608 3717 quia
1621 3657 1731 3700 noseree

122 3734 208 3804 ipsius
222 3734 320 3789 altaris
341 3735 554 3805 participatione
571 3753 655 3805 supra
670 3736 743 3805 quod
765 3755 814 3789 nos
830 3737 920 3791 alleri·
962 3734 999 3787 sit
1010 3734 1039 3787 in
1054 3741 1189 3805 ternpmre,
1203 3744 1235 3788 ut
1249 3752 1299 3789 nos
1315 3735 1364 3790 lilii
1380 3737 1441 3805 ejus
1452 3753 1579 3791 essemus
1592 3732 1699 3804 arleptbi
1710 3738 1730 3783 et

122 3839 185 3877 raus
196 3823 253 3879 lleo
264 3823 340 3875 Patri
351 3823 379 3878 in
393 3824 658 3877 eorrrrnemoratione
671 3825 733 3878 Filii
753 3825 796 3878 sui
807 3826 918 3880 lloroini
960 3824 1151 3878 hoereditatem
1167 3826 1306 3879 celestem
1318 3825 1409 3879 Patris
1425 3825 1514 3880 nostri
1533 3824 1651 3878 coelestis
1663 3819 1730 3892 possi·

122 3911 171 3964 Dei
189 3912 277 3965 nostri
292 3913 358 3965 lesu
376 3912 489 3971 Christi,
506 3929 606 3983 corpus
622 3922 650 3966 et
661 3915 826 3981 sanguinem
848 3932 919 3985 prae·
961 3906 1729 3983 deresinetineposseruus,0per·ilmsanteimplendoquod

122 3999 189 4053 dicti
203 3999 265 4053 Filii
276 4000 326 4053 Dei
344 4001 556 4070 sumpserimus,
570 4019 682 4056 omnem
700 4003 919 4058 benedictionem
962 4001 990 4055 in
1003 4003 1181 4072 perceptione
1206 4003 1269 4056 lidei
1295 4019 1346 4056 nos
1367 4004 1490 4057 facturos
1514 4003 1592 4073 prius
1611 3996 1730 4072 spopondi·

121 4089 921 4161 calestemaccipereincreenturperipsumChristumIlo-
962 4107 1033 4145 ruus.
1054 4092 1161 4145 Culum
1179 4109 1197 4145 a
1215 4092 1341 4147 calando
1356 4092 1469 4149 dicitur.
1485 4110 1519 4145 eo
1534 4092 1606 4161 quod
1621 4089 1690 4145 colet
1701 4083 1730 4138 di

122 4176 390 4231 minurnnostrum.«
400 4177 920 4249 Nobisquoquopeccatorihusfornolis
962 4179 1026 4237 rina
1041 4189 1158 4235 secreta.
1169 4180 1260 4235 Aliter
1272 4182 1374 4235 culum
1389 4199 1405 4234 a
1419 4181 1585 4235 celsitudine
1599 4179 1728 4237 dicituro

122 4264 179 4319 tuis
194 4265 228 4319 de
245 4265 424 4320 multitudine
439 4267 651 4322 miserationum
660 4278 771 4322 tuarum
783 4271 921 4340 speranti·
962 4269 1036 4337 quod
1051 4269 1135 4323 altius
1149 4277 1191 4323 est
1205 4270 1288 4325 rebus
1300 4270 1429 4323 terrenis.
1440 4271 1498 4324 Nos
1512 4277 1607 4323 antem
1620 4260 1727 4321 ideodiri·

122 4352 173 4408 hus
187 4361 297 4425 partera
308 4354 430 4424 aliquam
447 4361 475 4409 et
488 4356 648 4411 societatem
670 4357 774 4411 donare
796 4359 920 4428 digneris
962 4375 1025 4411 mus
1040 4376 1045 4411 :
1061 4361 1141 4412 Peter
1159 4365 1250 4413 noseo-
1266 4363 1315 4428 qm'
1333 4378 1358 4413 rs
1374 4364 1403 4412 br
1418 4362 1500 4421 cob‘r,
1517 4368 1550 4412 nt.
1572 4375 1620 4412 nos
1641 4351 1724 4407 trudes?

122 4460 185 4497 curn
203 4443 258 4497 tuis
272 4444 376 4499 sanctis
388 4445 521 4515 apostolis
536 4452 565 4498 et
580 4446 752 4516 martyribus
769 4448 810 4500 vel
831 4449 921 4502 omni·
961 4447 1143 4501 ostendamus
1153 4447 1182 4501 in
1194 4458 1303 4518 patrem
1317 4449 1468 4511 colestem,
1482 4453 1511 4501 et
1520 4448 1594 4501 sicut
1606 4444 1650 4499 sdii
1659 4432 1723 4495 devoti

123 4531 174 4585 hus
188 4533 301 4586 sanctis.
316 4533 726 4603 »Tequoqne,clementissime,
735 4537 875 4605 poscimus
888 4545 920 4591 ut
960 4536 1047 4606 patris
1071 4537 1113 4590 sui
1140 4544 1279 4607 precepta
1301 4537 1416 4607 cupiunt
1441 4537 1569 4607 implere,
1595 4535 1632 4589 its
1649 4539 1671 4584 et
1688 4540 1722 4579 11⁰⁵

123 4627 237 4690 peccata
251 4628 349 4676 nostra
360 4638 416 4676 non
432 4622 560 4692 aspicies.
572 4623 621 4677 sed
637 4624 790 4677 secundum
804 4626 919 4695 largita·
961 4625 1049 4694 ipsius
1062 4626 1194 4681 arandela
1210 4629 1353 4696 perlicere.
1370 4626 1446 4679 etad
1462 4627 1564 4680 crelam
1578 4624 1722 4693 serrrperhlt

123 4715 180 4763 tem
195 4709 329 4765 bonitatis
343 4716 399 4764 ture
413 4711 515 4779 gaudia
531 4719 636 4767 retorna
650 4713 729 4766 nobis
743 4713 866 4768 tribuere
880 4715 920 4768 di·
962 4714 1027 4767 dere
1041 4715 1241 4769 desideremus.
1256 4717 1449 4782 Soneb'faelm·
1473 4732 1572 4769 rrorrrca
1593 4720 1668 4766 terrm.
1681 4703 1721 4757 llll
1776 4760 1779 4779 Ι

122 4798 218 4866 goeris
232 4803 260 4852 et
274 4800 517 4871 participationem
529 4801 625 4869 gaudii
645 4801 672 4855 in
697 4810 801 4856 telerna
825 4804 921 4858 latitia
962 4811 1012 4861 est,
1026 4811 1057 4857 ut
1071 4820 1121 4857 nos
1136 4803 1213 4872 digni
1223 4805 1311 4857 simus
1326 4820 1428 4858 nornen
1444 4814 1574 4859 sanetum
1588 4803 1643 4871 ejus
1653 4803 1720 4850 onere

122 4903 185 4943 cum
201 4886 330 4943 erunibus
349 4890 453 4943 sanctis
476 4889 532 4943 tuis
560 4891 760 4960 perpetualiter
783 4894 918 4946 conterre.
963 4892 989 4945 in
1006 4891 1135 4946 cordibus
1151 4893 1254 4947 nostris
1271 4911 1276 4945 t
1295 4900 1326 4947 ut
1346 4893 1419 4947 sicut
1437 4893 1530 4961 arrpeli
1557 4877 1719 4954 ancorale

124 4995 137 5031 c
152 4978 229 5031 lntra
242 4993 360 5047 quorun]
371 4995 423 5032 nos
438 4980 618 5042 consortium,
628 4996 683 5033 non
699 4981 853 5035 aestimator
864 4999 921 5036 me·
961 4982 1030 5034 coelo
1045 4988 1111 5036 sunt
1123 4981 1216 5035 sciunt
1240 4990 1267 5037 et
1288 4982 1451 5049 intelligunt
1473 4982 1644 5037 sanctitatem
1659 4964 1720 5026 noru-

122 5065 236 5132 riti,sed
248 5067 792 5137 ueniaquaesnmuslargitoradmitte.»
806 5072 920 5125 Hocro-
961 5071 1005 5124 nis
1024 5070 1078 5134 sui,
1102 5070 1184 5127 itaet
1203 5087 1253 5124 nos
1277 5071 1325 5141 qui
1347 5071 1375 5124 in
1396 5078 1473 5125 term
1495 5088 1602 5133 surrrus,
1626 5068 1672 5137 ipso
1688 5051 1720 5107 ld·

121 5170 231 5223 gaurus,
260 5161 292 5208 ut
314 5155 371 5225 ipse
396 5156 444 5226 qui
464 5156 555 5209 dixit:
574 5158 604 5210 br
626 5161 920 5228 qttdcllthltl’dt'dpec·
959 5160 1074 5228 jurante
1093 5158 1271 5213 sanctitatem
1302 5159 1425 5214 nominis
1448 5162 1511 5230 ejus
1529 5167 1671 5215 mereamur
1690 5158 1719 5197 ll
1776 5162 1779 5167 '

122 5248 197 5297 ceter
211 5260 356 5299 craterem
370 5247 456 5312 seced
476 5251 500 5298 et
514 5249 704 5312 plenilonium
717 5250 810 5311 referit.
824 5251 919 5301 laruae
959 5264 1103 5317 gnoscere,
1125 5254 1264 5318 quatenus
1287 5249 1360 5303 sieut
1384 5248 1412 5301 in
1435 5250 1515 5311 coelo,
1533 5249 1572 5304 ita
1590 5258 1617 5302 et
1632 5245 1656 5299 in
1667 5244 1718 5290 itm

119 5338 228 5397 peccota
242 5335 300 5399 rjais
316 5336 345 5387 br
365 5336 593 5388 oblr'rr'onrrrunl
619 5351 853 5400 corcomenon
877 5353 920 5390 re-
960 5337 997 5390 sit
1017 5353 1120 5393 nomen
1147 5338 1208 5406 ejus
1235 5337 1450 5393 sanctificatum.
1475 5340 1608 5393 delieaiol
1635 5334 1716 5395 ,epaon

122 5417 304 5475 tributionem
324 5428 502 5490 peccatorum
517 5423 646 5487 erutuet,
664 5424 712 5477 sed
737 5425 796 5494 ipse
817 5425 855 5478 sit
872 5442 917 5479 re·
961 5432 1040 5480 teum
1070 5446 1078 5481 :
1108 5427 1160 5480 hoc
1187 5434 1240 5492 est,
1266 5432 1297 5481 ut
1323 5442 1374 5480 nos
1405 5443 1524 5497 regnum
1552 5428 1612 5496 ejus
1645 5424 1718 5482 till

121 5504 175 5563 aia
199 5505 325 5574 largitor,
351 5517 380 5564 ct
404 5511 480 5567 iutra
502 5517 664 5569 sanctorum
683 5513 846 5570 societatem
867 5531 919 5571 nos
958 5515 1078 5575 tentiam
1102 5517 1163 5586 ejus
1193 5532 1355 5573 mereamur
1376 5532 1555 5586 manescere,
1585 5524 1613 5573 et
1636 5515 1663 5571 ul
1679 5505 1719 5574 pu
