3772 6120
127 265 180 324 2⁴5
353 269 641 329 ENARRATIONUM
660 271 697 328 ΙΝ
718 272 794 329 Erre.
816 274 922 333 itaut]
943 271 1010 327 tllt.
1032 269 1103 337 Xti'.
1122 298 1153 308 -
1170 271 1206 324 nt
1224 269 1332 327 tlrlsr.
1349 270 1397 327 du
1417 269 1545 322 (letter.
1718 266 1769 323 itu

124 392 250 461 gratiam
264 393 374 461 salutis,
385 393 601 451 communicatio
612 394 679 451 facit
689 397 777 453 sancti
787 397 907 468 Spiritus
919 416 924 448 ι
936 403 958 458 Α
970 406 1075 465 tuetur,
1090 407 1122 451 nt
1138 396 1223 452 trium
1245 394 1385 464 per-tirrici,
1402 395 1606 455 ‹nosumnmtio
1622 395 1659 451 sit
1673 393 1767 446 leomi-

126 480 171 541 uic
186 481 265 539 enim
279 481 397 543 dilectos
420 500 438 541 a
454 483 510 539 Deo
526 490 555 541 ct
576 484 696 539 salsatos
717 486 810 555 gratia
825 486 927 543 t'lrristi
971 488 1013 540 nis
1028 489 1056 541 in
1067 489 1195 541 salutern.

237 634 240 638 ’
334 697 603 830 erano
658 642 1559 919 connumeramus

408 982 692 1063 EXPOSITIO
718 984 777 1059 IN
802 985 1102 1069 llPISTOLAM
1128 987 1203 1071 Al)
1229 984 1486 1063 GALATAS-

825 1124 1072 1141 ῳ*

399 1197 662 1265 deductarum.
969 1201 1148 1259 simulatione
1175 1201 1248 1261 idem
1277 1199 1419 1272 apiostolus
1440 1198 1543 1259 Paulus
1563 1212 1628 1263 eum
1644 1202 1764 1268 revocat,

160 1283 930 1356 (diribettlmniscredensinGltristumotobscrransle-
970 1289 1044 1349 sicut
1056 1290 1085 1345 in
1101 1289 1153 1347 hac
1167 1290 1228 1359 ipsa
1242 1287 1461 1360 Epistoledocet.
1477 1285 1553 1341 Talis
1566 1285 1678 1361 quidem
1690 1300 1766 1358 que·

125 1370 726 1445 gonlauronematointediattemisena:
738 1376 929 1449 sicutetSym-
970 1378 1024 1437 stio
1035 1385 1078 1435 est
1087 1378 1117 1435 in
1128 1378 1251 1448 epistole
1266 1377 1301 1441 oti
1317 1376 1466 1444 Rornanos,
1481 1379 1676 1442 rerurntamen
1691 1373 1766 1445 ride-

128 1459 281 1527 ambiani,
304 1463 351 1535 qui
370 1479 403 1521 ex
417 1463 567 1523 Phariseis
588 1465 726 1539 originem
742 1465 868 1523 trahunt,
881 1466 928 1538 qui
970 1472 1017 1525 tur
1027 1467 1133 1537 aliquid
1144 1466 1289 1533 interesse,
1302 1464 1376 1535 <ruod
1396 1463 1433 1523 ibi
1453 1462 1661 1523 contentionem
1676 1463 1766 1535 ipsam

128 1550 927 1624 mneooanitegccnristianossodicuntmorepoouni
971 1554 1087 1619 dirimit,
1111 1555 1245 1625 litemque
1264 1553 1418 1627 componit,
1440 1551 1592 1625 quainter
1612 1568 1660 1611 eos
1675 1550 1765 1629 quiex

128 1636 274 1708 Christum
286 1655 342 1701 non
356 1640 446 1703 Deum
457 1648 486 1695 et
495 1641 648 1705 bertanem,
657 1643 706 1701 scd
721 1641 929 1701 trontinenrtan·
939 1639 1120 1711 Bludcoimct
1129 1661 1176 1699 cos
1191 1644 1237 1716 qui
1250 1660 1281 1699 cx
1292 1640 1423 1715 gerrtibus
1434 1640 1611 1701 crediderant
1621 1647 1684 1709 orta
1694 1647 1763 1702 erat,

126 1728 274 1787 tummodo
284 1728 460 1789 definientes.
480 1728 509 1784 si
525 1731 600 1791 errim
625 1731 715 1789 ileum
740 1730 928 1803 intelligerent
969 1749 1032 1789 curn
1044 1732 1084 1793 illi
1099 1738 1234 1805 cuiquam
1248 1731 1396 1793 exrncritis
1407 1729 1599 1804 operumlegis
1610 1727 1662 1791 sibi
1672 1727 1766 1796 reddi·

124 1816 281 1887 Christum,
304 1817 373 1873 nihil
388 1818 493 1889 delego
508 1818 646 1877 factorum
661 1827 816 1894 sperarent,
835 1819 924 1879 idest,
969 1827 1028 1884 torn
1044 1821 1185 1890 Evangelii
1206 1820 1353 1895 praernium
1370 1819 1586 1883 arbitrarentur,
1603 1817 1677 1891 quod
1693 1833 1764 1897 prer-

123 1905 157 1957 de
174 1907 342 1970 neomeniis,
357 1906 483 1969 sabbato,
495 1908 707 1967 circumcisione
723 1907 925 1965 etdisrretione
969 1909 1057 1967 eninm
1077 1909 1279 1971 incircumcisis
1303 1916 1439 1981 tanquam¹
1464 1906 1612 1963 docueritis
1633 1903 1768 1975 nolebmt

122 2010 270 2064 escarum3
286 1995 352 2067 quia
367 1995 414 2066 qui
422 1995 548 2059 Deumet
558 1997 709 2059 Dominum
716 1997 785 2068 legis
795 1996 870 2063 colit,
882 2013 926 2053 eu·
967 1998 1028 2064 dari
1045 1998 1102 2059 :illi
1113 2003 1211 2061 canna
1221 1997 1324 2055 Judeeis
1349 2013 1379 2055 se
1394 1996 1526 2070 preferre
1539 1995 1685 2069 gestirent,
1700 2001 1765 2065 tau·

122 2100 174 2159 pro
190 2083 282 2157 legem
293 2089 353 2143 est:
370 2100 421 2149 nec
436 2091 529 2157 potest
539 2085 662 2156 judicari
676 2103 694 2144 a
707 2087 778 2159 lege,
795 2085 842 2157 qui
862 2102 925 2143 euru
968 2103 1052 2156 quam
1067 2086 1292 2147 interfectoribus
1305 2084 1427 2145 Domini.
1449 2085 1481 2140 ln
1494 2085 1547 2141 hac
1563 2100 1627 2143 reru
1641 2083 1766 2159 Epistola

122 2170 288 2248 legislatore
308 2173 469 2234 concordat.
491 2174 618 2249 lienique
642 2191 696 2231 noo
714 2175 824 2234 illorum
840 2191 925 2243 rausa
967 2175 1001 2228 ad
1023 2175 1182 2241 cossuribit
1202 2175 1249 2245 qui
1267 2175 1327 2245 jam
1343 2173 1474 2237 commoti
1496 2179 1579 2242 erant
1597 2172 1764 2235 auctoritate
1852 2222 1855 2227 .

121 2261 166 2321 tex
181 2261 250 2322 data
268 2270 320 2333 eet,
347 2261 500 2331 quilisma
528 2262 666 2329 colebant,
688 2263 737 2321 sed
760 2280 857 2323 corum
878 2263 924 2337 qui
966 2263 1078 2322 illorum
1098 2263 1145 2334 qui
1166 2279 1199 2317 ex
1213 2262 1315 2316 ludaeis
1340 2265 1430 2323 erant,
1453 2267 1481 2317 ct
1503 2261 1539 2322 od
1559 2259 1765 2333 obseruationes

121 2348 925 2427 mateetcredehantetagebantadcontemptumcrcato-
967 2351 1198 2421 legiscogebunt:
1216 2348 1764 2420 cuperantenimeiscredere,tanquom

123 2436 171 2495 πίε
190 2437 269 2497 Unde
283 2438 352 2499 dicit
365 2438 401 2497 ad
416 2439 595 2499 Timotheum
613 2458 617 2491 :
636 2442 689 2495 dcc
706 2444 779 2497 cnon
792 2444 868 2509 josto
883 2444 925 2495 lca·
968 2440 1071 2496 Paulus
1086 2440 1229 2512 apostolus
1252 2455 1308 2503 non
1334 2453 1399 2497 rere
1418 2437 1607 2509 praedicasset,
1629 2436 1703 2511 quod
1718 2452 1765 2503 eos

119 2530 211 2597 posito
221 2532 269 2592 est,
285 2529 330 2585 sed
342 2531 456 2597 injeceris
464 2535 488 2583 et
501 2533 571 2593 rirolc
586 2532 758 2589 certantibus
775 2531 797 2597 tl
812 2531 880 2584 Tira.
892 2536 922 2596 rt.
966 2529 1129 2597 circumcidi
1156 2528 1300 2588 noluisset.
1317 2528 1416 2595 tiber.)
1437 2527 1479 2587 dd
1504 2526 1617 2591 Galatas
1633 2526 1685 2586 hoc
1699 2542 1765 2599 pro-

122 2615 157 2679 ut
170 2615 282 2686 Moyses
293 2616 332 2673 sic
346 2617 457 2688 inquit:
474 2619 605 2678 diruentes
620 2621 726 2689 [arietis
742 2621 812 2685 lilios·
830 2621 921 2681 lar-acl.
966 2618 1058 2688 prium
1076 2617 1168 2682 babet,
1186 2617 1259 2689 quod
1282 2633 1338 2671 non
1364 2614 1460 2677 scribit
1484 2616 1519 2670 ad
1535 2631 1581 2673 eos
1600 2614 1648 2691 qui
1663 2631 1697 2683 ea
1715 2615 1764 2683 ,iu-

123 2703 192 2767 Iade
202 2710 232 2761 ct
247 2704 352 2767 liutara
368 2707 411 2761 rel
421 2707 468 2775 qui
485 2723 532 2765 eos
542 2705 749 2771 subnectebant,
771 2707 862 2765 adbuc
877 2723 922 2767 er·
965 2707 1031 2764 dats
1047 2707 1076 2767 io
1092 2705 1428 2772 Christumcrediderant,
1441 2710 1470 2763 et
1485 2712 1618 2775 paternas
1628 2702 1766 2774 putabant

122 2793 195 2853 roais
208 2793 313 2859 aetolo
324 2800 484 2857 contectum
499 2811 547 2851 cur
566 2795 709 2859 trahentes.
734 2812 788 2857 iton
805 2804 923 2865 (torpunt
964 2797 1146 2855 carentomus
1157 2795 1353 2865 observandas,
1369 2795 1417 2850 sed
1429 2794 1464 2851 ad
1480 2811 1528 2847 eos
1538 2793 1624 2867 quiex
1634 2791 1765 2867 gentibus

120 2883 795 2959 sensomlsateproprieteinteroaeteradicentis:
811 2885 922 2943 lcitum
966 2885 1049 2948 deletu
1070 2884 1213 2956 Evangelii
1229 2890 1404 2957 receperant,
1426 2889 1455 2944 ot
1466 2899 1577 2939 rursum
1595 2887 1672 2943 retro
1682 2882 1763 2954 lapsi,

121 2973 196 3027 enim
211 2987 408 3027 consmmnous
419 2978 442 3026 et
458 2974 583 3031 diarium
597 2976 626 3026 in
641 2976 775 3042 ecaritate,
789 2976 855 3045 occia
866 2954 954 3029 rer-C
965 2975 1150 3044 quorumdam
1164 2974 1278 3035 lucrant
1297 2972 1465 3035 anctoritate
1481 2971 1618 3039 deterriti,
1635 2987 1764 3033 asseren-

121 3060 352 3119 &praeceptalem
362 3062 443 3127 [uriel
452 3062 675 3131 Douriunssupcr
690 3067 793 3121 terrum
804 3064 868 3128 tlsu.
882 3070 921 3129 a).
964 3062 1035 3119 tiurn
1052 3062 1166 3121 Petrum
1182 3077 1293 3135 quoque
1318 3066 1347 3119 et
1361 3060 1505 3125 iacobum,
1524 3065 1552 3119 et
1574 3059 1765 3123 teusindae

121 3148 150 3209 si
161 3163 231 3217 ergo
249 3148 306 3204 lraec
330 3147 404 3206 dicto
426 3149 624 3221 intelligerent,
637 3168 654 3213 a
669 3151 730 3225 lego
750 3150 921 3217 recederent,
965 3150 1102 3211 Ecclesiae
1114 3151 1295 3222 Evangelium
1322 3149 1425 3205 Christi
1450 3165 1514 3207 curn
1533 3149 1594 3223 lege
1606 3148 1694 3209 reteri
1708 3148 1762 3217 oti·

120 3236 245 3301 scientes
255 3253 272 3303 a
281 3237 478 3314 praedicatione
487 3238 500 3291 J
504 3238 603 3297 oannis
615 3238 748 3315 Baptistae
764 3239 855 3305 legem
862 3241 922 3311 jam
964 3240 1068 3299 scuisse
1082 3258 1088 3292 ε
1100 3240 1190 3312 ipsum
1202 3240 1288 3299 etiam
1299 3239 1418 3297 Paulum
1426 3238 1503 3303 atiud
1515 3239 1544 3295 in
1553 3237 1650 3294 ledea
1661 3238 1762 3307 iacere,

124 3340 246 3393 cessare,
268 3331 300 3384 ut
320 3325 380 3385 soto
399 3326 467 3385 sides
491 3326 613 3389 salttum
627 3327 662 3389 ad
688 3327 808 3387 salutern
822 3327 922 3393 abbre·
964 3329 1039 3389 aliud
1056 3328 1215 3385 nationibus
1226 3329 1377 3400 praedicare
1394 3346 1398 3380 :
1418 3333 1446 3382 et
1460 3327 1566 3383 frustra
1581 3343 1629 3383 eos
1644 3327 1673 3393 in
1688 3327 1759 3387 Ciu·

123 3413 201 3483 tiata
214 3414 329 3487 exlege.
345 3415 378 3485 tn
389 3415 449 3485 lege
459 3415 535 3476 enim
552 3420 580 3469 et
594 3415 628 3475 de
642 3416 700 3473 Doo
709 3417 923 3483 Patre,etCttri-
964 3419 1076 3473 cidxurn
1087 3418 1211 3479 credero,
1231 3418 1254 3470 si
1280 3417 1307 3471 id
1324 3416 1523 3488 negligendum
1538 3421 1675 3490 putarent
1688 3415 1764 3491 qood

120 3508 164 3559 sto
175 3502 247 3565 Filio
262 3504 332 3579 ojus,
342 3504 526 3575 etdeSpiritu
536 3512 632 3563 sancta
641 3505 809 3569 continetur.
829 3508 921 3575 totae.)
964 3509 1153 3581 apostolorum
1175 3507 1303 3579 princeps
1327 3506 1496 3565 observaret.
1514 3505 1703 3580 Quamobrem
1723 3505 1763 3561 ita

121 3592 216 3655 Causa
231 3598 346 3662 propter
361 3608 445 3671 poam
459 3593 571 3671 scripsit
588 3595 739 3665 Apostolus
755 3595 790 3660 od
807 3595 921 3657 Galatas
963 3604 1045 3655 ceute
1065 3596 1140 3650 inter
1164 3600 1315 3669 utrumque.
1345 3601 1374 3650 et
1398 3594 1506 3651 inedias
1530 3594 1645 3658 incedit,
1662 3599 1695 3661 ut
1713 3610 1763 3663 pec

120 3680 180 3745 trec
195 3686 249 3747 est,
265 3687 298 3739 ut
307 3680 466 3757 intelligant
482 3682 605 3751 gratiam
616 3683 665 3743 Ilei
678 3683 705 3737 id
721 3700 815 3745 secum
826 3700 919 3755 tmere,
963 3685 1105 3753 Erartgelii
1126 3685 1227 3757 prodat
1247 3685 1379 3755 gratiaco,
1404 3700 1516 3756 pressus¹
1531 3681 1655 3759 pondere
1670 3687 1700 3743 et
1713 3698 1763 3741 au-

121 3780 153 3839 ut
164 3768 289 3839 sublege
300 3771 361 3847 jam
377 3786 432 3835 oon
453 3770 518 3829 sint.
537 3772 607 3837 Cum
625 3771 701 3833 euim
716 3771 867 3849 praedicata
881 3772 921 3825 eis
963 3773 1093 3833 ctoritate
1115 3773 1264 3845 majorum,
1282 3789 1331 3833 uec
1353 3770 1568 3842 precessoribus
1583 3769 1761 3846 iacietiuitl·

119 3864 194 3919 esset
217 3857 360 3932 Evangelii
376 3859 478 3933 gratia,
508 3876 563 3919 noa
587 3858 737 3921 (latuerunt
757 3860 872 3937 quidam
888 3878 920 3919 ex
964 3863 1044 3927 ciant,
1061 3862 1127 3923 ilum
1138 3868 1261 3927 assertor
1276 3869 1320 3915 est
1327 3859 1439 3932 gratiae,
1452 3859 1565 3931 oblique
1574 3859 1761 3935 reroetquesi

118 3947 343 4015 circumcisione,
360 3948 645 4025 quarorisChristioni
657 3949 780 4013 nominc,
796 3950 920 4006 nondum
963 3968 1012 4021 pier
1027 3950 1171 4016 cuniculos
1184 3950 1306 4011 latenter
1321 3948 1461 4015 incedens.
1477 3955 1510 4003 ut
1533 3949 1648 4005 Petrum
1664 3947 1763 4013 (100th

118 4043 215 4095 emen
231 4042 360 4097 tenentes
375 4036 467 4116 ipsum
480 4037 579 4109 graue
591 4036 768 4107 booeticium,
786 4043 815 4093 et
830 4038 920 4103 adbuc
963 4057 1012 4110 pro
1022 4038 1226 4099 conimismsibi
1237 4037 1459 4105 circumcisionis
1476 4037 1556 4108 plebe
1566 4037 1669 4109 lacere,
1680 4035 1761 4105 asab

118 4125 245 4184 colentes
255 4140 315 4187 estc
330 4123 381 4180 suh
396 4124 527 4189 oneribus
538 4126 618 4197 legis,
628 4143 689 4204 qum
701 4127 839 4191 Dominus
847 4128 921 4187 Deus
961 4130 1078 4201 antiquo
1093 4134 1210 4202 repente
1225 4128 1335 4187 risendi
1347 4143 1425 4187 rnorc
1434 4126 1600 4192 desciscens,
1609 4128 1638 4183 in
1649 4142 1760 4194 crucem

119 4214 306 4285 imposuerat,
317 4228 374 4276 non
382 4213 500 4283 justitie
510 4214 705 4279 servientibus,
722 4216 770 4272 sed
788 4222 917 4287 peccato:
962 4218 1148 4276 secundulizata
1165 4234 1219 4275 non
1230 4218 1367 4283 crederet,
1383 4222 1414 4271 et
1425 4215 1479 4270 sibi
1488 4216 1760 4289 praedieationegen-

115 4303 227 4375 iustam
240 4301 347 4363 scilieet
359 4302 449 4376 tegent
464 4302 578 4375 iniustis
599 4303 758 4367 hominihus
777 4305 869 4367 stando
885 4307 919 4359 ed
929 4273 952 4330 D
962 4307 1034 4365 tium
1048 4306 1164 4371 ‹tr-alita,
1180 4323 1292 4380 aquom
1303 4323 1364 4362 esse
1378 4305 1406 4358 id
1415 4305 1588 4381 proceritate
1598 4302 1758 4363 defendere,
1835 4286 1839 4299 ’

118 4391 340 4463 demonstranda
352 4395 466 4463 peccota
481 4408 590 4455 eorum,
605 4410 660 4446 nnn
678 4392 840 4451 auferenda.
858 4395 919 4455 Non
963 4397 1038 4467 quod
1052 4396 1124 4457 nlius
1134 4412 1183 4465 pro
1198 4395 1409 4470 disponsatione
1423 4393 1585 4455 simularet;
1605 4392 1704 4448 etideo
1720 4392 1759 4446 sic

119 4480 196 4545 euim
209 4477 319 4543 emeret
329 4484 444 4555 peccato
452 4480 506 4542 nisi
524 4481 617 4553 gratie
632 4481 697 4537 fidoi
709 4499 771 4558 quoe
786 4500 836 4555 per·
849 4482 919 4549 dilc-
962 4486 1058 4557 carpit:
1069 4486 1232 4553 senemaud
1238 4487 1277 4536 sic
1287 4490 1342 4543 terit
1353 4486 1404 4536 cilo
1415 4482 1623 4546 transferimini
1630 4481 1664 4533 ab
1672 4496 1701 4535 co
1711 4482 1760 4548 ptri

118 4569 242 4632 monem
256 4574 399 4638 operatur.
417 4567 473 4630 Sub
488 4569 538 4631 nac
552 4586 618 4643 ergo
629 4570 721 4641 gratio
730 4573 791 4642 jam
806 4572 920 4627 Golatsrs
963 4590 1006 4628 cos
1023 4576 1123 4629 riccard
1135 4575 1290 4641 inglorium
1305 4571 1418 4640 t'lirlstc',
1435 4573 1465 4624 in
1474 4569 1556 4627 alind
1565 4568 1756 4637 Ecoreoclr'um.

117 4658 288 4725 mosomus
306 4656 346 4715 iili
365 4657 495 4727 volebant
513 4658 683 4721 constituere
708 4660 759 4715 suh
789 4660 921 4723 oneribus
964 4664 991 4730 tt
998 4662 1115 4729 naillac
1125 4676 1192 4733 ergo
1207 4659 1320 4717 exordio
1330 4675 1422 4721 causae
1437 4656 1620 4729 quesucncm
1635 4655 1756 4715 breviter

118 4746 198 4825 tegis,
205 4751 399 4807 secernentes
409 4746 479 4806 nihil
491 4747 530 4801 eis
541 4748 672 4823 prodesse
680 4749 918 4821 Eramgeliornnisi
963 4750 1122 4815 insinuarit,
1133 4763 1295 4822 quanquam
1308 4752 1337 4801 et
1351 4747 1413 4819 ipse
1426 4745 1606 4813 elendona,
1617 4761 1683 4809 com
1691 4745 1759 4811 dicit

117 4835 398 4903 annuntiarentur,
413 4843 442 4890 et
455 4842 570 4897 caeteras
580 4838 708 4900 carnales
722 4837 829 4897 ,ludoici
847 4839 917 4901 ritus
960 4837 1158 4909 coapostolum
1171 4857 1184 4888 o
1205 4852 1261 4893 non
1276 4835 1311 4893 ab
1320 4835 1481 4894 horninibus
1496 4851 1588 4911 neque
1602 4852 1653 4913 per
1665 4834 1757 4903 boroi-

117 4924 328 4987 ommonem
342 4923 485 4991 subitesslt
499 4931 527 4982 el
541 4925 603 4981 ideo
626 4926 743 4987 cautum
759 4928 916 4997 apostolum
960 4944 1034 4992 nent,
1049 4926 1147 4997 equod
1158 4926 1186 4981 in
1196 4925 1274 4983 nulla
1283 4925 1338 4979 alia
1353 4924 1478 5000 Epistola
1488 4924 1592 4979 dixisse
1605 4923 1756 4986 inuenitur,

116 5021 280 5092 suspectum
296 5012 400 5078 habere
415 5019 558 5092 coeperant
572 5031 654 5085 aquo
666 5015 721 5074 illis
736 5016 916 5088 Ercutgeliom
959 5017 1027 5081 sotis
1041 5015 1172 5076 ostendit,
1189 5019 1219 5069 ot
1237 5014 1299 5076 ilios
1314 5014 1362 5089 qui
1385 5013 1454 5071 talio
1469 5011 1684 5087 persuadebant,
1701 5027 1756 5079 oon

116 5102 302 5179 predicatum
318 5106 388 5175 erat,
407 5108 542 5171 tanquam
562 5120 617 5162 amr
632 5110 777 5161 mirantem
792 5104 916 5180 discipli·
958 5122 1018 5165 esse
1034 5123 1052 5160 o
1068 5106 1136 5169 Deo,
1152 5104 1202 5159 scd
1220 5102 1256 5159 ab
1270 5103 1441 5169 tremoribus.
1461 5107 1490 5157 et
1503 5101 1612 5165 ceteris
1625 5098 1757 5175 apostolis

117 5207 183 5255 bato
197 5197 365 5254 ceterorum
381 5190 581 5270 apostolorum,
598 5193 646 5262 qui
665 5200 765 5264 gemm
779 5193 917 5265 cogebant
959 5200 1096 5264 quantum
1111 5194 1146 5249 ad
1155 5193 1351 5249 auctoritatem
1363 5190 1519 5257 tednnoaii
1528 5189 1687 5261 evangelici
1696 5207 1757 5267 per-

112 5280 270 5355 iudaizare.
284 5280 414 5341 Cesserat
423 5279 499 5337 ocrim
513 5280 613 5341 talium
620 5281 767 5345 bominum
777 5282 917 5341 scandalis
959 5283 1040 5341 tinet,
1060 5283 1196 5353 imparem
1210 5299 1240 5337 se
1254 5281 1354 5337 haberi
1366 5297 1425 5335 noo
1433 5285 1575 5351 oportere,
1582 5280 1758 5357 quandoqui-

115 5369 262 5445 aposolus
280 5369 391 5433 Petrus,
408 5375 437 5423 et
451 5369 481 5440 in
499 5369 707 5443 desolationem
731 5371 831 5431 ductus
846 5378 915 5436 erat,
961 5372 1024 5427 dero
1040 5388 1096 5426 non
1116 5371 1150 5428 ab
1175 5370 1336 5440 horninibus
1360 5385 1450 5441 neque
1474 5385 1524 5439 per
1537 5369 1693 5435 commen,
1708 5369 1756 5425 sed

115 5466 256 5535 mquam
265 5462 294 5519 et
305 5456 363 5527 ipse
378 5457 431 5517 ltoc
452 5457 570 5517 sentiret
590 5459 659 5515 nibil
678 5460 809 5533 prodesse
824 5461 916 5531 genti·
961 5477 1011 5533 per
1025 5462 1121 5515 lesum
1132 5461 1276 5519 Christum
1290 5466 1318 5515 et
1333 5458 1425 5517 neum
1438 5457 1549 5519 Patrem
1560 5474 1591 5513 se
1601 5457 1758 5531 apostatum

117 5542 169 5623 titt
183 5544 372 5627 §emebant
386 5544 441 5618 uiti
460 5562 546 5609 eume
560 5547 630 5627 tegis
644 5548 804 5623 implerent.
820 5552 844 5611 d
864 5566 920 5623 qua
963 5550 1079 5609 noverit.
1098 5549 1214 5624 simula
1227 5548 1313 5625 igitur
1333 5545 1370 5603 ab
1390 5545 1451 5623 ipso
1466 5547 1595 5623 Epistola
1610 5543 1757 5615 restituto.
