3772 6120
118 271 187 332 vasa
415 266 446 321 a.
468 263 604 321 ansam
622 261 739 319 naum
757 260 926 317 memor.
946 260 1109 318 nocam.
1130 241 1391 317 centaureae
1409 258 1462 316 111.
1687 252 1756 316 etse

117 395 242 454 nominis
251 393 366 466 pollent,
382 395 415 444 ut
427 387 499 443 bene
513 388 624 459 incepta
638 386 684 458 pio
694 391 724 440 et
738 385 859 441 discreto
869 400 914 440 co·
922 396 946 454 A
957 391 1053 441 ruunt.
1070 384 1156 450 Quasi
1171 401 1238 455 ergo
1248 389 1345 456 aperte
1358 382 1464 438 seriens
1477 381 1561 438 hasta
1575 381 1713 454 estculpa
1723 381 1756 436 de

116 484 230 543 namins
242 481 278 536 ad
290 480 396 535 bonum
412 479 497 532 linem
512 477 678 549 perducant.
959 475 1034 542 vitio,
1051 480 1080 530 et
1096 474 1176 546 quasi
1193 491 1223 528 ax
1238 473 1346 528 occulto
1360 473 1512 527 vulnerans
1525 472 1561 527 de
1572 471 1756 544 pharetram·

156 572 348 641 Temperantia
364 568 467 640 quippe
479 565 694 637 quartaspecies
704 563 815 619 virtutis
825 568 919 618 astra·
958 565 1031 636 gitta
1043 571 1094 628 est,
1111 565 1195 636 culpa
1213 564 1247 618 de
1261 562 1373 616 virtute.
1391 561 1446 616 Sed
1465 568 1630 616 sanctorum
1645 560 1756 632 provide

116 660 260 719 tionabilis
275 659 304 714 in
329 656 484 720 libidinem,
501 661 586 727 atque
611 655 640 708 in
664 654 735 708 alios
756 669 812 707 uon
827 658 919 707 rectos
959 653 1089 708 discretio
1112 653 1179 707 dum
1194 651 1313 707 sollicite
1336 651 1555 722 circumquaque
1570 649 1716 721 conspicit,
1730 650 1756 704 in

119 750 207 806 animi
223 750 306 803 strena
320 754 349 801 et
363 746 511 800 moderata
529 742 703 798 dominatio:
720 743 837 814 ejusque
853 757 918 813 par·
960 745 1048 798 altum
1060 741 1153 815 posita
1167 741 1329 813 priusquam
1350 739 1446 794 veniat
1464 739 1549 810 culpa
1568 738 1758 810 deprehendit,

117 846 160 896 tes
174 843 242 893 sunt
253 837 435 897 coritioentia,
450 835 606 895 attinentia,
622 833 763 886 enodeetia.
772 833 919 885 Continen-
960 848 1078 903 caroque
1092 847 1148 902 quo
1159 830 1307 901 vigilanter
1319 827 1758 900 prenotateolortiterdeclinat.

119 930 160 983 tia
171 926 247 983 enim
262 931 306 979 est
319 941 370 996 per
384 939 468 994 quam
479 921 571 976 omnis
579 921 654 974 mala
664 919 802 991 cupiditas
818 935 921 989 magna
961 921 1055 975 Primo
1074 920 1150 974 enim
1174 919 1282 975 militia
1297 918 1400 972 Christi
1425 916 1637 988 providendum
1653 923 1705 982 est,
1728 933 1759 972 nc

118 1015 227 1072 consilii
238 1013 441 1085 gubernatione
452 1010 559 1081 regitur
574 1015 602 1063 et
612 1008 789 1080 deprimitur.
800 1008 921 1063 Oteneea·
961 1010 1035 1065 mala
1048 1008 1178 1080 quelibet
1192 1012 1276 1079 agat:
1293 1007 1415 1061 secundo
1437 1022 1504 1060 vero
1517 1006 1581 1060 loco
1596 1005 1756 1069 consideret,

120 1108 161 1161 tia
170 1110 223 1165 est,
235 1119 285 1174 per
294 1119 378 1173 quam
386 1099 483 1172 jurgia
497 1106 526 1154 et
535 1098 600 1153 odia
610 1097 671 1153 miti
686 1097 780 1151 animo
795 1096 920 1151 retinen·
961 1116 996 1154 ne
1010 1097 1084 1153 bona
1093 1098 1205 1152 incaute
1222 1096 1315 1161 saciat,
1329 1102 1359 1150 et
1375 1101 1525 1166 postquam
1541 1110 1630 1166 prava
1640 1092 1758 1164 subjece-

119 1200 176 1249 tur.
200 1193 330 1247 Modestia
342 1197 394 1251 est,
414 1205 465 1260 per
479 1204 563 1260 quam
580 1186 666 1242 totius
684 1186 746 1241 vitre
757 1186 857 1241 modus
871 1200 921 1240 seu
962 1188 1008 1254 rit,
1025 1188 1085 1259 ipsa
1109 1186 1195 1241 etiam
1220 1185 1274 1239 sibi
1293 1184 1431 1255 subjicere
1446 1189 1524 1239 recta
1543 1182 1714 1237 contendat:
1727 1199 1757 1238 ae

88 1322 93 1340 .
120 1280 208 1338 animi
222 1297 272 1335 seu
288 1279 316 1335 in
331 1277 455 1349 corporis
474 1276 597 1331 motibus
610 1275 713 1346 ubique
728 1273 840 1329 honesti
853 1289 922 1329 cura
961 1277 985 1331 si
1008 1275 1109 1331 mentis
1130 1273 1287 1329 dominium
1309 1278 1466 1338 transeunt,
1484 1275 1514 1328 in
1534 1272 1671 1328 elationis
1684 1272 1758 1346 culpa

121 1373 257 1426 servatur.
275 1369 372 1422 Honor
386 1365 504 1420 eximius
521 1371 564 1420 est
577 1380 673 1419 coram
689 1362 848 1418 hominibus
863 1363 921 1418 haec
961 1371 1117 1420 vertantur.
1128 1363 1200 1428 Quia
1209 1363 1295 1429 enim,
1307 1363 1380 1417 sicut
1389 1361 1698 1434 superiusdictumest,
1708 1363 1757 1434 ple·

120 1458 254 1521 servanti,
272 1463 301 1512 et
310 1457 372 1510 laus
385 1455 459 1526 apud
473 1454 573 1508 Deum.
590 1453 768 1524 Quapropter
776 1451 849 1506 bono
859 1458 920 1506 stu·
962 1471 1081 1526 rumque
1091 1470 1123 1507 ex
1134 1452 1213 1506 bonis
1220 1452 1390 1524 perincuria
1402 1451 1502 1506 vitium
1509 1451 1588 1505 mala
1599 1456 1755 1513 nascuntur,

121 1548 167 1604 dio
183 1546 272 1618 cipio
297 1544 391 1600 labore
409 1542 620 1606 contendamus,
640 1547 674 1596 ut
688 1542 747 1595 hac
770 1539 921 1595 observatr-
960 1543 1087 1614 vigilanti
1101 1541 1193 1597 studio
1203 1542 1419 1611 contemplatur,
1433 1541 1577 1611 quomodo
1591 1556 1626 1594 ex
1641 1539 1758 1594 doctrina

120 1643 165 1691 tes
179 1635 264 1706 digne
278 1632 383 1688 Christi
399 1631 544 1686 servitium
559 1647 686 1701 agarum,
704 1637 733 1684 et
746 1629 877 1695 maxime,
889 1634 922 1683 ut
962 1631 1132 1703 arrogantia,
1149 1647 1182 1684 ex
1195 1629 1307 1701 justitia
1325 1629 1487 1694 crudelitas,
1501 1646 1536 1683 ex
1551 1629 1660 1700 pietate
1673 1628 1759 1683 remia·

123 1725 152 1779 in
163 1722 362 1794 viajustitirect
372 1719 694 1775 veritatisamlmlemus:
710 1717 921 1790 quiascriptum
931 1716 1014 1786 Bsio,
1039 1738 1072 1775 cx
1094 1720 1152 1775 zelo
1168 1720 1219 1784 ira,
1245 1735 1277 1773 ex
1299 1718 1516 1772 mansuetudine
1533 1723 1636 1789 torpor
1649 1716 1756 1772 oriatur.

122 1818 179 1869 est:
194 1832 206 1863 a
219 1813 316 1866 Justus
335 1809 471 1865 Dominus
485 1815 514 1863 et
521 1807 661 1880 justitiam
681 1807 787 1865 dilexit.
804 1806 922 1878 equita·
964 1811 1091 1881 Cumque
1114 1808 1187 1863 bona
1201 1808 1259 1862 haec
1273 1807 1351 1878 agit?
1369 1806 1444 1878 quod
1454 1811 1596 1861 contrase
1612 1806 1705 1861 hostes
1716 1822 1758 1878 per

122 1907 181 1956 tem
195 1900 364 1955 viditvultus
374 1899 435 1969 ejus
446 1900 516 1968 (Pro.
527 1913 554 1963 x,
567 1896 633 1967 7).»
651 1897 685 1951 Et
701 1895 788 1950 alibi:
806 1915 818 1946 ι
835 1894 923 1950 lusti·
963 1901 1036 1955 hane
1049 1914 1198 1968 exsurgere
1211 1897 1323 1951 valeant
1337 1895 1481 1966 conspicit.
1494 1896 1569 1950 Nam
1585 1912 1652 1950 cum
1667 1895 1758 1966 adipis·

121 1989 162 2045 tia
176 1988 305 2043 liberavit
318 2004 336 2041 a
349 1991 440 2041 morte
456 1988 545 2045 (Proo.
562 2002 588 2050 x,
600 1984 639 2055 2).
657 2002 671 2037 ι
688 1985 722 2040 Et
736 1985 819 2039 item:
837 2003 851 2036 a
868 1982 923 2048 Qui
963 1987 1059 2043 condis
1073 1986 1207 2042 doctrine
1221 1984 1322 2040 studiis
1331 1984 1465 2050 elaborat,
1479 1991 1608 2039 mentem
1618 1984 1756 2039 sollicitam

125 2077 254 2148 sequitur
264 2075 405 2146 Justitiam
421 2079 449 2128 et
463 2074 621 2140 veritatem,
642 2072 766 2128 inveniet
780 2073 876 2137 vitam,
894 2077 923 2127 et
963 2082 1062 2131 contra
1075 2083 1218 2130 certamen
1236 2072 1404 2145 arrogantiae
1416 2078 1566 2145 praeparat.
1584 2074 1658 2128 Cum
1672 2073 1756 2143 culpae

120 2166 272 2237 iustitiam,
289 2170 316 2218 et
327 2164 456 2234 gloriam.
469 2162 630 2218 »Habemus
644 2162 812 2232 ergoadhoc
821 2161 922 2215 ionem
963 2164 1186 2236 delinquentium
1199 2164 1275 2234 juste
1291 2161 1386 2216 ulcisci
1400 2162 1545 2216 desiderat
1560 2179 1566 2214 τ
1587 2161 1755 2232 sagacissime

123 2256 291 2326 adjutorem,
308 2260 336 2307 et
350 2252 428 2324 pium
442 2256 640 2323 protectorem,
656 2250 839 2306 Mediatorem
848 2249 922 2305 vide·
963 2254 1050 2308 evitat
1063 2270 1098 2307 ne
1108 2252 1223 2306 modum
1234 2251 1353 2322 justitia
1360 2250 1512 2305 crudelitas
1526 2250 1659 2306 vindictae
1671 2258 1753 2305 uane-

123 2344 188 2399 licct
198 2343 248 2398 Dei
263 2348 292 2397 et
306 2341 463 2407 hominum,
480 2341 515 2395 de
530 2357 586 2411 quo
599 2340 789 2412 scriptumest
805 2357 851 2393 :a
866 2338 921 2393 Ve-
963 2343 1072 2397 cendat.
1085 2342 1156 2396 Cum
1167 2339 1271 2413 pietate
1285 2339 1396 2394 frenare
1408 2356 1437 2393 se
1452 2338 1563 2403 nititur,
1574 2339 1693 2394 solerter
1699 2354 1753 2411 pro·

123 2431 193 2486 ritas
206 2431 241 2484 dc
255 2435 333 2485 terra
346 2435 409 2484 orta
424 2434 476 2495 est,
490 2434 519 2483 et
529 2428 643 2500 justitia
655 2428 690 2482 de
700 2429 770 2482 coelo
781 2426 923 2499 prospexit
962 2432 1062 2504 spiciat
1071 2448 1106 2485 ne
1115 2447 1170 2503 qua
1181 2429 1333 2501 discipline
1342 2429 1527 2484 dissolutione
1536 2429 1675 2485 vincatur.
1691 2429 1750 2483 cum

125 2523 176 2587 (Pe.
194 2537 299 2585 cxxxiv,
316 2517 373 2586 tt).
392 2538 405 2570 a
422 2518 601 2589 Quapropter
614 2517 644 2572 in
659 2517 736 2571 nullo
750 2516 920 2581 diffidamus,
962 2520 1032 2576 recti
1055 2519 1106 2575 zeli
1128 2519 1257 2574 stimulos
1281 2518 1392 2583 excitat,
1419 2534 1604 2590 summopere
1627 2517 1747 2589 providet,

124 2609 194 2663 nihil
213 2609 404 2679 desperemus,
424 2606 516 2660 sedin
531 2606 610 2660 illum
630 2612 718 2661 totam
732 2620 810 2677 spem
825 2603 923 2659 salutis
964 2627 1000 2666 ne
1012 2610 1161 2682 plusquam
1176 2623 1289 2663 necesse
1304 2613 1348 2662 est
1365 2607 1414 2662 irae
1427 2624 1457 2661 se
1473 2608 1591 2661 flamma
1604 2606 1747 2664 succendet.

126 2703 229 2753 nostrie
248 2712 395 2767 portamus,
411 2695 526 2766 quiade
547 2711 580 2748 eo
594 2694 729 2766 scripturn
749 2699 792 2749 cst
809 2711 815 2747 :
833 2694 924 2748 elion
965 2700 1145 2769 Cummagna
1158 2696 1382 2751 mansuetudinis
1395 2696 1603 2767 tranquillitate
1617 2712 1648 2750 se
1660 2702 1746 2767 tempe·

126 2786 304 2856 derelinquet
313 2801 411 2838 omnes
420 2784 590 2856 quisperant
600 2784 629 2838 in
640 2800 670 2838 se
681 2786 733 2845 vPs.
756 2798 853 2848 xxxru,
866 2779 921 2850 ιὶ3).
965 2794 1018 2853 rat,
1029 2787 1190 2858 vigilantem
1205 2785 1342 2850 observat,
1356 2801 1391 2839 ne
1405 2791 1521 2856 torpore
1535 2784 1674 2856 frigescat.
1688 2782 1745 2848 Qua

126 2874 160 2929 Et
171 2872 363 2928 misericordia
372 2874 433 2943 ejus
447 2888 464 2926 a
478 2871 611 2943 progenie
621 2872 651 2926 in
666 2870 924 2943 progeniestimen·
965 2893 1031 2948 ergo
1037 2875 1190 2948 spiritualis
1197 2873 1295 2928 militis
1302 2873 1563 2944 cogitationeomne
1571 2873 1667 2928 vitium
1673 2872 1743 2944 pria

126 2962 203 3018 tibus
211 2979 286 3017 curri.
304 2979 317 3014 ι
334 2961 384 3015 llis
394 2978 459 3015 vero
471 2961 512 3015 ita
520 2961 657 3015 veraciter
665 2959 858 3020 existentibus.
862 2961 923 3030 jam
964 2982 1049 3038 quam
1064 2964 1205 3035 surripere
1217 2963 1306 3035 possit
1322 2961 1466 3034 aspicitur,
1482 2968 1558 3017 recte
1577 2963 1613 3017 de
1623 2960 1741 3017 eodemit

128 3066 203 3106 nunc
215 3052 249 3104 de
264 3050 361 3105 fraude
376 3049 486 3120 antiqui
509 3049 598 3103 hostis
611 3054 640 3103 et
660 3049 818 3104 necessaria
830 3055 924 3103 vestra
964 3052 1034 3107 libro
1044 3054 1058 3108 J
1061 3052 1096 3107 ob
1104 3052 1242 3107 dicitur:·
1258 3051 1358 3106 Procul
1373 3050 1473 3105 odorat
1482 3050 1590 3106 bellum
1601 3053 1739 3119 (totana,

126 3139 237 3194 cautela
248 3145 347 3193 contra
361 3136 478 3192 iusidias
492 3138 553 3207 ejus
569 3136 718 3191 dicendum
734 3153 794 3191 esse
806 3135 924 3191 arbitra·
964 3139 1021 3209 25).
1037 3142 1216 3197 slnduamus
1226 3156 1276 3195 uos
1287 3139 1440 3195 secuudum
1450 3141 1619 3212 Apostolum
1628 3138 1740 3209 loricula

129 3229 324 3299 mur.0portet
332 3233 426 3280 autem
435 3241 664 3296 unumquemque
675 3224 924 3296 quiinChristiana
964 3229 1048 3285 stitia
1069 3234 1099 3283 et
1120 3230 1202 3300 galea
1216 3229 1325 3293 salutis,
1349 3227 1485 3282 habentes
1509 3234 1621 3283 scutum
1643 3225 1739 3290 fidedic

128 3316 229 3371 militia
238 3315 408 3370 constitutas
425 3319 477 3380 est,
494 3321 526 3369 ut
540 3320 622 3369 caute
637 3320 735 3368 contra
749 3313 858 3384 antiqui
871 3313 923 3367 ho·
965 3335 1020 3390 quo
1029 3318 1170 3390 possimus
1179 3318 1274 3372 omnia
1282 3317 1339 3371 tela
1345 3317 1510 3388 nequissimi
1522 3317 1604 3388 ignea
1610 3317 1740 3386 exstingue

126 3405 176 3459 stis
197 3403 352 3475 nequitiam
371 3403 511 3457 instanter
533 3401 658 3473 vigilent,
683 3419 718 3456 ne
733 3403 803 3456 sorte
817 3401 921 3457 dolosis
964 3423 1014 3461 re:
1030 3412 1058 3461 et
1079 3406 1206 3478 gladium
1231 3406 1370 3478 spiritum,
1395 3405 1470 3476 quod
1494 3411 1538 3460 cst
1559 3405 1671 3461 verbum
1694 3402 1737 3458 Ilei.
1779 3434 1783 3444 ·

126 3493 284 3549 fictionibus
295 3494 356 3564 ejus
370 3492 529 3559 reducatur,
549 3491 713 3563 quiahostis
723 3490 840 3546 callidus
854 3506 921 3545 oon·
962 3496 1162 3551 contineamus
1175 3511 1227 3550 nos
1241 3512 1258 3549 a
1279 3495 1372 3568 pravis
1390 3494 1557 3559 actionibus,
1575 3494 1738 3550 custodimus

123 3587 169 3637 tra
179 3583 323 3648 caelestem
331 3580 575 3656 militem-diversa
583 3579 796 3651 percussionum
806 3581 922 3634 vulnera
963 3599 993 3637 os
1008 3590 1136 3640 nostrum
1156 3601 1174 3638 a
1192 3584 1282 3639 noxiis
1305 3591 1335 3639 et
1355 3584 1453 3639 otiosis
1475 3585 1660 3651 sermonibus,
1678 3581 1738 3638 etsie

124 3671 282 3743 exquirens,
292 3671 375 3725 modo
383 3687 415 3724 ex
426 3671 560 3741 pharetra
567 3685 619 3742 per
625 3668 741 3724 insidias
747 3669 922 3740 eumsagitta
962 3688 1111 3729 caveamus
1126 3689 1161 3727 ne
1171 3673 1307 3728 laedamur
1321 3673 1430 3728 amalis
1440 3673 1664 3744 cogitationibus,
1674 3669 1738 3727 neri·

123 3760 261 3826 vulnerat,
278 3760 361 3814 modo
382 3765 448 3813 ante
476 3760 537 3830 ejus
562 3757 660 3813 faciem
681 3758 792 3812 hastam
805 3756 920 3812 vibrati
962 3761 1079 3816 ctoriam
1090 3778 1174 3833 quam
1183 3761 1380 3833 acquisivimus
1390 3779 1441 3834 per
1448 3763 1645 3831 constantiam,
1660 3760 1738 3834 perde·

124 3849 191 3921 quia
201 3849 331 3903 videlicet
345 3847 422 3914 vitia,
438 3854 467 3902 et
480 3848 537 3902 alia
549 3847 601 3902 sub
614 3847 750 3902 virtutum
760 3846 922 3919 speciecoa·
963 3867 1027 3905 mus
1037 3867 1088 3922 per
1096 3850 1225 3905 elationis
1239 3850 1406 3905 vecordiam.

123 3939 205 4010 tegit,
222 3943 251 3992 et
278 3938 335 3992 alia
348 3942 382 3991 ut
402 3941 470 3991 sunt
493 3942 592 4008 aperta
615 3937 676 4007 eJus
692 3935 780 3990 oculis
795 3934 920 4007 opponit.
1000 3939 1169 3994 Studeamus
1184 3955 1296 4011 quoque
1309 3940 1385 3994 utin
1403 3939 1534 3995 omnibus
1548 3937 1737 3996 adversitatibus

124 4026 178 4084 Ubi
192 4026 267 4080 enim
275 4025 413 4080 infirmari
421 4025 473 4080 Dei
484 4025 603 4079 militem
622 4024 766 4096 conspicit,
782 4024 923 4079 illicimu·
963 4044 1026 4099 quie
1040 4027 1120 4082 nobis
1137 4028 1291 4083 adveniunt
1306 4027 1472 4099 patientiam
1486 4025 1737 4100 servemus:quiaiu

123 4115 167 4170 dis
179 4114 319 4169 velamina
333 4130 389 4168 non
404 4113 533 4184 requirit.
549 4113 605 4170 Ubi
618 4118 713 4169 autem
725 4112 855 4167 resistere
868 4111 923 4167 sibi
962 4116 1041 4172 nulla
1054 4116 1151 4172 aliare
1165 4117 1266 4172 melius
1279 4117 1369 4172 hostis
1378 4123 1475 4172 noster
1486 4117 1617 4185 vincitur,
1633 4117 1678 4190 qui
1690 4129 1738 4188 quo

125 4203 228 4259 fortem
243 4202 412 4268 considerat,
429 4202 487 4257 illic
506 4207 605 4257 contra
626 4203 699 4258 vires
722 4202 819 4273 procul
837 4200 922 4257 dubio
963 4205 1032 4260 tidie
1043 4206 1182 4277 quomodo
1194 4222 1246 4260 nos
1256 4205 1355 4277 perdat
1366 4205 1554 4261 machinatur.
1567 4203 1736 4262 liternum

125 4294 204 4349 dolos
218 4297 315 4364 parat..
326 4293 398 4347 Nam
415 4308 478 4347 cum
492 4291 636 4346 intirmum
651 4291 812 4363 quempiam
822 4290 852 4345 in
864 4306 924 4345 car·
963 4293 1057 4349 minus
1066 4298 1180 4352 noster:
1197 4314 1209 4345 e
1221 4295 1253 4349 ln
1264 4293 1401 4366 patientia
1409 4299 1502 4349 vestra
1513 4294 1685 4367 possidebitis
1692 4288 1736 4346 ani·

124 4383 169 4438 ais
185 4381 314 4436 illecebra
324 4381 409 4447 videt,
421 4379 846 4452 apertespeciemcorporisquae
855 4342 1024 4437 con-Dmas
1048 4389 1156 4437 vestras
1176 4382 1253 4455 (luc.
1280 4399 1338 4448 xxi,
1354 4383 1439 4452 roi.»
1464 4383 1608 4439 Patientia
1625 4398 1684 4437 vero
1707 4381 1736 4432 est

123 4472 229 4544 cupisci
241 4471 333 4526 valeat
348 4471 410 4540 ejus
425 4469 569 4524 obtutibus
585 4468 690 4541 objicit.
709 4468 739 4523 Si
754 4473 849 4522 autem
864 4468 922 4523 for·
963 4470 1055 4526 aliena
1069 4472 1143 4528 mala
1157 4471 1353 4543 aequanimiter
1364 4472 1485 4544 perpeti:
1499 4478 1597 4528 contra
1606 4471 1735 4546 proximum

125 4567 200 4615 tasse
214 4559 337 4614 validum
360 4565 459 4613 contra
483 4558 631 4613 avaritiam
646 4557 744 4623 cernit,
761 4557 923 4629 importune
964 4577 1075 4632 quoque
1099 4561 1147 4633 qui
1171 4561 1246 4616 mala
1270 4560 1378 4632 irrogat
1401 4561 1479 4615 nullo
1509 4562 1606 4617 dolore
1628 4553 1733 4615 morderi·

125 4649 187 4719 ejus
200 4646 416 4718 cogitationibus
430 4646 648 4701 domesticorum
668 4662 784 4702 suorum
798 4644 923 4718 inopiam
964 4649 1113 4704 Sciendum
1133 4655 1228 4704 tamen
1251 4654 1294 4704 est
1320 4650 1393 4721 quod
1409 4649 1501 4704 tribus
1515 4649 1607 4706 modis
1625 4643 1734 4722 paena

124 4736 261 4808 suggerit,
278 4740 311 4791 ut
324 4736 391 4791 dum
409 4752 488 4790 mens
505 4735 540 4789 ad
556 4734 721 4807 provisionis
732 4750 828 4789 curam
843 4733 922 4806 quasi
964 4736 1087 4791 exerceri
1100 4736 1181 4790 solet.
1197 4736 1261 4791 Alia
1273 4752 1397 4808 namque
1419 4741 1495 4803 sunt,
1512 4752 1604 4808 quaea
1624 4737 1684 4800 Deo,
1696 4729 1735 4786 ilia

15 4854 21 4867 ·
125 4825 171 4898 pie
186 4824 317 4890 llectitur,
328 4825 444 4880 seducta
456 4824 554 4879 furtim
569 4824 598 4878 in
609 4839 704 4879 rerum
713 4822 821 4878 ambitu
828 4823 924 4895 inique
965 4841 1027 4897 qua
1041 4824 1076 4879 ab
1091 4824 1207 4896 antiquo
1216 4825 1385 4890 adversario,
1404 4825 1460 4880 alia
1472 4842 1535 4898 quae
1544 4826 1734 4898 aproximosur

126 4914 262 4987 rapiatur.
280 4914 359 4985 Saepe
374 4930 449 4968 enim
473 4913 658 4968 tentationem
673 4912 803 4984 proponit
813 4912 847 4966 de
859 4912 945 4991 libi-⁶
964 4913 1097 4969 tinemus.
1130 4916 1154 4968 ll
1183 4913 1309 4985 proximo
1335 4930 1458 4986 namque
1483 4914 1690 4987 persecutiones,
1713 4909 1732 4960 ti

124 5003 200 5067 dine,
225 5009 254 5058 et
280 5002 372 5057 subito
397 5001 604 5056 fraudulentius
632 5016 754 5064 cessans,
773 4999 923 5055 elationem
964 5003 1076 5068 damna,
1092 5009 1120 5057 et
1132 5003 1334 5070 contumelias;
1360 5001 1396 5056 ab
1412 5003 1530 5075 antiquo
1546 5004 1621 5060 enim
1634 5002 1733 5058 advene

124 5091 251 5163 suggerit
260 5090 295 5146 de
311 5096 421 5145 servata
435 5090 575 5144 castitate.
591 5089 626 5145 Et
640 5093 707 5143 sunt
722 5089 858 5153 nonnulli,
875 5088 923 5159 qui
964 5091 1007 5145 rio
1018 5085 1397 5158 tentamenta,aDeoautem
1407 5092 1520 5163 flagella
1532 5080 1731 5148 toleramusied

125 5180 193 5236 dum
209 5180 312 5236 multos
327 5196 359 5234 ex
374 5178 511 5234 castitatis
534 5194 598 5234 arca
622 5178 651 5233 in
665 5177 796 5232 elationis
814 5178 924 5233 foveam
964 5179 993 5235 in
1003 5178 1132 5235 omnibus
1141 5179 1232 5234 tribus
1247 5179 1291 5234 his
1308 5180 1398 5234 modis
1414 5178 1541 5251 vigilanti
1560 5182 1638 5237 oculo
1657 5176 1732 5234 send

126 5267 259 5325 cecidisse
267 5268 451 5341 conspiciunt,
467 5266 530 5323 vita
544 5283 602 5322 sue
615 5266 771 5322 custodiam
781 5266 924 5338 negligen·
964 5267 1053 5341 ipsam
1070 5268 1153 5325 debet
1175 5285 1255 5324 mens
1273 5268 1505 5340 circumspicere:
1521 5286 1557 5325 ae
1570 5276 1663 5325 contm
1679 5259 1733 5321 malt

126 5362 170 5411 tas
179 5355 208 5412 in
216 5357 425 5413 immunditiam
436 5355 923 5427 libidinisdemerguntur.Suntvero
964 5357 1083 5429 proximi
1093 5358 1273 5430 pertrahatur
1282 5357 1317 5412 ad
1329 5357 1547 5414 retributionem
1560 5358 1636 5423 mali,
1645 5373 1678 5413 aa
1689 5364 1733 5409 oct·

127 5460 144 5499 a
158 5444 267 5500 diverso
281 5436 420 5512 nonnulli,
435 5444 484 5516 qui
498 5445 566 5500 dum
577 5444 702 5499 libidinis
710 5443 923 5499 immunditiam
963 5451 1009 5500 tra
1021 5451 1190 5501 testamenta
1203 5446 1356 5501 adversarii
1371 5446 1525 5502 seducatur
1540 5448 1577 5504 ad
1598 5441 1734 5503 delectalit·

127 5530 240 5604 tugiam
248 5549 299 5606 per
310 5533 446 5590 castitatis
460 5533 572 5591 minen
584 5532 614 5589 ia
623 5533 786 5606 voraginem
791 5532 923 5590 aindoma
963 5548 1030 5590 nam
1043 5534 1087 5590 vel
1099 5550 1268 5593 eonsensum
1283 5535 1394 5601 delicti;
1410 5551 1447 5593 ae
1464 5542 1566 5594 coum
1578 5535 1682 5610 negaba
1691 5525 1734 5602 opi·
