3772 6120
195 274 256 333 liiii
497 272 527 326 Β.
549 266 685 326 RABthl
704 271 819 326 lthRl
845 266 1013 324 nactum.
1035 267 1196 324 MOGUNT.
1218 268 1366 325 OPERUM
1385 269 1477 325 PARS
1496 270 1546 325 lli.
1760 268 1822 328 liii

188 416 272 455 causa
288 398 454 454 meritorum
468 396 615 464 bonomm,
627 398 773 470 proemium
787 397 983 471 perfectorum,
994 397 1017 455 Α
1027 401 1112 457 amat,
1121 396 1168 466 qui
1179 396 1274 450 taliter
1283 403 1368 463 amat,
1381 397 1514 467 quoniam
1525 414 1582 452 non
1592 399 1633 453 illi
1643 403 1757 453 tanturn
1767 415 1824 470 pro-

188 489 217 545 in
231 487 352 561 peccatis
367 487 426 543 suis
440 493 566 542 mortuos
580 488 707 553 suscitat,
717 489 883 559 languentes
893 491 984 550 sanat,
1026 485 1093 539 ximi
1109 486 1196 540 nostri
1211 503 1271 540 esse
1291 486 1422 540 credendi
1443 494 1518 549 sunt,
1537 505 1608 559 quos
1623 487 1706 543 nobis
1724 487 1823 559 gradus

187 579 312 652 perditos
327 577 476 643 instaurat,
495 592 573 647 spem
588 577 743 648 desperatis
760 576 889 648 inspirat,
912 574 985 647 paci·
1026 574 1171 644 sanguinis
1186 575 1291 644 iungit,
1311 575 1358 628 sed
1378 575 1497 645 proximi
1513 576 1604 631 nostri
1619 594 1682 631 esse
1697 576 1821 653 credendi

187 668 254 722 ticat
270 671 388 732 mentes,
409 663 548 720 inhabitat
566 665 710 721 fructuosa
724 665 754 719 in
773 663 982 737 paenitentibus,
1025 668 1091 717 sunt
1104 679 1202 716 omnes
1217 663 1343 718 homines
1357 670 1464 719 naturae
1478 671 1592 733 nostrae,
1604 665 1681 720 sicut
1692 665 1822 738 dixi,par·

186 754 251 812 laeta
263 754 481 827 proficientibus,
498 754 620 825 gloriosa
632 755 662 809 in
676 753 928 826 perseverantibus,
945 752 984 805 vi·
1025 751 1132 823 ticipes.
1148 752 1161 806 J
1165 769 1210 806 am
1221 753 1244 806 si
1259 753 1430 824 propinquos
1442 760 1564 822 nostros,
1579 755 1712 826 quamvis
1726 755 1821 811 incom-

186 845 307 901 ctoriosa
321 844 350 899 in
361 843 543 916 martyribus
554 860 671 915 operosa
683 844 713 898 in
725 843 855 898 omnibus
870 840 984 896 omnino
1025 841 1140 911 positos,
1156 847 1252 913 turpes
1274 859 1307 896 ac
1327 844 1398 896 male
1419 834 1552 911 moratos,
1569 844 1725 916 plusquam
1744 861 1821 916 quos·

185 932 323 988 fidelibus.
334 933 423 998 Quam
439 932 508 987 sides
523 932 651 1003 concipit.
665 932 795 1003 adquam
808 947 871 1003 spes
884 929 981 990 currit,
1025 929 1093 984 libet
1113 938 1233 995 sanctos,
1250 948 1319 1002 quos
1338 949 1354 985 a
1378 932 1457 986 nobis
1477 933 1634 988 secundum
1660 934 1820 1003 sanguinem

185 1023 231 1077 cui
246 1022 385 1095 proiectus
400 1022 526 1076 omnium
544 1021 642 1088 servit,
656 1037 689 1075 ex
709 1037 765 1091 qua
785 1019 921 1091 quidquid
941 1024 984 1073 est
1023 1034 1163 1084 vocamus,
1176 1025 1322 1074 extraneos
1332 1019 1490 1090 diligamus,
1504 1037 1560 1075 non
1572 1022 1666 1075 solum
1677 1021 1821 1078 carnaliter

183 1111 250 1166 boni
269 1111 361 1184 operis
380 1110 456 1176 vivit,
478 1110 529 1165 sub
549 1126 606 1181 qua
623 1108 783 1164 obedientia
801 1109 908 1174 crescit,
932 1124 983 1179 per
1023 1107 1176 1178 diligimus,
1192 1109 1240 1162 sed
1259 1109 1344 1163 etiarn
1368 1109 1492 1180 graviter
1511 1110 1540 1165 in
1560 1109 1614 1164 tali
1634 1127 1737 1165 eorum
1756 1110 1819 1166 dilc-

185 1218 270 1272 quarn
285 1200 421 1272 patientia
432 1200 525 1265 vincit,
543 1204 753 1270 propterquam
768 1197 982 1252 carnaliahlan·
1023 1198 1114 1253 ctione
1133 1214 1291 1268 peccamus.
1309 1198 1427 1252 Proinde
1442 1199 1598 1253 secundum
1613 1216 1667 1254 nos
1687 1199 1820 1271 proximos

183 1289 307 1344 dimenta
321 1289 431 1344 devotio
445 1289 577 1359 religiosa
592 1287 755 1347 contemnit,
771 1287 831 1340 sine
847 1303 902 1358 qua
917 1285 981 1340 nul·
1023 1303 1120 1341 omnes
1143 1287 1269 1340 homines
1288 1286 1429 1355 diligimus
1443 1287 1555 1358 quando
1572 1289 1609 1342 ad
1629 1304 1727 1343 mores
1741 1287 1819 1343 bonos

184 1379 227 1434 lus
242 1379 299 1433 Deo
314 1379 427 1450 placuit,
439 1394 502 1433 cum
517 1393 573 1449 qua
587 1394 638 1432 nec
648 1375 740 1448 potuit
753 1375 854 1446 aliquis
866 1391 981 1446 peccare
1021 1375 1094 1430 etad
1109 1382 1243 1430 aternam
1253 1376 1338 1430 vitam
1353 1378 1589 1447 consequendam,
1601 1376 1766 1432 sicutnobis
1775 1392 1817 1432 eo·

181 1484 234 1523 nec
251 1468 363 1540 poterit.
385 1467 449 1521 Haec
464 1471 507 1520 est
519 1466 641 1520 charitas
658 1482 732 1529 vera,
749 1480 894 1535 germana,
916 1481 980 1535 per·
1020 1480 1083 1520 rum
1097 1465 1182 1519 saluti
1196 1465 1376 1525 consulimus,
1388 1466 1500 1536 quando
1510 1483 1562 1520 nos
1578 1484 1630 1537 pro
1647 1483 1747 1522 eorum
1758 1482 1817 1538 pec·

180 1557 263 1624 secta,
281 1573 365 1628 quam
379 1555 602 1610 excellentiorem
624 1554 697 1608 viam
716 1554 844 1608 nominat
867 1558 980 1608 sanctus
1020 1554 1089 1609 catis
1105 1571 1136 1609 ac
1151 1554 1283 1626 periculis
1302 1555 1467 1624 cogitamus,
1484 1561 1513 1610 et
1532 1556 1606 1611 sicut
1621 1554 1706 1611 nobis
1725 1556 1816 1611 subre-

181 1646 340 1717 Apostolus,
354 1650 382 1699 et
395 1661 459 1700 vere
471 1645 532 1716 ipsa
542 1650 585 1697 est
599 1643 644 1696 via
654 1659 715 1714 qum
730 1643 807 1697 ducit
820 1659 871 1714 per
881 1659 910 1696 sc
922 1658 979 1696 am·
1019 1643 1074 1698 niri
1090 1649 1260 1715 optaremus,
1277 1644 1317 1698 ita
1328 1645 1368 1698 eis
1383 1661 1432 1715 pro
1448 1645 1553 1699 viribus
1564 1645 1758 1713 subvenimus,
1773 1650 1816 1702 art

180 1734 310 1790 bulantes
324 1735 359 1788 ad
374 1734 504 1805 patriam,
517 1732 583 1804 quia
597 1733 669 1787 sicut
678 1731 738 1786 sinc
752 1732 796 1786 via
809 1732 903 1786 nullus
916 1733 1007 1802 per-B
1018 1732 1041 1787 si
1055 1733 1173 1788 facultas
1190 1732 1320 1798 defuerit,
1341 1734 1514 1788 voluntatem
1536 1733 1726 1789 subveniendi
1742 1741 1815 1790 tana·

134 1865 138 1870 .
180 1824 325 1895 venitque
340 1822 439 1888 tendit,
456 1822 497 1877 ita
514 1822 574 1876 sine
593 1821 740 1889 charitate,
758 1837 819 1892 qua·
840 1820 916 1876 dicta
935 1826 978 1876 est
1017 1823 1270 1893 musQuapropter
1279 1821 1337 1876 hac
1347 1828 1390 1875 est
1399 1821 1520 1893 proximi
1529 1823 1723 1889 totadilectio,
1735 1821 1815 1878 utbo-

179 1913 233 1980 via,
251 1929 307 1967 non
330 1910 474 1966 ambulare
493 1914 613 1983 possunt
630 1910 768 1976 homines,
785 1910 833 1964 sed
856 1926 975 1964 enare:
1017 1928 1085 1967 num
1101 1911 1174 1982 quod
1193 1911 1245 1965 tibi
1270 1911 1388 1966 conferri
1412 1911 1462 1977 via,
1483 1911 1551 1966 velis
1571 1918 1599 1967 et
1622 1913 1761 1984 proximo.
1775 1912 1814 1968 lili

179 2016 246 2072 ergo
261 2001 284 2056 si
297 2000 463 2056 charitatem
478 2000 536 2053 Deo
552 1999 732 2053 exhibeamus
751 2004 780 2053 et
800 1998 927 2069 proximo
942 1999 976 2052 de
1016 2017 1081 2055 vero
1090 2001 1154 2072 plus
1163 2016 1248 2071 quam
1260 2000 1523 2070 sediliguntDeum,
1533 2002 1582 2072 qui
1591 2018 1644 2073 pro
1656 2003 1719 2073 ejus
1726 2016 1814 2057 amore

178 2090 262 2145 corde
281 2106 352 2161 puro
371 2095 399 2145 et
416 2088 585 2144 conscientia
606 2086 689 2154 bona,
707 2092 735 2141 et
750 2088 805 2141 side
829 2104 884 2141 non
900 2087 974 2156 freta,
1017 2089 1330 2160 suaeadtempussaluti
1342 2106 1396 2143 non
1407 2090 1813 2162 parcunt,seipsostribulatio·

177 2179 257 2234 facile
276 2185 389 2251 peccato
412 2178 579 2245 resistimus,
600 2176 680 2232 bonis
705 2176 834 2231 omnibus
848 2174 974 2231 abunda·
1016 2177 1099 2233 nibus
1113 2194 1145 2232 ac
1158 2177 1288 2249 periculis
1303 2178 1427 2239 tradunt,
1441 2179 1542 2234 nudari
1559 2180 1744 2237 facultatibus
1756 2196 1812 2253 pro·

177 2285 250 2335 mus,
258 2265 770 2333 saeculiblandimentacontemnimus,
779 2271 808 2320 et
815 2265 975 2336 omniaque
1015 2267 1094 2339 prtia,
1110 2267 1208 2340 patriae
1223 2285 1279 2322 suae
1294 2274 1417 2322 extorres
1432 2268 1502 2333 sieri,
1520 2269 1689 2340 parentibus
1705 2276 1735 2325 et
1748 2286 1810 2326 uxo·

176 2356 302 2412 difficilia
317 2362 384 2411 sunt
403 2357 533 2411 humanae
549 2354 694 2427 fragilitati
708 2355 751 2409 vel
766 2370 874 2425 aspera,
889 2354 973 2411 etiarn
1016 2357 1093 2411 ribus
1103 2373 1135 2410 ac
1149 2357 1214 2410 tiliis
1227 2356 1285 2411 suis
1300 2357 1462 2412 renuntiare
1473 2357 1568 2428 parati
1582 2364 1661 2425 sunt,
1679 2365 1716 2427 ot,
1732 2365 1763 2415 ut
1774 2364 1809 2414 to·

176 2462 240 2502 cum
248 2445 433 2501 delectatione
442 2445 615 2517 perficimus:
628 2445 652 2500 si
660 2450 754 2499 tamen
761 2443 873 2498 Domini
885 2443 974 2498 chari·
1014 2451 1075 2500 tum
1089 2446 1189 2512 dicam,
1202 2444 1292 2516 ipsam
1308 2447 1431 2517 corporis
1441 2451 1563 2501 mortem
1579 2463 1639 2502 non
1654 2448 1745 2504 solum
1758 2464 1806 2504 non

174 2541 233 2590 tate
248 2535 380 2607 perfecta,
398 2551 460 2606 quas
477 2532 557 2588 nobis
572 2533 607 2588 ab
621 2534 670 2589 illo
684 2540 735 2598 est,
757 2551 790 2588 ex
804 2538 863 2587 toto
878 2533 970 2600 corde,
1014 2535 1166 2605 refugiunt,
1183 2533 1330 2589 sododem
1350 2535 1470 2589 libenter
1490 2535 1645 2608 excipiunt,
1661 2536 1806 2592 ambientes

175 2641 208 2679 ex
223 2630 283 2679 tota
306 2624 402 2679 anima
416 2630 445 2678 et
463 2641 496 2678 ex
510 2623 576 2677 totis
592 2622 698 2678 viribus
713 2623 873 2694 diligamus
891 2640 925 2677 ex
939 2638 973 2677 ea
1013 2641 1030 2679 a
1042 2623 1169 2694 corporis
1181 2623 1223 2678 sui
1238 2623 1295 2678 vita
1306 2624 1394 2694 magis
1405 2641 1489 2694 quam
1501 2641 1518 2678 a
1532 2625 1590 2680 Deo
1607 2626 1667 2680 vita
1679 2626 1742 2682 vitae
1756 2642 1803 2682 sua

175 2714 250 2769 enim
265 2719 345 2784 parte
360 2712 422 2784 quis
437 2718 542 2783 peccat,
554 2729 586 2766 ex
601 2728 657 2783 qua
670 2712 763 2767 minus
772 2712 864 2781 diligit
871 2713 969 2767 Deum.
1013 2713 1164 2767 discedere.
1180 2712 1236 2767 Iste
1249 2713 1337 2784 igitur
1348 2712 1428 2767 nohis
1442 2713 1600 2768 dilectionis
1616 2715 1687 2769 ordo
1700 2731 1802 2770 serran-

174 2801 264 2867 Quem
284 2802 307 2857 si
322 2819 355 2856 ex
368 2806 428 2855 toto
444 2801 527 2856 corde
548 2801 706 2872 diligamus,
726 2801 796 2855 nihil
816 2801 870 2855 erit
890 2799 971 2855 nobis
1012 2802 1064 2857 dus
1086 2807 1138 2865 est,
1153 2803 1233 2872 juxta
1251 2801 1319 2857 illud
1345 2802 1419 2873 quod
1445 2802 1515 2856 dicit
1542 2803 1666 2874 Spiritus
1690 2809 1799 2870 sanctus,

174 2891 249 2945 unde
261 2890 367 2962 peccati
381 2890 527 2945 desideriis
542 2890 704 2953 serviamus,
720 2895 749 2945 et
761 2889 827 2961 quid
843 2897 886 2945 est
906 2890 970 2944 dili·
1014 2891 1171 2945 «ordinate
1194 2891 1223 2945 in
1239 2907 1284 2945 me
1307 2891 1483 2955 charitatem,
1502 2911 1513 2943 r
1537 2898 1570 2945 ut
1590 2893 1666 2947 sicut
1686 2893 1800 2948 ordinm

173 2996 240 3050 gere
260 2980 360 3046 Deum,
381 2979 435 3033 nisi
454 2978 495 3033 illi
518 2995 653 3050 occupare
672 2979 808 3045 animum,
824 2980 970 3052 concipere
1011 2978 1133 3033 charitas
1156 2979 1254 3050 poscit,
1274 2979 1363 3033 Deum
1385 2979 1578 3050 principaliter
1601 2981 1799 3052 diligamuset

173 3067 969 3139 fruendaevisionisejusatlectum,peccatiodium,mundi
980 3054 1002 3112 Ο
1012 3075 1125 3140 propter
1139 3068 1231 3138 ipsum
1247 3068 1275 3122 in
1290 3068 1350 3138 ipso
1369 3084 1401 3121 oa
1416 3086 1478 3139 quae
1493 3069 1639 3139 diligenda
1651 3077 1727 3137 sunt,
1746 3075 1796 3125 tah-

171 3156 324 3222 fastidium,
334 3155 449 3227 diligere
459 3156 544 3209 etiam
557 3155 724 3226 proximum,
737 3172 820 3226 quem
830 3156 889 3227 ipse
903 3173 969 3211 cen·
1010 3164 1070 3212 turn
1086 3162 1222 3229 quantum
1242 3157 1300 3227 ipse
1317 3157 1451 3228 praecipit,
1473 3158 1635 3228 diligamus.
1653 3159 1716 3231 lpse
1735 3157 1796 3214 en'uo

172 3246 230 3301 suit
242 3245 427 3317 diligendum,
446 3244 475 3298 in
490 3244 551 3315 ipso
566 3261 662 3298 amore
682 3261 793 3299 servare
812 3244 968 3315 legitimum
1010 3246 1136 3318 praecipit
1150 3252 1182 3300 ut
1199 3262 1316 3316 corpora
1330 3252 1425 3300 nostra
1448 3254 1563 3318 propter
1587 3265 1649 3310 nos,
1671 3248 1795 3319 proximos

172 3336 296 3401 modum,
311 3350 363 3388 nec
375 3339 533 3405 pervertere
552 3332 709 3388 dilectionis
723 3333 849 3388 ordinem
864 3335 969 3390 consti·
1010 3335 1082 3389 sicut
1096 3351 1156 3402 nos,
1170 3341 1199 3389 et
1216 3335 1307 3406 ipsum
1323 3335 1385 3405 plus
1401 3351 1486 3405 quarn
1509 3352 1560 3390 nos
1574 3335 1693 3406 diligere
1713 3336 1795 3391 deber

115 3458 120 3475 .
170 3423 433 3479 tutumlOrdinem
444 3422 602 3478 dilectionis
614 3423 654 3477 illi
665 3428 896 3494 pervertunt,nec
910 3441 968 3478 mo
1010 3441 1082 3487 mus,
1098 3424 1139 3478 ita
1151 3439 1228 3485 sane,
1244 3429 1276 3478 ut
1290 3424 1339 3483 eis,
1357 3440 1426 3495 quos
1445 3422 1525 3478 nobis
1545 3427 1749 3496 conjunctiores
1766 3425 1795 3479 ia

170 3513 238 3568 dum
256 3513 390 3584 diligendi
412 3511 582 3578 custodiunt,
607 3512 655 3582 qui
675 3511 821 3577 mundum,
838 3513 884 3582 qui
900 3529 967 3567 con·
1007 3513 1156 3568 miliaritas
1178 3513 1253 3578 facit,
1270 3513 1293 3567 si
1317 3529 1365 3567 aas
1385 3513 1460 3567 fama
1478 3528 1534 3567 non
1552 3515 1689 3586 reprobat
1706 3520 1733 3570 et
1750 3514 1798 3571 vita.

169 3602 337 3657 temnendus
352 3608 403 3668 est,
420 3600 541 3671 diligunt
555 3607 605 3655 aut
620 3617 737 3672 corpora
751 3617 802 3655 sua
816 3599 910 3655 minus
924 3601 966 3664 di·
1008 3603 1248 3668 commendamus
1258 3602 1379 3673 amplius
1390 3602 1597 3672 impendamus,
1609 3603 1734 3659 omnium
1745 3618 1795 3676 pro·

169 3689 291 3762 ligenda,
309 3691 372 3762 plus
394 3690 524 3761 diligunt,
540 3694 590 3744 aut
609 3690 750 3760 proximos
775 3689 847 3744 sicut
861 3689 967 3761 seipsos
1007 3690 1104 3759 iectus,
1116 3698 1226 3746 nostros
1237 3708 1297 3746 esse
1306 3692 1463 3757 credamus,
1475 3695 1504 3745 et
1512 3691 1547 3745 de
1557 3692 1680 3747 aliorum
1691 3691 1794 3766 peccatis

169 3787 219 3836 aut
231 3781 321 3835 Deum
336 3780 486 3852 plusquam
497 3778 603 3850 seipsos
617 3778 689 3833 forte
703 3795 759 3834 non
773 3779 903 3850 diligunt.
912 3778 966 3834 Sed
1007 3784 1142 3852 tanquam
1163 3781 1198 3834 de
1221 3781 1325 3835 nostris
1349 3780 1568 3835 misericorditer
1583 3781 1740 3853 lugeamus.
1751 3782 1793 3853 {Sic

168 3869 203 3924 de
218 3869 333 3935 mundo,
354 3867 428 3940 quod
443 3868 521 3939 diligi
541 3868 655 3923 omnino
677 3884 733 3922 non
752 3867 861 3932 debeat,
878 3867 967 3939 ipsius
1008 3885 1073 3938 ergo
1086 3874 1205 3940 possunt
1218 3870 1248 3924 in
1262 3870 1315 3922 hac
1329 3869 1387 3924 vita
1408 3869 1447 3923 illi
1460 3886 1522 3924 esse
1536 3870 1666 3941 perfecti,
1683 3872 1730 3943 qui
1741 3886 1793 3944 per·

168 3958 281 4015 Domini
295 3957 383 4013 nostri
394 3974 445 4029 per
458 3962 586 4012 sanctum
598 3957 735 4011 loannem
747 3957 904 4028 apostolum
915 3973 966 4013 vox
1006 3958 1077 4012 secte
1091 3958 1213 4029 diligunt
1224 3958 1323 4025 Deum,
1335 3965 1364 4012 et
1377 3959 1417 4012 illi
1432 3959 1521 4013 Deum
1537 3960 1662 4030 perfecte
1677 3962 1790 4033 diligunt,

168 4052 212 4104 est
225 4046 342 4102 dicentis
359 4065 364 4100 :
385 4067 395 4098 ι
414 4046 507 4101 Nolite
521 4046 638 4117 diligere
649 4046 787 4101 mundum
802 4048 826 4112 tl
838 4048 918 4100 Jooa.
934 4063 963 4113 rr,
1008 4047 1056 4117 qui
1071 4046 1187 4101 volendo
1210 4047 1357 4118 quodvult
1373 4049 1457 4112 Deus,
1475 4055 1503 4102 et
1518 4047 1641 4103 nolendo
1658 4050 1730 4122 quod
1747 4063 1791 4104 nou

169 4135 223 4207 15),
242 4154 256 4189 r
272 4137 484 4208 Corpusautem
495 4140 633 4200 nostrum,
651 4135 717 4206 quia
731 4151 797 4206 pars
809 4134 898 4189 nostri
913 4141 964 4202 est,
1007 4134 1076 4201 vult,
1100 4151 1151 4189 nec
1170 4135 1235 4190 ullis
1254 4137 1374 4207 peccatis
1398 4136 1499 4207 quibus
1517 4137 1672 4193 offenditur
1695 4138 1790 4211 acquie-

167 4226 202 4281 ad
219 4226 270 4281 hoc
284 4224 364 4280 nobis
379 4230 423 4280 est
440 4224 624 4295 diligendum,
640 4230 673 4279 ut
687 4224 771 4279 saluti
787 4224 849 4296 ejus
863 4241 895 4278 ac
909 4223 967 4279 ira·
1007 4230 1097 4290 scunt,
1110 4230 1139 4279 et
1158 4222 1269 4296 semper
1288 4241 1318 4279 se
1332 4224 1368 4279 ad
1382 4224 1499 4280 virtutes
1515 4242 1586 4297 quas
1600 4229 1662 4298 ipse
1674 4227 1790 4299 dignatur

167 4315 271 4386 gilitati
282 4313 449 4370 naturaliter
463 4313 642 4368 consulamus
653 4318 681 4368 et
695 4329 813 4384 agamm
827 4319 966 4385 quatenns
1007 4314 1112 4369 donare
1129 4313 1286 4386 diligendas
1305 4319 1335 4368 et
1353 4313 1496 4369 habendas
1510 4316 1676 4372 extendunt.
1691 4317 1725 4374 lii
1737 4318 1788 4371 sunt

167 4403 279 4477 spiritui
303 4404 432 4459 ordinate
453 4401 606 4474 subjectam
623 4401 659 4456 ad
681 4408 816 4458 aternam
834 4402 1054 4475 salutem,uni
1069 4403 1165 4458 omnia
1183 4402 1267 4471 bona,
1283 4419 1346 4474 qua
1358 4403 1475 4475 implere
1489 4404 1645 4475 potuerint,
1661 4405 1697 4462 ab
1713 4405 1785 4461 illose
1843 4404 1845 4409 '

56 4479 59 4483 ’
167 4499 282 4565 accepta
307 4491 519 4548 immortalitate
543 4495 572 4546 et
592 4489 801 4562 incormptione
819 4491 964 4562 perveniat
1004 4493 1115 4565 adjutos
1129 4497 1160 4548 ut
1174 4492 1283 4563 possint
1295 4492 1431 4549 veraciter
1442 4493 1571 4562 credunt,
1588 4494 1721 4567 quidquid
1733 4490 1784 4548 mali
1841 4500 1845 4567 ς

168 4598 224 4638 non
234 4582 292 4638 suis
306 4580 495 4654 voluptatibus
506 4580 658 4636 dittluendo
668 4580 769 4636 animae
778 4579 900 4652 rigorem
911 4579 964 4636 sibi
1005 4579 1204 4648 commiserint,
1224 4581 1291 4636 vitio
1312 4598 1370 4637 suae
1386 4582 1540 4637 voluntatis
1556 4579 1783 4656 ascribuntque
1843 4576 1845 4583 '

168 4671 293 4727 cedentis
310 4669 445 4736 emolliat,
465 4669 619 4742 puritatem
640 4669 757 4740 polluat,
775 4674 804 4725 et
818 4676 908 4726 totam
921 4670 964 4726 di·
1006 4670 1073 4744 quid
1090 4669 1155 4726 boni
1178 4685 1233 4726 non
1250 4670 1394 4743 potuerint
1405 4671 1533 4743 implere,
1549 4667 1781 4745 abillo'utpossint

166 4761 304 4833 gnitatern
319 4776 376 4815 sure
389 4758 583 4816 delectationis
596 4758 696 4815 morbo
707 4766 878 4832 corrumpat.
895 4760 965 4815 Pro·
1003 4759 1111 4833 jugiter
1118 4765 1227 4831 petunt,
1238 4775 1302 4815 curn
1310 4760 1455 4832 potuerint
1463 4759 1504 4815 illi
1510 4760 1620 4832 gratias
1626 4767 1719 4836 agunt,
1726 4759 1779 4814 hom

167 4851 256 4906 ximos
274 4853 370 4905 autem
382 4854 450 4904 tunc
470 4849 614 4922 diligimus
627 4847 700 4904 sicut
713 4863 773 4915 nos,
790 4848 814 4903 si
826 4864 883 4904 non
898 4865 965 4921 pro-
1006 4849 1144 4921 ejusque
1163 4848 1269 4905 suerint
1284 4849 1425 4906 consecuti
1440 4849 1528 4906 etiam
1548 4850 1612 4908 aliis
1625 4849 1735 4908 conteni
1747 4861 1778 4901 so

166 4946 229 5014 pter
244 4940 353 5012 aliquas
368 4938 505 4995 utilitates
518 4943 638 5005 nostras,
652 4953 709 4993 non
724 4943 839 5009 propter
852 4944 965 5011 sperata
1005 4939 1115 4994 cialiter
1128 4940 1225 4995 volunt
1238 4943 1367 5010 eiusque
1381 4938 1410 4993 in
1425 4955 1491 4994 suos
1504 4939 1635 4997 inimicos
1648 4935 1776 4998 dilectionis

166 5029 481 5101 beneficiavelacoepta,
490 5043 546 5084 non
556 5034 670 5099 propter
681 5027 832 5083 affinitates
842 5035 891 5084 aut
901 5044 965 5083 con·
1005 5045 1062 5085 sua
1084 5028 1261 5084 latitudinem
1284 5028 1469 5101 porrigentes,
1488 5028 1541 5084 hoc
1566 5046 1664 5085 omnes
1685 5027 1776 5101 cupiunt

166 5120 381 5194 sanguinitatem
403 5119 451 5173 sed
466 5123 581 5189 propter
603 5118 656 5172 hoc
674 5121 784 5172 tantum
805 5117 878 5189 quod
899 5123 966 5173 sunt
1005 5118 1153 5190 essequod
1169 5117 1312 5188 ipsisunt.
1330 5118 1431 5174 Omnia
1441 5117 1537 5188 igitur,
1553 5119 1638 5190 hujus
1651 5119 1733 5191 gretia
1741 5127 1775 5184 gt·

166 5217 275 5266 naturae
289 5212 391 5265 nostrae
406 5207 556 5280 participes
573 5207 734 5277 diligamus,
750 5206 817 5277 quia
839 5223 894 5261 non
916 5223 963 5262 eos
1004 5208 1092 5263 renda
1106 5206 1318 5279 appetendaque
1340 5212 1407 5262 sunt
1428 5206 1518 5273 nobis,
1535 5224 1588 5279 pro
1608 5209 1660 5264 hac
1679 5203 1772 5280 jarria
1841 5218 1845 5239 ⁴

165 5298 237 5353 sicut
251 5315 301 5354 nos
314 5301 389 5370 ipsos
402 5315 540 5363 amamus,
555 5297 667 5368 quando
688 5302 803 5368 propter
817 5295 865 5349 illa
879 5313 963 5367 supe·
1003 5298 1122 5368 vign‘lias,
1134 5295 1243 5352 labores
1257 5297 1390 5370 corporis,
1408 5297 1576 5365 nuditatem,
1591 5299 1728 5354 lectionem
1738 5307 1773 5348 arr
1841 5312 1845 5347 ,·

166 5385 225 5441 rius
235 5387 310 5441 dicta
319 5387 472 5457 diligimus
483 5389 580 5458 Neque
592 5385 667 5440 enim
678 5385 739 5440 ideo
750 5403 779 5439 se
788 5385 964 5457 diligit-quis·
1003 5392 1133 5458 terasque
1153 5386 1269 5441 virtutes
1291 5384 1393 5441 debere
1409 5403 1460 5442 nos
1474 5388 1617 5459 suscipere
1630 5388 1772 5443 noverimus,

166 5491 230 5545 que,
247 5475 312 5545 quia
328 5475 379 5529 sibi
392 5477 479 5531 trater
493 5480 543 5530 aut
554 5492 642 5540 soror,
659 5479 739 5547 pater
748 5475 890 5543 sutilius,
902 5492 961 5530 rna-
1003 5482 1036 5532 ut
1050 5477 1155 5531 scilicet
1168 5492 1219 5547 per
1238 5475 1299 5530 illas
1315 5475 1349 5530 ab
1370 5476 1507 5530 univorsis
1521 5477 1695 5549 passionibus
1707 5469 1773 5530 noxiis

165 5569 209 5620 ter
223 5569 272 5619 aut
287 5563 353 5631 tilia,
366 5580 451 5638 nepos
462 5572 509 5620 aut
525 5565 617 5636 neptis
628 5570 679 5631 cst,
695 5565 846 5620 carnaliter
859 5565 962 5637 quippo
1004 5567 1229 5636 illaesum'parare
1240 5582 1289 5621 cor
1298 5572 1424 5620 nostrum
1436 5573 1465 5622 et
1473 5583 1639 5622 conservare
1648 5565 1772 5640 passima
