3772 6120
159 324 449 384 ENARRA'l'lONUhl
467 325 507 381 IN
526 325 603 380 EPP.
624 324 732 380 PAULI
751 325 819 380 tln.
840 326 938 381 xxix.
957 357 989 366 -
1005 326 1045 380 lN
1064 325 1175 380 arist.
1195 325 1244 381 AD
1264 327 1369 382 unuh.
1534 328 1587 387 8¹8

95 448 1586 525 mamplioremssanctifrcationemautemdi·Arum3postremoquaesummasitperfeclipramiiacbea·

95 542 156 598 iam
166 548 251 614 atque
263 539 480 612 temperantiam
491 539 678 607 conjugalem,
688 537 745 591 sive
786 538 916 593 titudinis
926 536 1116 592 remuneratio
1127 555 1178 609 per
1188 539 1260 594 hanc
1267 539 1454 595 habitatorem
1463 542 1585 613 pectoris

95 638 176 687 :sest
189 631 322 702 conjugii,
337 646 401 683 cum
417 629 546 682 castitate
570 626 666 691 nubat,
688 627 744 680 sive
785 629 875 683 nostri
890 634 1018 683 sanctum
1031 627 1090 682 fore
1104 628 1240 701 Spiritum
1250 629 1415 701 designavit.
1428 630 1584 687 «Contem-

95 720 119 777 io
131 721 303 776 constitutus
318 724 369 783 est,
382 734 438 777 nou
447 717 608 781 fornicetur,
622 716 669 770 sed
685 722 745 770 uta-
785 717 895 788 plantes
904 730 940 771 ne
953 717 1020 789 quid
1029 718 1103 772 desit
1114 718 1213 789 gratiae
1220 718 1281 774 Dei.
1290 717 1536 789 »noantsucum
1543 719 1585 775 eis

96 826 116 865 a
127 812 248 881 conjuge
261 813 463 880 temperanter,
476 806 581 861 etenim
592 806 678 859 etiam
693 806 744 858 hoc
786 805 918 875 loquitur,
926 812 1063 877 tanquam
1072 823 1136 861 cum
1147 807 1200 874 his,
1208 808 1256 878 qui
1269 824 1332 862 cum
1340 823 1490 863 numeroso
1496 808 1583 864 comi·

95 899 125 955 io
131 898 338 964 est.Quom0do
345 899 395 952 boc
403 896 587 951 sanctificatio
593 894 743 949 estf...sed
784 897 848 948 tatu
858 893 1000 949 viatorum
1011 895 1207 966 longaitinera
1219 896 1584 968 permearent,velutisidi·

95 994 229 1044 nsarvaut
239 987 565 1056 sanctificationemquae
576 1001 608 1038 cr
618 985 672 1038 fide
682 988 740 1037 est:
785 988 869 1048 ceret,
884 982 1029 1038 Attendite
1041 983 1129 1050 vobis,
1145 1001 1180 1038 ne
1197 985 1260 1056 quis
1278 991 1404 1040 vestrum
1425 990 1581 1042 remaneat.

95 1073 566 1145 animummeretricibusapplicari
583 1073 740 1143 «Sinequa,
783 1072 847 1126 Non
861 1072 913 1126 hoc
923 1077 1034 1128 tantum
1046 1073 1168 1144 requiro,
1178 1080 1210 1129 ut
1223 1091 1271 1130 vos
1281 1074 1333 1129 soli
1344 1074 1522 1147 perveniatis,
1532 1076 1583 1132 sed

95 1183 138 1223 mo
151 1165 258 1220 ridebit
268 1166 358 1219 Deum
370 1184 375 1217 :
388 1184 401 1214 a
413 1163 485 1235 quod
497 1162 583 1217 etiam
597 1162 631 1215 ad
645 1162 742 1215 Corin·
783 1161 868 1215 etiam
883 1167 916 1215 ut
929 1161 1084 1234 inspiciatis
1094 1168 1123 1217 ct
1133 1169 1279 1218 caeteros«
1290 1164 1332 1219 Ne
1342 1163 1415 1235 quis,
1426 1164 1527 1236 iuquit,
1539 1181 1584 1219 ve·

110 1256 254 1310 :uNolite
266 1272 369 1319 errare,
382 1270 473 1324 neque
487 1252 678 1316 fornicatores,
695 1267 742 1304 ne-
782 1257 873 1304 strum
887 1250 959 1305 desit
977 1251 1075 1322 gratiae
1091 1251 1142 1306 Dei
1159 1271 1165 1305 :
1184 1269 1197 1305 r
1214 1252 1282 1323 quid
1296 1253 1365 1308 dicit
1378 1253 1500 1324 gratiam
1514 1253 1583 1311 Deif

95 1344 140 1412 eri,
151 1361 245 1415 neque
254 1344 417 1407 idololatra,
428 1358 518 1413 neque
533 1341 640 1407 molles,
650 1356 741 1411 neque
782 1338 856 1393 bona
869 1339 973 1407 sutura,
980 1341 1171 1412 evangelicam
1184 1341 1278 1407 fldem,
1292 1342 1427 1413 optimam
1437 1357 1584 1398 conversa·

95 1450 128 1488 un
137 1433 343 1497 concubitores,
355 1448 447 1503 neque
457 1430 638 1501 numineque
653 1429 738 1496 fures,
781 1427 886 1483 tionem
898 1429 972 1485 :haec
982 1430 1085 1502 quippe
1094 1430 1145 1484 Dei
1153 1435 1220 1485 sunt
1228 1431 1337 1501 gratiae.
1347 1430 1405 1486 Nec
1413 1431 1483 1485 mihi
1493 1430 1579 1498 dicas,

95 1522 159 1590 iosi,
172 1539 263 1592 neque
279 1522 450 1575 detractores
464 1536 583 1590 regnum
593 1519 643 1573 Dei
653 1518 741 1590 possi·
781 1516 848 1588 quia
858 1534 931 1572 unus
940 1522 993 1585 est,
1004 1518 1052 1589 qui
1059 1518 1171 1589 peribit,
1181 1519 1286 1573 etenim
1298 1519 1428 1575 Christus
1434 1525 1582 1592 etpmpter

95 1611 158 1667 cor.
172 1612 218 1682 ut.
236 1630 249 1663 b
266 1609 411 1674 Quomodo
425 1626 547 1680 namque
563 1608 675 1680 poterit,
691 1608 739 1680 qui
781 1621 869 1659 unum
883 1612 1012 1661 mortuus
1026 1613 1070 1661 est
1086 1624 1091 1659 :
1108 1613 1140 1661 tu
1154 1608 1352 1679 teroncgligis
1367 1614 1482 1681 propter
1496 1624 1581 1680 quem

95 1700 168 1756 citur
177 1697 740 1764 meretriciacumt'hristounitatemcor·
781 1694 910 1749 Christus
925 1695 1058 1765 dignatus
1072 1701 1116 1752 cst
1128 1696 1210 1750 mori.
1227 1715 1240 1750 ι
1256 1696 1494 1768 Contemplantes,
1507 1716 1521 1750 u
1536 1697 1581 1752 iu-

95 1789 167 1844 ldere
177 1789 189 1842 f
198 1787 468 1859 (MarnlEridenter
478 1786 552 1840 enim
563 1786 623 1840 sine
634 1769 771 1840 sancti-13
782 1783 852 1854 quit,
868 1784 921 1837 hoc
934 1789 986 1849 est,
1004 1784 1154 1856 diligenter
1167 1791 1325 1840 scrutantes
1338 1791 1368 1841 et
1389 1786 1535 1841 visitantes
1553 1792 1582 1842 et
1681 1821 1683 1825 ι

95 1878 216 1932 amsolet
225 1877 416 1947 integritatem
425 1877 527 1929 mentis
536 1876 580 1929 vel
587 1874 738 1946 puritatem
780 1878 972 1942 agnoscentes,
989 1873 1064 1929 sicut
1078 1873 1140 1927 lieri
1153 1874 1226 1928 solet
1243 1873 1419 1933 ininfirmis.
1438 1893 1452 1927 a
1467 1875 1510 1930 Ne
1525 1891 1582 1946 qua

95 1965 641 2039 apellare,pronuntiavitDeumpenitus
650 1965 737 2019 videri
779 1961 859 2016 radix
872 1962 1070 2017 amaritudinis
1083 1979 1197 2017 sursum
1210 1963 1374 2034 germinans
1386 1963 1532 2035 impediat,
1553 1969 1582 2018 et

95 2053 275 2126 ‚tdmr.)Etut
283 2060 383 2109 cuncta
394 2059 558 2125 praeteream
569 2071 630 2124 quae
638 2054 666 2108 in
676 2071 738 2108 san·
779 2067 830 2120 per
839 2051 1108 2123 illaminquinentur
1120 2052 1212 2106 multi.
1228 2052 1308 2107 »Hoc
1322 2053 1352 2106 in
1363 2052 1581 2107 Deuteronomio

95 2145 153 2199 uris
166 2144 202 2199 ob
212 2145 324 2198 laudem
334 2144 445 2197 virtutis
460 2144 544 2214 hujus
557 2143 663 2197 inserta
673 2149 739 2197 sunt
780 2141 980 2212 scriptumest.
998 2140 1124 2212 Sumpsit
1142 2147 1238 2195 autem
1262 2141 1331 2196 illud
1345 2157 1379 2195 ex
1399 2140 1579 2197 arbustorum

95 2234 271 2306 propositum
283 2233 739 2287 mihiestlaudemtexerecastita·
780 2230 954 2301 metaphora,
969 2249 980 2282 ι
998 2246 1033 2283 ne
1049 2246 1103 2300 qua
1115 2229 1194 2284 radix
1206 2229 1411 2297 amaritudinis,
1432 2248 1444 2281 r
1462 2228 1536 2300 quod
1550 2235 1580 2284 et

95 2323 211 2377 dilatem
221 2322 364 2394 ipsius,vel
373 2322 611 2392 quemadmodum
620 2321 737 2392 acquiri,
780 2318 843 2373 aliis
856 2318 981 2374 scribens
1004 2318 1096 2373 dixit:
1116 2339 1126 2370 ι
1148 2319 1289 2374 Μοάἰοιιιιι
1303 2318 1474 2374 fermentum
1488 2323 1579 2381 totam

96 2412 331 2483 ridebeat,quire
341 2412 377 2465 sit
387 2412 451 2464 finis
462 2412 522 2481 ejus
531 2410 740 2465 Patrumtradi-
780 2424 902 2463 massam
930 2408 1084 2480 corrumpit
1097 2409 1167 2476 (Gal.
1183 2412 1236 2479 r),
1258 2425 1345 2464 »non
1363 2414 1479 2481 propter
1498 2406 1578 2464 illum

95 2500 231 2573 {plicare-l„
244 2517 330 2554 unam
339 2500 535 2554 tantummodo
550 2516 652 2571 ponam
663 2499 738 2554 beati
780 2499 872 2552 solum
890 2499 943 2561 hm
956 2500 1028 2567 volo,
1044 2499 1074 2553 in
1093 2515 1148 2570 quo
1172 2499 1307 2570 iniquitas
1322 2499 1426 2570 poterit
1447 2499 1576 2565 inveniri,

95 2589 740 2660 interuallaquepateatqualiterillamThessa·
780 2587 925 2641 sedetiam
938 2594 1053 2659 pmpter
1062 2588 1203 2643 laesionem
1213 2605 1274 2659 quae
1284 2587 1389 2659 poterit
1398 2604 1432 2642 ex
1445 2587 1502 2643 illie
1512 2605 1579 2659 pro·

95 2678 736 2749 asscribensvirtutibuspraetulorituniversis,
780 2677 882 2749 pagine
901 2676 1049 2748 pullulare,
1072 2678 1125 2732 hoc
1144 2683 1196 2743 est,
1213 2684 1246 2731 ut
1264 2677 1398 2748 sialiqua
1415 2676 1481 2731 talis
1493 2676 1579 2732 fuerit

95 2767 153 2823 erbi
165 2768 311 2822 nobilitate
325 2768 534 2832 commendans,
545 2785 559 2818 a
570 2768 688 2833 haecest,
697 2767 739 2821 iu·
779 2766 868 2833 radix,
881 2767 990 2820 nullum
1005 2782 1083 2821 exea
1098 2765 1267 2837 permittatis
1282 2782 1400 2838 germen
1416 2782 1576 2837 exsurgere,

95 2857 426 2913 untasDelsanctifrcatio
437 2857 559 2918 vestrati
568 2858 653 2911 fleas-s.
666 2859 735 2925 nb»
778 2855 827 2908 sed
848 2855 991 2911 recidatur
1009 2861 1162 2928 antequam
1179 2855 1248 2910 elios
1267 2856 1376 2927 polluat
1395 2861 1424 2911 ct
1446 2855 1579 2911 scelestos

95 2946 230 3001 edubium
240 2946 321 3000 nobis
333 2946 514 3016 relinqueret,
523 2947 565 2999 vel
575 2945 735 3013 obscurum,
778 2944 889 3000 elllciat.
899 2963 912 2996 u
920 2945 963 3000 Ne
972 2961 1028 3016 qua
1040 2944 1129 3011 radix,
1141 2944 1242 3015 inquit,
1254 2943 1452 2999 amaritudinis
1465 2960 1578 3000 sursum

96 3035 334 3090 anctificalionem
350 3035 469 3088 voluerit
478 3035 628 3105 appellare,
642 3039 736 3089 utrum
776 3033 938 3109 germinans
947 3033 1124 3105 impediat,et
1130 3049 1181 3105 per
1188 3050 1251 3088 eam
1260 3033 1374 3105 plurimi
1379 3033 1575 3105 polluantur.»

95 3142 119 3179 m
128 3124 307 3189 charitatem,
316 3141 352 3177 an
367 3124 567 3187 humilitatem,
579 3140 616 3178 an
625 3096 766 3195 patien·C
777 3118 829 3180 llic
842 3139 968 3178 amarum
983 3123 1054 3178 dixit
1067 3139 1128 3177 esse
1142 3128 1297 3194 peccatum,
1312 3122 1454 3177 enimvero
1464 3127 1578 3193 peccato

95 3213 207 3268 mnibus
221 3214 296 3267 enim
311 3213 372 3266 istis
386 3212 534 3267 virtutibus
553 3213 678 3267 creditur
690 3229 736 3267 ac·
777 3212 848 3265 nihil
863 3219 907 3267 est
923 3212 1057 3279 amarius,
1074 3217 1103 3266 et
1125 3213 1177 3266 hoc
1199 3217 1317 3267 norumt
1330 3211 1379 3282 qui
1392 3216 1457 3284 post
1472 3211 1577 3266 admis-

95 3303 350 3379 lificatio‚infertct
365 3302 512 3356 manifeste
526 3302 656 3372 designat
669 3302 735 3372 quid
777 3315 840 3355 sum
866 3307 1011 3373 peccatum
1034 3300 1212 3355 conscientiae
1239 3317 1358 3355 murore
1387 3304 1575 3368 macerantur,

95 3391 317 3446 certificationem
330 3391 450 3445 voluerit
464 3391 605 3462 appellare
621 3410 626 3443 :
643 3411 655 3442 a
671 3391 736 3445 Haec
777 3394 805 3442 et
819 3389 881 3442 dira
895 3390 964 3444 satis
979 3389 1168 3444 amaritudine
1182 3395 1396 3444 consumuntur.
1409 3387 1577 3445 Amaritudo

95 3495 120 3533 is
134 3479 194 3544 Dei,
211 3479 394 3533 sanctificatio
407 3484 508 3543 restra,
525 3486 558 3532 ut
572 3478 736 3533 abstineatis
777 3478 879 3549 quippe
894 3478 988 3532 delicti
1002 3478 1095 3548 ipsum
1110 3478 1285 3533 intellectum
1300 3478 1497 3549 rationemque
1509 3477 1577 3532 sub-

95 3588 107 3635 ¹,
123 3585 141 3622 a
155 3568 347 3633 fornicatione,
359 3575 391 3621 ut
403 3569 472 3622 sciat
486 3567 677 3639 unusquisque
691 3586 736 3622 ve·
776 3566 869 3620 vertit.
900 3567 1048 3621 Enimvero
1067 3566 1266 3620 armaritudinis
1289 3566 1366 3620 illius
1383 3571 1487 3621 natura
1511 3564 1577 3620 talis

101 3673 186 3713 suum
205 3657 347 3728 possidere
362 3657 391 3710 iu
406 3657 512 3711 honore
534 3664 562 3711 et
577 3656 734 3710 sanctitica—
777 3655 881 3720 existit,
897 3660 930 3709 ut
947 3655 1029 3709 noxia
1047 3659 1217 3726 perseveret.
1235 3654 1270 3709 Et
1284 3653 1355 3709 bene
1376 3654 1447 3709 dixit
1467 3653 1577 3709 «radix

96 3746 126 3802 in
135 3747 265 3818 passione
280 3745 421 3811 desiderii,
433 3746 506 3799 sicut
515 3752 543 3799 et
555 3751 664 3815 gentes,
674 3763 735 3816 quae
776 3743 982 3810 amaritudinis,
995 3761 1009 3797 r
1020 3760 1075 3799 nou
1085 3743 1157 3798 dixit
1165 3743 1244 3798 radix
1257 3759 1363 3805 amara,
1378 3742 1427 3798 sed
1442 3742 1577 3797 amaritu-

95 3837 180 3890 leum.
193 3855 207 3888 ι)
220 3835 290 3888 Vide
306 3835 407 3906 quibus
421 3850 483 3888 eam
498 3834 627 3889 laudibus
638 3851 735 3906 prose·
776 3834 859 3891 dinis.
876 3833 963 3889 Radix
975 3833 1051 3888 enim
1068 3848 1165 3887 amara
1176 3838 1270 3905 potest
1283 3832 1391 3887 fructus
1403 3831 1500 3888 dulces
1513 3830 1575 3887 eul-

95 3941 201 3980 morem
219 3924 303 3990 vasis,
323 3923 351 3978 id
371 3929 424 3988 est,
449 3924 573 3995 corporis
593 3925 683 3978 nostri
708 3930 737 3980 ct
776 3940 849 3990 cere,
859 3921 1056 3978 amaritudinis
1066 3927 1161 3977 autem
1175 3920 1432 3976 radixvelfonsvel
1447 3920 1575 3993 proposi—

95 4015 184 4069 ionem
207 4013 351 4085 appellans
366 4030 438 4067 eam.
455 4013 545 4083 Igitur
560 4029 574 4067 e
595 4014 735 4068 contrario
776 4020 837 4070 tum
848 4028 992 4083 uunquam
1001 4016 1094 4082 potest
1108 4011 1214 4083 aliquid
1229 4011 1310 4067 dulce
1326 4027 1494 4084 propagare,
1509 4008 1577 4081 quia

96 4102 160 4157 ione
171 4102 302 4156 desiderii
314 4102 600 4172 esl,iuiguominiact
610 4102 734 4158 immun·
776 4103 872 4157 omuia
884 4101 923 4155 ibi
937 4117 1044 4164 amara,
1055 4100 1151 4155 omnia
1164 4102 1292 4168 molesta,
1309 4101 1406 4156 omnia
1426 4101 1531 4156 scelere
1547 4105 1577 4156 et

96 4192 156 4257 stit,
168 4197 197 4245 et
210 4191 318 4245 alienus
333 4208 351 4245 a
365 4191 585 4245 sanctificatione
596 4199 732 4247 versatur.
776 4190 983 4246 abominatione
992 4189 1157 4262 plenissima
1164 4194 1241 4259 sunt,
1247 4190 1317 4245 nihil
1327 4190 1473 4246 suavitatis
1480 4190 1524 4245 vel
1530 4189 1576 4261 ju·

95 4297 155 4352 upue
165 4286 228 4352 post
242 4297 331 4351 pauca
345 4280 429 4334 infert
444 4296 541 4334 rursus
555 4297 618 4334 eam
630 4283 734 4335 sancti·
776 4281 1096 4353 canditatisapportant3
1107 4284 1212 4352 retper
1221 4279 1576 4352 illam,iuquit,inquinen-

95 4370 268 4427 mnuntians:
283 4388 296 4421 u
311 4371 374 4424 Non
390 4369 465 4423 enim
480 4370 647 4424 vocavitnos
658 4371 733 4426 Deus
775 4370 1046 4436 turmulti,rlrocest
1053 4369 1255 4441 intemperatos
1264 4369 1436 4439 lascivosque
1445 4367 1571 4421 recidite.

95 4459 171 4523 riam,
182 4459 265 4513 scdin
276 4459 501 4512 sanctimoniam.
512 4459 609 4530 ltaque
619 4460 666 4530 qui
675 4460 734 4516 haic
777 4477 790 4511 u
804 4459 846 4514 Nc
862 4458 925 4531 quis
935 4458 1087 4513 fornicator
1095 4461 1145 4511 aut
1155 4455 1298 4526 profanus,
1310 4459 1342 4508 ut
1356 4455 1438 4520 Esau,
1448 4454 1496 4524 qui
1507 4469 1573 4525 pro-

95 4548 260 4603 rhominem
274 4548 390 4618 spernit,
407 4548 455 4601 sed
470 4547 570 4615 Deum,
583 4550 630 4619 qui
646 4549 731 4605 etiarn
776 4566 790 4600 u
805 4554 868 4619 pter
882 4564 968 4601 unam
982 4562 1075 4601 escam
1090 4544 1215 4598 vendidit
1228 4543 1371 4616 primitiva
1388 4558 1450 4597 sua.
1470 4563 1481 4594 ι
1499 4542 1572 4607 Quid

93 4645 155 4694 tum
165 4643 294 4692 sanctum
308 4654 391 4691 suum
405 4636 434 4692 in
449 4637 543 4703 nobis;
557 4656 569 4689 n
583 4639 734 4694 auctorita·
775 4653 842 4707 crgo
851 4637 863 4690 ?
873 4652 941 4690 num
950 4635 1103 4691 fornicator
1112 4639 1173 4687 erat
1188 4633 1280 4688 Esau?
1291 4647 1347 4686 non
1362 4631 1407 4687 hic
1419 4631 1496 4700 dicit,
1505 4632 1573 4703 quia

95 4734 144 4799 pto
157 4744 208 4781 suo
226 4726 412 4783 inviolabilem
425 4727 520 4795 junxit
534 4726 638 4793 dicens,
657 4747 670 4779 (ι
684 4730 733 4800 qui
773 4726 925 4780 fornicator
938 4728 1008 4791 erat,
1020 4723 1070 4777 sed
1082 4721 1156 4794 quod
1172 4721 1281 4776 dixerat
1295 4737 1415 4793 supra«
1426 4722 1572 4778 sectamini
1602 4725 1617 4746 ⁰

95 4816 124 4882 it,
137 4835 150 4868 n
168 4817 195 4870 id
210 4822 262 4881 est,
275 4832 336 4886 quae
351 4816 385 4869 de
401 4815 585 4870 sanctimonio
600 4817 733 4888 praefatus
774 4813 1022 4879 sanctimoniam»
1038 4812 1094 4867 hoa
1103 4810 1190 4865 etiam
1203 4810 1248 4864 hic
1261 4810 1410 4881 significat,
1429 4829 1443 4864 ι
1458 4827 1495 4866 ne
1509 4811 1572 4883 quis

95 4904 260 4960 abominem
272 4905 389 4974 spernit,
402 4925 412 4954 ι
423 4905 475 4957 hoc
486 4911 537 4970 est,
549 4922 606 4960 non
616 4923 671 4973 me,
684 4907 732 4978 qui
773 4903 917 4977 profanus,
929 4903 1003 4958 sicut
1016 4901 1121 4966 Esau»
1133 4899 1186 4955 hoc
1200 4905 1244 4955 est
1256 4900 1462 4973 gastrimargus
1479 4906 1509 4955 et
1526 4899 1570 4955 iu-

95 4994 141 5060 rio,
156 5015 167 5045 ‹
180 4994 229 5047 sed
244 4993 344 5059 Deum,
358 4992 469 5063 »quiin
480 5010 524 5047 me
536 4995 669 5065 loquitur,
684 4996 732 5067 qui
773 4999 934 5064 temperans
940 4988 1334 5061 etsaeculariS,quiaspiritalia
1340 4988 1573 5062 repellebat31qui

95 5082 151 5137 itui
164 5099 214 5136 suo
230 5088 325 5137 sancto
335 5098 383 5137 cor
398 5088 524 5138 nostrum
541 5083 732 5139 habitaculum
774 5087 888 5154 propter
896 5097 982 5137 unam
992 5078 1332 5149 escam,inquit,vendidit
1341 5077 1570 5151 primitivasua.»

95 5171 191 5227 Cernis
199 5171 371 5242 simplicibus
382 5171 472 5227 verbis
483 5188 515 5225 ac
529 5172 617 5242 puris,
631 5172 732 5243 quibus
774 5172 827 5236 Qui
837 5172 982 5237 honorem,
994 5186 1077 5241 quem
1093 5169 1176 5224 aDeo
1188 5172 1360 5240 perceperat,
1369 5183 1420 5239 per
1428 5165 1572 5238 propriam

95 5261 146 5315 niis
153 5261 320 5333 quantisque
330 5261 732 5332 extuleritlaudibus,primum
773 5260 975 5332 negligentiam
990 5265 1019 5314 et
1029 5256 1213 5330 cupiditatem
1222 5255 1356 5323 vendidit,
1367 5255 1416 5326 qui
1425 5271 1476 5327 pro
1486 5271 1572 5328 parva

95 5350 369 5405 csanctisscationem
381 5351 493 5422 proprie
505 5350 654 5406 tribuendo
665 5371 670 5418 ;
683 5351 732 5407 de·
773 5350 888 5405 libidine
902 5364 1037 5419 magnum
1046 5349 1182 5404 honorem
1194 5351 1224 5403 et
1235 5345 1355 5418 gloriam
1364 5344 1487 5417 perdidit
1500 5361 1572 5401 sem·

95 5455 140 5493 mc
149 5455 277 5493 asserens
286 5440 431 5494 rasnostri
440 5439 563 5511 corporis
572 5440 735 5496 abimmun·
774 5440 924 5513 piternam,
935 5437 989 5492 hoc
997 5437 1109 5509 proprie
1119 5436 1153 5490 ad
1169 5452 1219 5492 eos
1231 5435 1363 5507 pertinet,
1371 5434 1419 5507 qui
1433 5433 1572 5491 immundi

95 5527 188 5583 indum
202 5529 303 5595 ,tertio
319 5530 403 5600 quod,
416 5530 527 5599 abjecta
536 5530 691 5600 ignominia
706 5536 736 5585 et
775 5533 842 5585 sunt
855 5533 884 5581 et
905 5524 1023 5599 pmfani.
1044 5525 1165 5580 Proinde
1179 5540 1236 5581 nen
1254 5524 1331 5580 solus
1348 5514 1504 5582 fornicator
1515 5523 1570 5579 im-

95 5617 149 5685 uin
159 5617 266 5675 honore
274 5618 313 5673 sit
332 5624 362 5672 et
381 5618 602 5674 sanctificatione
617 5635 734 5674 mansu·
775 5613 1384 5687 munduaeamedetiamgastrlmargusffiui
1396 5614 1503 5671 renuis
1514 5628 1571 5668 ser-
