3772 6120
63 228 71 240 *
120 217 167 273 '29l
412 215 442 269 Β.
465 214 599 269 atnam
618 215 733 271 MAURI
759 214 926 269 haebrea.
948 214 1108 271 noem.
1130 215 1276 270 OPERUll
1297 212 1388 269 12st
1407 215 1457 269 lll.
1708 213 1761 271 ³292

121 341 145 394 si
156 356 252 395 rerum
261 347 313 404 est,
323 337 503 409 potestnobis
514 337 615 408 obJ'iei:
634 339 706 408 Ergo
719 345 748 392 et
765 340 875 409 Moyses
888 337 1090 408 etAgradibus
1099 339 1278 393 ascendisset.
1288 339 1385 392 Potest
1398 355 1465 407 crgo
1480 338 1542 391 heri
1552 345 1585 392 ut
1599 339 1639 392 sit
1656 338 1761 408 aliquis

122 429 208 483 lsaias
222 434 251 481 et
264 427 355 482 caeteri
371 426 513 496 prophetae
527 427 575 496 qui
586 427 637 480 sub
647 427 777 497 operibus
786 428 855 498 legis
863 428 918 483 fue·
956 427 1060 496 justus,
1078 434 1216 480 ettamen
1236 444 1292 479 non
1316 427 1388 479 rirat
1407 427 1513 496 absque
1526 427 1581 480 lide
1596 427 1712 481 curisti.
1731 428 1761 482 Si

123 523 197 582 runt,
209 515 261 571 sub
272 515 508 569 maledictosunt:
526 516 600 584 quod
612 516 918 573 nontimebitannuere
960 514 1062 582 legenti
1078 516 1225 585 sempulus
1245 523 1446 573 commoretur,
1471 515 1552 568 Pauli
1572 516 1656 569 rerba
1671 516 1761 570 susci-

122 606 169 676 qui
184 605 322 659 dicentem
336 603 501 674 Apostolum
512 604 611 673 legerit
627 624 632 656 :
646 606 716 671 Ouio
730 606 855 661 Christus
871 622 918 660 nes
959 603 1026 673 piat,
1044 603 1072 658 in
1088 603 1188 673 quibus
1198 603 1257 674 ipse
1272 604 1306 657 de
1321 620 1351 657 se
1366 604 1407 657 ait
1424 623 1429 655 :
1448 605 1606 658 Secundum
1613 607 1759 672 justitiam

123 697 236 748 rrelenn't
257 694 289 745 dc
308 693 449 745 rreeledieto
469 695 544 759 lepis,
568 695 658 760 seclus
679 711 729 761 pro
745 697 821 749 nobis
835 699 918 749 nrale·
958 709 1017 759 qun
1031 695 1062 746 iu
1079 696 1132 758 lepe
1146 698 1183 746 est
1200 696 1260 747 sine
1274 694 1484 761 reprehensione
1492 693 1608 761 (l’br'lrp.
1625 696 1674 762 m).
1694 692 1762 747 Erat

121 785 240 843 ‹lr‘etum,·
266 787 295 834 et
308 781 486 850 respondere.
504 798 733 852 unumquemque
756 790 917 839 sanctorum
959 779 1153 850 igiturPaulus
1167 788 1235 834 tunc
1242 782 1337 850 justus
1346 781 1374 834 in
1387 781 1457 849 lege,
1475 781 1522 834 serl
1535 781 1654 835 necdum
1670 781 1761 836 rivere

121 887 172 923 suo
187 869 546 939 temporemaledictionem
561 871 793 942 factumessepro
803 872 915 942 populo.
958 875 1068 938 potemt
1086 887 1091 919 :
1108 869 1245 939 quianon
1260 868 1380 923 habebat
1394 869 1464 921 inse
1479 870 1624 924 Christum
1640 870 1760 940 loqueu-

121 976 173 1013 uec
186 958 282 1012 statim
296 957 349 1010 hoc
362 956 488 1011 tribuens
505 965 533 1012 et
546 958 631 1027 justis
641 959 708 1013 riris
718 957 857 1014 ridebitur
871 960 917 1015 de-
957 964 1014 1011 tem
1032 975 1037 1008 z
1053 958 1108 1023 sao
1122 974 1184 1010 suin
1200 961 1259 1013 nito
1272 960 1351 1017 (John
1369 968 1418 1023 xi).
1431 958 1462 1011 ln
1478 975 1561 1028 quem
1576 959 1694 1013 credens
1708 976 1760 1029 po-

122 1048 233 1101 tmbere
249 1046 397 1110 Salvatori,
413 1046 492 1116 quasi
506 1046 577 1101 nihil
592 1047 765 1117 praecipuum
784 1054 813 1103 et
826 1049 916 1103 excel·
958 1049 1018 1097 stea
1033 1045 1119 1114 coepit
1132 1045 1232 1098 rivere.
1253 1045 1400 1100 Faciamus
1422 1053 1450 1098 et
1470 1062 1520 1099 nos
1540 1046 1647 1115 aliquid
1668 1046 1760 1100 simile

122 1137 182 1191 lens
193 1135 332 1199 babuerit,
347 1134 437 1188 lactus
447 1151 496 1205 pro
511 1134 590 1189 nobis
606 1136 796 1191 maledictum.
812 1155 875 1191 cum
890 1144 918 1191 et
959 1132 1026 1186 huic
1036 1133 1110 1202 quod
1126 1133 1237 1187 dicitnr.
1251 1137 1347 1188 nestas
1361 1153 1393 1187 er
1408 1136 1462 1202 fide
1479 1138 1557 1199 eicit,
1574 1140 1603 1188 et
1613 1134 1757 1189 dicamus:

80 1288 83 1294 ¹
121 1227 214 1279 caeteri
229 1240 279 1295 pro
294 1223 357 1276 aliis
372 1223 551 1279 maledictum
574 1225 638 1279 l'acti
653 1225 719 1279 sint.
737 1226 826 1281 Nemo
842 1226 917 1279 enim
959 1222 1103 1275 Castusex
1115 1223 1169 1277 fide
1183 1222 1258 1280 risit,
1275 1222 1386 1292 sapiens
1406 1240 1438 1275 iix
1454 1223 1508 1275 lide
1533 1223 1607 1279 sirit.
1628 1223 1707 1276 [ortis
1726 1241 1758 1277 ex

122 1314 233 1368 illorum
241 1312 369 1383 quamvis
377 1311 466 1366 lectus
476 1312 561 1366 fuerit
568 1313 629 1383 ipse
640 1314 809 1375 maledictio,
817 1314 851 1367 de
860 1331 918 1368 ma·
958 1309 1013 1362 lide
1028 1309 1102 1371 risit,
1120 1316 1149 1363 et
1164 1299 1299 1364 a'eroteris
1327 1311 1462 1364 virtutum
1484 1311 1622 1381 partibus
1639 1310 1758 1367 vicinam

121 1400 389 1470 ledietoquempiam
403 1399 650 1470 liber·arit‚absque
660 1401 917 1457 soloDominolesu
958 1398 1128 1452 sententiam
1141 1398 1317 1468 proferamus
1332 1400 1479 1453 adversarii
1504 1400 1616 1469 eosqui
1634 1399 1661 1452 irr
1677 1401 1758 1453 l'bri-

123 1490 243 1545 t'bristo.
256 1488 302 1558 qui
313 1488 435 1557 pretioso
450 1489 588 1555 sarrguine
598 1507 658 1543 suo.
668 1497 697 1542 et
712 1506 762 1543 nos
777 1507 874 1544 omnes
889 1496 918 1545 et
958 1492 1033 1539 stum
1045 1503 1100 1540 nou
1112 1488 1267 1552 credentes,
1276 1488 1362 1541 fortes
1373 1495 1401 1540 et
1410 1488 1759 1558 sapientes‚ten1pemntes

122 1578 206 1648 ipsos,
222 1578 337 1644 Moysen
351 1577 413 1629 dico
428 1583 457 1630 et
470 1579 574 1643 Aaron,
591 1578 917 1648 prophetasquecunctos
958 1592 988 1628 se
1004 1581 1105 1646 putant
1117 1593 1177 1629 esse
1193 1576 1235 1628 rel
1246 1578 1349 1645 justos,
1364 1583 1395 1629 ut
1414 1577 1505 1630 sciant
1529 1577 1639 1630 nullum
1655 1576 1759 1647 absque

123 1666 387 1737 otpat1·bar·chas.do
405 1666 552 1720 maledicto
574 1667 645 1736 legis
659 1668 786 1724 redemit.
800 1685 850 1722 uec
866 1669 918 1723 boo
927 1650 950 1709 Β
959 1664 1070 1718 Christo
1081 1664 1180 1729 virere,
1188 1664 1248 1719 siue
1259 1681 1314 1734 quo
1325 1665 1416 1718 omnis
1426 1665 1546 1719 rirtusin
1557 1665 1624 1718 ritio
1635 1672 1688 1719 est.
1708 1667 1759 1719 Po-

122 1774 154 1808 ex
169 1773 231 1809 meo
252 1772 336 1807 sensu
346 1754 450 1808 dietum
470 1755 583 1824 putetis.
598 1756 742 1825 Scriptum
755 1757 835 1811 testis
850 1763 893 1811 cst
909 1776 915 1809 :
958 1759 1013 1807 test
1019 1753 1340 1823 praeexisteseimenium
1351 1761 1379 1807 et
1388 1754 1500 1823 siclegi,
1518 1780 1528 1801 u
1540 1754 1608 1824 quia
1616 1755 1712 1823 justus
1726 1772 1759 1808 ex

123 1848 194 1910 (laio
210 1845 335 1895 Christus
348 1845 442 1910 pretia
458 1844 505 1895 llci
520 1843 557 1907 (Il
572 1846 633 1897 t'or.
647 1848 684 1910 r),
697 1844 754 1897 sire
768 1852 800 1898 ut
814 1844 843 1898 in
854 1846 917 1915 qui·
958 1841 1022 1895 lide.
1030 1842 1214 1912 ·›ntdeinceps
1222 1842 1332 1897 inserat.
1342 1866 1352 1887 «ι
1364 1843 1456 1896 sirit.»
1466 1843 1544 1906 Quod
1552 1850 1648 1897 autem
1656 1844 1758 1914 inquit:

123 1931 240 1986 busdam
256 1930 459 2000 exemplaribus
473 1930 691 2001 legatorumque
706 1934 815 2000 llropro
830 1936 918 1986 ouini-
960 1931 1011 1984 Lea
1026 1946 1079 1983 reon
1100 1936 1137 1984 est
1153 1948 1185 1982 er
1202 1933 1263 1997 fide,
1278 1933 1324 1985 sed
1334 1935 1383 1999 qur
1401 1933 1495 1998 srrrrn't
1505 1949 1546 1991 ra,
1563 1936 1632 1985 riret
1646 1936 1675 1986 in
1692 1936 1758 1987 illis.

124 2023 171 2073 bus
195 2025 319 2074 morlacas
339 2025 403 2073 est:
429 2019 452 2072 si
468 2026 562 2073 autem
587 2037 636 2090 prro
658 2020 796 2081 omuibus,
819 2030 847 2074 ct
869 2039 918 2092 pro
960 2018 1186 2073 manifestissime
1213 2019 1433 2083 demonstratur,
1449 2034 1505 2073 non
1517 2020 1674 2089 simplicem
1703 2021 1757 2074 dici

122 2111 228 2180 Moyse,
242 2116 271 2162 et
285 2126 334 2177 pro
349 2108 486 2163 universis
509 2109 662 2179 prophetis.
679 2108 810 2179 equibus
826 2110 919 2165 nullus
960 2107 1055 2165 vitam,
1072 2107 1119 2159 sed
1137 2124 1198 2161 eam
1222 2125 1283 2178 queo
1303 2109 1440 2162 reseratur
1459 2109 1495 2161 ad
1516 2108 1634 2178 aliquid,
1651 2113 1756 2175 justus.

123 2197 215 2267 potuit
223 2197 316 2250 delere
323 2196 541 2266 chirographum
551 2197 860 2267 vetusquodaelrersum
870 2215 919 2252 nos
960 2199 1057 2264 quippe
1072 2214 1103 2249 rr
1118 2198 1169 2263 tiele
1185 2200 1250 2250 rirr't
1270 2217 1277 2249 .·
1294 2202 1322 2250 et
1336 2215 1391 2250 uon
1403 2197 1524 2261 additur,
1542 2197 1570 2250 in
1586 2197 1640 2262 his,
1657 2198 1715 2251 sire.
1729 2198 1758 2251 in

123 2286 257 2357 scriptum
283 2292 353 2346 erat,
375 2291 401 2339 et
430 2285 543 2355 elligere
559 2285 628 2340 illud
648 2286 724 2340 eruci
740 2287 850 2353 (dolose.
866 2291 917 2353 nl:
960 2284 1024 2337 illis.
1042 2284 1252 2338 h'irousautem
1273 2286 1300 2338 in
1316 2286 1386 2355 lege,
1403 2285 1450 2354 qui
1466 2285 1563 2339 lecerit
1577 2302 1620 2340 ea.
1643 2286 1716 2340 riret
1730 2286 1757 2339 iu

124 2376 221 2429 (lomes
235 2379 415 2442 peccaverant
429 2378 452 2427 rt
465 2376 687 2442 r'nrliqentqleriu
699 2376 747 2428 1)ιίΙ
762 2377 846 2439 tllonr.
864 2384 917 2441 iulg
961 2372 1016 2425 illis
1033 2390 1038 2423 :
1064 2373 1117 2427 hoe
1129 2379 1173 2426 est
1191 2373 1219 2426 in
1235 2373 1277 2427 his
1293 2390 1354 2444 quae
1368 2374 1441 2429 serit.
1460 2390 1521 2444 quae
1536 2374 1645 2444 putarit
1661 2374 1735 2429 bona
1752 2394 1757 2426 :

125 2462 289 2517 lmleslaste
305 2462 492 2531 quoquelnmr
502 2463 806 2517 lirmantescntentiam
816 2481 821 2514 ε
832 2464 918 2517 Hebro
959 2461 1117 2514 mercedem
1127 2460 1231 2515 laboris
1245 2463 1289 2515 sui
1304 2461 1408 2515 habens
1420 2480 1452 2514 ea
1468 2468 1578 2528 tau—tum
1589 2480 1685 2533 opera,
1698 2481 1758 2533 quae

125 2569 177 2605 non
194 2554 327 2618 cstjustus
343 2554 373 2604 iu
389 2556 473 2613 terro,
484 2554 533 2618 qai
540 2553 626 2616 sociat
641 2553 740 2609 boreum
757 2558 780 2604 rt
798 2569 850 2605 non
861 2568 918 2620 pre·
958 2548 1032 2612 fecit,
1049 2549 1105 2602 sire
1120 2550 1324 2619 longitudinem
1340 2550 1412 2617 vitae,
1431 2557 1463 2603 ut
1477 2551 1565 2605 ludaei
1576 2557 1687 2620 putant,
1703 2552 1760 2606 sire

124 2645 161 2692 ret
179 2640 274 2704 tEeclr.
292 2643 348 2703 lu).
363 2639 488 2708 Denique
504 2646 532 2691 et
546 2639 663 2693 interius
676 2640 801 2710 Apostoli
813 2641 917 2695 dictum
959 2637 1176 2691 declinationem
1192 2655 1289 2708 pirena,
1306 2656 1357 2708 per
1378 2656 1462 2709 quem
1478 2645 1671 2709 transgressor
1690 2640 1759 2709 tergis

127 2727 273 2781 manifeste
288 2727 370 2780 docet
384 2743 434 2780 nec
443 2728 568 2798 Moysen,
580 2745 631 2781 arec
646 2728 783 2782 illustrem
796 2729 918 2799 aliquem
961 2725 1109 2780 occiditur:
1129 2726 1340 2781 orirereautem
1352 2727 1382 2781 in
1393 2728 1469 2781 illiso
1484 2731 1758 2799 nonputcmusrlpo·

124 2816 290 2885 deantiquis
301 2815 391 2869 virum
400 2815 473 2886 apud
483 2816 572 2869 Deum
577 2816 725 2885 justificari
732 2818 855 2887 potuisse
870 2834 920 2889 per
960 2814 1024 2868 stoli
1041 2813 1125 2868 rerba
1136 2831 1206 2879 esse,
1220 2816 1267 2869 sed
1293 2816 1443 2870 Ezechielis
1462 2817 1615 2887 prophetae,
1633 2818 1681 2888 qui
1697 2818 1757 2871 ait:

127 2905 226 2973 legem.
248 2903 376 2974 sequitur
390 2904 464 2957 euim
487 2923 492 2956 :
516 2906 585 2970 Ouia
606 2911 696 2957 cutem
716 2910 746 2959 r'n
769 2910 823 2974 qur
842 2923 919 2960 neruo
960 2903 993 2957 El
1008 2905 1141 2957 eduricos
1159 2907 1190 2957 in
1207 2905 1354 2968 desertum,
1378 2911 1402 2959 ct
1422 2907 1485 2959 dedi
1500 2909 1537 2959 cis
1551 2911 1684 2974 prerepto
1701 2923 1760 2960 urea

119 2995 323 3060 jerstr'lleabitur
354 2993 430 3060 eprud
450 2993 547 3054 herrm,
571 2995 749 3060 erreur'sestum
780 3000 826 3055 cst.
852 2962 984 3063 quiscat
994 2995 1205 3059 justificationes
1227 3010 1298 3047 meas
1319 2996 1506 3048 derrronrtrom‘
1524 2998 1561 3047 eis
1585 3011 1653 3064 quas
1675 2998 1758 3062 societ

15 3125 19 3137 ,
118 3085 212 3149 justus
228 3098 260 3134 er
281 3082 332 3147 fide
348 3083 425 3134 er'rit.
451 3079 568 3149 (Araba)
589 3082 629 3133 lle
647 3097 697 3151 per
715 3056 768 3136 h}
786 3083 918 3136 receden-
959 3080 1758 3154 henro,etrirctiner'st'E3rrlr.xx).[Aug.]ltaqueiutel-

123 3170 190 3225 dura
204 3186 220 3223 a
236 3170 298 3238 lege
320 3169 422 3223 docet:
444 3184 479 3221 ne
495 3168 607 3237 justitia
626 3186 676 3239 per
699 3170 783 3223 sidem
803 3172 919 3241 quaesita
960 3168 1015 3237 lige
1023 3169 1112 3238 legem
1125 3168 1214 3223 inboe
1222 3170 1281 3224 loeo
1290 3170 1413 3240 proipsis
1422 3170 1553 3241 operibus
1559 3171 1691 3242 positam.
1707 3171 1760 3236 Qui

122 3262 228 3328 pereat.
960 3263 1055 3310 autem
1065 3257 1194 3312 vivebant
1203 3258 1232 3312 in
1241 3258 1285 3312 his
1295 3259 1435 3329 operibus,
1451 3258 1588 3314 timebant
1605 3259 1702 3332 utique
1713 3277 1758 3324 ue,

162 3348 316 3400 terentem
334 3362 389 3399 nou
400 3351 438 3398 est
453 3362 485 3398 cr
499 3347 559 3412 flete,
576 3348 621 3399 aed
630 3350 680 3415 qui
689 3349 783 3414 licerit
793 3363 831 3408 rc,
852 3349 918 3400 rirrt
959 3344 982 3397 si
997 3360 1052 3398 non
1065 3361 1099 3399 ea
1112 3346 1252 3412 fecissent,
1262 3347 1460 3418 lapidationem
1475 3349 1518 3401 rel
1527 3365 1638 3402 crucem
1649 3350 1691 3402 rel
1707 3348 1758 3403 ali·

124 3437 153 3487 ia
164 3437 211 3487 eis.
225 3435 287 3487 Non
298 3439 381 3487 estex
392 3433 446 3487 side
457 3434 509 3490 lex.
522 3433 589 3504 quia
599 3433 917 3487 nihiluiandatcreden-
959 3433 1026 3502 quid
1039 3434 1209 3505 hujusmodi,
1217 3442 1391 3506 paterentur.
1403 3437 1474 3506 Ergo
1487 3437 1534 3506 qui
1548 3437 1646 3491 lecerit
1661 3454 1703 3503 ea,
1718 3437 1758 3492 in·

122 3523 188 3579 dum
207 3540 212 3573 :
229 3522 324 3576 onmia
344 3522 419 3575 enim
434 3523 495 3591 ejus
510 3522 742 3588 manifestasunt,
760 3528 791 3575 ut
805 3539 918 3576 servans
959 3520 1028 3590 quit,
1044 3521 1115 3575 rivet
1129 3522 1157 3576 in
1172 3522 1236 3590 iuis,
1257 3523 1284 3578 id
1307 3530 1359 3581 est.
1380 3524 1492 3578 habebit
1505 3525 1663 3596 preminur,
1682 3543 1716 3580 ne.
1729 3526 1758 3580 in

121 3611 212 3680 legem
223 3610 305 3671 rivat,
319 3610 342 3663 si
350 3610 627 3679 quominus,neoesse
635 3611 832 3681 estplectatur,
841 3610 916 3679 quia,
958 3608 1109 3664 istamorte
1118 3610 1261 3681 puniatur.
1279 3613 1341 3666 Non
1353 3614 1498 3684 ergoapud
1511 3614 1609 3680 Deum,
1628 3616 1710 3685 eujus
1725 3631 1757 3668 ex

122 3699 195 3768 quod
213 3698 293 3752 scirit
307 3698 462 3753 vitandum.
478 3698 601 3751 admisit.
617 3699 713 3752 Potest
727 3699 828 3769 opponi
844 3715 859 3751 e
874 3698 917 3752 di·
958 3697 1012 3751 lide
1028 3697 1050 3750 si
1067 3698 1130 3768 quis
1140 3699 1168 3753 in
1183 3700 1236 3754 hac
1248 3701 1304 3754 rita
1320 3701 1425 3760 vixerit,
1442 3719 1504 3756 cum
1516 3701 1581 3755 hinc
1596 3704 1755 3769 excesserit,

121 3805 200 3842 rorso
216 3787 316 3841 etdici.
335 3787 408 3841 siin
425 3788 485 3857 lege
502 3804 584 3841 nemo
597 3787 778 3856 justificatur,
793 3787 918 3857 quidest
959 3787 1109 3840 tuncenim
1122 3788 1754 3862 inagishabebitpresrrntissimunrpimmium.

121 3876 409 3946 utmaledieatur‚qui
419 3877 523 3946 aliquid
533 3876 732 3946 prater-itlegis
744 3876 756 3927 ‘l
764 3893 861 3929 rerum
875 3882 919 3929 est
959 3874 1020 3928 Non
1036 3875 1132 3947 itaque
1147 3894 1179 3931 ex
1194 3878 1249 3930 sule
1260 3878 1326 3931 ririt
1336 3879 1462 3949 quisquis
1473 3880 1622 3950 praesentia
1637 3897 1700 3951 quar
1715 3880 1754 3934 ri·

122 3966 188 4033 quia
203 3976 286 4019 nenio
297 3980 347 4034 per
360 3964 708 4034 legemjustisreaturapud
719 3965 824 4018 Deum:
836 3964 918 4033 justi·
958 3963 1070 4025 dentur,
1086 3965 1128 4018 rel
1143 3966 1228 4037 cupit,
1242 3967 1284 4019 rel
1306 3966 1397 4025 timet,
1414 3968 1481 4036 quia
1495 3968 1564 4021 sides
1578 3969 1627 4022 Dei
1639 3969 1675 4025 ad
1691 3969 1756 4024 invi·

121 4054 221 4107 beatur
235 4059 330 4106 autem
341 4052 414 4122 apud
430 4053 576 4117 urendum,
593 4059 625 4105 ut
639 4068 753 4107 securus
766 4053 803 4105 sit
818 4053 846 4106 in
861 4053 917 4107 rita
958 4050 1049 4105 sibilia
1062 4053 1193 4124 preminet,
1218 4070 1280 4125 qum
1300 4060 1363 4126 post
1380 4055 1531 4111 dabuntur.
1548 4057 1621 4110 Nam
1645 4063 1689 4111 est
1703 4057 1754 4111 ista

119 4140 259 4210 presenti.
272 4139 302 4194 Si
310 4146 405 4194 autem
413 4140 487 4210 apud
502 4141 592 4194 Deum
598 4140 748 4210 justificari
759 4142 819 4195 vult
829 4147 861 4195 ut
875 4141 915 4194 illi
958 4141 1085 4210 quaedam
1100 4141 1129 4194 in
1144 4142 1273 4213 operibus
1288 4143 1356 4214 legis
1366 4144 1486 4213 justitia,
1504 4144 1616 4214 quando
1629 4145 1690 4200 sine
1705 4163 1755 4200 suo

120 4229 156 4284 ad
166 4228 299 4282 meritum
310 4228 437 4299 proliciat
450 4228 479 4281 in
494 4228 539 4282 die
551 4227 649 4298 judicii
664 4228 724 4290 Dei,
740 4237 875 4299 sequatur
885 4232 915 4284 sr-
956 4229 1071 4298 praemio
1081 4230 1179 4284 relicta
1193 4247 1248 4285 non
1263 4238 1314 4295 est,
1328 4233 1415 4303 utqui
1428 4232 1576 4300 feceritea,
1588 4234 1755 4289 riretineis.

119 4318 194 4380 dom,
211 4316 335 4388 alioquin
349 4316 394 4370 hio
417 4332 541 4375 securus.
568 4333 632 4370 reus
656 4318 710 4372 erit
733 4318 762 4371 in
777 4318 912 4373 futurum.
955 4317 1034 4371 Unde
1048 4319 1125 4371 etad
1144 4319 1285 4373 Romanos
1303 4320 1389 4374 dicit:
1416 4322 1447 4374 Si
1469 4325 1541 4376 eninr
1562 4323 1706 4377 teroham
1725 4340 1757 4378 ea

118 4406 310 4475 Prodestergo
320 4405 373 4471 lex,
384 4405 432 4459 sed
443 4421 504 4475 quoe
514 4405 544 4458 in
559 4405 662 4459 tabulis
670 4406 832 4477 scriptaest,
849 4424 914 4461 nam
956 4407 1080 4473 operibus
1092 4409 1257 4475 §calistratus
1267 4414 1314 4474 est,
1328 4410 1404 4463 trebel
1415 4413 1545 4477 qlorr'om,
1558 4412 1604 4464 sed
1615 4427 1671 4464 uon
1680 4414 1757 4481 apud

118 4503 228 4559 caetera,
239 4495 311 4550 sieut
320 4494 399 4560 dixit,
411 4494 527 4548 utoneri
539 4500 633 4549 essent
642 4495 709 4549 data
723 4501 798 4550 sunt.
816 4495 915 4566 (lber.)
956 4494 1042 4547 lleurn
1051 4495 1137 4561 (Boou
1145 4497 1193 4563 rr).
1207 4496 1290 4550 Aliud
1302 4504 1345 4550 est
1363 4515 1429 4568 ergo
1440 4514 1495 4551 non
1502 4498 1663 4568 justificari,
1680 4500 1755 4554 aliud

120 4585 284 4655 Exemplum
299 4600 354 4653 quo
378 4581 513 4652 probatur
524 4584 633 4652 justum
648 4599 681 4636 ex
700 4583 754 4636 fide
767 4583 868 4648 rivere,
888 4589 917 4638 et
958 4598 1013 4636 uon
1025 4583 1175 4652 justificari
1183 4585 1257 4655 apud
1269 4586 1359 4640 Deum
1373 4604 1378 4638 :
1395 4587 1442 4656 qui
1459 4587 1571 4641 omnino
1585 4603 1642 4641 non
1654 4589 1757 4658 justifi-

119 4690 174 4728 uon
190 4671 377 4741 exoperibus,
393 4671 427 4724 de
443 4670 553 4726 Abacuc
568 4671 784 4742 prophetatulit
804 4672 914 4737 (Ilaboc.
957 4676 1038 4724 eatur
1054 4689 1105 4726 nec
1119 4672 1168 4727 illa
1188 4679 1280 4727 serrat
1302 4691 1362 4745 quae
1385 4675 1540 4745 temporale
1566 4676 1671 4730 habent
1684 4694 1756 4748 pra·-

118 4768 158 4826 ιι),
175 4760 248 4830 quod
263 4760 304 4813 ita
318 4761 504 4830 Septuaginta
512 4761 679 4831 interpretes
690 4761 839 4815 ediderunt
854 4762 917 4815 :Ju·
957 4760 1055 4821 mium,
1071 4761 1175 4815 necilla
1185 4779 1247 4832 quie
1255 4768 1393 4818 aeteruum
1406 4781 1411 4816 ε
1424 4764 1471 4834 qui
1483 4770 1578 4817 nutem
1588 4764 1616 4817 in
1626 4765 1757 4836 operibus

118 4856 177 4925 stqs
191 4854 327 4901 entrance
345 4864 403 4901 ereo
413 4849 464 4914 fide
479 4852 557 4902 rioit.
572 4848 675 4919 Aquila
693 4855 722 4902 et
737 4848 891 4903 Theodotio
907 4866 912 4899 :
956 4848 1025 4919 legis
1033 4849 1216 4919 justificatur,
1230 4867 1286 4905 non
1301 4852 1376 4922 apud
1390 4853 1480 4906 Deum
1493 4852 1677 4923 justificatur,
1692 4855 1759 4925 quia

117 4941 212 4992 destos
222 4941 314 4989 erilem
328 4953 360 4989 cr
374 4940 431 5004 rjus
441 4939 492 5005 {lde
503 4941 577 5001 cr'rr't,
595 4937 623 4990 id
640 4943 691 5002 est,
707 4937 767 4991 Dei.
780 4937 914 4991 Conside-
955 4937 1139 5008 temporalem
1149 4938 1213 4992 inde
1226 4946 1367 5010 exspectat
1378 4939 1569 5011 visibilemque
1584 4943 1752 4999 mercedem.

118 5026 239 5081 randum
259 5024 356 5095 utique
372 5025 438 5094 quia
454 5041 510 5078 non
525 5024 636 5089 dixerit,
653 5025 736 5079 homo
751 5031 801 5079 aut
815 5025 864 5090 sir,
882 5042 914 5079 ex
955 5025 1004 5078 sed
1019 5031 1113 5080 tamen
1123 5027 1317 5081 estetiumista
1329 5035 1361 5082 ut
1371 5028 1427 5082 dixi
1438 5030 1566 5100 quendam
1577 5030 1753 5085 utsicdicam

118 5115 173 5178 llde
183 5114 258 5176 vixit,
268 5130 303 5166 ne
314 5113 486 5166 occasionem
496 5112 632 5167 tribueret
642 5113 820 5167 adrirtutum
830 5130 915 5184 opera
955 5118 1068 5168 terrena
1081 5115 1256 5185 carnalisque
1261 5116 1387 5185 justitia:
1401 5134 1466 5171 unm
1481 5123 1510 5171 et
1526 5118 1584 5188 ipse
1600 5120 1752 5191 Apostolus

118 5201 331 5266 contemnenda,
341 5200 400 5264 sed,
412 5200 608 5268 iustusoxsrdo
618 5199 696 5284 sirit,
710 5208 742 5254 ut
755 5200 914 5271 quicunque
956 5217 1018 5255 eam
1030 5203 1170 5272 justitiam
1180 5211 1269 5270 roout,
1281 5222 1343 5258 curn
1358 5205 1424 5259 alibi
1431 5206 1507 5273 dicit,
1520 5230 1532 5257 e
1545 5207 1755 5279 justitiamque

119 5289 207 5342 tidelis
222 5293 295 5342 esset
309 5294 337 5342 et
351 5304 401 5358 per
410 5287 494 5340 tidem
510 5287 641 5354 victurus,
653 5305 709 5342 non
723 5289 806 5343 aliter
820 5294 915 5359 posset
954 5290 1109 5359 inlegeest,
1118 5300 1296 5347 conversatus
1307 5294 1355 5364 qui
1365 5294 1465 5348 luerim
1476 5295 1755 5366 sinequerela.·›l³ro

118 5377 153 5430 ad
168 5378 253 5430 fidem
269 5377 371 5441 venire,
387 5376 429 5429 rel
445 5375 474 5429 in
489 5375 636 5441 conivere,
656 5376 709 5430 nisi
728 5377 807 5448 prius
819 5379 914 5448 justus
955 5386 1052 5449 pterea
1064 5381 1199 5434 Dominus
1211 5383 1293 5436 lesus
1309 5383 1369 5452 jum
1384 5383 1543 5438 libertatem
1558 5385 1676 5439 daturus
1692 5404 1753 5440 cre-

116 5466 224 5541 tuismt,
240 5472 270 5521 et
284 5464 406 5536 puritate
420 5463 481 5519 ritae
496 5464 575 5536 quasi
594 5464 759 5536 quibusdam
781 5466 816 5521 ad
830 5467 914 5521 sidem
955 5467 1085 5523 dentibus
1099 5469 1226 5539 quaedam
1238 5487 1334 5524 earum
1350 5471 1577 5528 observationum
1592 5489 1649 5528 non
1663 5492 1754 5530 serra-
