3786 6128
57 286 128 346 1240
480 278 528 334 nu
543 279 821 336 ECCLESIAS'I'ICA
840 276 1057 338 DISCIPLINA.
1073 307 1106 323 ·-
1126 281 1195 336 LIB.
1217 282 1267 338 111.
1625 287 1696 347 1250

56 412 193 469 Crantore
207 421 368 463 eoncessum
382 403 448 459 vitio
463 404 498 459 ad
513 419 630 476 operum
650 421 798 476 pravorum
808 405 859 460 mi·
866 412 889 468 Α
898 405 985 459 solam
999 406 1147 477 conjugem
1162 422 1243 461 suam
1260 407 1426 478 legitimam,
1441 413 1470 462 et
1489 409 1591 464 mulier
1604 413 1698 469 solum

54 500 175 557 nisteria
188 502 386 567 contorquens,
412 497 441 546 et
462 491 490 546 in
511 494 662 565 semetipso
680 495 855 549 reconditum
897 493 1030 548 maritum
1052 512 1133 550 suum
1159 495 1317 565 legitimum
1337 496 1454 550 noverit.
1480 496 1533 561 Qui
1557 516 1623 555 uero
1639 503 1697 559 haec

54 583 288 658 eoncupiscentia
301 581 431 637 morbum
454 582 699 653 contemplationis
714 583 857 637 occasione
897 583 1113 653 transgreditur,
1128 585 1189 638 sine
1203 583 1287 638 dubio
1297 585 1428 639 adulterii
1439 585 1558 641 crimine
1573 605 1638 645 reus
1651 596 1695 646 te·

54 676 223 749 producens.
235 672 341 729 Idcirco
356 685 422 740 ergo
438 669 502 724 huic
516 669 595 724 dedit
605 671 729 725 salutare
744 671 858 725 manda·
899 677 992 726 netur.
1022 672 1058 726 Hi
1081 679 1176 727 autem
1195 673 1243 744 qui
1272 673 1605 732 matrimonio'nondum
1630 686 1697 734 sunt

54 772 135 820 mu„
153 763 234 834 nujus
244 760 342 815 vitium
352 757 506 831 pessimum
518 759 637 829 languor
650 759 725 814 visus
738 776 857 831 occupa·
896 760 997 829 iuncti,
1014 766 1043 814 et
1056 761 1185 816 caelebem
1200 761 1283 816 vitam
1296 763 1411 827 ducunt,
1429 764 1589 820 castitatem
1600 766 1696 822 obser·

54 854 134 909 tione
142 849 342 924 proceditNon
348 847 548 902 enimdicitur:
558 847 642 902 Omni
648 848 858 903 custodiaserva
898 854 964 903 vent
977 865 1065 920 usque
1079 851 1114 904 ad
1129 857 1241 923 tempus
1252 851 1414 922 nuptiarum
1428 860 1626 924 opportunum,
1643 873 1697 911 nec

54 942 162 1007 oculos,
174 956 244 1011 quos
257 939 355 1008 utique
369 936 494 1008 oportuit
506 935 698 1008 principaliter
712 937 855 1002 custodiri,
898 936 1088 993 fornicationis
1102 940 1278 1011 turpitudine
1288 957 1318 995 se
1332 941 1468 1012 polluant,
1481 941 1548 1013 quia
1561 943 1695 1017 scripturn

53 1031 78 1085 si
91 1046 125 1085 ex
142 1029 212 1101 ipsis
226 1027 351 1100 prodiret
364 1024 735 1096 concupiscentiaeallectus3
753 1025 803 1080 sed
818 1025 858 1079 di·
898 1031 962 1080 est:
981 1046 994 1078 a
1019 1028 1212 1083 Fornicatores
1237 1037 1266 1083 et
1293 1029 1436 1084 adulteros
1459 1031 1598 1100 judicabit
1621 1034 1696 1089 Deus

53 1119 144 1174 citur:
156 1116 240 1173 Omni
251 1115 466 1170 custodiaserra
475 1119 621 1168 cortuum.
637 1113 681 1169 Illi
699 1114 858 1185 potentissi-
899 1117 990 1182 (Hebr.
999 1129 1056 1171 aru.
1068 1114 1168 1186 ttulit
1178 1123 1274 1172 autem
1283 1119 1331 1189 qui
1340 1118 1694 1192 virginitatispropositum

55 1222 135 1262 mum
149 1204 283 1276 imposita
291 1208 334 1258 est
346 1202 497 1258 medicina:
515 1201 590 1273 quod
603 1201 705 1272 ubique
715 1201 794 1257 abuti
806 1219 857 1274 po·
897 1209 996 1259 tenent
1009 1205 1069 1259 sine
1082 1205 1140 1261 ulla
1151 1206 1368 1277 reprehensione
1382 1208 1450 1263 illud
1477 1210 1646 1279 custodiant,
1661 1228 1698 1268 ne

56 1295 267 1350 testoenlorum
274 1290 522 1346 ministerioUnde
532 1290 732 1360 cogitationum
741 1289 858 1344 lascivos
898 1292 1014 1348 lorteab
1033 1294 1130 1349 aterni
1152 1294 1225 1365 regis
1240 1295 1347 1365 nuptiis
1367 1313 1431 1351 cum
1446 1297 1531 1352 fatuis
1544 1298 1698 1369 virginibus

55 1390 153 1439 motus
165 1383 195 1438 in
204 1381 357 1455 primordio
366 1385 445 1435 ortus
455 1379 498 1433 sui
513 1385 665 1451 antequam
675 1379 782 1453 fruetus
796 1394 859 1450 ger·
899 1382 1079 1453 repellantur,
1096 1383 1145 1437 sed
1159 1383 1250 1453 magis
1264 1400 1328 1438 cum
1343 1385 1526 1456 prudentibus
1541 1388 1698 1445 lucentibus

55 1472 167 1528 minent
178 1477 364 1544 peccatorum,
378 1470 541 1524 studeamus
552 1469 739 1540 exstinguere,
750 1474 780 1523 et
794 1467 858 1522 filiae
899 1469 1035 1526 bonorum
1068 1488 1184 1543 operum
1208 1472 1326 1538 meritis,
1353 1480 1452 1528 ornate
1480 1475 1515 1529 ad
1540 1477 1697 1535 convivium

55 1560 211 1635 Babylmris
225 1560 355 1633 parvulos
375 1559 523 1613 allidamus
544 1558 579 1612 ed
603 1563 722 1629 petram,
737 1558 791 1612 hoe
804 1563 855 1624 est,
865 1576 889 1636 Β
900 1560 994 1631 sponsi
1009 1560 1129 1614 coelastis
1152 1561 1269 1615 intrent.
1291 1561 1426 1616 Similiter
1440 1568 1469 1617 et
1484 1565 1532 1634 qui
1558 1565 1697 1622 vidualem

54 1651 251 1707 fornicationis
264 1649 458 1728 suggestiones
472 1653 501 1701 et
514 1647 699 1702 Immunditire
708 1647 856 1718 cogitatus,
899 1649 1099 1703 continentiam
1108 1649 1225 1720 professi
1234 1656 1309 1716 sunt,
1320 1667 1375 1705 non
1383 1652 1500 1706 redeant
1510 1659 1595 1719 retro,
1607 1655 1698 1711 sedad

56 1734 856 1797 nmndatorumChristirecordationesubitoconteramus.
898 1754 1025 1809 superna
1039 1737 1192 1792 vocationis
1219 1738 1368 1794 intendant
1387 1740 1543 1811 praemium,
1570 1743 1697 1799 utillud

56 1830 172 1885 Nullam
180 1827 284 1884 etenim
293 1826 396 1880 uirtute
406 1823 583 1896 tamproprie
594 1824 720 1877 carnales
730 1823 858 1878 homines
899 1831 1115 1896 consequantur.
1128 1826 1218 1896 Igitur
1229 1843 1326 1882 omnes
1336 1828 1421 1883 simul
1436 1829 1520 1883 fidem
1532 1831 1697 1887 catholicam

55 1918 251 1992 spiritualibus
273 1915 381 1987 angelis
404 1914 560 1969 imitatione
581 1912 798 1968 conversationis
812 1929 857 1967 se·
898 1918 1035 1980 tenentes,
1059 1914 1207 1970 audiamus
1234 1916 1401 1986 Apostolum
1423 1916 1503 1971 nobis
1527 1918 1667 1974 dicentem
1685 1939 1691 1987 3

55 2014 193 2080 quuntru·,
222 2022 307 2078 quarn
334 2005 436 2059 merito
464 2010 493 2059 et
516 2003 610 2075 gratia
637 2002 784 2068 eastitatis,
806 2018 857 2074 per
899 2020 912 2054 c
927 2003 1098 2075 Desponsavi
1110 2020 1159 2058 vos
1174 2004 1224 2058 uni
1240 2003 1299 2058 uiro
1313 2005 1449 2075 uirginem
1464 2013 1570 2061 castam
1588 2007 1698 2063 exhibe-

55 2112 141 2169 quam
156 2096 248 2150 adhuc
263 2095 292 2150 in
311 2100 388 2149 terra
411 2093 554 2163 degentes,
571 2090 685 2157 habent,
702 2090 855 2146 secundum
896 2107 928 2145 re
938 2091 1050 2146 Christo
1064 2093 1105 2161 (II
1117 2093 1178 2147 Cor.
1194 2109 1230 2160 xr,
1243 2091 1282 2162 ⁴2).
1302 2114 1313 2144 a

52 2185 230 2258 Apostolum,
256 2183 460 2254 municipatum
478 2180 508 2235 in
528 2181 614 2247 coelis,
630 2180 704 2252 quod
728 2179 856 2250 deposita

53 2274 215 2344 corruptela
226 2271 332 2326 carnali
350 2270 494 2325 habituros
509 2275 620 2324 sanctos
634 2268 809 2341 promittitur
826 2268 856 2323 in

53 2362 149 2418 tuturo
176 2363 228 2417 llic
238 2363 299 2433 jam
310 2362 340 2416 in
354 2377 438 2415 carne
460 2360 553 2430 fragili
576 2360 760 2432 possidentes.
776 2358 856 2413 Unde
932 2358 990 2412 Nec
1006 2357 1100 2412 minus
1114 2374 1181 2429 ergo
1196 2364 1294 2413 contra
1308 2365 1415 2431 pestem
1425 2360 1547 2416 tristities
1555 2363 1696 2419 saecularis

53 2448 265 2521 qualitasillam
274 2447 423 2518 pradictus
436 2446 564 2516 gentium
579 2446 730 2518 Apostolus
739 2447 857 2501 Thessa·
897 2445 1012 2515 vigilare
1022 2445 1166 2513 debemus,
1176 2447 1243 2518 quia
1254 2448 1316 2519 ipsa
1327 2447 1491 2503 certissima
1502 2450 1600 2506 mortis
1614 2451 1696 2507 colla-

52 2538 242 2594 Ionieensibus
258 2536 383 2592 scribens
405 2535 556 2590 virtutibus
576 2534 732 2606 praetulerit
745 2535 856 2589 univer·
897 2534 1013 2600 trixest‚
1030 2535 1054 2589 si
1067 2551 1123 2589 non
1137 2541 1277 2591 careatur.
1287 2537 1367 2591 Unde
1377 2539 1527 2607 Apostolus
1542 2539 1696 2596 admonens

52 2628 92 2681 sis
122 2627 280 2693 aridiamus,
299 2644 312 2677 a
329 2627 394 2680 Haec
408 2631 459 2689 est,
485 2624 625 2696 inquiens,
648 2625 777 2678 voluntas
804 2622 855 2677 Ilei
898 2639 949 2677 nos
975 2610 1236 2679 dalmatiaeque
1259 2625 1289 2680 in
1313 2626 1432 2680 Domino
1455 2644 1576 2699 semper,
1591 2628 1696 2685 iterum

50 2715 237 2771 sanctificatio
262 2716 393 2783 vestrati
409 2716 495 2769 Thess.
522 2730 557 2779 rr,
580 2712 617 2783 3).
632 2734 643 2764 ι
661 2714 697 2768 Et
720 2729 756 2766 ne
783 2711 855 2766 forte
895 2711 1102 2782 dicogaudete:
1113 2713 1252 2768 modestia
1265 2721 1358 2768 restra
1371 2715 1486 2770 notasit
1498 2716 1628 2772 omnibus
1642 2718 1693 2772 ho-

51 2804 172 2860 dubium
194 2802 274 2860 nobis
297 2802 469 2873 taliaqueret
482 2802 525 2855 vel
541 2800 700 2866 obscurum,
718 2799 852 2871 quidnam
893 2799 1026 2866 minibus,
1048 2802 1185 2857 Dominus
1206 2820 1292 2875 prope
1316 2803 1456 2861 estnihil
1480 2805 1591 2859 solliciti
1619 2806 1691 2873 sitis,

52 2891 431 2949 sanctiticationemvoluerit
438 2890 592 2962 appellare:
601 2888 850 2959 utrumjustitiam,
861 2903 882 2963 ρ
893 2889 942 2943 sed
956 2888 1070 2944 inomni
1084 2890 1219 2955 oratione,
1234 2897 1262 2945 et
1276 2891 1468 2946 obsecratione
1481 2892 1630 2964 petitiones
1645 2911 1693 2949 ue·

52 2998 90 3037 an
104 2982 282 3037 charitatem.
300 2997 336 3035 an
357 2979 555 3044 humilitatem,
572 2994 608 3032 an
630 2976 807 3051 patientiam,
824 2976 853 3031 in
896 2984 960 3033 strae
974 2978 1150 3033 innotescant
1160 2981 1234 3051 apud
1249 2964 1338 3035 Deum
1354 2982 1467 3049 (Philip.
1484 2999 1520 3044 rr,
1537 2983 1574 3049 l).
1592 3001 1604 3033 ι
1621 2983 1693 3039 Cum

53 3070 188 3125 omnibus
201 3070 275 3124 enirn
290 3068 352 3124 istis
364 3066 514 3124 virtutibus
529 3059 654 3121 creditur
667 3065 773 3138 acquiri
788 3081 855 3120 san·
897 3084 963 3138 ergo
977 3067 1067 3122 Deum
1080 3068 1271 3139 quarentibus
1285 3069 1402 3140 ejusque
1418 3069 1562 3139 promissis
1576 3071 1693 3127 creden-

51 3159 208 3214 ctiflcatio:
226 3157 311 3213 infert
331 3162 361 3211 et
386 3156 534 3211 manifeste
560 3154 688 3224 designat
707 3155 774 3226 quid
794 3172 856 3226 pro-
896 3155 972 3211 tibus
987 3156 1075 3212 laetari
1088 3157 1694 3230 atquegauderesemperpraeeipitur,procul

53 3246 117 3319 prie
128 3245 379 3301 sanctificationem
392 3244 513 3299 soluerit
527 3244 677 3316 appellare.
701 3264 712 3295 ι
725 3244 790 3298 Haec
802 3248 853 3309 est,
895 3244 981 3299 dubio
994 3245 1117 3299 letaliter
1126 3246 1287 3300 contristari
1303 3246 1477 3317 prohibetur.
1490 3247 1538 3301 Est
1548 3248 1634 3302 etiam
1643 3266 1693 3319 ge·

51 3335 157 3408 inqnit,
173 3337 303 3391 voluntas
328 3335 378 3390 hei
402 3334 586 3388 sanctificabo
601 3336 703 3398 vestra,
719 3339 753 3387 ut
771 3332 856 3387 absti-
896 3349 949 3387 nus
962 3333 1084 3388 tristitiae
1100 3334 1263 3404 pestiferum
1277 3351 1310 3388 ac
1324 3335 1510 3400 mortiferum,
1524 3336 1597 3407 quod
1614 3337 1695 3408 quasi

52 3424 147 3481 neatis
161 3440 211 3480 vos
225 3442 243 3478 a
256 3423 454 3478 fornicatione:
471 3428 504 3476 ut
517 3422 589 3476 sciat
600 3421 796 3492 unusquisque
807 3437 855 3474 ve·
895 3421 999 3492 passim
1016 3438 1066 3492 per
1081 3421 1205 3491 singulos
1215 3438 1365 3487 rursusne
1379 3423 1470 3477 varios
1478 3439 1559 3477 casus
1569 3423 1695 3480 obtinen-

50 3520 145 3569 strnm
158 3530 242 3568 sunm
252 3530 300 3568 aas
314 3513 455 3584 possidere
469 3513 499 3566 in
517 3511 736 3566 sanctificatione
760 3515 789 3565 et
802 3510 855 3565 lro·
895 3509 923 3563 di
938 3510 1063 3563 animam
1084 3516 1208 3564 nostram
1227 3510 1357 3565 habuerit
1382 3511 1553 3575 facultatem,
1570 3512 1605 3566 ab
1618 3513 1693 3567 omni

50 3618 132 3669 nore,
140 3619 198 3656 nrm
207 3602 372 3674 inpassione
383 3600 524 3667 desiderii,
533 3601 607 3655 sicut
618 3606 647 3654 et
663 3605 772 3670 gentes,
791 3616 852 3670 qua
894 3614 945 3652 nos
959 3615 1009 3668 per
1022 3598 1513 3671 momentasingulareparatdivinae
1523 3602 1694 3672 contempla-

50 3691 187 3763 ignorant
199 3691 326 3747 Deum.»
342 3691 451 3745 Videtis
465 3690 567 3761 quibus
582 3707 644 3745 eam
655 3688 853 3760 laudibuspro·
893 3686 977 3740 tionis
991 3686 1104 3751 intuitu,
1121 3686 1268 3758 ipsamque
1283 3694 1405 3743 mentem
1421 3688 1457 3742 ab
1471 3689 1599 3744 universo
1618 3695 1693 3744 statu

51 3786 189 3853 sequetur
202 3779 347 3845 honorem,
365 3779 447 3843 versis,
460 3779 486 3832 id
501 3785 552 3843 est,
570 3778 694 3849 corporis
708 3777 807 3843 nostri,
824 3782 854 3831 et
893 3775 1026 3846 puritatis
1040 3775 1178 3846 dejectam
1196 3775 1323 3830 funditus
1345 3775 1494 3832 labefactat
1508 3784 1537 3832 et
1551 3778 1692 3849 deprimit,

51 3866 304 3923 sanctificationem
319 3867 462 3938 appellans
477 3883 550 3920 eam.
578 3866 668 3937 Igitur
682 3883 697 3920 e
712 3865 853 3920 contrario
894 3864 957 3918 Non
967 3862 1107 3918 orationes
1124 3880 1186 3918 eam
1202 3865 1312 3935 explere
1322 3881 1385 3920 cum
1400 3866 1482 3920 solita
1495 3867 1587 3922 cordis
1596 3867 1695 3922 alacri-

52 3957 101 4029 qni
113 3956 143 4011 in
154 3956 285 4029 passione
296 3956 427 4011 desiderii
443 3961 495 4021 est,
508 3961 537 4010 et
550 3956 579 4010 in
593 3955 750 4026 ignominia
764 3962 793 4010 et
800 3954 853 4010 im·
894 3956 952 4006 tate
967 3951 1115 4025 permittit,
1132 3968 1187 4007 non
1203 3969 1347 4008 sacrarum
1362 3955 1512 4009 lectionum
1521 3955 1589 4011 sinit
1603 3972 1694 4011 reme·

53 4044 197 4101 munditia
210 4045 345 4111 consistit,
361 4050 390 4099 et
401 4044 510 4099 alienus
525 4062 542 4098 a
555 4044 777 4098 sanctificatione
791 4060 853 4098 uer·
894 4040 948 4095 diis
958 4040 1101 4108 incubare,
1117 4041 1300 4114 tranquillam
1318 4059 1429 4115 quoque
1446 4050 1475 4098 et
1488 4044 1586 4100 mitem
1600 4045 1694 4101 fratri·

53 4140 142 4190 satur.
153 4134 249 4189 Tertio
261 4149 373 4205 quoque
388 4139 451 4205 post
464 4149 553 4205 pauca
564 4133 657 4197 insert,
678 4149 777 4186 rursus
791 4148 853 4185 eam
895 4129 947 4184 bus
960 4145 1086 4184 essenon
1096 4130 1211 4201 patitur,
1229 4136 1258 4186 et
1278 4132 1313 4186 ad
1329 4137 1430 4187 cuncta
1443 4134 1638 4205 operationum
1652 4136 1696 4190 vel

54 4223 270 4280 sanctimoniam
280 4221 480 4293 pronuntians:
496 4223 587 4277 «Non
601 4221 678 4276 enim
687 4220 796 4275 vocavit
805 4218 1039 4289 nosDreligionis
1053 4219 1145 4273 officia
1172 4219 1366 4291 impatientem
1381 4227 1410 4276 et
1437 4238 1569 4294 asperum
1591 4223 1692 4289 reddit,

54 4310 130 4367 Deus
144 4312 175 4366 in
185 4311 379 4383 ignominiam,
394 4311 441 4365 sed
458 4311 488 4365 in
516 4309 740 4366 sanctimoniam.
756 4310 855 4380 ltaque
896 4307 1030 4380 omnique
1044 4307 1152 4379 perdito
1165 4308 1270 4362 salubri
1280 4309 1406 4374 consilio,
1418 4316 1446 4364 et
1456 4312 1548 4366 cordis
1562 4317 1694 4367 constan·

55 4401 102 4472 qui
116 4400 178 4455 hsce
193 4400 309 4472 spernit,
323 4417 380 4455 non
396 4400 539 4455 hominem
555 4399 672 4472 spernit,
688 4398 737 4453 sed
753 4398 852 4453 Deum.
894 4396 936 4450 tia
948 4396 1121 4468 perturbata,
1135 4397 1213 4452 velut
1226 4403 1368 4452 amentem
1382 4398 1447 4453 lacit
1459 4405 1489 4453 et
1501 4399 1695 4456 ebrium.Sen·

55 4488 109 4552 Qui
121 4488 209 4543 etiam
230 4488 309 4544 dedit
328 4489 464 4561 Spiritum
479 4494 607 4543 sanctum
632 4486 759 4543 suumin
775 4486 854 4541 nobis
895 4500 957 4540 sum
971 4485 1085 4555 frangit,
1102 4490 1132 4539 et
1140 4484 1243 4550 obruit,
1260 4486 1455 4557 desperatione
1469 4489 1582 4560 poenali,
1598 4505 1696 4561 quam·

57 4578 80 4644 tl
97 4578 188 4633 Thess.
206 4595 243 4644 rr,
255 4577 314 4645 Sps
337 4578 534 4634 auctoritatem
548 4582 686 4649 praecepto
701 4593 751 4632 suo
764 4576 854 4631 inrio-
895 4573 990 4628 obrem
1001 4573 1166 4628 nonminori
1177 4580 1325 4646 prospectu
1336 4574 1359 4628 si
1369 4575 1523 4646 spiritualis
1532 4576 1629 4647 agonis
1638 4593 1697 4632 cer·

56 4664 168 4720 labilem
181 4665 280 4731 vinxit,
293 4666 431 4720 dicensta
447 4664 500 4730 Qui
514 4666 573 4720 haec
592 4665 710 4737 spernit,
728 4683 740 4718 s
758 4665 785 4719 id
801 4670 853 4731 est,
896 4662 1003 4717 mmina
1017 4661 1141 4733 legitime
1153 4678 1293 4727 curamus,
1307 4663 1445 4718 desudare
1459 4663 1504 4718 hic
1517 4681 1629 4737 quoque
1643 4682 1695 4721 no·

58 4770 118 4826 qnae
132 4754 168 4810 de
181 4753 369 4809 sanctimonia
381 4752 513 4826 praelatus
523 4768 596 4819 sum,
613 4773 624 4804 ι
642 4770 699 4808 non
713 4753 855 4808 hominem
895 4750 939 4805 bis
953 4751 1093 4806 curandus
1103 4750 1363 4806 estmorbus.Sicut
1375 4751 1450 4806 enirn
1459 4752 1694 4811 tinearestimen·

58 4842 175 4914 spernit,
192 4860 206 4896 a
221 4842 251 4897 id
266 4848 317 4907 est,
332 4859 389 4897 non
412 4859 457 4897 me
474 4843 522 4913 qui
546 4842 605 4896 haec
624 4841 763 4913 precipio,
781 4841 855 4897 «sed
895 4845 935 4905 to,
956 4844 985 4893 et
999 4839 1102 4893 vermis
1115 4839 1201 4909 ligno,
1214 4839 1254 4894 ita
1271 4839 1388 4895 tristitia
1402 4848 1496 4897 vestra
1510 4849 1592 4898 nocet
1606 4843 1693 4898 cordi.

58 4930 158 4999 Deum,
178 4950 190 4983 ι
207 4931 299 5002 quiin
314 4947 358 4986 me
369 4931 502 5002 loquitur,
512 4930 560 5001 qui
570 4930 655 4985 etiam
674 4930 789 5002 Spiritui
805 4947 856 4986 suo
896 4928 971 4983 Satis
985 4927 1129 4982 evidenter
1143 4945 1175 4983 ac
1190 4929 1302 5000 propm’e
1318 4929 1373 4984 vim
1389 4930 1464 4986 noxii
1484 4931 1569 5001 hujus
1590 4938 1619 4986 et
1634 4948 1696 5003 per·

60 5024 155 5076 sancto
169 5035 218 5074 ror
225 5025 353 5075 nostrum
369 5019 562 5075 babitaculum
575 5019 727 5091 deputavit.
895 5016 993 5071 niciosi
1007 5005 1066 5071 vitii
1076 5015 1191 5088 spiritus
1206 5017 1316 5073 divinus
1330 5019 1475 5090 expressit.
1488 5019 1695 5075 vestimentum

90 5109 235 5179 llaecergo
251 5108 394 5164 nobiscum
407 5114 569 5173 tmctemus,
582 5108 634 5163 hoc
648 5113 742 5162 mente
755 5107 856 5178 saepius
897 5120 1018 5176 namque
1043 5121 1092 5159 esu
1120 5104 1261 5160 tinearum
1289 5106 1324 5161 ad
1351 5113 1458 5161 tactum
1486 5107 1592 5163 nullius
1612 5106 1695 5179 pretii

59 5198 241 5263 revolvamus,
260 5198 312 5252 hoc
331 5203 391 5252 toto
415 5196 478 5253 nisu
502 5197 613 5252 efficere
635 5196 808 5259 festinemus¹
825 5199 857 5250 ut
896 5195 940 5249 rel
954 5194 1110 5249 honestatis
1124 5193 1228 5266 poterit
1241 5195 1360 5250 ulterius
1368 5195 1472 5251 habere
1485 5195 1693 5262 commercium,

58 5286 125 5342 asti
138 5303 256 5359 corpore
266 5287 301 5341 de
313 5285 415 5358 spiritu
426 5286 616 5342 habitaculum
632 5284 754 5356 Spiritus
768 5283 857 5339 sancti
897 5282 1207 5354 tantidemquelignum
1215 5283 1356 5338 vermibus
1367 5289 1513 5340 exaratum
1525 5285 1647 5356 nonjam
1659 5286 1694 5340 ad

58 5373 297 5432 herimoreamur.
315 5375 369 5441 Qui
384 5390 451 5445 ergo
469 5374 649 5430 matrimonio
670 5371 762 5444 juncti
776 5376 851 5437 sunt,
895 5376 1026 5428 omatum
1040 5372 1082 5425 vol
1106 5371 1253 5426 mediocris
1271 5371 1389 5439 aedilicii,
1406 5373 1456 5427 sed
1476 5374 1511 5428 ad
1529 5373 1697 5430 combustio·

57 5464 215 5520 castitatem
231 5464 408 5535 conjugalem
422 5467 543 5530 servent,
559 5478 611 5517 nec
625 5477 655 5517 se
675 5460 855 5517 meretricum
897 5478 961 5517 nem
976 5459 1051 5531 ignis
1069 5458 1224 5515 merebitur
1240 5459 1379 5532 deputari.
1395 5461 1445 5517 Est
1458 5461 1544 5518 etiam
1563 5462 1633 5518 illud
1645 5462 1696 5519 de·

57 5553 98 5609 ael
124 5552 344 5610 concubinarum
369 5551 524 5624 prostibulo
547 5549 738 5624 coinquinent,
752 5549 801 5605 sed
814 5548 858 5604 vir
898 5547 1055 5606 testabilius
1075 5547 1198 5605 inantia
1211 5565 1310 5620 genus,
1326 5549 1402 5621 quod
1414 5566 1473 5608 non
1494 5551 1695 5608 sarmationem

1205 2236 1241 2288 Ile
1256 2237 1383 2289 tristitia.
