3772 6120
135 283 170 341 n
431 282 463 338 a.
483 280 619 337 amam
638 272 939 338 monstrumne.
960 278 1122 336 nonum.
1142 274 1401 335 ormuursss
1420 236 1483 334 ms
1734 282 1769 338 so

136 411 370 467 mentionem
386 408 471 479 elegit
482 409 557 463 Dens
572 424 634 478 quse
652 409 682 462 in
698 408 793 478 paucis
809 412 860 461 est.
878 405 1065 472 SedAincolae
1079 405 1132 459 loci
1147 405 1222 459 illius
1235 404 1330 458 villam
1354 403 1505 474 appellant,
1521 409 1581 458 tam
1596 420 1691 474 parva,
1706 411 1769 460 tam

133 501 336 556 stultomundt
353 502 432 566 enon
451 498 654 564 ut⁴confundot
673 500 815 566 sapientes.
837 495 930 551 Stulta
970 493 1079 563 exigua,
1094 498 1153 547 tam
1167 510 1256 563 prope
1271 494 1349 549 nulla
1369 500 1412 546 est
1436 493 1489 546 nisi
1516 493 1636 564 pristina
1654 494 1768 548 Domini

134 588 233 644 mundi
247 594 314 644 sunt
326 588 463 658 virginem
479 585 629 656 peperisse,
639 591 668 640 et
682 586 731 640 Del
744 586 832 639 illium
841 585 929 639 omri·
970 582 1073 637 Christi
1085 581 1443 637 riatiritatenobilitaretur.
1456 582 1762 651 Elegitergoinlirmos,

133 679 220 733 fixum
231 696 236 731 :
247 676 322 732 credi
336 675 412 730 enim
427 675 479 729 hoe
492 674 610 730 stultum
625 679 714 747 putat,
731 675 793 728 ideo
808 675 882 728 Deus
897 679 929 729 ut
969 671 1258 742 paupereeindoctos,
1272 687 1327 726 non
1339 671 1406 741 quia
1415 671 1531 741 reliquit
1538 671 1764 735 firmosdirites.

133 768 208 821 hune
223 766 384 830 confundet,
401 764 453 818 hos
467 764 561 834 elegit,
577 763 624 834 qui
639 764 691 817 hoc
710 763 836 827 credunt,
853 763 926 833 quod
969 761 1117 831 sapientes
1131 759 1247 821 nobiles,
1264 760 1312 815 sed
1327 761 1350 814 si
1365 760 1441 832 ipsos
1456 759 1548 829 primo
1559 760 1688 829 eligeret,
1705 777 1765 814 me-

132 855 177 910 hic
193 857 311 910 stultum
323 850 431 924 judicat
449 869 455 906 t
471 852 760 907 confundunturenim
775 851 925 922 sapientes,
968 849 1022 903 rito
1037 848 1197 903 divitiarum
1208 865 1333 916 suarum,
1346 849 1446 903 merito
1462 848 1694 911 substantiarum,
1706 867 1763 903 me-

132 943 199 998 dum
216 960 277 1014 quae
292 943 371 1013 pauci
387 948 499 1012 negant,
517 943 620 995 multos
638 941 732 995 rident
750 941 841 995 fateri.
864 942 926 994 Non
968 937 1022 992 rito
1038 938 1176 992 natalium
1190 937 1243 991 sibi
1257 937 1323 1007 eligi
1336 937 1507 1001 riderentur,
1526 944 1610 1008 atque
1626 938 1718 992 inllati
1730 939 1765 992 de

132 1033 257 1087 estenim
266 1031 430 1102 ambiguum
440 1032 593 1085 multorum
605 1030 759 1084 sententias
773 1045 926 1101 paucorum
968 1026 1010 1079 his
1026 1027 1108 1081 rebus
1122 1028 1243 1080 salutem
1260 1026 1427 1094 hurnilitatis
1443 1043 1499 1080 non
1517 1027 1684 1097 reciperent,
1701 1027 1762 1081 sinc

132 1121 266 1192 anteponi
281 1120 436 1174 sententiis.
454 1119 556 1190 (Creo.)
570 1119 669 1184 Aliter,
687 1120 721 1172 ad
738 1118 926 1188 cognitionem
968 1133 1024 1186 qua
1038 1133 1121 1170 neruo
1136 1122 1228 1185 potest
1252 1115 1342 1169 redire
1359 1115 1394 1168 ad
1409 1115 1486 1169 illam
1501 1116 1597 1178 sitam,
1612 1116 1687 1170 unde
1707 1133 1764 1170 non

134 1207 926 1281 fideipriusstultamundicollectssunt,utpostcaetiam
968 1203 1223 1274 laboreturnisiper
1233 1204 1402 1275 superbiam.
1412 1204 1648 1274 (triplSedforte
1658 1205 1766 1260 diceret

132 1304 227 1353 astuta
240 1303 414 1362 vocarentur,
440 1297 526 1350 Paulo
542 1302 704 1357 attestante,
722 1295 769 1366 qui
785 1295 825 1348 nit
841 1313 846 1347 :
865 1296 926 1349 rl'on
968 1293 1761 1364 aliquis:Etsiipsehumiliternatusest,indiscipulorum

132 1391 217 1440 mtrltt
230 1389 363 1454 sapientes
376 1387 524 1440 sedendum
541 1401 653 1439 carnem
669 1400 723 1437 non
741 1387 824 1437 multi
835 1389 928 1452 poten·
968 1381 1113 1435 nobilitate
1124 1384 1231 1451 jactare
1243 1400 1272 1435 se
1282 1382 1378 1435 voluit.
1395 1384 1458 1435 Non
1474 1382 1558 1451 clegit
1570 1399 1650 1452 roges
1660 1390 1710 1437 aut
1723 1400 1765 1436 se-

132 1480 178 1538 les,
196 1477 350 1527 nortmultl
365 1474 466 1527 nohilrr
482 1494 489 1537 ;
506 1475 552 1527 red
566 1490 625 1542 quer
644 1477 731 1526 stulta
745 1478 812 1526 sunt
828 1474 928 1525 intendi
969 1477 1089 1534 naturae,
1106 1477 1156 1524 aut
1177 1470 1366 1541 philosophos,
1383 1476 1431 1525 aut
1457 1476 1592 1525 oratores.
1618 1472 1678 1525 Imo
1697 1487 1764 1525 uero

131 1563 295 1629 elegttlleur,
306 1562 926 1630 ulcorrsundutscptentrs.Temporanamque
968 1559 1053 1630 elegit
1067 1558 1199 1631 plebeios,
1216 1575 1362 1630 pauperes,
1378 1559 1513 1618 indoctos.
1530 1559 1692 1630 piscatores.
1717 1561 1767 1614 Pe-

131 1648 924 1721 sanetceErclesiaopr'imalittemrumperhibenturignara,
968 1648 1163 1719 truspiscator,
1177 1648 1333 1718 Cyprianus
1343 1656 1446 1702 orator.
1458 1648 1519 1702 Nisi
1529 1648 1651 1703 fideliter
1662 1665 1764 1719 prece-

131 1743 164 1792 ut
176 1738 306 1793 videlieet
319 1739 427 1793 cunctis
441 1739 469 1792 in
489 1738 716 1809 praedicatoribus
732 1738 789 1792 suis
808 1736 955 1811 Redem-pp
967 1736 1047 1791 deret
1057 1736 1187 1808 piscator,
1195 1753 1250 1790 non
1261 1737 1405 1791 humiliter
1415 1739 1763 1808 sequereturorator.Non

131 1832 196 1897 ptor
205 1828 444 1897 ostenderetquod
454 1827 488 1882 ad
497 1828 582 1882 vitam
592 1828 737 1882 credentes
744 1827 861 1898 populos
869 1843 924 1880 non
967 1823 1040 1879 dese
1052 1825 1200 1896 quisquam
1211 1825 1340 1896 desperet
1351 1825 1486 1895 ahJcctus,
1498 1831 1593 1879 teneat
1606 1827 1763 1891 Christum,

130 1932 232 1982 sermo,
241 1915 288 1970 sed
302 1933 387 1971 causa
400 1916 539 1970 suaderet.
551 1917 583 1970 Et
600 1919 716 1984 infirmo
731 1916 832 1968 iterandi
846 1919 925 1984 elegit
965 1919 994 1967 et
1005 1931 1069 1985 spes
1083 1915 1145 1983 eius
1159 1913 1229 1967 falsa
1242 1930 1298 1968 non
1314 1914 1378 1967 erit.
1395 1916 1426 1969 tt
1442 1931 1497 1968 non
1519 1919 1656 1982 glorietur
1670 1920 1762 1970 omm'r

128 2007 207 2070 lleur,
224 2011 256 2059 ut
270 2008 422 2072 confundat
438 2008 534 2072 sortia.
544 2004 751 2072 (arnhalldem
766 2011 922 2068 sensusest‚
965 2006 1210 2071 curor'nconspectu
1222 2001 1445 2073 hci.(Am.hr.)ld
1457 2008 1548 2068 est,ut
1558 2003 1762 2074 sapientiams-

131 2094 198 2164 quia
210 2094 283 2165 quod
296 2094 376 2165 pauci
387 2092 531 2149 inllrmum
545 2099 654 2165 putant,
665 2094 695 2147 hi
706 2094 791 2164 quise
804 2094 925 2164 pruden-
966 2090 1009 2145 nis
1033 2090 1180 2145 erubescat
1202 2091 1230 2145 in
1254 2107 1348 2146 errore
1371 2108 1423 2145 suo
1445 2091 1540 2161 judice
1562 2092 1620 2146 Deo
1638 2111 1642 2144 :
1661 2109 1765 2146 sensus

128 2189 172 2236 tes
184 2183 326 2237 aestimant
339 2184 368 2236 in
383 2183 493 2245 seculo,
502 2183 661 2236 diffidentes
677 2183 711 2236 de
728 2198 813 2253 spe,a
829 2182 924 2236 nmltis
966 2179 1041 2233 enim
1063 2179 1155 2234 carnis
1180 2186 1223 2234 est
1244 2180 1371 2234 diffidere
1399 2180 1449 2235 Dei
1474 2181 1600 2251 potentia
1622 2180 1761 2252 virginem

130 2271 218 2325 virtus
232 2272 376 2337 asseritur,
393 2272 460 2342 quia
476 2272 557 2326 multi
572 2272 698 2335 credunt,
710 2272 784 2342 quod
797 2271 924 2325 infideles
967 2268 1117 2340 peperisse,
1135 2268 1266 2339 quiahoc
1286 2269 1385 2323 mnndi
1408 2269 1490 2330 ratio,
1511 2270 1558 2340 qui
1574 2278 1712 2340 cognatus
1725 2278 1768 2324 est

129 2359 490 2416 noncreduntadillorum
505 2359 925 2414 ruboremllidentetcnimin-
966 2357 1068 2423 carnis,
1087 2375 1142 2411 non
1165 2358 1272 2428 recipit.
1288 2358 1387 2429 (daeg.)
1401 2357 1500 2412 Videte
1527 2358 1766 2429 quemadmodum

128 2448 628 2504 firmeChrlstinominntadoemoniis
638 2449 786 2520 imperare,
798 2448 925 2520 prodigia
966 2445 1048 2501 nohis
1063 2445 1179 2500 abstulit
1192 2447 1322 2517 gloriam,
1349 2453 1382 2501 ut
1400 2448 1480 2501 daret
1493 2447 1611 2518 gloriam
1626 2467 1632 2515 ;
1648 2447 1767 2502 abstulit

127 2535 218 2592 facere
235 2556 241 2590 :
259 2537 373 2591 lnllrma
385 2542 481 2591 autem
495 2542 562 2591 sunt
580 2537 685 2591 mundo
700 2537 851 2607 injuriae,ct
864 2553 925 2608 pas·
966 2541 1101 2602 nostrum,
1118 2541 1150 2590 ut
1162 2536 1243 2590 daret
1256 2552 1337 2590 suam
1349 2555 1356 2603 ;
1367 2535 1482 2590 abstulit
1497 2536 1620 2598 inanem,
1636 2542 1669 2589 ut
1682 2535 1763 2590 daret

127 2624 169 2679 slo
184 2624 337 2711 Selgatoris
349 2625 484 2680 nescienti
501 2626 558 2680 haec
572 2626 607 2679 ad
625 2627 757 2680 iirtutem
778 2628 922 2697 prolicere,
965 2624 1077 2694 plenam
1091 2642 1097 2689 ;
1111 2623 1227 2678 abstulit
1241 2631 1398 2691 nutantem,
1414 2631 1447 2679 ut
1459 2626 1538 2679 dmet
1554 2624 1682 2679 solidam.
1701 2626 1763 2680 Non

128 2712 196 2785 qula
207 2706 271 2771 ideo
284 2710 405 2787 lotapatl
413 2731 443 2768 se
455 2715 592 2785 permisit,
603 2719 635 2768 ut
648 2714 770 2768 vinceret
785 2720 921 2768 mortem:
966 2728 1032 2782 ergo
1039 2712 1101 2767 inte
1112 2712 1197 2767 debes
1206 2713 1333 2783 gloriari,
1347 2713 1422 2785 quod
1431 2713 1575 2785 prohibuit
1585 2713 1698 2768 Veritas
1711 2715 1759 2768 scd

126 2801 232 2879 injuste
247 2800 323 2859 enlm
338 2801 394 2874 pati
402 2808 430 2857 et
439 2808 582 2874 potentem
597 2802 727 2857 resistere
741 2803 824 2868 nolle,
833 2804 924 2874 glorie
966 2801 1040 2871 quod
1055 2801 1095 2856 ait
1106 2801 1267 2872 Apostolus,
1282 2802 1334 2856 hoc
1347 2802 1479 2873 praecepit
1494 2800 1623 2856 Veritas:
1639 2802 1693 2868 Qui
1707 2806 1763 2871 glo

127 2895 171 2946 est
185 2889 326 2963 patientis,
344 2899 373 2946 et
387 2891 531 2946 damnatio
549 2890 708 2946 occidentis.
731 2892 764 2946 Et
787 2893 923 2960 ignobilia
964 2894 1069 2953 riatur,
1087 2893 1118 2943 in
1132 2891 1249 2944 Domino
1264 2894 1401 2959 glorietur
1413 2890 1456 2962 (Il
1470 2891 1531 2945 Cor.
1547 2892 1587 2957 x),

127 2981 212 3049 huju-s
224 2982 326 3034 mundi
338 2987 363 3034 et
382 2982 598 3050 contemptibilia
617 2984 696 3048 clepit
713 2982 781 3035 Deus
794 2996 853 3049 qus
868 2997 923 3034 non
999 2978 1040 3033 Ec
1063 2982 1120 3047 ipso
1143 2982 1217 3033 enirn
1234 2982 1354 3033 roseolis
1372 2995 1403 3032 tn
1419 2979 1621 3049 erratorem.
1638 2978 1764 3053 (Atnbr.)

127 3074 201 3135 suat,
219 3074 251 3125 ut
265 3084 296 3123 eu
310 3085 369 3138 que
387 3074 453 3122 sunt
473 3070 633 3123 destrueret.
652 3068 789 3140 lgnobilia
812 3052 1002 3140 ergoetCux
1018 3067 1088 3137 ips0,
1105 3067 1200 3133 idest,
1226 3084 1258 3121 ex
1284 3068 1352 3131 Deo,
1370 3068 1418 3139 qui
1440 3068 1617 3140 omnipotens
1633 3073 1686 3133 est,
1703 3085 1764 3123 esso

98 3196 101 3201 .
126 3156 347 3229 contemptibilia
362 3157 455 3228 elegit,
465 3174 521 3212 non
530 3157 667 3230 quievere
680 3157 815 3228 ignobilia
824 3162 924 3211 etcon-
964 3171 1015 3211 nos
1029 3156 1057 3210 in
1072 3156 1126 3211 lide
1143 3156 1264 3210 Christi:
1278 3157 1327 3212 Dei
1343 3157 1419 3211 enim
1435 3157 1610 3228 propositum
1624 3162 1668 3212 est
1679 3165 1712 3211 ut
1720 3174 1764 3212 re-

125 3245 296 3327 temptibilia
309 3253 384 3312 sunt,
400 3246 448 3301 sed
465 3247 503 3301 sic
514 3245 678 3318 judicantur
691 3264 708 3300 a
722 3246 836 3307 mundo,
859 3246 924 3317 quia
964 3245 1077 3300 ritatem
1091 3247 1153 3316 ejus
1166 3251 1193 3300 et
1210 3245 1432 3300 misericordiam
1448 3263 1497 3317 pcr
1516 3246 1660 3301 Christum
1675 3247 1763 3302 disce-

126 3342 264 3407 spernunt
273 3335 395 3390 rationes
406 3336 563 3391 mundanas
576 3336 714 3390 credendo
726 3336 756 3389 in
767 3335 920 3399 Christum,
963 3350 1067 3388 remus.
1081 3335 1191 3388 Veritas
1205 3340 1247 3388 est
1260 3335 1424 3406 mysterium
1435 3334 1590 3401 Trinitatis,
1604 3335 1762 3390 misericor-

126 3430 159 3479 ut
174 3440 208 3478 ea
221 3440 282 3499 quae
295 3429 361 3479 sunt
376 3441 439 3478 rere
454 3423 587 3495 ignobilia
599 3430 627 3478 et
640 3424 863 3495 contemptibilia
877 3424 924 3478 de·
963 3422 1009 3476 din
1023 3440 1098 3481 vero.
1110 3424 1157 3494 qui
1172 3440 1235 3478 cum
1249 3440 1374 3477 essemus
1385 3423 1485 3494 captivi
1497 3423 1616 3491 redemit
1631 3441 1692 3478 noe.
1709 3426 1762 3491 Oui

126 3518 257 3577 strueret,
275 3513 341 3588 quia
354 3512 407 3585 ipsi
423 3513 511 3584 magis
520 3512 664 3583 judicandi
677 3519 705 3567 et
717 3513 921 3567 condemnandi
963 3514 1052 3578 {octies
1062 3517 1100 3565 est
1111 3515 1248 3580 supientia
1260 3513 1343 3577 nobis,
1359 3518 1382 3565 et
1392 3515 1516 3580 justitia,
1530 3518 1554 3565 ct
1566 3516 1759 3579 sanctificatio,

126 3609 193 3658 sunt
208 3603 256 3673 qui
267 3601 410 3673 judicant:
420 3602 655 3656 asseverationem
668 3601 743 3656 enim
757 3602 868 3655 illorum
880 3618 922 3654 er·
963 3604 988 3654 ct
1003 3602 1161 3669 redemptio.
1172 3600 1215 3654 nd
1230 3601 1473 3655 confirmationem
1487 3600 1663 3654 credentium
1677 3603 1760 3655 Chri-

126 3708 175 3746 ror
186 3690 309 3759 insenit3
326 3708 377 3746 nec
391 3689 445 3745 luit
458 3691 493 3744 ab
508 3691 603 3759 initio;
620 3697 717 3745 nostra
732 3696 827 3745 autom
842 3689 922 3743 disci·
963 3694 1038 3743 stum
1051 3688 1102 3743 Dei
1116 3689 1260 3744 uoluntate
1274 3688 1342 3743 dicit
1356 3689 1445 3759 egisse
1460 3705 1521 3760 quae.
1535 3689 1630 3759 gessit.
1649 3697 1681 3743 ut
1693 3690 1761 3744 scia·

125 3780 203 3852 plina
216 3780 251 3835 ab
266 3780 347 3834 initio
362 3771 414 3834 est.
431 3779 594 3834 Destmitur
606 3796 672 3850 ergo
687 3779 754 3834 dum
768 3780 827 3833 sino
841 3780 921 3833 testi·
963 3795 1026 3832 mus
1042 3794 1106 3831 rere
1122 3795 1174 3832 nos
1197 3777 1364 3850 sapientiam
1378 3777 1509 3832 didicisse
1523 3781 1552 3831 et
1571 3779 1760 3833 sanctificatos

128 3869 223 3924 monio
231 3869 314 3924 nudis
321 3869 413 3923 verbis
420 3870 563 3924 asseritur.
579 3871 681 3924 Nostra
695 3886 759 3923 vero
768 3886 823 3923 non
831 3868 921 3922 verbis
962 3883 1033 3934 esse,
1050 3873 1078 3921 et
1090 3867 1267 3938 justillcatos,
1286 3873 1315 3921 et
1329 3868 1489 3938 redemptos
1505 3884 1522 3921 a
1536 3868 1594 3921 Deo
1610 3883 1661 3938 per
1680 3869 1760 3921 Chri-

125 3957 201 4023 solls,
213 3957 267 4035 sed
282 3964 310 4011 et
329 3963 401 4012 teste
413 3950 524 4012 'uirtute
544 3957 688 4029 probatur.
712 3958 805 4021 Quare
824 3963 920 4010 autem
962 3956 1218 4023 stum,nemoenim
1231 3954 1759 4027 redemitnisiquodfueratsuum.Sive

124 4044 217 4118 primo
231 4044 368 4115 ignobiles
390 4062 501 4116 paucoS,
524 4046 679 4117 imperitos,
701 4046 843 4116 impolitos
862 4047 919 4098 ele·
962 4061 1028 4115 ergo
1042 4046 1115 4116 quod
1129 4045 1267 4116 redempti
1282 4062 1388 4103 sumus.
1404 4045 1461 4098 sire
1480 4045 1554 4115 quod
1581 4045 1758 4104 sanctificati,

123 4133 198 4205 gerit
211 4132 358 4197 Dominus,
374 4150 438 4187 curn
452 4134 569 4189 haberet
587 4141 652 4189 ante
673 4135 767 4188 oculos
782 4150 848 4188 suos
862 4140 921 4188 tur·
961 4133 989 4187 id
1005 4141 1055 4193 est,
1068 4134 1103 4187 ab
1113 4150 1196 4205 opere
1211 4134 1302 4187 carnis
1313 4139 1340 4187 et
1351 4132 1490 4186 idolorum
1502 4132 1683 4188 immunditie
1693 4150 1760 4204 pur-

123 4220 188 4275 hem
202 4237 333 4297 magnam
347 4220 376 4274 in
384 4222 592 4292 comparatione
605 4222 718 4293 quidem
733 4222 845 4275 illorum
854 4239 921 4293 pau·
960 4223 1028 4293 gati,
1041 4223 1097 4276 sire
1109 4222 1182 4294 quod
1192 4222 1338 4293 justificati
1351 4223 1467 4292 (justum
1483 4227 1526 4275 ost
1549 4223 1625 4275 enirn
1650 4229 1760 4277 creato-

123 4309 267 4383 periorum
282 4309 437 4382 pauciores,
455 4311 503 4365 sed
523 4312 552 4365 in
571 4327 675 4382 genere
692 4328 742 4365 suo
757 4311 860 4365 multos
876 4311 919 4365 di·
959 4328 1020 4366 rem
1035 4312 1125 4366 colere
1140 4311 1247 4366 caeteris
1262 4311 1383 4381 spretis),
1395 4310 1452 4363 sire
1467 4311 1542 4381 quod
1556 4311 1697 4382 sapientes
1708 4328 1759 4383 per

123 4401 203 4467 vites,
220 4397 336 4466 nobiles,
351 4399 455 4465 doctos,
472 4400 620 4471 sepientes,
636 4417 706 4471 quos
721 4405 817 4471 postea
833 4399 1754 4486 etiarnDidquodmundanosdidirimusimperitos,totumhocDei

122 4487 243 4559 collegit,
261 4489 374 4559 exponit
386 4490 537 4560 Apostolus
551 4494 757 4543 sacramentum
775 4507 780 4541 :
798 4491 918 4558 Infirma
960 4489 1126 4543 beneficium
1150 4495 1193 4542 est
1203 4505 1254 4560 per
1264 4488 1591 4559 Christumlledemptio
1600 4493 1697 4542 tamen
1707 4506 1756 4543 no·

122 4579 225 4631 orandi
237 4579 694 4646 etepttlleusutcortsundotsortr'a,
709 4579 919 4646 eternitate-jus
959 4584 1017 4633 stru
1032 4579 1090 4632 haec
1104 4583 1164 4641 est;
1184 4577 1285 4631 obtulit
1300 4577 1417 4631 enimse
1433 4578 1560 4632 Christus
1584 4576 1695 4631 diabolo
1709 4595 1756 4632 cu-

122 4666 225 4720 mundr'
239 4667 320 4732 elegit
333 4667 413 4732 Deus,
428 4673 460 4720 ut
474 4669 629 4736 confundat
642 4670 785 4736 sapientes,
803 4674 828 4721 et
841 4670 918 4733 iono-
958 4667 1046 4738 pienti
1059 4673 1091 4721 ut
1106 4667 1211 4738 peccati
1225 4667 1254 4720 in
1269 4683 1299 4720 se
1312 4668 1561 4722 contradictionem
1575 4667 1709 4727 arrferret,
1725 4676 1753 4720 et

122 4755 192 4809 attia
205 4754 291 4821 hujus
298 4754 572 4821 muneremunere,
584 4762 610 4811 ct
620 4773 718 4826 eaque
733 4772 788 4809 non
802 4761 878 4820 sont,
888 4755 917 4808 id
958 4754 998 4810 sic
1010 4756 1133 4826 captivos
1144 4757 1205 4826 ejus
1215 4762 1336 4811 erueret.
1349 4755 1455 4829 (Creo.)
1466 4758 1519 4823 Oui
1528 4759 1616 4824 sertin
1628 4762 1665 4810 cst
1677 4758 1755 4809 nohis

122 4847 240 4910 estnon
253 4846 462 4911 computantur,
471 4849 504 4899 ut
517 4861 578 4916 quoe
592 4852 659 4900 sunt
669 4849 848 4900 evacuentur.
865 4844 917 4897 Ve-
957 4847 1192 4914 camerariorum,
1204 4849 1357 4913 etjustr'tia,
1372 4863 1428 4916 qua
1442 4845 1546 4900 scilicet
1556 4844 1753 4916 just-hindam

24 4918 29 4927 ⁸
120 4936 204 4987 norat
219 4929 295 4984 enim
310 4929 409 4984 dooere
423 4932 621 4995 humilitatem,
638 4950 797 5006 expugnare
817 4950 916 5004 super·
958 4933 1155 4991 inhocmundo
1162 4935 1321 4990 contrarias
1330 4941 1505 5006 peccatorum
1516 4934 1753 5004 venit,antiquum

122 5021 214 5087 hmini,
229 5024 345 5073 roumm
359 5019 474 5074 humilis
487 5022 564 5077 nullo
584 5023 667 5077 modo
681 5023 725 5077 hic
748 5023 825 5093 prius
844 5024 916 5077 altos
957 5022 1283 5095 hostemvicimus,aquo
1293 5024 1367 5095 capti
1376 5023 1553 5078 tenebamur.
1561 5022 1752 5093 (Aug.)Filius

121 5124 247 5184 querere
256 5108 305 5179 qui
318 5114 378 5161 tam
393 5109 506 5164 humilis
517 5116 645 5178 venerat,
657 5112 748 5182 primo
758 5112 824 5183 quis
832 5111 917 5182 elegit
957 5112 1046 5168 fectus
1060 5117 1102 5166 est
1115 5111 1195 5167 nobis
1205 5113 1343 5184 sapientia
1357 5129 1374 5166 a
1387 5112 1446 5170 Deo
1460 5119 1488 5167 et
1499 5112 1673 5182 justificatm,
1687 5113 1754 5182 quia

119 5197 247 5255 nmine
266 5197 316 5250 illa
340 5196 452 5265 femina,
471 5216 532 5270 quae
545 5200 714 5271 desponsata
728 5207 789 5254 erat
811 5200 913 5255 fabro:
956 5201 1150 5272 temporaliter
1164 5219 1214 5256 nos
1240 5202 1275 5255 od
1297 5201 1376 5255 illum
1401 5202 1599 5266 convertimur,
1616 5200 1645 5254 id
1659 5207 1702 5254 est
1721 5217 1754 5255 en

120 5302 178 5343 non
188 5284 273 5356 elegit
282 5301 349 5356 ergo
358 5287 467 5358 amplos
477 5289 584 5343 natales
593 5305 629 5342 ne
641 5289 670 5343 in
684 5290 736 5343 hac
745 5296 822 5343 terra
834 5288 914 5343 nohi-
956 5291 1050 5361 aliquo
1059 5296 1195 5362 tempore,
1207 5298 1239 5345 ut
1252 5306 1317 5344 cum
1330 5291 1377 5344 illo
1388 5307 1553 5345 maneamus
1563 5290 1593 5344 in
1603 5296 1751 5346 eternum.

120 5376 188 5431 laus
199 5372 371 5445 superbirem
388 5390 444 5429 non
457 5377 542 5446 elegit
555 5378 654 5432 saltem
668 5378 744 5433 nasci
759 5378 787 5432 in
803 5378 916 5449 amplis·
956 5385 984 5434 et
994 5380 1092 5450 ipseex
1104 5381 1225 5450 quodam
1235 5384 1370 5450 tempore.
1389 5381 1501 5434 Verbum
1512 5396 1575 5434 euro
1585 5381 1690 5445 suetiam
1703 5387 1750 5437 est.

118 5466 192 5521 sime
203 5462 325 5528 ciuitate,
335 5462 384 5517 sed
394 5467 569 5520 nattis-estin
579 5467 743 5522 Bethlehem
752 5467 839 5531 Judae,
853 5484 916 5538 quae
955 5474 980 5523 et
994 5470 1129 5523 habitauit
1141 5472 1171 5523 tn
1193 5470 1277 5532 nohis,
1290 5485 1324 5522 ea
1336 5485 1420 5539 porno
1433 5468 1545 5539 justitia·
1559 5485 1620 5539 quae
1633 5468 1702 5524 sivit
1720 5471 1750 5525 in

119 5551 308 5610 manino·-
321 5551 435 5607 nomine
449 5561 667 5628 nuncuparetur,
683 5556 821 5628 hodieque
835 5557 913 5612 illem
955 5557 1047 5629 seipse
1059 5556 1256 5629 proculdubio
1274 5557 1350 5614 Delie
1368 5565 1421 5626 est,
1436 5564 1467 5615 ot
1480 5558 1751 5615 incommutabiliter
