3772 6120
128 241 195 300 llas
422 242 451 294 ll.
474 240 607 295 rtatim-Nl
628 239 741 295 llrlURl
764 237 931 293 Allf'llllll‘.
952 238 1284 294 aestimavissent
1306 237 1399 293 PARS
1420 237 1470 293 llI.
1700 237 1760 296 tta}

126 367 218 437 poculi
246 365 353 419 ebriata
381 379 403 428 ³,
434 383 464 417 so
494 370 583 418 totam
604 379 698 417 seeum
722 362 865 431 colligens,
897 363 1116 424 etAvirtutibus
1129 362 1307 434 praedicabat,
1323 363 1447 435 propriis
1458 362 1605 416 miraculis
1614 362 1761 418 mahat.

125 453 237 523 erigens
249 471 278 507 se
293 470 378 525 super
392 471 432 518 so,
448 453 598 507 castissimi
607 451 712 506 ancnoris
721 451 813 504 calore
823 451 923 516 soluta,
967 451 1073 506 Aderat
1094 453 1130 518 ci,
1155 468 1219 506 cum
1242 453 1439 523 opportunitas
1459 450 1602 522 exigebat,
1627 451 1764 523 praemissa

125 542 239 597 interna
251 543 356 613 gaudia
370 542 554 612 degustabat;
572 542 600 596 in
619 541 703 595 terris
717 541 810 595 adhuc
823 540 924 613 posita,
967 540 1104 606 oratione,
1116 546 1146 593 ct
1159 541 1239 612 siguo
1249 547 1355 595 sanctae
1369 541 1460 594 crucis
1475 539 1563 604 edito,
1579 543 1675 608 pratia
1690 557 1765 596 coro-

125 631 254 686 aethereis
268 632 415 703 spatiando
435 631 448 671 ¹³
473 631 575 697 choris,
600 631 674 685 iuter
696 629 812 700 angelos
833 635 926 683 mente
968 631 1077 683 tionum
1092 629 1114 700 ll
1128 629 1189 684 Cor.
1206 644 1253 694 ru,
1269 629 1326 700 30),
1348 630 1474 701 leprosos
1496 628 1666 696 mundandi,
1691 646 1766 700 para-

125 720 320 776 deambulans.
342 722 407 776 Hac
427 738 531 776 secura.
555 720 595 775 De
610 719 800 790 proximorum
815 733 926 790 quoque
967 717 1066 789 lpticos
1081 717 1207 784 curandi,
1223 723 1351 774 mortuos
1367 718 1533 784 suscitandi,
1560 718 1653 784 oecis,
1677 720 1766 788 mutis,

126 809 216 863 salute
244 809 371 877 sollicita,
399 818 515 883 propter
541 826 611 880 quos
640 807 825 863 occidentales
852 807 927 861 orbis
967 807 1070 873 surdis,
1085 807 1202 874 claudis,
1218 807 1357 862 debilibus
1370 814 1399 862 et
1415 807 1528 878 aegrotis
1546 806 1685 862 beneficia
1703 825 1767 879 pra·

126 897 926 970 tlnesadierat,contemplationisdulcedincrnquandoque
967 895 1070 950 standi.
1087 896 1152 951 llaec
1167 897 1287 953 Martha.
1305 897 1395 951 Simili
1410 896 1504 962 modo,
1525 896 1619 950 Maria
1640 896 1767 954 ineflabili

126 1004 274 1059 seponens,
286 988 438 1042 incredulis
448 988 562 1042 interim
572 985 752 1059 predicabat,
764 987 805 1040 vel
814 986 927 1040 creden·
966 985 1100 1040 facilitate
1128 986 1263 1040 miracula
1290 985 1419 1051 faciebat,
1449 986 1486 1040 ad
1515 986 1606 1040 fidem
1636 985 1766 1042 dictorum

125 1082 168 1131 tes
177 1077 206 1130 in
217 1077 272 1130 fme.
283 1076 457 1131 confortabat
468 1076 603 1130 riielliflua
614 1082 718 1141 monte,
728 1075 835 1129 mellita
843 1075 927 1130 verba
967 1075 1149 1128 astruendam
1163 1079 1192 1128 et
1206 1075 1290 1128 salem
1301 1075 1463 1130 auditorum
1474 1075 1696 1147 provocandam.
1708 1077 1767 1131 ua

124 1165 286 1220 auditorum
307 1165 407 1220 ariimis
424 1166 572 1220 instillans.
594 1166 668 1219 Nam
695 1182 727 1218 ac
749 1166 925 1218 aharvdontio
965 1163 1763 1234 auteminutriusqucearumvultuvenerandavenustaa

124 1255 214 1308 cordis
228 1254 433 1325 osloquebatur
449 1254 557 1324 (illailla.
581 1269 632 1319 ru,
657 1251 714 1323 at),
741 1254 815 1307 uude
839 1253 924 1307 ctiam
966 1251 1099 1306 honestas
1114 1252 1143 1306 in
1156 1251 1331 1318 moribus,iu
1346 1252 1438 1306 verbis
1452 1253 1672 1325 promptissima
1683 1255 1766 1324 gratia

124 1343 216 1397 omnis
229 1343 304 1397 illins
319 1343 478 1414 praedicatio
492 1343 661 1397 veredivina
676 1348 738 1396 erat
751 1343 925 1412 contempla·
966 1341 1001 1394 ad
1028 1341 1214 1395 suadendum.
1245 1341 1372 1406 l⁷1x,vel
1398 1358 1560 1412 nunquam,
1579 1342 1766 1398 inveniebatur

123 1430 173 1485 tio.
203 1432 238 1486 So
272 1432 362 1503 ipsam
394 1449 505 1504 semper
531 1430 705 1503 proponebat
734 1429 926 1501 peccatoribus
966 1429 1077 1501 aliquis,
1094 1430 1143 1501 qui
1151 1429 1187 1484 ab
1197 1446 1294 1485 earum
1304 1431 1505 1502 praedicatione
1518 1430 1687 1486 incredulus
1700 1449 1765 1487 roce-

123 1521 282 1592 exemplum
297 1521 493 1586 conversionis,
511 1519 710 1591 pauitantibus
725 1536 804 1589 spera
819 1525 925 1573 certam
966 1518 1054 1582 deret,
1065 1521 1108 1573 vel
1120 1519 1180 1574 sine
1191 1520 1272 1586 fletu,
1288 1519 1337 1590 qui
1348 1536 1404 1573 non
1415 1519 1451 1573 ab
1461 1536 1563 1574 aarum
1578 1521 1653 1574 facie
1667 1520 1765 1576 iuliani-

28 1618 34 1627 '
123 1610 306 1674 remissionis,
321 1610 449 1664 fidelibus
462 1610 581 1663 formam
596 1609 794 1667 miserationis.
807 1615 835 1662 et
848 1609 924 1663 ornni
966 1615 1092 1662 inuretur
1100 1608 1213 1663 Domini
1222 1608 1375 1663 Salvatoris
1385 1625 1491 1675 amore,
1503 1609 1550 1663 vcl
1561 1609 1685 1680 propriae
1694 1611 1765 1664 mue

124 1699 227 1770 populo
235 1698 396 1753 Christiano
404 1704 603 1768 argumentum
613 1698 921 1752 divinaemiserationis:
932 1678 1013 1750 Bria
1020 1696 1243 1751 consideratione
1254 1698 1470 1767 lacrymaretur.
1477 1699 1550 1753 Erat
1557 1699 1588 1752 iu
1597 1699 1764 1755 mmmdcm

123 1788 218 1841 oculos
231 1787 392 1853 ostendens,
411 1803 530 1858 quorum
552 1787 665 1841 fluentis
685 1787 788 1841 Christi
808 1787 924 1857 vestigia
965 1786 1191 1856 parcimoniam
1201 1785 1299 1841 habitu
1309 1804 1373 1842 cum
1386 1787 1538 1842 honestate
1553 1788 1657 1859 religio
1668 1807 1675 1854 ;
1688 1805 1766 1859 quan-

123 1875 232 1945 rigavit,
250 1875 352 1948 quibus
367 1877 452 1930 etiam
463 1875 607 1931 Christum
618 1881 812 1945 resurgentem
822 1891 840 1928 a
850 1889 924 1927 mov·
964 1890 1048 1944 qnam
1056 1875 1146 1928 Maria
1152 1875 1186 1929 de
1193 1876 1327 1930 alimento
1335 1881 1365 1929 et
1373 1876 1505 1930 vestiario
1513 1877 1764 1948 pemmoni-averit,

121 1966 178 2021 tuis
192 1966 283 2037 prima
295 1965 378 2032 vidit,
393 1966 508 2036 capillos
518 1982 629 2037 quoquo
640 1965 742 2037 quibus
753 1966 824 2019 lotos
835 1965 923 2034 lacry-
964 1968 1113 2034 postquam
1134 1963 1247 2018 Domini
1269 1964 1425 2019 Salvatoris
1448 1965 1636 2036 praesentiam
1654 1966 1765 2037 perdidit

122 2053 177 2108 ruis
202 2054 262 2108 suis
284 2055 369 2126 pedes
390 2053 482 2124 primo
506 2053 628 2119 siccavit,
652 2053 775 2108 secundo
795 2053 824 2105 iu
843 2067 922 2104 coeua
962 2053 1324 2123 corporalom‚cumtameu
1335 2054 1360 2107 ei
1371 2054 1480 2108 affatim
1490 2055 1765 2125 providentesnwes

122 2142 210 2196 nardo
223 2143 345 2214 pretioso
355 2148 506 2215 perunctos
516 2142 648 2208 extersit3
664 2158 695 2196 os
705 2141 789 2194 simul
800 2148 828 2196 et
837 2139 920 2206 labia,
963 2141 1055 2207 soriis,
1068 2158 1202 2212 quaecum
1212 2159 1246 2196 ea
1255 2143 1765 2212 erantoiqueadhaerebantmiraalle

122 2229 924 2303 quibusnonsolumviventis,sedetmortui,etamortuis
965 2230 1765 2306 ctionematronaelndeetiamilludinolevitapocrypbum

122 2321 306 2391 resurgentis,
321 2320 423 2375 millies
437 2328 466 2375 et
477 2320 579 2374 millies
591 2320 716 2374 osculata
729 2323 772 2372 est
786 2317 922 2387 vestigia,
965 2319 988 2373 si
1003 2324 1097 2373 tamen
1109 2336 1141 2374 ex
1151 2326 1210 2375 toto
1220 2321 1429 2392 apocryphum:
1444 2338 1509 2375 cum
1523 2339 1586 2376 mos
1597 2322 1637 2376 sit
1645 2323 1766 2377 veneticis

123 2425 224 2464 rnanus
251 2416 279 2463 et
300 2409 403 2480 digitos
422 2408 524 2481 quibus
543 2409 593 2463 Dei
615 2406 816 2478 omnipotentis
839 2406 924 2477 podes
964 2407 1085 2462 miscere
1097 2407 1286 2463 abundantius
1297 2410 1363 2476 mel,
1376 2415 1408 2464 ut
1417 2410 1572 2480 propinant
1583 2411 1716 2466 latentius
1724 2411 1765 2478 fel;

122 2497 213 2569 primo
228 2498 327 2564 tenuit,
344 2504 373 2553 et
388 2499 462 2563 lavit,
480 2504 565 2570 atque
587 2497 735 2568 perunxit;
760 2496 811 2549 hos
832 2495 924 2550 denuo
965 2496 1039 2580 iupa,
1054 2497 1181 2568 iuquam,
1193 2497 1264 2552 forte
1274 2497 1467 2554 inolevitillud
1482 2501 1689 2571 apocryphum,
1699 2501 1768 2572 quod

122 2585 222 2657 pistico
244 2587 331 2642 nardo
355 2587 488 2659 pertudit,
515 2587 714 2657 residuumque
737 2585 818 2640 nardi
840 2600 925 2655 super
966 2585 1093 2657 quotidie
1107 2585 1142 2640 ab
1157 2586 1264 2657 angelis
1272 2586 1302 2640 iu
1312 2588 1418 2642 aethera
1430 2588 1646 2655 sustolleretur,
1657 2590 1768 2661 quodah

123 2675 256 2729 verticem
270 2676 333 2730 Filii
345 2677 397 2731 Ilei
408 2676 515 2731 euadit.
533 2675 606 2740 Quid
622 2674 734 2745 singula
751 2673 924 2727 memorem?
965 2675 1073 2744 angelis
1087 2675 1180 2730 denuo
1196 2676 1394 2747 deponeretur,
1407 2677 1482 2747 quod
1490 2677 1563 2732 cibis
1571 2680 1768 2749 supercaelesti-

127 2764 191 2833 quis
201 2763 436 2835 evangelistarum
443 2765 537 2819 hlariae
547 2764 719 2834 Magdalenre
730 2762 831 2816 rnerita
841 2767 923 2829 bicen
967 2762 1032 2830 bus,
1051 2781 1121 2834 quos
1143 2765 1235 2836 angeli
1256 2765 1460 2830 ministrarent,
1476 2766 1655 2822 reficeretur.
1672 2768 1768 2823 Hocsi

122 2852 185 2922 quis
197 2854 388 2923 apostolorum
405 2853 525 2908 Domino
535 2853 701 2908 familiarius
713 2851 925 2922 adhaesithuis
966 2852 1083 2915 mystice
1107 2853 1290 2924 intelligatur,
1314 2870 1370 2908 nou
1394 2855 1511 2909 omnino
1532 2856 1700 2910 incredibile
1718 2864 1766 2912 est

103 2956 221 3001 ,eorum
249 2941 383 2996 doctrina
410 2942 498 3012 ipsius
528 2943 635 2996 fluenta
662 2940 770 2995 avidius
798 2939 892 2994 hausit
915 2943 925 2992 .’
966 2941 1072 2996 Revera
1086 2943 1172 3010 enim,
1188 2943 1286 2997 etsine
1303 2942 1397 3008 dubio,
1415 2945 1586 3014 angelorum
1603 2944 1767 3017 frequentis·

123 3028 241 3099 Oportet
255 3030 350 3100 igitur,
368 3036 400 3084 ut
418 3031 490 3084 sicut
510 3031 649 3084 ririastasis
669 3029 772 3084 Christi
795 2991 1035 3101 apostolacsime
1052 3030 1229 3086 refovebatur
1247 3038 1373 3103 aspectu,
1387 3032 1568 3088 relevabatur
1582 3033 1768 3106 obsequiis‚et

121 3116 262 3172 destinata
275 3125 319 3173 est
336 3118 372 3173 ad
387 3119 535 3189 apostolos,
553 3125 582 3172 et
595 3118 764 3173 ascensionis
780 3118 841 3189 ejus
854 3133 920 3188 pro·
962 3119 1139 3175 mulcebatur
1153 3121 1293 3192 alloquiis.
1312 3121 1413 3176 Docuit
1428 3122 1514 3188 enim,
1530 3129 1560 3176 et
1579 3132 1658 3178 certe
1671 3124 1766 3190 decuit

122 3205 255 3277 phetissa,
285 3207 324 3261 sic
351 3214 380 3261 et
408 3206 582 3261 credentium
609 3207 639 3261 in
662 3213 720 3261 toto
746 3206 812 3260 orbe
839 3207 920 3260 ficret
963 3213 995 3262 ut
1009 3208 1081 3263 miro
1093 3209 1176 3263 modo
1193 3209 1364 3265 etasaeculia
1378 3211 1506 3265 inaudito
1515 3213 1640 3267 Mariam
1651 3214 1768 3268 consola·

123 3295 303 3364 evangelista.
321 3296 379 3350 Hoc
395 3302 510 3350 noverat
529 3295 584 3360 illc,
603 3296 650 3365 qui
664 3297 735 3367 ejus,
746 3295 775 3349 in
790 3295 922 3349 unctione
963 3303 1043 3352 retur
1057 3299 1129 3352 Deus
1140 3301 1223 3352 totius
1231 3301 1426 3353 consolationis
1438 3301 1478 3366 (Il
1491 3302 1553 3356 Gor.
1571 3317 1592 3368 1,
1608 3301 1648 3371 3),
1661 3303 1767 3374 cuiipm

122 3384 221 3454 capitis
244 3385 297 3448 sui,
326 3401 442 3439 cernens
471 3390 499 3439 et
527 3384 684 3455 approbans
713 3383 888 3438 devotionem
914 3403 919 3436 :
965 3387 1065 3452 Maria,
1078 3387 1150 3442 mira
1164 3393 1194 3443 et
1208 3405 1226 3441 a
1239 3387 1339 3442 saeculo
1356 3387 1485 3443 inaudita
1502 3390 1627 3460 praebuit
1639 3392 1768 3464 obsequia

123 3475 229 3530 Bouron
244 3489 311 3542 opor
326 3479 437 3542 oparata
458 3479 494 3527 cst
521 3477 550 3527 in
575 3490 630 3537 ma·
653 3469 735 3526 onrcrl
757 3474 817 3526 diro
839 3475 921 3538 uobis,
964 3475 1121 3530 devotionis
1137 3476 1167 3530 in
1177 3477 1272 3530 terris.
1289 3477 1440 3542 Caeterum,
1454 3479 1530 3549 quod
1547 3488 1615 3550 post
1624 3482 1768 3536 Salvatoris

123 3564 281 3631 athicooqoc
288 3565 471 3631 predicatum
478 3565 564 3630 socrat
572 3563 817 3630 hochooqcliom,
830 3564 862 3615 in
871 3566 923 3615 toto
965 3565 1168 3628 ascensionem,
1176 3565 1439 3621 statimineremum
1450 3567 1687 3640 Arabiaefugerit,
1699 3573 1766 3642 quod

122 3652 236 3714 inumb,
253 3657 278 3705 ct
292 3668 351 3720 que
366 3653 420 3707 hac
433 3654 507 3719 (ecit,
521 3653 690 3706 raorrabitur
704 3653 737 3704 in
756 3653 920 3704 rnerirom'oro
963 3653 992 3708 iu
1024 3670 1109 3727 specu
1134 3655 1196 3710 sine
1224 3663 1301 3710 veste
1323 3656 1458 3724 latuerit;
1486 3657 1632 3729 quodque,
1666 3667 1765 3732 postea,

121 3743 180 3808 ejas
193 3741 300 3805 (Mottb.
314 3755 388 3806 uvvr,
409 3741 451 3807 lo,
469 3739 516 3807 -133
534 3741 619 3795 Marc.
631 3753 687 3806 xiv,
700 3737 734 3804 91.
965 3744 1055 3799 virum
1070 3760 1215 3816 nunquam
1230 3745 1344 3811 viderit3
1358 3745 1433 3816 quod
1448 3763 1465 3800 a
1478 3746 1660 3819 presbytero,
1681 3752 1766 3805 nescio

121 3836 186 3892 Can.
198 3837 322 3892 xxxix.
342 3868 375 3878 -
396 3839 446 3892 llbt
460 3840 537 3892 beato
552 3839 662 3892 Martha
676 3839 878 3906 proabaverit,
899 3841 923 3890 et
965 3849 1030 3905 quo,
1042 3833 1164 3897 visitata,
1180 3839 1285 3889 vestem
1300 3835 1423 3905 petierit,
1440 3840 1584 3892 etcaetera
1598 3839 1763 3909 hujusmodi,

281 3910 313 3963 ἀΰ
323 3911 471 3963 'mimmii
486 3913 633 3977 “illutque
647 3911 760 3962 ⁸⁰f0f2'3·
963 3920 1114 3976 falsissima
1128 3931 1203 3986 sarit,
1221 3930 1251 3978 et
1264 3941 1282 3978 a
1291 3923 1436 3978 lictoribus
1449 3924 1624 3994 fabularum,
1640 3928 1676 3982 de
1685 3927 1764 3999 gestis

157 4006 244 4058 Beata
268 4021 378 4075 quoque
403 4006 523 4070 Martha,
549 4022 613 4059 cum
639 4006 721 4060 sociis
750 4006 818 4070 suiS,
848 4006 922 4076 apud
964 4010 1125 4080 poenitentis
1139 4012 1317 4082 AEgqptiacae,
1341 4019 1480 4067 mutuata.
1503 4015 1590 4080 Quin,
1613 4021 1643 4070 et
1659 4017 1762 4089 ipsam

122 4093 220 4148 urbem
234 4092 421 4148 Avenicorum
436 4101 465 4148 et
477 4093 694 4161 Arelatensium,
719 4103 748 4149 et
770 4110 832 4165 quae
850 4095 924 4149 circa
966 4097 1045 4151 initio
1057 4096 1158 4153 fabulae
1182 4116 1249 4165 suae,
1273 4099 1411 4154 mendacii
1426 4117 1456 4154 se
1470 4108 1618 4169 accusant,
1636 4104 1760 4176 losepho,

51 4184 55 4191 ’
122 4180 292 4235 Rhodanum
313 4188 395 4236 erant
417 4182 506 4247 villas,
532 4192 561 4238 ct
586 4183 698 4254 oppida,
729 4182 758 4236 iu
782 4183 924 4255 provincia
964 4185 1124 4241 doctissimo
1163 4188 1404 4259 historiographo,
1447 4191 1645 4247 narrationem
1689 4210 1760 4248 suaro

123 4269 284 4336 Viennensi,
300 4271 508 4342 evangelizabat
515 4272 626 4342 populis
635 4272 787 4326 Dominum
799 4273 923 4328 Salvato-
965 4274 1147 4351 ascribentes,
1160 4293 1224 4330 cum
1235 4277 1381 4348 losephus,
1396 4278 1518 4334 inlibris
1532 4281 1604 4348 suis,
1622 4300 1759 4355 nunquam

124 4375 194 4426 rem,
208 4377 269 4431 quae
279 4360 354 4414 eirca
365 4361 457 4431 ipsum
471 4360 588 4426 viderat,
603 4378 720 4434 quaque
739 4360 775 4415 ab
794 4362 855 4432 ejus
874 4378 923 4416 ore
965 4364 1060 4418 Mariae
1086 4365 1260 4435 Magdaleua·
1285 4367 1446 4422 meminerit
1471 4381 1492 4423 ⁶.
1520 4370 1556 4424 Et
1587 4372 1623 4425 de
1652 4373 1688 4427 iis
1708 4373 1758 4428 hac

124 4447 269 4515 didicerat,
284 4449 393 4521 publice
418 4455 594 4517 contestans;
616 4451 746 4522 quodque
765 4451 800 4505 de
821 4451 922 4505 divinis
964 4452 1113 4507 sufficiant.
1123 4454 1214 4521 Nunc,
1225 4455 1260 4509 ad
1270 4456 1756 4528 narrationisordinemrevertamur,

590 4567 678 4614 nora
701 4567 884 4613 rorlssutuu
906 4567 944 4612 ΒΧ
966 4567 1088 4615 stanno
1111 4570 1289 4616 DESUllPTAE.

158 4656 737 4741 alllnietasestgaudiumsuperurogratiae,
747 4660 821 4741 quod
835 4656 1128 4728 chari-Dangelorum
1153 4661 1246 4715 choris
1258 4663 1413 4726 interesse,
1437 4664 1589 4721 admisceri
1606 4669 1755 4724 celestibus

120 4731 179 4780 tate
193 4732 277 4781 erunt
289 4726 443 4808 plenissimi
458 4730 550 4793 electi,
562 4730 675 4801 quando
690 4747 783 4784 carnis
797 4732 924 4786 simulet
965 4730 1079 4797 civibus
1091 4730 1126 4784 de
1145 4738 1253 4787 aterna
1269 4734 1298 4787 in
1313 4751 1379 4789 cons
1399 4740 1463 4789 ectu
1482 4736 1534 4789 Dei
1552 4737 1755 4812 incorruptione

122 4797 223 4852 anima
250 4796 383 4852 felicitate
410 4802 611 4870 perfruentur.
639 4802 781 4868 Ebrietas,
811 4803 923 4857 interna
1001 4802 1095 4856 odero.
1119 4804 1225 4858 loborat
1243 4806 1345 4861 Horruit.
1382 4824 1400 4861 o
1418 4808 1561 4876 Assurapt.
1581 4810 1622 4864 Ex
1640 4814 1711 4868 Birta
1730 4815 1752 4865 in

119 4867 238 4923 satietas
252 4875 423 4935 sanctorum,
439 4879 470 4925 ut
479 4871 508 4926 in
516 4871 647 4943 psalmis:
661 4874 922 4928 lachriobonturoh
984 4891 1038 4935 uc..
1052 4872 1098 4927 lib.
1114 4889 1156 4940 111,
1171 4892 1232 4946 cap.
1250 4875 1293 4933 l0.

121 4942 351 4994 ubertotcrlomav
366 4947 427 5007 toa,
442 4942 470 4994 id
485 4949 529 4996 est
543 4942 577 4997 de
595 4959 723 5015 supernae
743 4944 844 4998 domus
867 4949 922 5000 tuae
999 4955 1010 4983 θ
1025 4945 1176 4999 Notissima
1190 4949 1266 5001 oraim
1277 4953 1356 5002 erant
1374 4951 1486 5005 llobono
1506 4955 1599 5007 Flavii
1613 4957 1752 5023 scraptae

81 5040 87 5045 -
121 5011 304 5082 plenitudine,
319 5012 741 5085 ethicquandoquesanctitui
756 5021 918 5085 pascuntur.
962 5031 1014 5082 qao
1029 5020 1052 5068 ct
1069 5019 1355 5073 rnaltoticseitontar.
1377 5023 1410 5075 ln
1429 5023 1581 5077 dominam.
1603 5027 1634 5077 in
1656 5026 1750 5086 nun,

119 5081 228 5137 dobant
240 5085 741 5155 Allcporrieinsocrat-inscriptorom.
962 5087 1009 5138 lib.
1031 5100 1050 5151 1,
1070 5103 1131 5157 cap.
1158 5087 1183 5143 2.
1211 5119 1244 5129 -
1273 5091 1390 5161 Legitur
1413 5093 1443 5146 in
1472 5093 1597 5166 Josepho
1622 5096 1756 5151 Heroden

157 5153 170 5191 l
188 5154 279 5208 Maria
298 5154 473 5209 demonstrat
494 5156 579 5210 vitam
599 5156 843 5228 contemplativam
864 5174 920 5227 qua
961 5157 1110 5219 nonnullos
1123 5158 1158 5212 de
1179 5160 1351 5232 principibus
1373 5163 1536 5220 iudeorum
1557 5173 1624 5220 ante
1642 5175 1750 5222 mortem

120 5224 150 5278 in
164 5224 214 5277 Dei
230 5241 326 5280 amore
347 5227 530 5297 suspiramus
560 5228 783 5298 Contemplativa
801 5228 859 5282 vita
877 5236 919 5283 est
961 5245 1175 5283 suamnecasse.
1193 5232 1274 5298 loru,
1290 5232 1338 5287 lib.
1355 5247 1380 5287 v.
1397 5266 1430 5276 -
1454 5236 1512 5291 Nec
1533 5239 1750 5308 pratereundum

119 5293 285 5374 charitatem
300 5296 350 5351 Dei
366 5304 394 5351 et
407 5299 594 5380 proximitota
601 5300 917 5354 mentaretineve...soli
960 5299 1033 5370 quod
1041 5306 1139 5354 narrat
1147 5301 1294 5373 losephus,
1302 5305 1571 5363 vinctumJoannem
1578 5310 1749 5364 incastellom

118 5363 256 5445 desiderio
279 5368 431 5423 conditoris
451 5369 597 5434 inhaerere,
622 5377 686 5425 ut...
708 5371 744 5424 ad
769 5371 918 5424 videndam
959 5369 1313 5439 blacheruutaabductum,
1329 5375 1423 5448 ibique.
1437 5383 1598 5435 truncatum
1617 5379 1746 5438 lbtd..lib.

117 5434 218 5488 faciem
233 5438 373 5493 creatoris
386 5441 430 5494 sui
445 5441 556 5495 animus
568 5442 735 5505 inardescat,
752 5443 793 5496 ita
810 5448 842 5496 ut
856 5443 915 5512 jani
959 5456 1015 5495 r1u.
1040 5472 1072 5482 -
1093 5443 1231 5515 losephus
1250 5463 1360 5517 quoque
1379 5449 1466 5503 refert
1483 5451 1602 5507 virtutes
1618 5453 1746 5523 angelicas

118 5505 228 5559 noverit
248 5509 340 5589 carpis
367 5527 449 5592 corru
470 5510 555 5595 tibilis
579 5514 688 5597 pondus
708 5531 773 5597 curu
797 5529 917 5596 murore
978 5513 1238 5600 residesquondam
1248 5519 1345 5601 templi
1355 5525 1424 5576 tunc
1433 5522 1744 5595 partarcouelamme:

117 5581 240 5649 portare,
255 5583 377 5650 totisque
385 5529 531 5637 desideras
539 5591 671 5655 appetere
680 5585 736 5641 alhs
749 5585 917 5657 hymnidicis
957 5531 1145 5643 immamus
1159 5586 1194 5642 ab
1208 5588 1252 5657 lua
1262 5589 1384 5646 sedibus.
