3772 6120
442 290 658 348 ALLEGORIAE
678 292 717 346 lN
736 290 881 346 ascanii
901 290 1141 350 SCRlP'l'URAM.
1555 292 1607 357 ΜΞ

99 415 274 487 aperiunrel
284 414 320 467 ab
331 414 363 468 iis
374 422 500 469 revocata
512 417 631 486 dignior,
640 433 690 470 nec
699 424 768 470 tunc
776 418 799 474 Α
807 417 950 472 tribulatio
965 419 1129 489 temportdis
1142 438 1147 471 :
1163 425 1195 474 ut
1207 420 1234 473 in
1250 418 1398 490 Evangelio
1409 440 1414 473 :
1425 421 1516 491 ’siut
1524 438 1605 478 suam

99 505 196 559 rationi
206 505 403 574 recuperanda.
417 506 476 558 Scit
485 514 513 560 et
528 506 576 559 lini
594 507 688 572 l'ilius,
701 522 767 577 quo·
808 507 895 576 ipsius
909 508 1034 561 animam
1049 509 1230 579 pertransibit
1247 509 1357 580 gladius
1371 509 1391 576 θ,
1413 532 1423 557 i
1440 511 1467 565 id
1485 518 1536 575 est,
1551 514 1605 567 tri-

99 593 186 647 iiritus
202 600 315 647 sanctus
330 610 450 664 aseipso
464 596 483 662 †
498 595 624 648 dirersus
637 596 682 655 sit,
699 597 765 650 dunt
808 594 914 649 bulatic
924 596 1012 667 ipsius
1027 598 1151 652 animam
1165 605 1244 652 tuam
1258 598 1402 653 cruciabit.
1419 600 1541 667 Gladius,
1558 618 1605 657 re-

99 698 155 737 rum
167 683 267 738 inhiat.
282 685 321 736 rel
333 684 449 737 inferius
461 685 583 738 calestia
598 685 765 751 considerat,
808 685 972 755 pugnantia,
981 693 1014 741 ut
1027 687 1056 740 iu
1067 687 1186 741 Psalmis
1198 704 1204 740 :
1216 706 1228 738 i
1241 687 1372 741 Gladium
1387 689 1605 758 evaginaverunt

99 788 132 827 aa
146 772 308 826 inlerinsdc
323 773 472 826 mundanis
488 780 561 827 recte
572 775 687 841 agendis
703 791 766 845 per-
807 780 966 844 peccatores
979 775 1000 833 ⁸,
1026 795 1036 825 r
1059 777 1086 829 id
1105 783 1157 842 est,
1184 777 1398 847 repugnantiam
1420 787 1604 835 exercuerunt

99 861 132 914 rel
141 863 283 932 quomodo
291 863 473 915 sensualitate
484 868 676 927 secernuntur,
686 864 762 925 dum,
807 863 927 933 reprobi.
943 866 1065 931 Gladius,
1079 866 1228 936 separatio,
1246 871 1276 920 ut
1291 867 1318 920 in
1335 867 1482 935 Evangelio
1496 887 1501 920 :
1516 890 1527 920 i
1541 869 1603 924 Non

99 950 128 1003 in
143 949 260 1004 interius
275 951 411 1023 estquod
428 952 455 1004 in
470 951 527 1016 iila,
540 952 624 1005 altius
640 958 762 1022 superat.
806 952 868 1005 reni
883 969 981 1023 pacem
996 955 1116 1019 mittere,
1129 952 1177 1008 sed
1191 954 1365 1025 gladiuin⁴.r
1385 956 1413 1011 id
1428 964 1480 1024 est,
1494 974 1605 1029 separa-

99 1038 336 1111 dlipersecutores
352 1040 492 1107 ilesignari
512 1042 692 1095 nianilesturn
712 1048 762 1095 est.
806 1042 921 1096 donem.
939 1042 1062 1106 Gladius,
1079 1043 1245 1114 persecutia,
1261 1053 1293 1100 ut
1309 1047 1336 1099 in
1351 1046 1470 1100 Psalmis
1488 1064 1493 1099 ι
1514 1047 1604 1103 «Scu-

99 1128 166 1182 ntim
182 1129 302 1183 inlibris
319 1130 437 1200 Regum,
452 1130 572 1200 qualiter
582 1129 678 1191 David,
697 1148 766 1201 puer
806 1132 1605 1203 tum,giadiumetiielluin⁵,iidestlicminusabEcclesia

101 1218 217 1289 pulcher
236 1225 359 1289 aspectu,
376 1236 439 1272 cnm
455 1225 581 1289 pasceret
595 1237 659 1273 ores
677 1221 765 1290 patris
806 1236 857 1274 sua
867 1222 1005 1277 etritium
1015 1220 1106 1276 aufert
1119 1224 1314 1289 excusationis,
1327 1226 1381 1294 rt†
1391 1240 1501 1279 armum
1513 1242 1605 1297 perse·

99 1307 171 1361 cessit
186 1315 311 1361 armatus
329 1309 415 1362 arinis
429 1309 522 1365 Saulis
542 1315 639 1362 contra
654 1310 763 1363 Goliam
806 1310 934 1375 cuticula,
951 1317 980 1365 et
995 1308 1202 1366 infestationem
1215 1312 1312 1366 hostis.
1327 1312 1450 1380 Gladi‘iis,
1467 1314 1604 1369 malitiam

100 1412 158 1462 rus,
175 1396 276 1466 quibus
290 1399 376 1451 iirrnis
390 1415 454 1452 cum
475 1398 645 1467 intelligeret
658 1416 687 1452 se
701 1417 764 1469 gra·
806 1398 919 1459 diaboli,
931 1405 963 1454 ut
973 1398 1075 1455 iniou:
1090 1423 1102 1447 i
1112 1401 1165 1465 Qui
1176 1402 1242 1454 secit
1252 1418 1326 1469 eum:
1339 1402 1604 1475 applicuitgladiurn

99 1502 130 1540 us
144 1501 229 1557 quam
240 1487 340 1557 jurari,
353 1488 483 1558 deposuit
494 1504 535 1543 ea.
549 1497 577 1541 et
592 1489 697 1559 eligens
712 1487 766 1542 siiii
806 1488 892 1557 ejus⁸,
906 1510 917 1540 i
931 1488 1005 1560 quod
1015 1488 1099 1553 Deus,
1114 1491 1237 1561 quicum
1249 1490 1381 1556 condidit,
1395 1493 1456 1562 ejus
1467 1492 1605 1548 malitiam

102 1575 312 1646 limpidissimos
332 1577 438 1648 laptiles
462 1578 495 1631 de
521 1578 645 1643 ilumine,
667 1595 714 1631 eos
736 1579 765 1634 in
806 1579 985 1649 compescuit.
1012 1580 1135 1645 Gladius,
1164 1578 1279 1634 verbum
1300 1580 1496 1652 corruptionis,
1523 1584 1604 1638 utin

99 1666 225 1731 autulii
239 1666 387 1728 dicuntia
402 1684 465 1721 rase
481 1669 579 1727 lacteo,
592 1668 722 1722 baculum
737 1675 765 1723 et
807 1666 880 1721 lsaia
896 1684 899 1692 ·
922 1680 933 1718 i
949 1666 1066 1723 Gladius
1081 1668 1225 1723 devorabit
1235 1686 1282 1723 ros
1292 1670 1312 1735 ⁷,
1329 1690 1339 1721 i
1356 1669 1383 1724 id
1400 1676 1451 1731 est,
1464 1670 1605 1742 corruptio

99 1754 170 1822 tulit,
185 1760 211 1809 ct
227 1756 267 1809 sic
281 1762 378 1810 contra
391 1757 533 1810 inimicum
546 1758 689 1828 processit,
708 1736 959 1830 quossinerepabit
974 1776 1031 1812 ros.
1055 1760 1179 1826 Gladius,
1200 1776 1293 1813 serino
1315 1760 1505 1825 ‹leti·actionis,
1522 1766 1554 1815 ut
1577 1760 1605 1816 in

99 1842 163 1915 aidis
177 1844 244 1907 ictu,
261 1850 355 1899 rotatu
374 1846 467 1900 sundra
483 1846 610 1917 projecti,
629 1848 657 1901 in
672 1847 763 1902 l'rontc
805 1844 944 1900 Psalmis:
965 1868 975 1898 i
1003 1848 1112 1918 Lingua
1127 1864 1224 1902 eorurn
1242 1847 1383 1918 gladiusi,
1400 1848 1428 1902 id
1446 1854 1497 1917 est,
1514 1866 1605 1904 sermo

110 1938 195 2005 atque
206 1935 321 2005 dejecto,
336 1936 460 2005 gladium
470 1935 764 2007 iilius,quipercussns
805 1950 902 1990 corum
918 1937 1042 1991 mordaci
1050 1936 1224 1992 detractione
1232 1937 1331 2008 plenus
1346 1944 1397 1992 est.
1407 1936 1530 2002 Gladius,
1540 1956 1605 2012 per-

99 2064 103 2087 ,
118 2025 331 2094 evaginavitque
347 2032 374 2078 et
392 2032 477 2096 caput
491 2027 552 2095 ejus
574 2026 728 2096 arnputarit
741 2028 761 2080 ¹.
806 2025 898 2079 suasio
913 2042 1007 2099 prava,
1023 2031 1056 2080 ut
1069 2025 1098 2080 in
1113 2026 1230 2080 Psalmis
1248 2044 1253 2077 :
1277 2044 1289 2079 d
1305 2026 1346 2080 De
1367 2027 1461 2096 gladio
1482 2028 1605 2098 miiligno

113 2112 166 2167 hoc
185 2114 257 2167 tiicto
275 2115 414 2185 significat
431 2116 589 2177 Ecclesiam,
606 2118 686 2186 cujus
707 2118 764 2171 rul—
806 2112 971 2185 eripimur,
990 2134 1003 2167 a
1020 2116 1046 2169 id
1063 2120 1114 2175 est,
1132 2114 1167 2168 de
1181 2114 1326 2169 mortifera
1343 2114 1523 2187 persuasione
1538 2131 1605 2171 erue

99 2202 268 2257 recabuntur
289 2204 391 2258 habere
420 2221 518 2258 ornnes
540 2204 640 2259 divites
664 2205 760 2276 plebis.
805 2220 858 2256 me.
874 2205 996 2271 Gladius,
1013 2220 1096 2271 mors,
1109 2205 1181 2258 utin
1198 2204 1318 2258 Genesi:
1335 2224 1346 2255 i
1359 2205 1421 2276 Ipse
1432 2204 1561 2276 portabat
1575 2204 1604 2260 in

99 2295 158 2347 rest
173 2292 201 2345 in
218 2293 398 2362 martyribus,
416 2300 444 2347 et
457 2295 580 2348 formosa
595 2295 622 2349 in
633 2295 763 2349 omnibus
806 2294 934 2351 manibus
945 2294 1003 2349 suis
1016 2292 1142 2363 gladium
1158 2300 1186 2347 et
1200 2295 1292 2364 ignem
1307 2292 1338 2360 ¹⁰,
1352 2295 1450 2364 equod
1467 2293 1561 2365 passio
1576 2300 1605 2349 et

113 2380 181 2436 suis.
199 2383 312 2436 tarenis
328 2388 378 2446 cst,
397 2385 585 2454 propterriue
599 2384 760 2452 novitatem,
803 2402 879 2440 mors
893 2383 996 2439 Christi
1006 2385 1035 2437 in
1051 2388 1189 2454 potestate
1200 2389 1261 2437 erat
1271 2382 1372 2437 Patris.
1382 2384 1505 2451 Gladius,
1516 2382 1604 2438 vindi-

99 2469 177 2525 ilium
185 2471 589 2543 animarumperdoctrinain†
597 2474 758 2531 salutatam.
802 2482 856 2540 cta,
868 2475 938 2530 utin
949 2473 1057 2528 cantico
1068 2470 1278 2527 deuteronomii
1290 2491 1295 2525 :
1312 2493 1322 2523 i
1334 2470 1450 2527 Gladius
1466 2489 1546 2527 meus
1556 2474 1605 2531 dc.

100 2558 199 2614 abitlus
208 2568 260 2625 est,
270 2568 368 2615 contra
378 2578 461 2632 quem
471 2563 617 2617 inimicum
633 2564 708 2617 fideii
721 2565 761 2617 di·
803 2562 909 2618 rorabit
923 2563 1060 2629 carnes¹¹,
1069 2582 1082 2614 a
1096 2562 1125 2616 id
1140 2569 1191 2621 est,
1201 2561 1323 2615 vindicta
1334 2576 1397 2616 inca
1406 2562 1534 2616 destruet
1545 2576 1604 2616 car·

99 2666 121 2704 m
143 2656 195 2705 cst.
212 2653 317 2705 Contra
344 2654 417 2706 hunc
444 2653 569 2723 procedit
593 2653 626 2706 ad
656 2652 760 2708 bellurn
802 2653 1194 2724 nales.Giaiiiris,peccatum,
1211 2651 1287 2705 utin
1303 2650 1444 2705 Ezechiele
1462 2669 1493 2704 :i
1517 2651 1545 2705 Si
1560 2650 1601 2705 ri-

99 2754 120 2793 re
143 2740 285 2794 desiderat
309 2746 488 2795 contemnere
509 2743 650 2796 saeculum.
674 2744 761 2797 Arma
801 2738 1602 2811 centigraniumcirionsonueriiunecinsfl,»quoddam-

99 2831 199 2883 irnales
219 2836 286 2883 sunt
304 2830 484 2886 observantiae
499 2832 578 2902 legis,
598 2848 670 2902 quie,
685 2832 759 2903 quod
801 2831 915 2886 natione
930 2830 1031 2900 dignus
1046 2836 1088 2884 est
1100 2832 1120 2901 †
1130 2837 1268 2901 peccator,
1280 2828 1304 2883 si
1316 2830 1602 2884 adoctrinacessave·

99 2939 104 2972 i
116 2918 283 2987 justificant,
299 2936 354 2972 non
367 2919 476 2989 jurant,
493 2921 541 2974 sed
556 2927 683 2975 onerant.
704 2921 759 2975 i'e-
802 2921 848 2981 rit,
864 2920 976 2991 quando
991 2925 1136 2993 peceatum
1150 2936 1268 2990 regnare
1280 2921 1300 2990 †
1314 2918 1392 2973 vidit.
1410 2917 1534 2976 Gladius.
1547 2920 1603 2974 lin-

99 3004 225 3060 ridissimi
242 3007 356 3078 lapides.
374 3009 516 3079 purissimi
531 3027 629 3064 sensus
642 3011 671 3064 in
687 3011 757 3081 lege.
801 3008 954 3074 tichristus,
967 3014 999 3063 ut
1009 3008 1097 3063 inlob
1108 3027 1113 3061 :
1126 3028 1137 3059 i
1151 3011 1222 3063 Cum
1234 3006 1452 3080 apprehenderit
1463 3026 1528 3063 eum
1540 3009 1601 3081 gla-

99 3095 137 3167 pit
146 3094 269 3151 Ecclesia
283 3098 317 3150 de
331 3099 455 3163 flumine,
468 3099 538 3152 niliil
553 3116 648 3169 agens,
661 3100 689 3152 id
705 3107 756 3168 est,
768 3054 788 3119 ⁰
800 3099 901 3161 diusffi,
912 3117 925 3151 i
937 3099 1084 3169 quodcum
1096 3098 1124 3151 in
1135 3115 1164 3151 se
1174 3097 1315 3151 diabolum
1327 3098 1602 3153 Anticiiritussusce·

99 3202 118 3251 s,
131 3186 180 3256 qui
193 3185 331 3255 spirituaii
346 3203 430 3240 sensu
445 3187 513 3257 legis
526 3204 582 3241 non
594 3189 756 3249 utebantur,
800 3188 882 3259 perit,
897 3187 1051 3258 graviserit
1062 3187 1219 3258 persecutio
1233 3187 1275 3240 rei
1283 3184 1428 3241 tribulatio
1442 3188 1471 3241 in
1484 3188 1598 3241 mundo.

99 3273 148 3347 r†
163 3275 300 3346 profunda
315 3276 407 3330 carnis
422 3294 477 3330 sure
493 3277 632 3331 desideria
647 3279 757 3332 llurnini
799 3276 1219 3346 Graciles,ultimurnjudicium,
1230 3277 1300 3331 utin
1311 3276 1419 3331 cantico
1430 3277 1600 3331 Deuterono-

99 3370 166 3418 itnr.
192 3365 272 3423 Pera,
295 3365 491 3435 praedicatores
520 3367 667 3436 significat,
693 3368 757 3422 lruic
800 3367 866 3420 mii:
885 3386 896 3415 r
908 3367 937 3421 Si
947 3382 1048 3420 acuero
1059 3366 1161 3436 fulgur,
1170 3366 1295 3436 gladium
1306 3383 1399 3420 meuin
1408 3362 1503 3425 “aid
1513 3372 1565 3431 est,
1577 3365 1600 3419 si

99 3454 238 3524 aspiteset
248 3455 418 3524 peregrinos.
432 3455 564 3509 Lacteum
580 3472 636 3517 ras,
651 3456 756 3527 siinpli-
798 3456 826 3510 in
837 3456 879 3509 ira
886 3452 1100 3510 manifestavero
1106 3454 1243 3525 judiciuin
1252 3456 1488 3520 incumdiciii'iis,
1496 3462 1601 3509 aeterna

99 3543 198 3596 ictrina
213 3543 276 3597 tidei
291 3544 396 3614 plenos.
417 3545 533 3598 liacuius
548 3551 590 3598 est
609 3545 757 3616 disciplina
798 3544 951 3607 damnatio,
968 3550 999 3598 ut
1013 3543 1041 3596 in
1061 3541 1112 3596 lob
1130 3563 1135 3595 ι
1156 3564 1166 3593 i
1184 3543 1212 3597 Si
1227 3541 1406 3612 multiplicati
1424 3541 1530 3597 suerint
1548 3542 1600 3597 lilii

99 3632 238 3686 nsolentes
251 3634 437 3703 castigandos,
450 3639 478 3687 et
491 3635 681 3688 misericordia
695 3651 757 3705 pro·
798 3637 869 3704 ejas,
881 3635 909 3687 in
922 3635 1015 3704 gladio
1027 3632 1147 3699 eruut¹⁵,
1160 3632 1233 3702 quod
1249 3646 1429 3702 quoscunque
1440 3630 1599 3701 impiuslra·

99 3737 159 3775 mos
174 3724 381 3776 sustentandos.
403 3724 500 3776 Funda
519 3741 583 3778 cuin
599 3724 710 3779 chordis
726 3742 757 3778 os
798 3723 890 3778 buerit
899 3723 1064 3789 imitatores,
1076 3738 1173 3775 ornnes
1183 3720 1599 3787 damnabuntur.Perpicdiiint

99 3811 146 3864 tris
168 3819 219 3871 est,
246 3829 309 3865 cum
335 3813 444 3866 duobus
467 3814 616 3884 lapidibus.
640 3835 650 3865 i
679 3813 756 3868 Unus
798 3809 1599 3880 i·erbal)ei,utinPsalmis:iGladiiancipitesinmani-

99 3898 170 3953 inda
181 3900 311 3967 mittitur,
325 3919 379 3973 qaia
395 3909 489 3956 rotatu
500 3904 600 3960 fundar.
611 3903 700 3957 nostis
714 3903 757 3957 'in-
799 3901 850 3957 bus
864 3916 962 3956 eorum
976 3900 1008 3967 ¹⁶,
1023 3920 1034 3951 i
1052 3901 1079 3954 id
1094 3904 1137 3954 est
1151 3900 1234 3954 rerba
1244 3898 1294 3953 liei
1308 3900 1335 3952 in
1347 3896 1478 3969 operibus
1488 3916 1595 3953 eorum.

111 4007 117 4042 :
132 4010 144 4040 ι
161 3991 235 4060 quod
250 3991 313 4045 licet
325 3992 519 4062 praedicatores
530 3998 618 4046 totani
627 3994 718 4063 legem
730 3993 758 4045 in
835 3991 933 4047 δῖα-νεα
946 3996 988 4045 est
1001 4006 1079 4044 triens
1090 3988 1238 4053 instabilis,
1249 3988 1319 4043 utin
1330 3988 1396 4042 Job:
1408 4007 1420 4040 n
1433 3988 1598 4043 lncarernis

99 4084 163 4133 ant:
179 4080 280 4150 saepius
300 4087 394 4134 tamin
410 4083 445 4135 aii
461 4082 653 4152 perimendum
667 4082 758 4137 inimi·
799 4088 890 4141 terrae,
907 4078 949 4133 rel
968 4096 1053 4150 super
1066 4079 1192 4151 glaream
1207 4078 1238 4146 ¹⁷,
1254 4098 1267 4132 a
1290 4078 1364 4150 quod
1379 4077 1501 4133 haeretiei
1522 4077 1597 4150 apud

99 4170 172 4222 atem
188 4169 217 4222 in
234 4186 263 4223 sc
279 4176 399 4222 versant.
417 4170 495 4233 Quod
510 4188 584 4224 unus
600 4170 683 4237 licus,
702 4188 757 4225 una
797 4170 849 4224 lios
863 4170 1045 4224 demorantur
1060 4169 1211 4235 auditores
1224 4169 1272 4241 qui
1285 4169 1395 4224 dolosas
1411 4174 1439 4222 et
1453 4168 1597 4222 instabiles

99 4272 137 4310 im
145 4256 292 4328 baptisma.
309 4260 341 4312 ln
352 4259 442 4313 fronte
456 4276 605 4330 percussus
617 4259 754 4325 occubuit,
798 4263 906 4313 mentes
929 4258 1042 4313 habent.
1060 4258 1114 4312 Per
1132 4263 1257 4327 pictacia
1281 4256 1401 4330 reprobi,
1423 4264 1455 4312 ut
1473 4257 1502 4310 in
1518 4256 1570 4311 lob
1589 4275 1594 4310 ι

101 4361 134 4400 ua
144 4352 247 4417 pateat,
259 4349 333 4418 quod
349 4366 497 4419 percussus
510 4355 553 4403 cst
566 4357 594 4403 et
609 4350 696 4404 rictus
707 4350 756 4403 ini·
800 4367 812 4400 i
829 4349 923 4403 Dulcis
937 4349 990 4403 fuit
1007 4347 1111 4419 glareis
1123 4346 1145 4419 †
1159 4346 1247 4419 cocyti
1268 4346 1297 4412 ¹⁸,
1318 4367 1331 4400 a
1350 4347 1422 4418 quod
1439 4345 1467 4399 in
1484 4344 1596 4400 illorum

102 4435 194 4490 ladius
214 4437 308 4493 Goliie.
333 4445 526 4508 persecutores
550 4438 687 4503 Ecclesia,
707 4438 940 4536 pei-Darentibus
950 4438 1038 4493 dulcis
1053 4443 1096 4492 est
1109 4437 1245 4501 diabolus
1260 4437 1279 4503 i
1293 4434 1367 4507 quod
1382 4432 1464 4487 ruodo
1478 4450 1529 4505 per
1542 4434 1595 4488 ilu-

99 4526 167 4579 atei
190 4527 300 4580 auferre
315 4527 429 4581 molitus
444 4533 486 4582 est
504 4546 509 4578 z
528 4529 576 4581 sed
591 4527 755 4582 adveniente
797 4545 861 4583 sain
882 4527 1095 4582 instabilitatem
1116 4524 1151 4578 ad
1172 4532 1307 4579 aternum
1327 4523 1433 4577 luctum
1450 4523 1592 4577 tendunt:

99 4615 179 4686 aprio
188 4615 464 4687 gladiodecapitatus
475 4621 517 4670 est
527 4616 667 4671 diabolus:
681 4617 754 4689 quod
798 4616 902 4689 quod†
917 4617 1050 4671 Cochiton
1064 4618 1153 4668 liirtiis
1164 4613 1274 4667 dicitur.

99 4718 147 4757 res
155 4704 237 4758 inulti
248 4712 382 4776 superant
391 4706 531 4760 diabolum
543 4707 720 4761 attendentes
728 4712 757 4760 et
839 4708 945 4761 (linitus
961 4711 1003 4758 est
1012 4704 1152 4776 proiectus
1162 4700 1295 4766 hominis
1309 4707 1342 4755 ut
1354 4700 1382 4755 in
1396 4700 1467 4756 libro
1485 4700 1592 4758 Esdriu:

107 4792 187 4847 alios,
200 4794 248 4865 qui
258 4794 360 4848 diaboli
371 4812 472 4866 corpus
483 4796 657 4863 exstiterant,
670 4812 756 4849 inanu
800 4815 811 4845 i
828 4794 951 4865 Populus
965 4799 1059 4847 autem
1074 4791 1167 4846 stabat
1176 4792 1205 4844 in
1214 4790 1304 4862 gradu
1317 4808 1368 4845 suo
1385 4791 1415 4857 ¹⁹,
1429 4812 1442 4843 a
1458 4792 1532 4865 quod
1542 4810 1595 4847 cce-

99 4878 110 4935 l
135 4887 195 4947 cst,
227 4882 354 4937 Ecclesiae
381 4882 401 4956 †
430 4900 459 4937 se
487 4889 588 4954 agento
617 4903 634 4938 a
664 4885 754 4956 capite
796 4890 841 4938 tus
855 4888 1016 4937 sanctorum
1032 4882 1204 4937 unanimiter
1217 4880 1343 4953 persistit
1357 4880 1591 4952 inprolectusuo.

101 4978 243 5034 raserunt,
266 4978 294 5025 et
315 4980 412 5044 postea
440 4973 521 5027 lateri
548 4975 675 5029 Ecclesiae
703 4974 753 5027 ad-
796 4966 1593 5043 Perpradiisvirtutesspirituales,utinJobziPersingulos

99 5060 236 5131 ‚Pagina
262 5062 357 5123 (lolius,
382 5080 461 5117 error
490 5069 532 5117 est
560 5065 753 5119 infidelitatem
794 5062 899 5135 gradus
910 5080 986 5118 ineos
997 5060 1183 5135 pronuntiabo
1197 5058 1359 5122 eumenid
1370 5058 1592 5130 cstprosingulis

99 5190 105 5209 ,
124 5164 141 5204 a
156 5168 211 5222 quo
226 5152 248 5203 si
262 5152 373 5222 glitdius
395 5170 450 5206 uim
468 5155 486 5220 ·,'-
505 5160 663 5219 exueretur,
681 5172 754 5208 nun-
795 5152 944 5206 rirtutibus
958 5150 1125 5223 quashabeo
1139 5148 1590 5218 laudaboenin.Perprudusdona

99 5238 192 5295 ’illum
204 5247 288 5311 caput
298 5241 384 5295 Golia
393 5242 615 5297 absciinleretur.
628 5245 752 5311 Gladius,
796 5242 916 5313 Spiritus
923 5240 1020 5303 sancti,
1029 5240 1094 5328 utin
1106 5238 1263 5295 Enceliiele:
1276 5260 1287 5292 i
1298 5240 1331 5293 lu
1341 5244 1449 5311 septeni
1458 5236 1591 5307 gradibus

99 5402 109 5445 ζ.
133 5396 203 5441 xiii,
226 5383 321 5441 38-51.
341 5386 352 5417 a
371 5387 435 5439 lue.
454 5401 483 5451 ir,
509 5386 552 5439 tta.
569 5387 580 5419 ³
597 5389 668 5442 Psi-il.
686 5403 777 5451 xxxvi,
794 5386 834 5443 tt.
852 5385 860 5419 ¹
876 5376 1015 5450 blattina,
1032 5383 1076 5438 311.
1096 5382 1107 5415 ⁵
1124 5383 1195 5439 Psal.
1218 5398 1298 5448 ratur,
1321 5382 1348 5435 4.
1374 5382 1386 5415 ⁰
1409 5380 1461 5435 iob
1482 5369 1527 5442 xi,
1543 5381 1587 5436 ti.

99 5452 125 5510 0.
141 5454 238 5509 ⁸Psal.
255 5470 309 5522 nvi,
327 5456 351 5512 5.
369 5457 466 5512 9Psal.
483 5473 578 5519 cxiiii,
591 5460 635 5512 lii.
651 5458 673 5492 ¹⁰
687 5460 758 5513 Gen.
771 5473 838 5523 xxii,
854 5456 880 5512 ii.
899 5459 918 5491 ¹¹
933 5456 1014 5513 licut.
1029 5470 1114 5512 xxxii.
1132 5453 1176 5509 lt.
1192 5453 1215 5487 ¹³
1230 5454 1327 5509 Ezech.
1344 5467 1442 5517 xxxiu,
1460 5452 1486 5509 3.
1500 5450 1522 5487 ¹³
1538 5452 1589 5507 iob

99 5524 297 5654 ἕζειὲγεεεη,
314 5531 358 5583 ii.
376 5529 399 5562 ¹³
413 5529 464 5583 iob
480 5545 564 5594 sirii,
582 5530 625 5584 it.
645 5530 665 5564 ¹⁰
682 5531 755 5585 Psoi.
772 5543 864 5591 catix,
882 5529 909 5584 b.
929 5528 951 5562 ¹⁷
961 5527 1013 5583 iob
1032 5542 1095 5593 sici,
1112 5524 1138 5582 6.
1160 5523 1315 5601 ¹⁸iollam,
1330 5523 1411 5583 33.19
1425 5524 1513 5583 Necti.
1527 5538 1587 5591 riu,

165 5638 173 5664 ‚
229 5637 236 5654 .
