3772 6120
122 307 188 363 llll
418 308 448 363 B.
470 306 606 363 RABANI
632 306 748 363 MAURI
766 305 934 363 Ancillae.
954 306 1116 363 nonunt.
1138 304 1286 363 ornauit
1304 304 1396 361 PARS
1415 304 1466 361 111.
1699 303 1768 363 tata

120 450 176 505 que
191 433 391 497 venerandum,
408 433 497 487 fracta
512 432 649 504 superbire
664 433 779 500 ceruice,
788 435 1006 498 convorseAhis
1025 439 1188 489 mereantur
1199 439 1249 488 aut
1267 432 1517 488 commutationem
1531 432 1658 489 mustis
1678 431 1767 499 incon»

120 528 195 577 sunt.
208 522 364 594 Oportebat
379 528 473 577 autem
488 523 625 577 uteadem
635 522 698 578 ritis
709 523 811 577 sicuta
826 524 920 579 Domi·
962 524 1101 595 ruptionis
1126 539 1175 595 pro
1204 521 1312 575 rneritis
1337 521 1459 592 pietatis,
1476 526 1527 577 aut
1550 520 1765 594 corruptibile!

121 627 158 666 no
186 610 342 666 identidem
368 611 531 682 pradictum
547 616 608 665 erat
622 616 780 682 putaretur,
797 617 872 668 etex
887 629 921 667 ea
960 613 1084 684 corporis
1106 609 1295 665 conditionem
1310 626 1360 681 pro
1382 609 1490 664 meritis
1506 609 1669 682 iniquitatis
1687 628 1694 664 :
1709 626 1763 667 noa

120 698 341 772 praeciderentur
349 699 682 761 infructuosasarmenta,
692 700 920 771 quihusheereses
961 717 1023 773 quae
1039 705 1129 755 morte
1144 700 1289 754 salvatur:
1317 699 1366 753 sed
1380 715 1442 770 quae
1457 698 1608 754 materiam
1622 697 1763 755 doloribus

122 793 150 843 et
164 788 317 844 schismata
330 805 380 860 per
395 790 455 843 ioca
469 788 920 851 saetasunt,subChristinomine
960 789 1139 861 sempiternis
1168 786 1300 861 praebeat.
1326 787 1403 858 Fuge
1423 805 1490 857 ergo
1517 804 1570 859 per
1589 787 1761 843 immobilem

121 893 178 933 non
189 876 279 949 ipsius
291 877 421 947 gloriam,
438 878 485 933 sed
498 895 578 932 suam
590 878 844 952 quarentium,per
853 896 921 951 quo·
960 880 1054 945 sidem,
1069 883 1098 933 et
1112 893 1205 933 mores
1221 875 1318 943 bonoS,
1333 876 1408 946 suge,
1424 877 1524 944 trater,
1545 877 1597 933 illa
1609 880 1757 947 termene,

121 982 186 1021 rum
195 966 349 1021 adversitas
363 967 454 1038 magis
475 968 620 1039 magisque
636 972 813 1023 exerceretur
827 967 919 1023 Eccle-
961 967 1065 1023 ubinec
1076 965 1480 1030 tortoresdesrciunt,nectorti
1486 965 1760 1038 moriunturquibas

122 1054 174 1122 sia,
191 1059 220 1109 et
238 1053 406 1126 probaretur
433 1063 517 1128 atque
541 1056 731 1112 illustraretur
749 1063 778 1110 ct
795 1056 922 1112 doctrina
962 1056 1023 1111 sine
1033 1057 1089 1111 fine
1105 1071 1180 1110 mors
1192 1059 1234 1110 eat
1243 1070 1301 1108 non
1313 1071 1393 1126 posse
1408 1055 1438 1109 in
1452 1053 1627 1109 cruciatibus
1639 1055 1759 1113 merilli

123 1144 185 1215 ejus
200 1149 229 1198 et
243 1145 390 1216 patientia.
407 1145 582 1216 Omniaergo
597 1146 664 1203 haee.
678 1145 750 1199 sicut
762 1150 840 1200 tanto
856 1152 921 1201 ante
962 1145 1110 1200 exardesce
1126 1160 1222 1199 amore
1236 1149 1321 1214 atquc
1345 1142 1484 1199 desiderio
1506 1142 1757 1215 sempiternarum

121 1232 254 1304 praedicta
262 1233 391 1304 legimus,
404 1234 444 1288 sic
454 1239 484 1288 et
493 1234 566 1289 tacta
579 1234 782 1304 cognoscimus,
790 1238 921 1305 etquem-
961 1240 1131 1301 sanctorum,
1148 1233 1197 1288 ubi
1209 1248 1260 1287 nec
1277 1248 1395 1303 operosa
1412 1233 1468 1286 crit
1478 1232 1562 1299 actio,
1580 1249 1635 1289 nec
1654 1233 1758 1305 requies

122 1321 276 1378 admodum
287 1323 371 1394 primi
389 1323 553 1389 Christiani,
569 1323 635 1393 quia
647 1323 772 1378 nondum
786 1323 841 1377 ista
854 1340 920 1394 pro·
962 1323 1120 1389 desidiosa;
1137 1323 1199 1378 laus
1215 1321 1270 1376 erit
1289 1320 1340 1376 Dei
1351 1321 1412 1376 sine
1424 1321 1548 1387 fastidio,
1564 1321 1631 1377 siue
1643 1321 1755 1391 daim,

122 1410 231 1465 venisse
243 1411 385 1478 ridebant,
408 1412 551 1466 miraculis
573 1410 759 1466 monebantur
778 1418 810 1465 ut
823 1412 920 1466 erede-
961 1413 1071 1468 nullum
1085 1413 1114 1466 in
1130 1412 1225 1466 animo
1240 1409 1364 1477 taedium,
1378 1410 1472 1465 nullus
1486 1409 1568 1465 labor
1582 1410 1615 1466 in
1628 1426 1754 1483 eorpore;

123 1505 188 1555 rent
203 1518 209 1554 :
223 1501 262 1555 sic
271 1517 322 1555 nos
333 1501 502 1573 quiaomnia
512 1501 567 1555 ista
576 1501 617 1555 ita
627 1500 765 1572 completa
775 1507 850 1567 sunt,
865 1502 921 1555 sic·
961 1501 1040 1556 nulla
1053 1500 1220 1572 indigentia,
1236 1516 1288 1555 nec
1303 1505 1353 1553 tua
1375 1499 1421 1553 cui
1445 1497 1597 1554 subvenire
1611 1498 1752 1569 desidera,

121 1594 155 1643 ut
168 1605 201 1643 ea
215 1589 245 1644 in
260 1588 338 1644 libris
354 1589 473 1659 legimus
487 1589 534 1660 qui
544 1590 626 1660 longe
636 1595 789 1660 antequam
798 1590 857 1643 inec
865 1589 920 1644 im·
960 1606 1012 1645 nec
1030 1589 1150 1662 proximi
1178 1588 1223 1644 eui
1249 1586 1396 1642 subuenire
1422 1586 1563 1654 lestines,
1595 1604 1693 1643 omnes
1710 1588 1752 1645 da·

125 1676 271 1748 piarentur
283 1678 433 1749 conscripti
459 1685 533 1743 sunt,
558 1678 605 1732 uhi
621 1679 715 1733 omnia
729 1678 825 1734 futura
840 1679 920 1733 dice·
961 1679 1029 1735 licia
1054 1680 1129 1734 Deus
1153 1678 1228 1733 erit:
1260 1682 1288 1732 et
1309 1675 1427 1731 societas
1453 1681 1558 1731 sanetae
1577 1676 1751 1745 civitatis,ia

122 1763 235 1831 bantur,
258 1772 287 1821 et
309 1767 459 1838 praesentia
471 1769 530 1837 J'am
546 1767 684 1835 ridentur,
700 1768 871 1823 aedificamur
885 1754 1017 1835 adssillo,
1031 1774 1059 1823 et
1074 1769 1109 1824 de
1127 1768 1175 1823 ilio
1191 1767 1334 1838 sapienter
1349 1765 1486 1837 beateque
1500 1765 1632 1821 viventis.
1654 1766 1750 1823 Efficie-

122 1853 218 1923 iidem,
230 1860 263 1909 ut
272 1855 356 1910 ctiam
371 1855 420 1911 ilia
436 1873 496 1927 qua
512 1862 620 1911 restant
633 1857 803 1911 sustinentes
814 1863 842 1911 ct
855 1874 920 1929 per·
961 1875 1025 1914 mur
1035 1857 1109 1911 enim
1121 1855 1234 1912 sieutab
1244 1855 1466 1926 illopromissum
1475 1871 1628 1926 speramus
1634 1862 1749 1929 etexspe

124 1947 285 1998 uenerantes
294 1945 323 1997 in
331 1945 460 2010 Domino,
476 1945 537 2000 sinc
553 1943 726 2000 dubitatione
734 1951 852 2001 rentum
859 1963 920 2001 crc-
961 1952 1079 2008 ctamus,
1096 1946 1217 2017 aequales
1239 1944 1346 2015 angelis
1367 1943 1418 1999 Dei
1445 1961 1451 1995 ε
1472 1947 1587 1999 etcum
1599 1944 1642 2000 eis
1658 1945 1748 2016 parite

121 2030 921 2103 damus.Siquidcmadhuctribulationesiuturmineisdem
962 2035 1010 2089 iila
1019 2035 1157 2090 Trinitate
1172 2033 1350 2106 perfruemur
1367 2033 1428 2102 jam
1442 2048 1493 2103 per
1513 2031 1651 2104 speciem,
1663 2032 1691 2088 in
1704 2050 1747 2106 qna

122 2118 234 2192 scriptis
246 2120 388 2192 leguntur,
405 2123 495 2194 etipsi
506 2123 620 2178 ultimus
625 2123 723 2194 judicii
730 2124 799 2190 dics,
811 2124 921 2179 uhiom·
961 2139 1036 2179 nuuc
1050 2140 1101 2194 per
1115 2123 1199 2178 fidem
1220 2120 1408 2176 ambulamus.
1424 2120 1576 2176 Credimus
1591 2121 1667 2177 enim
1688 2123 1745 2194 quod

122 2225 172 2266 nes
186 2209 258 2265 cives
268 2210 414 2267 ambarum
433 2211 548 2266 illarum
565 2211 710 2268 civitatum
729 2213 848 2285 receptis
862 2229 921 2268 cor·
961 2229 1017 2267 non
1028 2212 1164 2279 ridemus,
1173 2209 1395 2283 utipsismeritis
1405 2208 1565 2264 fideietiam
1580 2210 1674 2266 ridere
1685 2211 1743 2282 qaod

120 2298 236 2369 poribus
246 2301 400 2356 surrecturi
416 2307 491 2367 sunt,
507 2305 536 2356 et
550 2301 689 2356 rationem
703 2301 766 2357 ritae
786 2319 843 2358 suae
855 2306 922 2358 aute
962 2301 1102 2357 eredimus
1125 2306 1154 2356 et
1179 2300 1316 2355 inherere
1339 2313 1509 2363 irrereamur,
1526 2304 1559 2353 ut
1572 2299 1742 2370 equalium

122 2386 247 2443 tribuual
256 2389 359 2444 Christi
372 2390 476 2460 judicis
486 2389 822 2445 redditurillenieteuim
836 2392 921 2445 etiam
962 2390 1054 2445 Patris
1064 2388 1176 2453 etFilii,
1196 2392 1226 2442 et
1239 2386 1361 2459 Spiritus
1374 2385 1474 2452 sancti,
1493 2391 1523 2441 et
1540 2385 1632 2458 ipsius
1645 2387 1741 2443 Trinitas

15 2500 25 2512 -·
127 2475 156 2530 in
171 2477 460 2549 claritatepotestatis,
473 2478 521 2550 qui
531 2479 610 2550 prius
621 2478 648 2533 in
659 2478 921 2534 humilitatehuma·
962 2479 1154 2534 tisunitatem.
1168 2475 1314 2542 Quomodo
1324 2475 1382 2530 sint
1391 2475 1449 2529 hacc
1458 2475 1517 2529 tria
1525 2491 1602 2531 unus
1611 2476 1691 2543 Deus,
1700 2491 1739 2533 uon

22 2574 26 2583 '
90 2580 97 2589 ·
123 2565 221 2621 nitatis
236 2567 330 2623 venire
343 2567 476 2638 dignatus
490 2572 542 2633 est,
558 2572 587 2622 ct
596 2583 693 2623 ornnes
708 2568 768 2639 pios
782 2567 817 2623 ab
827 2568 921 2640 impiis
958 2569 1019 2640 jam
1034 2565 1126 2623 verbis
1145 2566 1210 2621 fidei
1230 2570 1259 2620 et
1282 2563 1471 2637 strepentibus
1497 2563 1615 2636 syllabis
1628 2580 1737 2637 persom

123 2653 297 2725 segregabit:
310 2671 367 2710 non
377 2660 487 2711 tantum
499 2657 539 2711 eis
554 2656 646 2727 quiin
661 2673 726 2711 eum
740 2658 921 2712 credercom-
961 2673 1025 2712 mus
1040 2676 1046 2711 ε
1061 2656 1110 2711 scd
1121 2653 1357 2726 contemplatione
1366 2653 1519 2726 purissima
1526 2660 1556 2708 et
1565 2653 1739 2711 ardentissime

120 2740 188 2797 nino
204 2744 365 2810 noluerunt,
381 2746 431 2799 sed
447 2745 532 2800 etiarn
547 2746 649 2818 eisqui
664 2746 769 2801 frustra
785 2746 922 2801 ctinsru-
960 2746 990 2801 in
1010 2746 1059 2801 illo
1072 2745 1186 2801 silentio
1200 2743 1374 2799 sorbeamus.
1395 2743 1460 2798 Iiaec
1482 2746 1549 2799 tene
1568 2742 1739 2800 numeras

123 2836 219 2885 ctuose
228 2831 409 2888 crediderunt
423 2833 452 2888 in
462 2850 545 2899 eum;
562 2835 619 2889 illis
628 2835 920 2906 daturusragnumse·
960 2840 1019 2901 tuo,
1036 2842 1064 2890 et
1085 2834 1184 2889 invoca
1196 2833 1348 2888 Dominum
1362 2832 1407 2887 cui
1421 2830 1522 2898 credis,
1549 2837 1583 2886 ut
1597 2836 1700 2889 uisatur
1713 2836 1739 2885 te

125 2935 188 2974 cum
196 2921 411 2976 aeternum:illis
421 2928 634 2994 autcmpoenam
644 2929 850 2980 aetemamcum
862 2924 920 2979 dia
959 2924 1092 2979 adversus
1106 2921 1277 2977 tentationes
1286 2920 1408 2989 diaboli,
1425 2925 1454 2975 et
1464 2928 1524 2976 esto
1532 2925 1641 2988 cautus,
1655 2917 1738 2976 netibi

127 3006 261 3075 bolo;sed
271 3009 463 3066 sicutnuiium
476 3012 920 3085 gaudiumrerumtemporaiium
960 3008 1739 3081 aliundehostisillesubmpatquiadsolatiummaleolen·

123 3112 157 3151 ex
171 3096 265 3168 aliqua
279 3104 359 3169 parte
381 3100 474 3153 simile
495 3107 588 3171 potest
602 3101 720 3156 inveniri
734 3101 838 3173 gaudio
858 3101 919 3156 ritae
928 3070 1100 3155 Ctissimum
1112 3098 1438 3154 damnationissuaeeum
1447 3096 1550 3170 quibus
1559 3096 1739 3153 damnaturis·

120 3190 231 3241 atemae
243 3202 328 3258 quarn
346 3189 434 3244 sancti
450 3189 590 3260 accepturi
605 3194 681 3255 sunt,
696 3190 737 3244 ita
750 3189 844 3245 nullus
854 3206 918 3245 eru·
960 3189 1055 3260 quirit.
1084 3189 1147 3243 Non
1161 3187 1238 3243 enim
1266 3203 1316 3258 per
1339 3203 1386 3241 eos
1400 3185 1475 3240 solos
1497 3186 1545 3258 qui
1566 3186 1739 3244 cunamen

121 3274 212 3329 ciatus
240 3276 439 3347 temporalium
466 3294 612 3349 poenurum
634 3284 727 3349 potest
741 3279 918 3350 sempiternis
959 3294 1062 3332 nomen
1087 3277 1216 3343 oderunt,
1233 3281 1262 3331 et
1283 3275 1380 3330 dolent
1402 3291 1435 3329 co
1460 3275 1575 3330 nominc
1592 3279 1738 3347 occupem

121 3362 282 3435 iniquorum
296 3363 466 3420 cruciatibus
477 3367 644 3438 comparari.
958 3383 1020 3421 esse
1034 3365 1130 3420 orbem
1150 3369 1300 3429 terrarum,
1322 3369 1350 3418 et
1368 3364 1460 3420 adhuc
1484 3363 1642 3419 simulacris
1659 3362 1739 3419 atda-

155 3453 263 3524 llaque,
280 3453 377 3519 mater,
393 3456 530 3510 confirma
548 3456 669 3527 teipsum
689 3456 717 3509 in
728 3456 789 3526 ejus
804 3457 917 3511 nominc
960 3456 1118 3509 munierum
1132 3453 1341 3509 curiositatibus
1362 3452 1467 3507 servire
1487 3451 1655 3520 desiderant,
1669 3450 1740 3506 audet

120 3544 204 3612 atquc
215 3541 356 3613 adjutorio
371 3543 415 3599 cui
431 3544 531 3610 credis,
547 3545 680 3599 adversus
694 3545 805 3615 linguas
819 3562 917 3600 eorum
958 3544 1005 3599 ille
1019 3548 1128 3598 tentare
1150 3542 1344 3605 Christianum
1374 3541 1423 3598 sed
1448 3541 1533 3597 eham
1557 3558 1608 3613 per
1625 3552 1739 3611 eosquos

119 3629 167 3700 qui
183 3630 266 3684 fidem
285 3638 410 3686 nostram
424 3632 553 3698 irrident,
570 3633 604 3688 de
620 3632 721 3705 quibus
734 3633 863 3689 diabolus
876 3650 918 3689 se·
959 3633 1042 3705 pardo
1054 3639 1120 3688 arcte
1130 3631 1424 3698 connumeravimus,
1440 3630 1475 3685 dc
1493 3631 1603 3687 unitate
1617 3628 1736 3693 Emissis,

119 3717 247 3774 ductoria
273 3719 357 3775 verba
379 3721 512 3793 loquitur,
529 3721 649 3778 maxime
678 3722 773 3778 volens
800 3722 917 3780 irridere
957 3723 1139 3793 velutputata
1149 3721 1214 3784 rite,
1224 3721 1368 3791 praecisos,
1378 3719 1426 3791 qui
1434 3719 1559 3774 haeretici
1573 3718 1740 3775 velseutsna·

119 3806 204 3861 fidem
218 3809 442 3864 resurrectionis.
460 3810 514 3866 Sed
528 3828 561 3865 ex
575 3816 603 3866 te
617 3811 678 3882 ipso
692 3811 775 3865 crede
789 3811 917 3867 futurum
957 3811 1005 3866 tici
1021 3810 1161 3875 dicuntur,
1179 3813 1297 3865 conatur
1317 3808 1404 3863 etiam
1423 3808 1453 3862 id
1475 3808 1590 3879 quidem
1602 3807 1737 3863 interdum·

119 3899 148 3951 te
158 3912 219 3951 esse
234 3914 299 3952 cum
323 3898 435 3963 suturis,
457 3899 568 3969 quando
585 3916 648 3955 curn
667 3905 733 3955 ante
747 3917 804 3955 non
819 3900 914 3967 fueris,
958 3900 1013 3956 Sed
1026 3904 1120 3954 tamen
1126 3898 1155 3953 id
1162 3898 1247 3954 etiam
1258 3897 1410 3969 aliquando
1421 3902 1540 3952 conatur
1547 3903 1576 3952 ct
1588 3895 1739 3970 perludeos

119 3999 195 4041 nunc
209 4002 269 4041 csse
283 3992 311 4040 tc
326 3986 413 4040 vides.
431 3987 482 4041 Ubi
495 3988 569 4042 cuim
584 3995 646 4043 erat
658 3989 712 4044 ista
726 3990 916 4062 molescorpo-
956 3993 1066 4044 tentare
1080 3994 1165 4060 atque
1178 3986 1320 4042 seducere.
1337 3986 1392 4041 Sed
1405 3985 1527 4041 maxime
1537 3985 1686 4041 carendum
1693 3986 1738 4049 en,

119 4073 159 4129 ris
168 4074 219 4140 tui,
234 4080 262 4128 et
271 4074 327 4129 ista
336 4072 426 4129 forma
439 4077 687 4149 membrorumque
701 4095 837 4150 compago
850 4085 916 4134 ante
956 4093 991 4131 ne
1002 4092 1054 4148 per
1066 4075 1195 4131 homines
1210 4075 1257 4146 qui
1273 4080 1341 4128 sunt
1355 4073 1385 4129 in
1398 4073 1460 4145 ipsa
1474 4073 1611 4129 catholica
1621 4071 1737 4131 antea,

119 4163 593 4234 paucosannospriusquamnatus,
605 4166 741 4220 ueletiam
752 4167 916 4238 priusquam
956 4181 1027 4237 quos
1040 4165 1116 4219 velut
1136 4165 1247 4235 paleam
1265 4178 1355 4233 usque
1376 4163 1412 4215 ud
1430 4167 1544 4232 tempus
1566 4157 1740 4217 ventilationi

119 4251 149 4308 in
154 4251 253 4306 matris
261 4256 341 4306 utero
352 4258 502 4324 conceptus
514 4254 607 4309 esses?
619 4253 670 4309 Ubi
677 4261 738 4309 erat
745 4256 802 4311 haec
816 4256 912 4323 moles,
956 4270 1013 4310 sure
1037 4253 1167 4319 sustinet,
1194 4250 1386 4323 unusquisque
1404 4254 1533 4306 tentetur
1546 4255 1576 4305 et
1588 4250 1738 4322 decipiam.

118 4340 531 4413 ethaecstaturaeorporistuii
546 4344 645 4399 Nonne
660 4344 695 4397 de
702 4345 817 4399 occultis
831 4345 916 4415 hujus
959 4343 1111 4414 Propterea
1126 4341 1200 4396 enirn
1213 4341 1289 4396 Deus
1302 4340 1412 4412 patiens
1426 4338 1506 4394 estin
1520 4338 1594 4408 illos,
1608 4344 1642 4395 ut
1653 4344 1742 4394 etsuo-

119 4437 255 4487 creatura
263 4430 378 4485 seeretis
393 4431 512 4486 Domino
524 4432 583 4487 Deo
593 4431 770 4487 invisibiliter
778 4401 946 4489 sorrnanteD
957 4447 1020 4486 rum
1028 4431 1180 4485 electorum
1195 4429 1280 4484 sidem
1294 4433 1379 4500 atque
1387 4427 1569 4499 prudentiam
1579 4445 1631 4501 per
1641 4427 1740 4483 illomm

118 4519 397 4590 processitinlucem,
411 4520 551 4592 certisque
565 4526 681 4575 aetatum
691 4520 872 4576 incrementis
885 4522 916 4576 in
957 4519 1168 4592 perversitatem
1178 4519 1331 4573 exercendo
1347 4517 1503 4574 confirmet.
1521 4518 1558 4573 Et
1571 4517 1637 4590 quia
1650 4516 1680 4571 de
1690 4527 1738 4570 au-

119 4607 203 4663 istam
214 4608 438 4678 magnitudinem
453 4608 772 4679 formamquesurrexit?
781 4610 916 4683 Nunquid
956 4625 1034 4663 mero
1043 4624 1141 4663 eorum
1156 4607 1238 4663 multi
1253 4607 1413 4681 proliciunt,
1426 4607 1500 4661 etad
1511 4607 1676 4679 placendum
1686 4603 1736 4658 Deo

118 4713 185 4768 ergo
200 4697 313 4754 difficile
327 4697 446 4766 estDeo,
463 4698 511 4769 qui
522 4697 608 4752 etiarn
618 4714 736 4770 aggeres
750 4698 868 4755 nubium
883 4717 916 4754 ex
956 4697 1081 4753 miserati
1094 4697 1204 4753 animas
1219 4713 1285 4752 suas
1294 4712 1396 4769 magno
1416 4696 1527 4769 impetu
1539 4697 1732 4751 convertuntur·

119 4786 227 4842 occulto
249 4786 279 4840 in
292 4794 435 4842 momento
459 4788 609 4853 contrahit,
627 4794 656 4841 ct
677 4789 801 4859 contegit
814 4789 915 4844 coelum
956 4788 1020 4843 Non
1035 4786 1109 4841 enim
1124 4803 1221 4841 omnes
1235 4785 1288 4840 sibi
1298 4802 1348 4858 per
1358 4784 1529 4856 patientiam
1548 4785 1601 4840 Dei
1614 4775 1731 4840 thesauri·

117 4876 148 4932 in
157 4876 215 4931 ictu
229 4876 372 4949 temporie,
389 4876 506 4931 reddere
516 4876 600 4931 istam
616 4877 802 4947 quantitatem
817 4894 915 4951 corpo·
956 4880 1021 4931 zant
1029 4876 1102 4931 iram
1115 4875 1145 4930 in
1159 4875 1205 4930 die
1218 4875 1267 4930 irae
1276 4874 1346 4947 iusti
1367 4873 1467 4944 judicii
1491 4874 1563 4946 ejus.
1581 4874 1635 4929 Sed
1648 4867 1729 4927 mutue

118 4967 157 5021 ris
172 4965 214 5021 tui
228 4966 301 5021 sicut
311 4972 381 5031 crat,
399 4966 447 5037 qui
468 4982 531 5020 carn
552 4965 643 5020 iacere
666 4966 759 5037 potuit
772 4966 846 5021 sicut
860 4983 916 5022 non
956 4965 1056 5021 eadem
1070 4965 1271 5036 onmipotentis
1285 4963 1422 5036 patientia
1437 4962 1567 5034 perducit
1580 4963 1616 5019 ad
1630 4956 1726 5017 sdubtr

118 5056 196 5111 erati
211 5055 300 5111 Crede
312 5071 379 5126 ergo
393 5054 503 5109 sortiter
525 5059 553 5108 et
567 5054 731 5108 inconcusse
747 5055 813 5126 quia
822 5056 916 5110 omnia
957 5055 1060 5110 rimum
1074 5054 1248 5126 penitentie
1261 5053 1385 5107 dolorem
1403 5070 1408 5105 :
1427 5051 1502 5123 quod
1513 5052 1602 5107 donec
1615 5052 1725 5106 mcum

120 5145 317 5216 quaeridentur
331 5144 411 5215 quasi
418 5144 561 5216 pereundo
568 5144 699 5199 humanis
711 5144 799 5200 oculis
808 5144 916 5229 subtrp·
958 5150 1037 5199 eatur
1051 5161 1101 5216 per
1115 5160 1163 5199 eos
1182 5143 1294 5199 illorum
1317 5141 1365 5214 qui
1376 5142 1437 5213 jam
1450 5146 1557 5196 rectam
1572 5141 1641 5196 viatn
1655 5131 1723 5193 {iamt

119 5234 170 5300 hit,
183 5236 259 5288 salva
267 5240 296 5289 et
310 5235 420 5305 integra
434 5238 500 5288 sunt
512 5232 721 5304 omnipotentiae
732 5234 798 5293 Deis
820 5235 868 5305 qui
882 5251 917 5289 ea
956 5249 1013 5287 non
1022 5233 1113 5288 solum
1124 5232 1285 5298 tolerantia,
1293 5230 1435 5286 sedetiam
1447 5222 1722 5286 misericor-tinnulo

121 5337 186 5376 eum
199 5322 318 5376 uoluerit
331 5322 391 5376 sinc
413 5322 472 5378 ulla
485 5338 565 5378 mora
580 5327 609 5377 et
622 5321 786 5378 difficultate
805 5339 916 5394 repara·
957 5338 1023 5393 ergo
1033 5323 1144 5378 risurus
1158 5338 1188 5377 es
1198 5321 1331 5388 ebriosos,
1349 5336 1458 5386 avaros,
1474 5320 1658 5384 fraudatores,
1668 5311 1720 5367 ³¹0⁸·

121 5408 170 5471 bit,
187 5427 221 5462 ea
247 5410 384 5465 duntaxat
404 5428 465 5481 qum
482 5411 598 5483 justitiae
615 5413 662 5481 jus
683 5411 841 5482 reparanda
856 5427 916 5465 esse
957 5418 1041 5478 tores,
1073 5412 1225 5476 adulteros,
1253 5409 1446 5475 fornicatores,
1474 5409 1598 5465 remedia
1618 5400 1721 5466 sacriltt²

118 5497 236 5570 judicat,
252 5506 284 5551 ut
295 5499 324 5553 in
336 5500 379 5553 his
393 5500 556 5572 corporibus
571 5500 916 5556 reddanthominesfacto
957 5500 1010 5555 sibi
1019 5501 1176 5573 alligantes.
1188 5499 1436 5570 praecantatoribus
1451 5505 1481 5555 et
1493 5479 1720 5557 mathematicilul

122 5603 187 5647 rum
202 5601 317 5643 suorum
326 5589 475 5658 radonem,
491 5590 521 5645 in
533 5589 634 5663 quibus
645 5605 680 5647 ea
692 5589 830 5657 iecerunt,
846 5595 874 5645 et
886 5590 917 5646 in
958 5580 1718 5665 queuntibenmpnrumcamusnanritmdedlei
