3772 6120
120 298 169 369 bil
413 293 445 349 Β.
466 292 603 350 nauem
621 293 737 350 unum
758 291 928 349 neumae.
948 286 1112 348 nouella
1133 291 1282 349 OPERUM
1300 292 1394 349 PARS
1412 292 1463 349 111.
1614 299 1625 312 “
1708 296 1763 352 512

118 422 207 480 sibilis
221 421 368 489 Deus,sed
382 418 419 473 ad
441 417 630 474 ostensionem
654 418 866 490 magnitudinis,
893 417 1119 489 siAScripturae.
1136 417 1185 473 Est
1194 415 1308 489 quidem
1332 417 1444 489 quando
1466 422 1497 471 et
1509 417 1539 471 in
1562 422 1689 490 tempore
1707 419 1766 475 uti-

117 511 263 567 tamenin
283 510 338 564 isto
362 508 442 579 quasi
463 507 493 561 in
507 506 630 579 imagine
644 507 813 562 invisibilem
840 507 917 561 illam
957 506 1135 561 turnominis
1148 505 1233 575 hujus
1248 507 1442 573 translatione,
1458 522 1530 577 saepe
1549 512 1685 563 autemst
1710 509 1765 563 bo·

39 662 44 673 .
118 606 250 656 naturam
276 598 413 662 ridemus,
444 613 477 650 co
502 597 576 668 quod
605 597 753 668 copulatus
784 602 828 650 est
860 597 918 650 Dea
959 595 1036 650 neris
1046 612 1139 650 causa.
1152 595 1263 650 Etenim
1271 595 1369 650 beatus
1384 596 1472 651 David
1498 611 1559 666 quae
1573 596 1609 650 ad
1635 613 1667 650 se
1689 596 1766 656 facta

117 688 202 744 verbo
215 693 245 742 et
259 686 400 758 judicabit
422 701 536 740 omnem
551 683 648 740 orbern
666 690 818 750 terrarum,
835 700 920 757 appa·
959 683 1072 739 suerent
1085 700 1310 738 commemorans
1323 684 1352 739 in
1373 683 1475 755 quibus
1495 684 1626 755 promisit
1640 685 1705 739 illos
1715 685 1765 756 qui

117 792 183 833 rens
197 777 257 848 ipse
277 774 432 831 secundum
452 791 543 840 suam,
562 779 595 829 ut
608 773 650 828 tas
666 779 718 840 est,
735 779 866 828 naturam
890 773 920 828 in
960 774 1136 828 successione
1152 775 1299 843 ejussunt,
1315 773 1352 826 ad
1371 772 1593 828 familiaritatem
1616 790 1698 827 suam
1722 790 1765 828 re·

119 866 215 922 futuro
226 865 326 920 saeculo
350 880 414 918 cum
428 879 533 934 magna
544 862 644 934 gloria,
661 862 776 917 veniens
795 862 831 918 de
849 861 920 916 coelo
960 861 1063 933 cipere,
1075 862 1156 932 quasi
1174 862 1235 932 ipso
1261 861 1320 917 Deo
1339 861 1450 916 dicente
1475 861 1515 916 ita
1538 862 1579 916 ait
1594 863 1671 932 :lpse
1685 866 1764 917 inue-

119 955 150 1010 in
170 954 281 1025 magnis
302 952 431 1008 ordinem
447 951 528 1006 nobis
548 952 661 1018 retinet,
685 951 837 1018 evidenter,
853 968 920 1023 quo·
961 953 1032 1005 canit
1045 966 1096 1016 me,
1113 953 1194 1005 Pater
1203 967 1314 1005 rraeuses
1331 955 1371 1016 tu,
1388 956 1412 1004 et
1427 953 1700 1019 eqoprs'moqeaitum
1712 967 1763 1022 pa-

119 1043 197 1101 niam
216 1042 354 1098 omnesin
367 1059 432 1096 eum
448 1040 527 1113 qnasi
551 1040 580 1095 in
599 1039 752 1112 imaginem
768 1039 920 1112 quamdam
961 1054 1107 1094 acassam
1123 1040 1206 1101 [Psal.
1222 1042 1362 1109 cxxxviii).
1393 1039 1456 1094 Non
1489 1038 1541 1093 hoc
1565 1039 1678 1094 dicente
1692 1040 1761 1106 Dee,

118 1132 242 1187 divinam
255 1132 422 1203 conjicimus
436 1136 577 1196 naturam,
596 1129 626 1184 in
651 1145 707 1199 qua
725 1128 847 1184 refertur
862 1144 920 1183 ma-
961 1127 1764 1200 quoniamunumquemqueeorumcaeteristempcreprio·

117 1221 236 1293 gnitudo
246 1220 370 1285 illorum,
388 1236 449 1290 quae
458 1218 620 1273 efficiuntur
629 1234 685 1273 non
698 1216 799 1272 visibili
810 1223 919 1272 naturae
959 1231 1019 1270 rem
1047 1213 1167 1270 faciam:
1187 1215 1385 1287 sedquoniam
1418 1216 1571 1290 plurimum
1596 1215 1654 1271 illis
1675 1217 1765 1273 feram

117 1310 206 1383 judici
221 1309 419 1365 auctoritatem
433 1312 606 1379 reputantes.
620 1306 779 1361 Demiratus
789 1323 853 1361 snm
867 1322 919 1361 au·
959 1303 1104 1360 auxilium.
1115 1306 1268 1375 Apostolus
1281 1322 1346 1359 vero
1356 1306 1392 1359 ad
1402 1305 1534 1360 Hebraeos
1548 1307 1697 1361 manifeste
1712 1307 1766 1362 hoc

119 1404 179 1454 tem
191 1399 254 1455 illos
264 1399 312 1470 qui
327 1398 358 1451 in
372 1397 495 1452 divinam
507 1400 638 1450 naturam
653 1396 705 1450 troc
724 1400 917 1466 susceperunt,
960 1393 1035 1448 idem
1049 1393 1171 1448 ostendit
1181 1394 1223 1448 sic
1243 1393 1358 1449 dicens:
1374 1393 1428 1449 Sed
1455 1397 1603 1450 accessistis
1631 1397 1669 1449 ad
1695 1395 1765 1452 Sion

121 1489 170 1560 qui
184 1487 306 1560 primum
320 1486 435 1559 quidem
449 1501 506 1540 non
520 1485 662 1551 viderunt,
677 1485 809 1556 quoniam
818 1482 920 1538 etbea·
961 1486 1091 1546 montem,
1106 1487 1130 1536 et
1144 1484 1182 1536 ad
1207 1485 1346 1538 civitatem
1369 1485 1664 1550 detrectaverant
1694 1487 1766 1541 cak-

120 1583 167 1632 tus
181 1577 292 1649 Moyses
305 1576 341 1631 de
354 1575 469 1630 homine
475 1573 551 1640 dicit,
573 1572 707 1645 quoniam
720 1577 753 1627 ia
767 1576 920 1642 imaqincm
961 1577 1037 1637 stem,
1055 1576 1080 1625 et
1096 1575 1248 1626 resultarem
1258 1575 1386 1626 arellium
1400 1576 1563 1639 nuperorum
1574 1574 1765 1642 frequentiam

121 1665 170 1721 aa·
183 1666 248 1733 fecit
268 1665 420 1735 scrattiae.
433 1667 473 1729 nl,
491 1668 520 1717 et
537 1662 636 1717 beatus
652 1663 756 1717 Paulus
772 1682 779 1717 z
795 1661 846 1716 Vir
860 1663 921 1733 qui·
961 1664 987 1714 st
998 1661 1145 1714 Ecclesiam
1169 1663 1383 1729 prirnitivorura
1411 1662 1619 1730 adscriptarma
1644 1665 1676 1714 in
1704 1665 1765 1716 cato

121 1751 187 1808 dem
205 1768 262 1808 non
284 1752 367 1808 debet
389 1753 482 1808 velare
497 1757 591 1822 caput,
608 1751 700 1822 imago
725 1757 753 1805 et
765 1750 856 1821 gloria
869 1735 1055 1821 DeiBfflen.
1071 1752 1128 1817 xri),
1145 1754 1178 1803 ut
1192 1749 1276 1814 dicat,
1294 1749 1406 1803 illorum
1430 1750 1477 1821 qui
1497 1749 1587 1805 multe
1600 1750 1709 1804 honore
1727 1750 1767 1804 di·

121 1847 233 1897 exstans
244 1842 270 1910 (l
285 1843 345 1898 Cor.
355 1845 404 1909 m),
418 1842 493 1913 quod
503 1839 692 1912 nunquamde
702 1840 862 1895 hominibus
876 1840 920 1894 di·
961 1837 1010 1907 gni
1028 1836 1117 1892 habiti
1131 1837 1277 1892 suntNon
1291 1838 1366 1892 enim
1382 1839 1442 1891 xult
1455 1837 1558 1904 dicere,
1581 1839 1694 1910 aliquos
1715 1855 1765 1892 an-

120 1930 312 1995 ctumiuisset,
322 1931 346 1984 si
355 1929 455 1985 divina
466 1928 921 2001 naturaepropriumerat.1leinde
962 1927 1080 1980 teriores
1094 1942 1155 1981 esse
1170 1926 1291 1980 aliorum
1301 1925 1475 1981 tiliorumEt
1488 1926 1555 1981 alibi
1571 1929 1680 1981 :Filius
1690 1944 1766 1981 rueres

120 2036 213 2091 neque
238 2019 308 2074 illud
325 2024 539 2091 prospexerunt,
558 2018 691 2090 quoniam
714 2017 805 2072 omnis
828 2017 921 2088 imago
959 2018 1164 2084 primoqeas'tus
1202 2016 1289 2069 Israel
1318 2016 1417 2087 (daed.
1443 2020 1491 2081 rr),
1516 2016 1569 2069 hoc
1604 2022 1648 2070 est
1677 2016 1764 2071 hono·

120 2107 189 2163 dum
199 2109 261 2180 ipsa
274 2108 394 2174 videtur,
406 2107 475 2161 illud
490 2107 615 2161 ostendit
630 2107 705 2177 quod
721 2122 776 2160 non
801 2105 919 2160 videtur.
962 2102 1057 2156 rabilis
1072 2103 1151 2156 mihi.
1163 2104 1236 2157 Nam
1251 2109 1332 2157 erant
1346 2109 1376 2157 et
1389 2104 1437 2158 alii
1448 2110 1514 2158 ante
1528 2105 1625 2171 lsrael,
1638 2105 1688 2176 qui
1697 2105 1766 2159 tilio·

120 2195 196 2252 Fieri
211 2213 278 2268 ergo
293 2202 385 2267 petest
396 2202 429 2251 ut
441 2195 506 2250 talis
520 2196 571 2249 liat
584 2195 687 2265 imago,
705 2210 766 2266 quae
776 2210 832 2249 non
846 2194 922 2248 ride·
961 2208 1024 2246 rum
1043 2192 1094 2247 Dei
1109 2192 1317 2264 nuncupatione
1323 2191 1401 2262 digni
1412 2192 1526 2250 fuerant
1535 2192 1635 2248 babiti.
1650 2194 1694 2248 De
1708 2194 1767 2266 qui·

64 2318 67 2326 ·
121 2290 179 2352 tur,
194 2301 259 2340 cum
268 2285 307 2339 sit
315 2285 428 2339 evidens
440 2284 573 2356 quoniam
589 2283 726 2353 imagines
740 2289 856 2354 propter
869 2283 921 2337 hoc
960 2280 1013 2335 bus
1023 2281 1133 2352 Moyses
1148 2281 1237 2335 dicit:
1261 2282 1382 2335 Videnles
1391 2284 1447 2349 filii
1463 2284 1511 2336 lici
1529 2285 1603 2350 filias
1617 2283 1765 2337 bominum

124 2373 186 2427 lieri
198 2379 338 2429 consuetae
353 2381 420 2429 sunt
433 2373 508 2445 apud
526 2373 589 2427 illos
608 2372 655 2444 qui
672 2377 723 2426 aut
744 2371 858 2427 honoris
871 2376 922 2426 aut
962 2371 1035 2439 quad
1045 2371 1268 2438 esserrtpalcbre,
1277 2372 1499 2438 acceperuatsibi
1512 2387 1544 2424 es
1559 2373 1766 2441 carnibusquas

124 2461 226 2518 affectu
238 2462 337 2532 gratie
351 2463 465 2517 casdem
478 2461 594 2528 iaciunt,
611 2460 651 2514 ita
669 2467 701 2516 ut
715 2459 871 2516 recordatio
885 2459 923 2515 sit
961 2458 1181 2528 eleqerantltiea.
1198 2458 1298 2526 v1),sic
1321 2464 1350 2512 et
1364 2459 1393 2512 in
1412 2458 1466 2513 hoc
1493 2460 1562 2526 loco,
1592 2459 1669 2530 quod
1693 2459 1766 2513 dixe-

122 2564 219 2605 eorum
233 2551 282 2621 qui
297 2566 353 2604 non
368 2550 499 2604 videntur
513 2549 627 2620 illisqui
640 2555 736 2603 tamen
751 2549 844 2604 videre
859 2566 925 2621 pos·
964 2553 1019 2614 rat,
1032 2549 1237 2616 prirnaqsnitus
1255 2550 1337 2601 tatius
1352 2553 1494 2614 creature,
1524 2548 1577 2602 hoc
1604 2554 1656 2614 est,
1682 2563 1768 2619 super

121 2644 199 2692 sunt.
215 2638 322 2693 Deinde
332 2639 661 2709 adjicittl’rimoqenitas
677 2641 767 2692 clanis
781 2643 922 2692 creatura.
965 2652 1077 2691 omnem
1101 2641 1260 2690 creaturam
1279 2635 1458 2690 honorabilis.
1487 2636 1631 2707 Siquidem
1650 2636 1767 2692 dixisset

124 2726 196 2781 Hinc
212 2727 333 2781 maxime
348 2727 463 2797 quidam
476 2726 556 2780 ualde
572 2725 754 2797 prudentium
773 2725 808 2780 de
830 2727 926 2781 dirine
965 2724 1514 2796 absoluteprimogenitus,honorabilem
1521 2725 1768 2780 tantummododr·

122 2821 225 2870 natura
239 2815 307 2869 dicit
321 2814 399 2882 illud,
412 2813 487 2887 quod
497 2815 576 2880 dixit,
590 2818 681 2883 imaqa
696 2817 745 2870 liei
759 2817 921 2884 invisibilis,
963 2812 1052 2868 cebet.
1063 2814 1136 2867 Nam
1149 2813 1216 2884 qnia
1230 2814 1334 2883 adiecit
1343 2816 1434 2868 orrrrris
1450 2820 1592 2881 creatura,
1606 2815 1689 2869 illum
1713 2814 1763 2869 de-

121 2909 312 2968 astruxerunt,
336 2903 416 2975 quasi
439 2903 507 2974 quia
530 2920 586 2957 non
604 2903 701 2974 possit,
718 2903 923 2975 primogenitus
963 2903 1084 2972 signarit
1098 2901 1147 2973 qui
1160 2900 1195 2955 ab
1211 2902 1289 2956 omni
1312 2903 1468 2958 honoratur
1481 2910 1621 2957 creatura.
1636 2904 1712 2959 Nam
1726 2904 1763 2968 is,

122 3009 190 3063 erga
205 2991 412 3046 humanitatem
427 2996 477 3045 aut
490 2990 588 3058 videri,
605 2996 655 3046 aut
670 2990 765 3062 recipi,
778 3009 841 3046 cum
855 3008 923 3048 con·
964 2992 1011 3062 qui
1030 2992 1183 3045 secundum
1211 3007 1325 3045 earnem
1350 2997 1392 3045 est
1414 2992 1543 3047 Christus
1568 2999 1597 3046 et
1620 2999 1760 3064 tempore,

120 3081 236 3137 veniens
254 3086 328 3136 esset
347 3097 395 3134 eos
418 3080 586 3152 perspicere,
607 3080 739 3150 quoniam
755 3097 811 3136 non
831 3057 1164 3153 potestGprimogenitus
1182 3079 1429 3135 diciturreraciter
1442 3081 1529 3135 totius
1543 3086 1689 3149 creaturae,
1704 3098 1767 3154 quse

120 3171 183 3238 hoc,
207 3171 250 3229 rel
271 3170 392 3224 maxime
417 3169 508 3240 aptari
527 3168 628 3223 divinae
644 3175 772 3236 naturae;
797 3170 819 3223 si
845 3169 922 3225 enim
961 3170 991 3223 in
1001 3170 1081 3224 illum
1092 3169 1165 3224 facta
1178 3175 1230 3235 est,
1245 3169 1280 3223 de
1295 3185 1351 3240 qua
1363 3167 1462 3224 beatus
1478 3170 1581 3225 Paulus
1596 3170 1650 3225 hoc
1659 3171 1689 3225 in
1705 3172 1767 3227 loco

119 3259 194 3315 sieut
205 3265 336 3334 creatura
350 3257 636 3330 primogenitusesset
646 3258 737 3329 primo
750 3265 861 3313 creatus
875 3259 922 3313 de·
962 3259 1073 3312 ridetur
1088 3257 1202 3312 dixisse.
1220 3258 1300 3313 Unde
1313 3263 1343 3312 et
1356 3257 1425 3312 illud
1441 3258 1515 3331 quod
1530 3258 1599 3313 dixit
1626 3260 1767 3332 primoge-

120 3345 222 3403 buerat
234 3348 332 3419 utique
351 3347 405 3401 dici
424 3365 429 3400 :
446 3347 471 3401 si
479 3354 574 3401 autem
588 3347 717 3418 genitum
726 3347 815 3414 aiunt,
833 3347 922 3403 multa
961 3347 1038 3402 nitus
1053 3347 1140 3401 totius
1155 3352 1302 3415 creaturae,
1317 3348 1507 3418 interpretans
1522 3347 1599 3402 addit
1615 3368 1621 3402 :
1639 3351 1712 3417 Quia
1734 3353 1767 3405 in

120 3435 188 3492 dicti
206 3436 294 3509 ipsius
314 3437 462 3491 diversitas
485 3452 547 3490 esse
566 3435 717 3503 videbitur,
733 3437 757 3491 si
781 3441 878 3491 tamen
897 3436 922 3490 is
962 3439 1019 3506 ipso
1030 3438 1141 3490 condita
1157 3438 1298 3490 urriccrsa.
1314 3436 1378 3490 Non
1399 3436 1469 3490 dixit
1488 3437 1652 3508 peripsum,
1669 3438 1720 3493 sed
1735 3443 1767 3493 in

121 3525 170 3598 qui
184 3540 241 3580 non
251 3530 295 3580 est
309 3532 420 3580 creatus
436 3531 630 3580 creaturarum
643 3525 846 3596 primogenitus
860 3542 921 3581 esse
962 3527 1028 3594 ipso.
1043 3525 1101 3579 Nec
1121 3524 1197 3579 enim
1211 3525 1246 3579 de
1269 3525 1361 3595 prima
1376 3525 1443 3579 dicit
1461 3531 1601 3591 eremum,
1617 3527 1669 3581 sed
1688 3526 1767 3582 illam

119 3613 239 3668 dicatur.
252 3614 324 3668 Nam
333 3613 922 3685 primogenitusquidiciturillorumutique
962 3620 1098 3669 creaturae
1114 3598 1330 3684 septemtionalrr,
1344 3630 1405 3684 quas
1417 3614 1446 3667 in
1462 3631 1494 3668 eo
1508 3614 1582 3669 facta
1595 3622 1649 3681 est,
1665 3631 1766 3672 secun·

119 3702 174 3758 dici
193 3703 298 3774 poterit
316 3703 521 3775 primogenitus
542 3703 590 3774 qui
605 3702 820 3758 similitudinem
843 3702 922 3758 illam
962 3702 1029 3757 dum
1053 3718 1139 3773 quam
1153 3702 1249 3756 omnia
1263 3700 1370 3756 dudum
1386 3701 1523 3758 dissoluta
1546 3703 1575 3757 in
1594 3719 1685 3759 unum
1699 3712 1767 3761 sunt

120 3807 182 3865 quae
197 3791 312 3847 adeum
326 3791 543 3847 estnecessario
557 3791 922 3858 servarevidentur,ethoc
962 3807 1100 3845 consensu
1115 3790 1259 3862 perducta,
1272 3789 1353 3845 sicuti
1370 3796 1398 3845 et
1413 3790 1479 3845 alibi
1509 3791 1586 3846 dicit.
1612 3791 1766 3866 Recepitu·

121 3880 246 3936 ostendit
264 3880 415 3952 Apostolus
437 3881 581 3935 evidenter
590 3880 686 3935 dicens
703 3880 739 3934 ad
754 3880 896 3936 Romanos
911 3898 918 3934 ε
962 3879 1016 3933 lari
1029 3878 1123 3933 omnia
1138 3879 1167 3933 in
1179 3878 1300 3933 Christo.
1320 3880 1384 3947 Qua
1401 3883 1430 3933 in
1443 3883 1515 3935 calis
1528 3885 1595 3934 sunt
1609 3885 1635 3934 et
1649 3899 1710 3951 qaae
1723 3899 1768 3937 sa·

120 3970 257 4040 Quoniam
272 3985 339 4038 quos
351 3971 488 4037 prescivit
508 3974 532 4023 el
546 3970 748 4038 preordinavit
770 3971 921 4038 conformes
958 3984 1009 4038 per
1025 3973 1139 4022 terram.
1156 3966 1276 4038 Propter
1289 3968 1546 4025 hominumetenim
1555 3969 1695 4025 malitiam
1709 3988 1768 4026 om·

119 4059 183 4124 tisri
191 4059 325 4126 imaqr'rris
333 4058 402 4111 Filii
408 4058 921 4125 saintetipseprimoqenitusinmul-
962 4057 1005 4111 nis
1028 4062 1060 4111 ut
1086 4050 1127 4110 ita
1145 4056 1263 4111 dixerim
1291 4063 1421 4111 creatura
1445 4057 1583 4129 disrumpi
1606 4058 1764 4115 ridebatur.

7 4182 12 4191 «
120 4144 475 4214 lissratritustllom.r11r),
488 4143 633 4198 evidenter
647 4143 764 4198 fratrem
780 4160 846 4199 eum
861 4144 920 4216 pri-
961 4143 1221 4200 Avertebarrtenim
1235 4145 1356 4199 senobis
1371 4147 1604 4217 angelietcmnes
1613 4147 1767 4204 invisibiles

119 4232 296 4303 mogenitum
319 4247 380 4288 esse
401 4231 623 4298 dicenseorum,
644 4231 740 4303 etqui
764 4233 920 4287 conformes
960 4233 1087 4299 virtutes,
1105 4233 1432 4305 propterindcrotionem
1447 4243 1584 4303 nostram,
1599 4253 1767 4309 quamerga

119 4320 161 4376 illi
175 4325 243 4376 sunt
257 4327 372 4394 prepter
391 4320 605 4377 similitudinem
626 4320 713 4388 illam,
731 4337 816 4392 quam
831 4338 849 4376 a
862 4322 920 4377 Deo
962 4321 1051 4376 Deum
1059 4313 1403 4394 exercebamus.⁸1nsuper
1413 4323 1498 4378 etiam
1508 4332 1537 4378 et
1551 4325 1663 4397 nosipsi
1673 4335 1766 4382 morte

119 4407 234 4478 habent,
243 4409 323 4480 justa
334 4410 445 4466 ratione
458 4425 524 4464 eum
538 4408 591 4463 sibi
608 4373 1104 4480 adscribuncpnmoge-⁰solvimur,
1119 4426 1152 4464 ex
1168 4427 1224 4480 qua
1233 4411 1515 4467 accedebatanimam
1530 4430 1664 4484 separare
1679 4431 1765 4469 acor·

120 4499 222 4567 nitum,
232 4504 331 4570 utpote
345 4498 602 4571 supereminentem
616 4497 771 4552 secundum
787 4497 860 4554 lianc
873 4515 921 4553 ra·
961 4515 1037 4569 pore,
1050 4498 1154 4553 etenim
1170 4504 1199 4554 et
1213 4500 1304 4554 omnis
1316 4501 1451 4554 connexio
1465 4509 1601 4557 creaturae
1616 4503 1683 4558 hinc
1711 4503 1765 4558 sal·

119 4587 245 4643 tionem:
262 4588 367 4643 etenim
381 4589 439 4645 illic
458 4604 515 4643 non
533 4587 602 4641 dixit
615 4589 767 4656 confersam
781 4586 854 4654 Filii,
870 4588 919 4642 sed
961 4587 1076 4641 rebatur
1091 4607 1097 4640 :
1115 4589 1196 4641 lictus
1224 4594 1268 4642 cst
1295 4589 1371 4642 enim
1395 4589 1479 4644 homo
1494 4591 1660 4663 aprincipio
1683 4594 1766 4664 quasi

119 4679 254 4744 insaqinis
272 4678 349 4732 Filii.
364 4677 520 4749 Imaginem
543 4676 606 4732 Filii
629 4676 768 4730 visibilem
787 4682 919 4731 naturam
959 4675 1073 4746 aliquod
1092 4674 1196 4730 animal
1225 4677 1391 4747 cognatione
1414 4678 1544 4733 omnibus
1568 4681 1713 4750 junctum,
1730 4695 1764 4734 eo

119 4763 263 4819 evidenter
285 4763 390 4831 dicens,
412 4766 462 4820 sed
490 4766 667 4835 interrogant
681 4765 919 4836 quemadmodum
960 4763 1144 4836 quodcorpus
1160 4764 1273 4835 quidem
1288 4768 1460 4836 generaliter
1472 4785 1504 4822 ex
1526 4768 1658 4823 omnibus
1673 4769 1765 4824 consi-

118 4842 265 4925 susceptus
287 4852 372 4907 homo
395 4852 600 4925 primogenitus
624 4859 716 4924 potest
730 4853 819 4908 rideri
832 4854 919 4909 totius
959 4852 1060 4919 stcbat,
1076 4852 1105 4907 id
1119 4858 1171 4918 cst,
1185 4870 1218 4908 ex
1246 4862 1367 4926 quatuor
1394 4856 1540 4911 elementis
1557 4877 1563 4911 2
1580 4857 1677 4911 anima
1697 4854 1764 4914 rem

119 4946 265 5008 creaturae,
280 4957 331 4995 cur
344 4957 400 4995 non
415 4941 453 4995 sit
465 4924 532 4997 ante
547 4959 659 4997 omnem
674 4948 844 5008 creaturam,
870 4942 919 4997 sed
960 4941 995 4995 ad
1009 4940 1162 4997 invisibiles
1176 4941 1306 4998 vitrtutes
1321 4944 1562 5016 propinquitatem
1569 4945 1675 5000 habere
1683 4946 1765 5002 ride·

119 5035 153 5085 ut
163 5034 247 5096 esset,
263 5028 293 5085 in
307 5028 466 5084 novissimis
481 5031 589 5102 accepit
601 5030 784 5102 temporibus.
800 5030 865 5085 Non
873 5030 919 5085 in·
960 5029 1052 5096 batur,
1068 5017 1199 5085 unavero
1218 5031 1345 5104 quaedam
1361 5032 1556 5088 universorum
1570 5033 1715 5105 copulatio
1730 5053 1765 5091 ex

119 5117 279 5190 telligentes
294 5116 427 5189 quoniam
441 5117 646 5189 primogenitus
660 5135 717 5174 non
733 5125 860 5191 ternpore
874 5119 919 5173 di·
959 5119 1024 5173 hinc
1034 5119 1095 5174 lieri
1104 5118 1250 5174 videbatur
1266 5120 1396 5175 omnibus
1409 5121 1439 5176 in
1454 5122 1576 5194 idipsum
1590 5139 1766 5181 concurren-

118 5205 193 5262 citur
205 5207 306 5274 solum,
318 5205 368 5261 sed
383 5212 412 5260 et
425 5222 482 5278 prm
497 5206 682 5263 honoratione
696 5208 868 5280 frequenter,
885 5224 919 5264 eo
959 5207 1043 5275 tibus,
1061 5208 1140 5263 itaut
1149 5216 1177 5263 et
1186 5226 1386 5265 unoconsensu
1401 5211 1459 5267 Deo
1471 5212 1622 5267 redderent
1636 5211 1766 5270 debitam

120 5293 195 5367 quod
214 5293 420 5366 primogenitus
439 5294 543 5350 dicitur
566 5296 702 5350 veraciter
728 5297 841 5352 illerum
870 5297 918 5369 qui
959 5298 1099 5352 culturam
1109 5313 1174 5352 curn
1186 5305 1269 5353 cauta
1280 5299 1476 5368 sollicitudine,
1485 5317 1583 5356 omnes
1598 5301 1685 5356 etiarn
1699 5303 1766 5358 illas

120 5387 184 5454 post
196 5381 278 5438 illum
290 5383 380 5454 geniti
399 5383 514 5451 tuerint,
526 5383 574 5439 ille
585 5390 682 5440 tamen
697 5387 745 5457 qui
763 5386 841 5458 prior
863 5385 921 5441 sue·
962 5387 1098 5458 quaeillns
1127 5386 1234 5457 legibus
1261 5395 1450 5443 consentanea
1466 5395 1548 5444 erant
1564 5389 1766 5463 obtemperare

119 5470 158 5524 rit
175 5476 259 5526 natus
272 5471 347 5526 hunc
361 5472 491 5545 sequitur
513 5473 714 5529 necessariout
728 5481 758 5529 et
772 5475 920 5547 praehono-
962 5476 1159 5547 properabant,
1175 5477 1241 5548 quia
1264 5483 1380 5548 propter
1407 5485 1552 5550 peccatum
1579 5479 1646 5534 iacti
1661 5496 1766 5537 sumus

40 5586 43 5592 ·
120 5563 209 5626 retur,
224 5558 314 5632 ,sicuti
342 5566 371 5613 et
391 5565 500 5616 natura
527 5562 599 5617 ratio
623 5567 653 5616 et
674 5562 720 5616 lex
739 5563 840 5619 diuina
864 5565 922 5635 egit
963 5565 1107 5634 mortales,
1121 5565 1216 5620 anima
1229 5565 1471 5637 etiamacorpcre
1489 5567 1683 5639 separabatur.
1699 5571 1765 5626 Sol·
