3772 6120
121 304 173 363 see
351 300 792 363 susnmrreuuumnrr.
815 301 921 359 rium
942 304 1001 361 ure
1032 302 1541 367 sv.-m·ur1sr.sn‹m1.sr.
1709 306 1761 367 ero
1857 286 1865 301 '

120 437 179 483 tete
193 430 271 495 ridet,
287 431 337 483 sed
348 430 483 487 resurretio
497 432 708 487 conuersuriouo
719 432 830 487 mortuti
839 433 956 502 :ejus-A
1271 430 1388 489 CAPUT
1408 433 1454 487 IV.

121 520 315 588 queerdinem
330 520 360 573 in
376 520 461 591 hujus
473 521 534 573 vitre
550 519 649 575 itinere
665 522 835 575 servendum
850 536 920 585 esse,
965 523 1087 577 Ortrrrriit
1102 524 1243 588 ,ipericius
1258 525 1433 577 cesset-ionem
1448 526 1635 593 tepetiumper
1644 526 1760 583 decessit

120 616 147 661 et
161 609 284 678 apostoli
298 609 473 679 p1·ae(·jpiunt.¹
491 609 539 679 qui
554 609 640 664 ssiam
656 611 768 679 l'i'ssilifflt'
775 608 923 666 salubflpfl.
982 596 1055 647 utilit
1060 595 1164 654 ticit'ttes,
1180 594 1339 660 i'ttitt'purt‘ia
1350 593 1515 649 Guirtidi'tmt
1526 597 1740 663 infirmamini&-

120 712 180 753 mss
188 697 665 768 tmdunc‚quemnumouumsecum
678 699 831 770 risentpro
841 698 921 753 eue-
999 700 1063 757 iiico
1080 704 1182 761 orateur,
1208 704 1312 766 quarite
1327 704 1444 770 tempore
1457 701 1540 757 ireres
1559 705 1695 769 peronius
1710 709 1756 767 esi,

119 787 211 841 mutis
232 786 337 856 gentis.
359 786 448 843 Judaei
470 792 499 841 et
517 786 616 851 Greeci,
641 793 671 847 et
691 804 742 858 pro
765 787 922 843 ditierentiu
964 788 1036 843 reiicit
1050 790 1169 854 differte
1182 803 1268 851 serre,
1283 803 1347 841 eum
1359 791 1395 843 sit
1411 790 1542 847 dereiner
1556 793 1699 854 omnium:
1714 793 1760 851 ted

119 874 299 940 conditionis,
321 875 429 931 domini
448 883 477 929 et
497 877 581 941 servi,
601 881 630 931 et
649 876 808 933 differentis
827 892 919 941 sexus,
962 877 1013 929 sut
1028 877 1165 933 tutoribus
1179 882 1204 931 et
1219 877 1359 933 actoribus
1373 882 1421 941 est,
1436 893 1521 946 meter
1534 880 1572 937 od
1590 881 1761 947 prefinitum

120 965 168 1017 u'ri
179 972 209 1017 et
222 964 319 1021 uxoris
335 983 341 1017 :
360 965 403 1019 rel
417 964 441 1019 si
458 981 513 1034 que
534 965 603 1019 telis
623 972 724 1021 cutem
748 971 919 1033 occurruut3
963 970 1069 1033 tempus
1078 981 1096 1018 e
1108 970 1197 1033 petre
1209 964 1332 1034 (tuor.)
1348 965 1454 1024 iesu
1468 973 1513 1023 est
1526 966 1594 1037 quis
1608 968 1657 1035 jus
1672 968 1761 1039 petris

119 1054 217 1123 etipse
232 1053 312 1124 prior
322 1053 468 1120 Dominus,
484 1052 532 1123 qui
545 1053 586 1107 eit
601 1069 609 1104 .·
624 1055 735 1109 Reddite
751 1055 922 1122 Cererique
963 1053 1164 1109 ordinaverunt
1178 1060 1309 1123 eiusque
1324 1054 1360 1109 uu
1370 1068 1455 1124 quem
1477 1060 1591 1115 emen
1616 1054 1760 1126 subjectus

119 1145 232 1197 ensem
244 1149 321 1207 sum,
337 1148 362 1195 rt
379 1144 430 1196 liro
444 1158 503 1209 que
513 1144 561 1196 liei
575 1148 641 1195 suut
657 1143 765 1207 struite.
783 1160 839 1207 xn3
858 1144 919 1197 trie.
962 1140 1063 1199 dehent
1077 1157 1139 1196 esse
1153 1141 1266 1199 edultus
1276 1147 1446 1203 statuerunt.
1463 1142 1504 1201 ite
1518 1149 1551 1201 ut
1564 1144 1761 1216 qemoiupes

121 1232 173 1297 n).
189 1230 254 1285 uita
268 1238 336 1285 sunt
350 1231 426 1285 enim
442 1248 503 1301 quse
518 1247 663 1285 servemus
674 1231 846 1285 inunitatem
857 1232 920 1286 tidei
963 1230 1043 1287 sutus
1053 1238 1106 1293 est,
1119 1230 1248 1287 tittertoto
1263 1248 1315 1289 suu
1329 1233 1370 1287 uti
1386 1248 1442 1291 uon
1454 1234 1552 1304 possit,
1564 1249 1656 1304 neque
1669 1234 1760 1295 demis

119 1321 178 1379 sine
194 1320 254 1377 ullu
267 1320 412 1381 (tietantia,
429 1328 457 1376 et
472 1320 565 1374 siiein
577 1320 675 1375 ordine
690 1319 752 1377 vitm
767 1322 921 1390 huiusteu·
962 1319 1034 1380 neri.
1046 1321 1126 1389 quusi
1143 1320 1251 1377 haeres:
1269 1321 1318 1377 sed
1332 1320 1432 1379 sinitis
1446 1322 1630 1393 propcservis
1649 1324 1679 1383 iu
1697 1340 1761 1383 eeu-

119 1424 203 1479 qusrn
218 1409 249 1463 in
262 1409 358 1474 simne
369 1425 472 1465 noureu
488 1408 598 1465 Domini
609 1417 638 1466 et
648 1409 777 1465 doctrine
792 1409 921 1480 eisspue·
962 1407 1068 1465 ditione
1081 1414 1124 1463 eet
1141 1418 1305 1469 cursurum
1328 1411 1369 1467 voi
1397 1416 1534 1469 semron
1560 1411 1621 1471 Hoo
1634 1414 1760 1485 suompte

119 1505 220 1555 uretur.
229 1498 265 1555 Et
275 1497 328 1553 hoc
339 1498 491 1555 neusoium
500 1498 702 1569 propterirem.
715 1498 919 1567 utetiugiumus
961 1496 1061 1567 prebet
1074 1514 1122 1553 eos
1136 1498 1184 1568 qui
1204 1497 1257 1552 sub
1286 1498 1346 1568 lege
1374 1498 1498 1565 fuerunt,
1521 1502 1652 1571 porrulos
1673 1501 1760 1563 fuisse

119 1586 304 1643 offensionem
319 1588 475 1653 hominum,
491 1588 539 1642 sed
555 1587 640 1643 etism
656 1588 920 1659 prepteroonscieu-
960 1584 1035 1642 circe
1056 1586 1199 1651 meritum,
1222 1603 1274 1641 nec
1295 1587 1455 1647 libertatem
1484 1588 1625 1653 hebetus.
1649 1591 1717 1661 quis
1730 1590 1760 1647 iu

119 1677 195 1743 eam,
211 1681 246 1731 ut
258 1676 459 1737 nousimulute
469 1677 551 1746 quusi
565 1676 600 1733 ud
616 1677 711 1731 ocutos
726 1676 920 1733 homiuumito
960 1674 1120 1731 conditione
1134 1675 1205 1745 legis
1218 1682 1300 1733 ormtt
1313 1676 1432 1747 subjecti
1446 1693 1533 1733 ceuss
1542 1679 1659 1749 pecmti.
1675 1682 1719 1737 ite
1735 1685 1760 1735 st

120 1764 254 1821 mamus
273 1783 279 1818 :
296 1765 346 1820 sed
362 1780 433 1835 pura
443 1764 600 1821 dilectionis
615 1765 795 1829 conscientie,
807 1733 951 1836 propter„
961 1779 1010 1817 eos
1024 1780 1086 1823 cum
1102 1781 1218 1821 esrcruus
1227 1769 1353 1834 peronii,
1361 1768 1558 1825 succremento
1566 1768 1652 1839 oteres
1660 1769 1761 1826 mendi

120 1853 215 1918 licum
229 1857 282 1923 qui
291 1870 385 1909 ornnes
397 1856 519 1911 doctrines
528 1857 681 1911 orritseiuos
691 1856 831 1921 perimite
840 1857 920 1921 aprii-
961 1868 1072 1907 eremus
1086 1856 1239 1909 suuicutcs.
1257 1854 1289 1911 Iu
1304 1854 1461 1919 elementis,
1476 1855 1647 1914 Neomenias
1655 1856 1760 1927 egum

121 1946 219 1999 tienne
230 1946 359 1999 ueritatis
370 1947 464 1998 oerum
479 1944 504 2010 (i
520 1945 590 1999 Tire.
608 1952 647 2011 u).
962 1947 1008 1997 oet
1022 1946 1051 1995 et
1063 1940 1218 2001 Sabbatum
1230 1961 1235 1995 z
1252 1943 1412 2001 Neomenire
1426 1944 1512 2008 enim,
1524 1944 1585 2003 dies
1597 1952 1666 2004 sunt
1678 1946 1760 2003 lune·

150 2032 291 2089 ,iiceteur
320 2048 363 2085 eos
392 2048 481 2085 suune
506 2035 569 2085 estis
592 2034 623 2087 irs
648 2031 920 2101 eleusiniorum
962 2046 1016 2093 res.
1034 2029 1264 2099 quesobservent
1278 2032 1376 2097 turiei,
1393 2031 1627 2092 muretensem
1643 2032 1760 2093 eicere

119 2122 231 2177 itroire
240 2124 413 2185 uouemus,
421 2122 569 2175 ‚iucundum
576 2123 785 2188 promissionem
793 2122 917 2177 teuredus.
961 2117 1122 2188 quietionis.
1147 2121 1306 2189 Antequam
1335 2121 1442 2178 veniret
1461 2138 1529 2192 ergo
1545 2122 1705 2192 promissio,
1731 2123 1759 2179 id

120 2208 236 2273 mmor.)
255 2209 358 2263 Semen
369 2208 673 2267 Abrehaesuutomues
685 2208 839 2273 eredentes,
855 2209 921 2279 quio
961 2213 1013 2271 est,
1035 2207 1140 2263 stonum
1156 2208 1255 2276 pretiis
1272 2208 1323 2261 Dei
1342 2208 1495 2278 purificans
1512 2210 1682 2278 justificant
1700 2226 1760 2271 ere

120 2297 260 2353 sumam
281 2305 365 2369 puter
379 2303 422 2351 est
436 2298 562 2353 ninnium
577 2297 760 2353 credentium.
778 2298 812 2357 m
830 2298 852 2350 si
870 2299 919 2355 sitii
961 2294 1069 2360 dentes,
1087 2295 1167 2365 quusi
1183 2295 1337 2365 imperfecti
1352 2304 1381 2355 et
1400 2296 1508 2367 purvuli
1528 2313 1581 2368 per
1598 2298 1690 2368 legem
1709 2299 1759 2357 Dei

122 2386 771 2456 mut,necessariopromissionisejusneredes.
783 2393 813 2445 ut
825 2404 920 2445 oense
960 2383 1078 2453 subjecti
1099 2400 1212 2441 eramus
1236 2384 1388 2449 conserus,
1412 2386 1493 2455 quusi
1516 2386 1677 2457 pedegogis
1699 2407 1705 2440 τ
1724 2387 1758 2447 u-

120 2484 242 2546 qusutur
254 2493 306 2547 por
319 2476 414 2540 fidem,
431 2476 505 2545 quod
514 2475 683 2546 premissum
694 2483 738 2529 est
746 2475 876 2541 uersus,
888 2484 917 2530 ut
961 2472 1056 2529 tremes
1070 2473 1144 2531 enim
1160 2480 1258 2529 nostre
1270 2472 1389 2531 obnoxiu
1405 2480 1468 2533 erut
1480 2491 1567 2533 ceusu
1576 2475 1692 2546 pseusti.
1708 2477 1759 2535 ui-

120 2566 271 2636 participes
285 2565 376 2621 simus
387 2564 599 2634 justificationis
613 2566 675 2634 ejus
689 2564 718 2621 in
732 2581 819 2635 reguo
834 2565 919 2621 culo·
961 2561 999 2616 hit
1011 2568 1106 2621 temen
1131 2563 1166 2616 de
1189 2562 1336 2618 elementis
1349 2562 1501 2634 sperabunt
1524 2564 1614 2621 iudei
1635 2564 1710 2624 sicut
1732 2570 1761 2623 st

121 2670 191 2709 rum.
209 2656 349 2719 (Hierone
365 2653 438 2718 Quis
452 2652 683 2724 repromissiones
691 2654 726 2709 ed
739 2653 882 2711 rtiiruhem
891 2661 920 2711 et
960 2651 1074 2720 pegeni,
1086 2652 1134 2706 sed
1149 2657 1305 2709 onumen
1319 2652 1409 2713 Deum
1423 2651 1633 2711 venerabuntur
1645 2654 1675 2713 in
1684 2668 1760 2713 em·

119 2743 151 2799 sd
165 2759 266 2801 mmeu
281 2744 344 2813 ejus
359 2743 438 2797 iactes
453 2749 528 2808 sunt,
545 2743 671 2813 quodest
685 2742 812 2799 Christus
826 2743 917 2802 Jeeus.
960 2745 1034 2798 tura.
1048 2741 1182 2807 (Hieroni
1199 2742 1290 2801 iisrm
1304 2740 1357 2797 iste
1370 2746 1508 2810 parsurus
1522 2741 1571 2812 qui
1580 2743 1653 2801 situ
1667 2744 1760 2812 ditiori

120 2837 325 2902 cousequenter
340 2832 369 2889 tri
384 2832 433 2901 qui
445 2831 548 2889 Christi
564 2831 624 2896 iiiii,
643 2831 671 2893 id
687 2838 738 2898 est,
750 2848 846 2893 semen
857 2833 919 2902 ejus
959 2845 1072 2893 aceruo,
1084 2845 1146 2885 eum
1156 2831 1193 2883 sit
1206 2831 1337 2885 dereiner
1347 2833 1485 2896 ervenium,
1499 2831 1545 2889 red
1557 2832 1608 2890 sud
1622 2834 1759 2891 micuisse

119 2928 191 2985 sunt,
199 2936 300 2975 semen
308 2919 799 2991 quoquedicuuturrtbmhsmmujus
805 2926 871 2975 sunt
878 2938 919 2975 se
960 2922 984 2970 et
999 2919 1138 2973 actorides
1150 2924 1198 2977 est.
1215 2933 1300 2986 respue
1312 2919 1526 2991 edprrfinitum
1533 2923 1758 2988 umentorum.

120 3026 183 3067 men
197 3025 232 3065 ex
247 3009 355 3067 semine
366 3025 478 3064 ‚verum
493 3009 714 3079 quotiescunque
725 3008 860 3067 Dominus
871 3026 920 3067 no-
959 3011 1050 3064 totum
1061 3006 1217 3063 humanum
1230 3022 1417 3077 mersusque
1431 3007 1467 3065 ed
1482 3007 1633 3067 adventum
1642 3008 1757 3075 consu,

117 3100 267 3155 steriesus
278 3097 917 3169 Christussemeudbmhmnomineturmorpo-
959 3101 997 3159 et,
1009 3100 1042 3149 ut
1050 3096 1171 3166 emplius
1180 3096 1281 3160 ilicem,
1290 3095 1760 3166 usqueadmuudioomummstie·

119 3187 915 3257 mtiterseutiondumestquodcu·ejusstirpegenemtur:
958 3201 1024 3239 nem
1038 3184 1189 3254 significet.
1205 3185 1351 3250 Quomodo
1359 3184 1539 3245 enimomnes
1547 3185 1577 3245 iu
1586 3186 1760 3258 pmteplusto

117 3278 226 3347 quoties
240 3284 338 3335 eutem
353 3293 413 3343 uos,
430 3275 917 3348 quiSeivstoriesermonesuseepto
958 3274 1048 3333 Adero
1064 3274 1184 3333 necdum
1208 3275 1268 3331 neti
1289 3274 1450 3332 moriuntur
1475 3294 1480 3331 ι
1500 3274 1542 3334 ita
1555 3275 1640 3335 susm
1663 3292 1760 3335 omues

116 3366 286 3425 credidimus
294 3365 622 3432 ineum‚etnebititetom
631 3365 744 3435 generis
756 3365 918 3425 thronem
960 3361 1048 3433 tuqui
1057 3368 1123 3423 oute
1134 3364 1284 3423 cusentum
1304 3363 1410 3423 Christi
1421 3364 1481 3424 uoti
1498 3370 1574 3429 sunt,
1593 3366 1622 3425 iu
1637 3365 1760 3423 seeundo

117 3471 198 3525 quem
220 3454 372 3527 promissio
387 3459 431 3508 est
453 3454 528 3510 secte
546 3454 731 3525 suscepimus,
754 3455 919 3525 spirituliter
957 3451 1048 3509 Adam
1063 3452 1247 3511 vivificentur.
1258 3454 1351 3522 etque
1362 3454 1468 3521 iisset,
1484 3458 1517 3511 ut
1530 3460 1560 3511 et
1573 3470 1624 3513 nes
1639 3453 1760 3525 legiter·

115 3544 532 3615 sementideietproedicetionis
541 3543 666 3614 occipere
675 3544 819 3599 debemus.
830 3545 917 3600 Dein·
958 3541 1092 3599 sierimus
1107 3541 1137 3595 iu
1151 3541 1288 3612 putribus,
1300 3547 1329 3596 et
1343 3541 1384 3599 illi
1393 3542 1487 3613 gretie
1496 3543 1758 3601 suueucurinsstiu.

116 3635 148 3688 de
175 3634 264 3689 etism
290 3634 343 3688 hor.
370 3632 615 3691 cousidemndum.
642 3633 716 3703 quod
747 3633 859 3703 quondo
882 3633 918 3687 de
959 3630 1016 3685 iste
1040 3630 1199 3687 intellectus
1216 3630 1345 3687 Ecclesiae
1369 3631 1520 3688 catholicoe
1542 3631 1680 3697 conuenit,
1697 3648 1759 3702 quse

117 3723 235 3779 fflmino
256 3722 390 3793 loquitur.
416 3723 532 3776 Atreus
545 3723 624 3776 dicte
638 3727 705 3777 sunt
723 3725 918 3790 promissiones
959 3717 1068 3777 tereus
1080 3725 1108 3773 et
1122 3718 1190 3777 Neri
1204 3719 1376 3783 Testamenti
1397 3735 1483 3777 unam
1498 3719 1601 3776 asserit
1615 3720 1761 3790 previden-

116 3819 139 3865 ιε
150 3814 334 3880 ministerus.
350 3812 403 3865 hoc
417 3815 470 3875 est,
483 3810 918 3882 Christoieeu.repromissioues
959 3807 1039 3871 uam.
1056 3823 1106 3863 uer
1122 3806 1270 3877 distinguit
1292 3806 1320 3865 in
1347 3814 1485 3878 tempore.
1512 3824 1582 3878 quos
1600 3808 1760 3871 conditione

115 3901 371 3973 piumiitsrpenet:
383 3900 607 3972 quandoverede
618 3899 921 3971 hisquiperChristum
962 3895 1086 3954 sociavit.
1098 3896 1203 3955 Omnes
1222 3896 1351 3955 editum
1374 3912 1473 3955 tumus
1494 3913 1580 3968 super
1592 3897 1760 3956 fundamen·

119 4006 215 4045 minen
229 3996 301 4044 suut
314 3989 444 4055 Ahrehre,
459 3989 642 4060 singulariter
655 3988 834 4059 repromissio
848 4005 922 4044 nun·
962 3991 1022 4043 tum
1038 3986 1229 4055 apostotorum
1245 3991 1274 4041 et
1298 3986 1507 4057 prophetorum.
1526 3987 1687 4045 continente
1710 4004 1762 4045 nm

120 4086 249 4151 cupetrrr,
264 4084 299 4133 ut
312 4079 341 4133 in
355 4078 486 4150 presenti
503 4080 562 4132 ioco
586 4097 592 4130 :
611 4079 682 4144 Erpa
698 4078 814 4133 Atreius
832 4095 922 4133 reisue
963 4075 1092 4143 ungulari
1115 4075 1207 4146 tepide
1227 4076 1293 4133 iesu
1316 4075 1429 4131 Christo
1447 4075 1567 4134 uentus
1591 4082 1697 4139 resim,
1713 4077 1761 4149 qui

121 4167 922 4238 cstimsscundmu-pmruissiencmiteredcs.Decensquippe
962 4163 1029 4223 tecit
1051 4168 1172 4234 ucraque
1195 4180 1295 4230 unum,
1325 4170 1354 4219 et
1373 4164 1498 4227 modium
1519 4165 1656 4235 parietem
1678 4165 1761 4223 dissi-

122 4262 191 4315 erst,
202 4264 237 4312 ut
248 4256 325 4327 quod
336 4256 366 4311 in
381 4256 493 4310 Christo
503 4271 559 4310 uno
570 4255 717 4325 pluraliter
725 4254 881 4321 dicebatur,
894 4256 921 4310 irl
963 4268 1042 4323 pens,
1059 4252 1390 4324 inimicitiemutriusque
1400 4254 1497 4326 popuii
1509 4253 1540 4314 iu
1553 4271 1607 4313 sus
1621 4271 1705 4312 cerno
1715 4255 1762 4312 ds·

123 4346 149 4401 iu
163 4345 263 4401 multis
276 4344 440 4401 hominibus
452 4344 634 4415 sinpuiuriter
650 4352 811 4414 poneretur.
828 4347 919 4409 (Aue)
929 4341 1075 4439 Detrunit,
1086 4343 1523 4413 etantiquaetegisdifficuttstem
1530 4344 1761 4413 evangelicorum

123 4435 258 4506 Superius
268 4434 346 4489 enirn
355 4433 466 4491 dixerut
482 4434 562 4488 :Non
576 4435 644 4488 dicit
658 4439 682 4488 et
697 4434 848 4487 succinitur
861 4439 922 4489 teu·
962 4432 1127 4501 dogmatum
1140 4432 1303 4502 integritate
1323 4432 1451 4489 mutevit.
1474 4431 1594 4489 Tutores
1612 4437 1708 4487 sutem
1732 4441 1761 4487 et

123 4541 204 4593 ouem
218 4528 252 4578 in
266 4526 373 4588 inuitis,
389 4525 436 4576 eret
446 4528 580 4591 torquem
591 4526 620 4576 in
631 4538 696 4583 uuo,
714 4527 738 4577 ct
754 4525 856 4578 serrriui
864 4528 919 4589 tuo,
962 4526 1071 4580 actores
1085 4526 1205 4591 pomum
1218 4526 1247 4578 et
1260 4521 1404 4595 prophetie
1417 4518 1515 4590 accipi,
1528 4535 1649 4590 querum
1669 4518 1761 4575 uerbis

121 4614 190 4681 quod
211 4619 252 4667 est
268 4613 407 4676 orruisse,
428 4610 474 4665 hic
496 4627 563 4681 ergo
579 4611 702 4667 ostendit
716 4626 804 4667 unum
825 4628 921 4667 semen
962 4609 1087 4680 quotidie
1101 4609 1131 4667 in
1145 4609 1266 4667 sermm
1286 4608 1438 4667 Selrstoris
1457 4607 1666 4673 erudiebamur,
1688 4609 1761 4664 siem

121 4702 273 4766 chumis,
292 4716 350 4755 nou
370 4706 482 4755 tentum
502 4701 595 4771 ipsum
610 4701 794 4756 mediatorem
816 4701 922 4756 intelli·
963 4699 1115 4769 pedagoge
1128 4698 1217 4768 Moysi
1231 4698 1275 4755 lex
1293 4713 1380 4768 supro
1392 4696 1530 4755 edisserta
1549 4703 1602 4753 est.
1619 4699 1656 4754 m
1668 4699 1760 4770 angeli

120 4790 243 4853 mudum
268 4806 332 4845 esse
348 4809 354 4842 :
370 4805 468 4844 serum
493 4789 580 4843 etiem
595 4789 756 4847 Ecclesiam.
772 4791 853 4860 cujus
875 4790 922 4847 ille
964 4787 1144 4858 remutomm
1158 4784 1554 4857 quiquotidieridentfaciem
1564 4788 1760 4853 Petrinetin·

122 4880 245 4951 eorporis
258 4882 347 4949 ceput
359 4884 411 4947 est,
425 4884 459 4932 ut
478 4894 575 4933 omues
590 4879 619 4932 in
634 4878 745 4933 Christo
759 4894 847 4933 unum
865 4879 923 4932 sint
963 4875 1114 4946 perpetum
1128 4891 1179 4946 pro
1199 4874 1250 4940 eie,
1262 4875 1298 4935 de
1312 4873 1414 4946 quibus
1427 4876 1535 4933 dictum
1550 4883 1594 4939 ost
1608 4896 1615 4931 :
1629 4881 1761 4935 imruittst

123 4967 437 5040 etmpiantsscundum
446 4967 661 5038 premissionem
672 4967 924 5039 haemditutemper
963 4969 1094 5031 arrectum
1103 4966 1258 5023 eominus
1271 4967 1392 5023 circuite
1407 4969 1569 5023 timentium
1583 4983 1656 5031 cum,
1674 4973 1697 5020 et
1708 4971 1762 5022 em-

123 5058 257 5121 stomun
272 5073 359 5128 quem
374 5057 522 5111 conclusus
537 5062 607 5123 eret,
624 5056 652 5112 id
663 5063 715 5120 est.
732 5058 761 5112 in
772 5058 852 5127 cujus
872 5057 923 5115 ed·
961 5057 1016 5122 prist
1032 5070 1074 5111 eur
1085 5055 1168 5119 (Psoi.
1184 5057 1287 5113 xxxrut.
1300 5053 1423 5111 Possunt
1432 5054 1550 5125 intelligi
1560 5062 1590 5109 et
1603 5054 1761 5110 smerdotiss
1824 5042 1829 5049 ’

123 5154 234 5202 rentum
247 5154 386 5217 tunquam
397 5145 922 5217 subpaedugogocustodiebaturpopu-
964 5150 993 5198 et
1006 5141 1154 5213 principes,
1171 5142 1219 5213 qui
1238 5147 1300 5199 tum
1318 5144 1423 5214 populo
1445 5143 1591 5207 dominati,
1610 5159 1685 5199 nunc
1704 5144 1761 5200 ior-

123 5236 174 5293 im.
188 5252 279 5307 usque
294 5236 329 5289 sd
341 5235 432 5289 estatis
446 5236 703 5307 opportunitatem:
718 5236 784 5306 quie
803 5235 833 5289 in
843 5234 923 5289 liber·
963 5248 1039 5289 mem
1055 5230 1180 5303 prebere
1192 5232 1448 5289 reassumimus
1459 5231 1762 5291 nisubrumribusme

122 5324 423 5380 tatsmrocsndicrent
432 5324 480 5394 qui
493 5324 522 5378 in
537 5325 636 5379 eodem
653 5325 756 5396 poputo
769 5324 922 5379 secundum
963 5321 1105 5382 dicuntur,
1121 5319 1169 5390 qui
1184 5320 1321 5379 hebentes
1336 5321 1467 5392 spiritum
1487 5321 1607 5386 timoris,
1620 5339 1671 5377 neo
1693 5325 1761 5380 dum

124 5414 295 5485 propositum
326 5412 414 5467 receti
436 5420 512 5473 eunt.
532 5413 561 5468 id
591 5420 644 5479 est,
666 5413 715 5484 qui
737 5414 766 5468 in
786 5412 835 5468 iila
854 5430 920 5468 eree
961 5409 1760 5485 merueruntspiritumlibertatisetudoptionisncciperez

123 5501 292 5557 mentum
308 5499 415 5556 inventi
428 5506 503 5555 sunt.
965 5496 1763 5574 uEteseniminientieudpeccetet'ermidstpraedegogum

965 5588 1076 5651 nctus.
1092 5602 1148 5645 nou
1158 5586 1275 5645 confidit
1288 5603 1351 5648 esse
1359 5604 1389 5645 se
1398 5586 1602 5655 utrumme
1617 5607 1668 5661 per
1681 5598 1763 5648 usus
