3772 6120
120 303 161 365 tw
319 300 609 358 masalmam!
627 301 667 357 IN
686 301 763 357 EPP.
784 302 892 359 PAULI
911 302 980 359 nm.
1000 302 1102 359 xxm.
1118 304 1203 360 -ΙΝ
1223 303 1333 362 EPIST.
1354 308 1367 363 1
1384 308 1434 364 AD
1452 309 1527 368 ml.
1689 319 1742 376 olo

119 431 173 487 dum
184 426 208 481 si
222 426 305 498 quasi
313 427 349 481 de
355 427 454 482 codem
462 427 523 499 ipso
533 426 679 499 disputans
689 428 724 482 de
731 427 1065 493 deitatisser-Aiuturos,
1080 429 1128 500 qui
1142 435 1171 484 et
1184 431 1297 503 nuptias
1318 438 1347 488 et
1368 451 1446 490 escas
1467 444 1549 495 amnt
1570 443 1740 517 adempturi,

122 515 235 575 monibus
244 516 280 571 ad
287 516 905 571 humanitatemtransissevideatur.Consua·
946 515 1028 571 simul
1043 524 1187 588 negantes,
1203 523 1232 572 et
1245 520 1319 591 quod
1331 530 1462 595 suscepta
1475 526 1560 582 fuerit
1575 547 1639 586 caro
1652 550 1670 587 a
1684 534 1743 592 Deo

124 606 177 664 udo
193 606 252 660 bac
271 610 316 659 cst
335 604 493 660 divinarum
513 605 733 676 Scripturarum,
758 605 830 660 sicut
848 621 905 660 non
945 605 1038 660 verbo.
1060 606 1174 677 Optime
1184 623 1251 678 ergo
1268 625 1302 663 ea
1320 627 1384 666 cum
1398 612 1453 668 illis
1468 618 1629 689 complexus
1642 629 1694 688 est,
1711 630 1744 679 ut

126 695 197 753 solum
215 694 245 748 in
260 695 416 766 apostolica
428 693 662 765 interpretatione
677 695 705 748 id
719 694 903 759 ostendimus,
944 693 1087 749 videretur
1095 694 1225 750 insistere
1231 712 1265 750 ex
1276 703 1396 772 utroque
1406 700 1505 770 latere',
1513 708 1593 776 quasi
1610 710 1744 768 adversus

128 783 226 843 stetin
233 783 449 853 Evangeliorum
457 783 689 854 interpretatione
697 782 904 838 videntibusbis
945 798 1033 837 unum
1047 783 1232 854 propositum.
1249 786 1322 847 Nam
1340 794 1369 843 et
1387 791 1554 849 Manichaeos
1572 802 1602 851 et
1625 799 1744 855 Marcio-

131 872 371 931 dmonstrarimus.
384 873 543 944 «Apparuit
556 871 673 942 angelis.
688 892 700 923 n
714 873 773 926 Hoc
786 877 830 926 est
844 888 905 942 per·
945 869 1042 937 nistas,
1059 876 1088 926 et
1101 888 1148 927 eos
1174 874 1222 944 qui
1241 874 1276 929 de
1290 876 1481 935 Valentiniani
1499 889 1567 938 sunt
1589 885 1698 955 haeresi,
1716 895 1744 944 et

132 963 219 1037 spiceus
241 961 350 1033 angelis
373 961 462 1016 lactus
487 967 539 1015 est.
566 962 625 1015 lloc
643 961 718 1015 enim
737 960 805 1015 dicit
821 978 834 1011 e
854 977 905 1031 ap·
946 976 1043 1015 omnes
1055 959 1103 1031 qui
1113 962 1462 1032 ejusmodisuntsimiliter
1476 971 1539 1042 quis
1549 976 1708 1046 perspiciet,
1716 983 1746 1033 et

134 1052 211 1127 punit,
231 1071 245 1103 o
266 1056 298 1105 ut
320 1051 452 1105 ostendat
478 1050 718 1121 quemadmodum
741 1048 906 1120 magnitudo
947 1047 1216 1119 nuptiasdamnare,
1230 1055 1259 1105 et
1274 1069 1402 1110 escamm
1427 1073 1510 1113 usum
1530 1062 1610 1132 quasi
1629 1063 1746 1120 inhone-

134 1144 212 1215 simet
224 1139 332 1210 angelis
341 1140 475 1194 existeret
482 1138 651 1193 mirabilis«
666 1137 852 1193 Praedicatum
864 1142 907 1193 est
947 1141 1023 1191 stam
1037 1136 1191 1204 criminari,
1208 1144 1237 1193 et
1250 1142 1326 1211 quod
1339 1144 1506 1201 annitantur
1524 1151 1672 1208 ostendere
1686 1171 1745 1209 oar·

135 1228 287 1303 ingentibus.
304 1229 525 1284 »Annuntiatus
547 1233 598 1294 est,
617 1227 718 1298 inquit,
734 1225 904 1292 hominibus,
946 1226 1104 1281 nemalleo
1112 1244 1168 1282 non
1177 1226 1264 1284 luisse
1272 1237 1441 1304 susceptam.
1453 1237 1660 1296 Intendendum
1674 1259 1741 1298 vero

136 1319 210 1376 deinde
219 1318 293 1389 quod
302 1318 395 1389 majus
403 1323 462 1372 est:
477 1337 490 1371 <r
508 1316 654 1372 Creditum
662 1322 706 1371 est
718 1316 747 1370 in
757 1315 872 1371 mundo.
890 1335 903 1367 n
947 1315 1184 1386 quemadmodum
1194 1319 1551 1382 amarissimememoratus
1560 1345 1667 1395 eorum,
1675 1337 1704 1386 et
1712 1337 1746 1387 ut

136 1408 273 1467 uillicum
285 1424 421 1477 magnum
434 1411 497 1461 erat
510 1406 584 1478 quod
595 1404 801 1477 predicabatur
809 1421 906 1459 secun-
947 1404 1128 1460 uehementer
1141 1405 1272 1461 instituat
1286 1407 1322 1463 de
1334 1408 1398 1476 illis,
1411 1413 1459 1483 qui
1466 1413 1522 1468 ista
1535 1416 1634 1472 docere
1648 1419 1678 1474 in
1693 1436 1745 1475 no·

137 1498 227 1562 lausa
237 1496 260 1551 si
269 1501 361 1552 nonet
371 1496 440 1550 lidcs
454 1495 617 1550 auditomm
630 1493 779 1549 subsecuta
796 1493 904 1548 fuisset.
946 1491 1247 1564 sissimistemporibus
1256 1495 1393 1569 incipient
1399 1501 1549 1572 spirituum
1558 1506 1746 1578 malignomm

137 1586 180 1643 lloc
189 1592 276 1643 autem
290 1584 402 1640 dicebat
415 1583 619 1655 magnitudinis
641 1584 703 1654 eJ'us
721 1582 906 1638 sufficientem
947 1580 1533 1653 seductioneseasessedicens,etdoctrlnas
1546 1593 1747 1652 daemoniorum

137 1674 312 1748 probationem,
328 1690 362 1728 eo
377 1672 451 1744 quod
465 1672 593 1727 homines
608 1671 657 1743 qui
667 1670 906 1726 inomnibuslocis
947 1685 1047 1724 vocans
1062 1670 1134 1738 illas,
1150 1671 1190 1726 sic
1207 1689 1322 1744 gravem
1342 1677 1443 1732 horum
1463 1680 1665 1751 professionem
1686 1702 1748 1740 esse

137 1763 369 1835 aantsusciperent
378 1762 412 1816 de
422 1778 455 1816 eo
466 1761 560 1826 fidem,
571 1761 771 1832 quinunquam
779 1748 939 1832 paterer-B
949 1757 1136 1813 existimabat.
1148 1761 1224 1815 Bene
1239 1767 1334 1817 autem
1349 1767 1483 1836 quoniam
1498 1769 1577 1835 dixit,
1588 1792 1600 1823 ι
1618 1773 1648 1827 in
1661 1774 1748 1847 hypo-

138 1856 375 1908 lareumconsensu
389 1851 502 1905 credere
517 1849 582 1916 illis,
599 1866 661 1921 qua*
676 1850 710 1903 de
725 1866 758 1904 eo
776 1848 908 1903 diceban·
949 1845 1014 1901 crisi
1038 1847 1214 1918 loquentium
1236 1852 1423 1909 mendacium.
1445 1875 1460 1909 n
1483 1858 1556 1913 Nam
1578 1876 1676 1917 omnes
1700 1863 1748 1917 istr

138 1946 178 2009 bn,
187 1941 267 1997 sinon
276 1939 361 1995 rebus
369 1939 447 2011 ipsis,
457 1939 544 1993 dehis
562 1955 623 2010 qua
637 1937 812 1999 dicebantur,
827 1937 909 1992 testi-
950 1935 1124 1990 Christianos
1136 1954 1164 1992 se
1182 1954 1243 1993 esse
1254 1939 1398 2007 simulant,
1414 1949 1443 1998 ct
1457 1945 1586 2002 doctrina
1599 1952 1748 2022 suamajo·

137 2030 236 2085 nonium
244 2029 434 2085 satisfactione
442 2027 641 2099 percepissent.
656 2046 669 2078 c
684 2028 854 2098 Assumptus
867 2031 910 2080 est
950 2039 1009 2077 rem
1025 2041 1055 2079 se
1069 2029 1166 2080 tenere
1180 2027 1349 2098 promittunt
1363 2031 1531 2102 castitatem,
1547 2038 1669 2093 multum
1683 2056 1748 2096 vero

138 2117 244 2191 ingloria.
252 2119 344 2173 »Dicit
355 2117 428 2172 enirn
443 2116 478 2171 de
490 2116 539 2170 illa
545 2116 806 2188 assumptione,qua
820 2115 909 2170 deho-
949 2111 1062 2184 pietatis
1076 2120 1175 2168 contra
1189 2132 1237 2170 eos
1251 2117 1300 2187 qui
1314 2117 1365 2172 sibi
1380 2119 1577 2193 obtemperant
1590 2125 1625 2179 de
1636 2128 1748 2183 Christo

138 2206 401 2278 ninibusassumptus
411 2210 463 2260 est.
473 2207 506 2261 ln
515 2205 616 2260 ultimo
624 2209 718 2260 autem
726 2204 796 2259 illud
803 2204 906 2276 posuit,
949 2201 1048 2257 docere
1058 2203 1234 2259 annituntur.
1243 2205 1415 2262 Omniavero
1425 2209 1474 2264 illa
1484 2228 1546 2282 quae
1555 2212 1671 2270 luxuriae
1682 2223 1749 2272 sunt

138 2296 267 2368 quidquia
275 2295 416 2351 suffimens
426 2294 545 2350 essetad
561 2294 646 2348 srdem
662 2310 710 2348 eos
729 2293 857 2360 invitare,
873 2309 907 2347 eo
948 2290 1111 2363 plenaque
1121 2297 1272 2348 etomnem
1283 2295 1352 2350 inse
1359 2297 1749 2376 continentprauitatem,ipsi

139 2383 528 2456 quodetangelissueritfactus
538 2382 736 2454 perspicuuset
749 2381 908 2436 hominibus
948 2378 1066 2435 interae
1080 2398 1164 2452 agere
1183 2399 1247 2437 cum
1271 2386 1348 2438 omni
1370 2394 1522 2458 properent
1549 2391 1747 2460 sollicitudine,

138 2473 286 2543 medicatus,
299 2473 353 2527 lide
368 2472 405 2527 sit
419 2472 519 2526 abillis
529 2477 684 2542 susceptus.
697 2472 762 2526 Hac
778 2471 813 2525 de
831 2471 908 2525 Chri·
949 2484 1011 2541 quae
1030 2469 1059 2523 in
1079 2470 1179 2541 primis
1204 2471 1369 2543 adplenum
1392 2474 1474 2531 silere
1489 2477 1628 2534 videntur.
1646 2482 1684 2535 At
1701 2481 1749 2537 ubi

139 2561 270 2625 adens,
286 2561 368 2633 quasi
384 2561 451 2633 quia
462 2566 491 2614 et
503 2560 669 2626 necessarie,
686 2565 715 2614 et
733 2559 863 2630 cognosci
882 2565 911 2614 et
950 2574 1001 2628 per
1008 2557 1085 2612 illam
1096 2575 1182 2630 quarn
1191 2560 1291 2616 ineunt
1299 2561 1509 2620 simulationem
1516 2567 1750 2639 aliqueminstan-

138 2651 243 2707 amari
256 2650 387 2716 debeant,
397 2667 448 2705 nec
459 2650 602 2705 averitate
617 2648 764 2704 dimoveri:
776 2647 800 2702 si
816 2653 910 2703 tamen
950 2651 995 2701 ter
1003 2647 1121 2702 suadere
1131 2647 1183 2702 sibi
1192 2666 1242 2720 per
1249 2651 1344 2704 omnia
1352 2651 1488 2720 fecemnt,
1497 2660 1565 2711 tunc
1579 2657 1628 2712 illa
1641 2674 1749 2713 sermo·

139 2738 232 2796 lineet
245 2756 302 2796 non
314 2739 442 2795 absolute
456 2740 557 2794 horum
573 2737 710 2795 confessio
724 2737 798 2809 apud
814 2737 909 2791 srdeles
951 2734 1034 2791 nibus
1049 2735 1216 2807 quibusdam
1233 2739 1378 2795 adducunt
1391 2741 1420 2797 in
1442 2744 1567 2799 medium
1588 2746 1747 2814 suadentes,

139 2829 306 2897 permanserit
950 2830 983 2880 ut
997 2824 1046 2879 illa
1061 2832 1208 2896 peragant,
1233 2828 1314 2899 quasi
1328 2829 1442 2901 pietatis
1463 2849 1548 2904 opera
1561 2835 1748 2906 perficientes,

413 2951 530 3007 CAPUT
558 2951 595 3006 IV
952 2929 1013 2985 qua
1035 2914 1112 2969 omni
1135 2921 1202 2970 sunt
1219 2917 1360 2988 spurcitia
1379 2919 1472 2990 plena.
1490 2922 1526 2976 Et
1548 2922 1601 2977 hoc
1628 2924 1752 2981 inveniet

599 2992 605 3004 “
950 3002 1024 3074 quis,
1035 3002 1058 3057 si
1068 3003 1118 3058 illa
1127 3004 1428 3078 omniaquaepraedicta
1436 3015 1511 3077 sunt,
1519 3010 1751 3069 cautissimecon·

139 3074 238 3135 &llum
250 3081 395 3148 All⁰⁸l⁰²u⁸
411 3079 522 3132 ”mum
534 3077 813 3142 d⁰⁶⁶ndi⁶ll⁰⁷¹tllms
830 3082 855 3132 ⁰⁸
864 3093 907 3131 2'0·
919 3067 1076 3147 csiderare
1085 3093 1214 3159 voluerit,
1224 3094 1290 3149 licet
1298 3111 1355 3150 non
1364 3095 1445 3152 facile
1453 3099 1748 3172 possintdeprehendi,

289 3166 355 3203 rum
371 3151 451 3218 P‘W'l
469 3149 585 3202 ‘mmai
603 3149 726 3202 mmm·
952 3196 984 3235 eo
998 3181 1072 3252 quod
1086 3182 1174 3237 latere
1188 3183 1325 3254 plurimos
1340 3201 1426 3256 super
1443 3187 1547 3243 talibus
1558 3190 1689 3261 operibus
1703 3208 1751 3246 an·

163 3274 299 3347 ‹Spiritus
322 3278 416 3329 autem
439 3271 586 3327 manifeste
614 3271 691 3337 dicit,
720 3271 854 3344 quoniam
881 3271 911 3326 in
952 3268 1092 3324 nituntur.
1105 3271 1750 3347 Consequenterautemadjecit,«cauteriatam

139 3363 299 3419 rmdasimis
325 3361 500 3433 temporibus
515 3361 660 3415 discedent
674 3359 789 3432 quidam
810 3378 828 3414 a
845 3360 909 3423 sule,
953 3358 1118 3414 habentium
1130 3377 1211 3415 suam
1225 3361 1349 3433 ipsorum
1359 3365 1568 3434 conscientiam,
1585 3369 1658 3440 »qui
1675 3370 1751 3425 enim

139 3452 322 3508 tetendentes
336 3450 481 3523 spiritibus
496 3449 609 3514 erroris,
624 3454 653 3503 et
667 3448 802 3504 doctrinis
811 3449 913 3503 darno-
953 3446 988 3502 de
1009 3447 1139 3503 castitate
1166 3449 1310 3517 simulant,
1336 3468 1448 3507 omnem
1473 3456 1636 3527 spurcitiam
1660 3458 1690 3514 in
1722 3476 1752 3514 se

139 3539 262 3606 (riorum,
275 3541 305 3595 in
319 3539 460 3612 hypocrisi
469 3538 642 3610 loquentium
650 3538 837 3604 mendacium,
845 3555 912 3593 cau·
952 3541 1116 3609 perpetrare
1131 3537 1322 3594 inueniuntur.
1335 3540 1455 3595 Evidens
1471 3550 1514 3598 est
1535 3545 1668 3615 quoniam
1682 3548 1752 3602 talia

138 3630 275 3686 cleriatam
294 3629 460 3684 habentium
478 3627 688 3691 conscientiam,
704 3627 913 3698 prohibentium
953 3624 1087 3680 iacientes
1097 3642 1154 3680 non
1163 3626 1355 3697 integritatem
1362 3636 1480 3700 possunt
1490 3632 1603 3699 habere,
1611 3635 1753 3690 contraria

138 3718 257 3786 snubere,
268 3719 410 3774 abstinere
420 3717 524 3783 scibis,
539 3735 553 3770 a
565 3717 827 3788 acceleraturos.)
841 3716 913 3770 Nam
954 3713 1029 3768 enim
1040 3714 1132 3785 specie
1142 3731 1257 3769 suorum
1268 3733 1430 3799 sermonum
1440 3717 1492 3773 sibi
1500 3719 1553 3790 ipsi
1561 3723 1664 3776 conscii
1674 3730 1751 3789 sunt,

136 3812 184 3863 art
193 3808 330 3874 nonnulli,
347 3807 395 3878 qui
409 3807 449 3862 ita
462 3806 619 3877 virginitati
634 3805 728 3860 carnis
742 3805 865 3871 student,
882 3810 915 3859 ut
955 3819 1016 3874 qua
1030 3808 1059 3856 et
1072 3803 1101 3857 in
1115 3820 1146 3857 se
1161 3809 1291 3859 exercent
1304 3810 1333 3859 et
1346 3805 1416 3861 alios
1432 3807 1543 3862 docent.
1560 3810 1679 3865 Evidens
1704 3829 1753 3867 au-

137 3897 225 3968 nupties
236 3898 392 3953 damnent:
409 3901 439 3951 et
451 3894 650 3952 suntnonnulli
664 3894 712 3966 qui
722 3895 763 3948 ita
773 3893 914 3949 abstineri·
953 3896 1012 3946 tem
1036 3892 1111 3963 quod
1131 3892 1201 3948 dixit
1223 3893 1433 3965 prohibentium
1454 3896 1561 3952 nubere
1583 3897 1724 3955 abstinere
1736 3919 1754 3955 a

136 3982 186 4040 liam
196 3987 322 4052 laudam,
338 3991 372 4040 ut
385 3990 529 4040 sumentes
544 3984 681 4039 alimenta
692 3983 851 4038 necessaria
864 3983 913 4037 de·
954 3979 1032 4047 cibis,
1052 3981 1203 4037 ostendens
1224 3982 1357 4054 quoniam
1384 4000 1440 4039 non
1469 3984 1585 4054 nubere,
1614 3995 1664 4044 aut
1696 4006 1753 4045 non

136 4074 262 4142 tuentur,
277 4075 314 4129 de
328 4074 430 4146 quibus
443 4074 623 4146 perpaulum
638 4072 740 4127 dicitur
757 4090 762 4125 ι
780 4089 794 4125 c
814 4072 913 4127 thi-
954 4086 1066 4125 sumere
1089 4087 1166 4126 escam
1185 4072 1302 4127 crimine
1324 4072 1440 4144 dignum
1465 4080 1517 4140 est,
1533 4076 1581 4131 scd
1604 4079 1679 4149 quod
1692 4079 1753 4150 lege

137 4159 273 4220 *beatium
286 4162 404 4229 nubere,
416 4160 659 4217 abstinereacibis
669 4178 738 4233 quos
747 4161 823 4216 Deus
835 4178 914 4215 crea·
955 4157 1010 4214 isa
1022 4159 1170 4230 prohibere
1189 4161 1356 4218 annitantur
1371 4182 1376 4216 :
1395 4180 1428 4217 ex
1439 4163 1555 4219 arbitrio
1569 4166 1646 4221 enim
1663 4167 1754 4223 conti·

137 4252 188 4307 rut
198 4253 232 4308 ad
246 4252 460 4325 percipiendum
475 4267 539 4305 cum
553 4250 713 4321 gratiarum
725 4249 835 4304 actione
849 4250 916 4304 side-
957 4264 1026 4302 nere
1041 4267 1071 4305 se
1085 4249 1209 4322 aliquem
1223 4249 1259 4305 ab
1272 4251 1334 4306 istis
1344 4269 1399 4308 non
1410 4259 1454 4308 est
1463 4253 1670 4310 inconveniens.
1680 4257 1753 4311 Nam

137 4339 229 4398 «libus.
246 4362 260 4394 ι
277 4341 352 4407 Quia
365 4357 431 4412 ergo
441 4356 489 4394 eos
498 4356 515 4393 a
523 4339 629 4393 carnali
639 4337 796 4393 intentione
805 4355 862 4394 sua
871 4355 917 4393 su·
958 4337 1107 4409 probibere
1120 4339 1155 4395 de
1167 4339 1210 4395 his
1226 4341 1401 4396 necessitatis
1413 4349 1457 4397 est
1470 4343 1572 4414 potius,
1585 4360 1641 4399 non
1651 4362 1754 4417 propo·

136 4431 288 4494 lustitionis
299 4428 552 4493 revocat,haeretici
564 4444 629 4482 cum
643 4429 694 4482 hos
709 4426 849 4498 aspiciunt
861 4428 913 4482 ali·
955 4425 1012 4493 siti,
1027 4428 1102 4499 qdod
1116 4429 1247 4484 similiter
1257 4430 1350 4485 dicere
1367 4448 1424 4486 non
1439 4437 1541 4503 potest,
1558 4433 1692 4504 quoniam
1705 4433 1754 4489 ubi

136 4516 258 4574 taediare
272 4535 359 4590 quam
374 4518 538 4581 docuemnt,
554 4517 673 4571 lacertos
683 4532 781 4571 eorum
801 4514 836 4569 ab
846 4533 914 4588 ope·
954 4517 1130 4588 propositum
1154 4523 1198 4573 cst
1218 4518 1256 4574 ibi
1276 4520 1459 4587 continentia,
1482 4521 1537 4576 ista
1557 4538 1622 4576 vero
1642 4522 1755 4577 euidens

136 4605 223 4663 ratione
237 4623 323 4679 quam
337 4607 414 4679 prius
430 4611 584 4661 tenuerunt
596 4604 784 4660 comminutos
798 4622 868 4673 esse,
879 4604 914 4660 ab
956 4606 1094 4661 execratio
1109 4612 1161 4661 est.
1176 4608 1339 4663 Notandum
1354 4626 1420 4664 uero
1435 4614 1479 4664 est
1491 4609 1521 4665 in
1531 4627 1574 4677 eo,
1591 4611 1665 4682 quod
1674 4611 1753 4675 dixit,

137 4689 238 4752 belam
261 4701 412 4751 testantur.
437 4695 516 4750 Unde
537 4701 565 4750 et
579 4695 609 4749 in
623 4696 676 4750 hoc
690 4700 817 4766 ternpore
831 4695 915 4750 disci·
957 4712 974 4748 ι
990 4694 1131 4750 abstinere
1145 4695 1253 4762 scibis,
1270 4714 1284 4750 r
1301 4697 1383 4752 sicuti
1393 4699 1756 4771 etimperfectionemnota·

132 4778 209 4851 iliae,
225 4784 251 4839 si
266 4784 334 4857 quid
348 4784 374 4839 ei
388 4784 565 4839 adversitatis
576 4784 708 4851 evenerit,
725 4783 778 4838 hoc
791 4783 915 4839 evenisse
956 4780 1048 4838 bimus
1055 4800 1088 4838 eo
1099 4785 1173 4855 quod
1188 4785 1295 4839 nullam
1307 4785 1482 4858 diligentiam
1492 4789 1659 4861 eloquentiae
1673 4789 1757 4845 saciat

129 4878 156 4925 tx
181 4873 266 4945 digna
293 4879 471 4945 peecatorum
508 4871 692 4927 retributione
726 4872 913 4944 suspicantur.
956 4872 1755 4949 multadicensimperfecte.Namethocinlocoquoddixit,

127 4960 217 5025 (dub.)
230 4962 350 5017 Eridens
364 4962 479 5033 quidem
494 4962 626 5034 quoniam
649 4962 708 5017 haec
731 4961 799 5015 dicit
818 4960 917 5016 beatus
959 4981 971 5012 r
988 4960 1207 5033 prohibentium,
1226 4983 1238 5014 r
1253 4963 1333 5034 quasi
1348 4981 1399 5035 per
1407 4966 1603 5021 necessitatem
1615 4966 1684 5020 illud
1694 4965 1755 5020 lieri

126 5038 232 5119 Palus,
249 5067 307 5106 non
322 5051 390 5122 qnia
401 5056 470 5106 tunc
481 5051 542 5122 jam
556 5051 632 5122 apud
652 5050 761 5122 aliquos
774 5055 918 5122 coeperant
958 5050 1107 5123 accipiens,
1117 5052 1292 5122 sequentiam
1300 5051 1413 5107 illorum
1427 5054 1541 5125 reliquit
1550 5054 1754 5125 imperfectam,

123 5127 175 5194 isa
187 5139 323 5212 profiteri,
338 5140 390 5195 sed
403 5140 477 5212 quod
487 5145 586 5211 postea
595 5139 651 5194 ista
664 5144 746 5194 erant
752 5138 788 5193 ab
797 5139 918 5194 homini·
959 5140 1039 5211 quasi
1055 5141 1119 5195 hinc
1134 5141 1222 5212 possit
1235 5140 1321 5195 etiam
1335 5141 1405 5197 illud
1421 5143 1551 5214 cognosci
1568 5159 1623 5213 quo
1646 5142 1757 5199 incusat

118 5212 173 5284 'mx
186 5228 357 5304 principium
372 5234 529 5300 sumptura.
546 5229 619 5284 Nam
643 5234 672 5283 et
690 5228 744 5283 ista
766 5245 798 5283 eo
817 5228 917 5301 spiritu
959 5244 1006 5282 eos
1022 5229 1069 5300 qui
1079 5228 1446 5300 coguntabstinereacibis,
1459 5230 1756 5288 deindedicensetiam

112 5317 281 5391 'movisse
294 5317 459 5390 designaut,
474 5323 503 5373 et
517 5318 591 5390 quod
605 5317 635 5373 in
647 5316 919 5389 novissimistempo
959 5317 1129 5372 sententiam
1146 5333 1232 5389 quam
1255 5323 1284 5374 et
1307 5325 1429 5384 accusat,
1452 5317 1518 5389 quia
1538 5319 1568 5374 in
1586 5320 1685 5376 ultimo
1703 5323 1759 5378 erit

114 5405 196 5463 libus
209 5407 268 5464 sint
280 5406 385 5474 lutura,
407 5406 608 5479 pronuntiarit.
625 5405 778 5477 conjunxit
798 5423 863 5461 uero
886 5423 920 5461 ea
961 5405 1035 5478 apud
1050 5405 1294 5477 homines,abjicit
1307 5407 1512 5479 probationem,
1529 5409 1604 5480 quod
1618 5426 1674 5466 non
1690 5428 1757 5468 con·

117 5492 175 5551 ‘llis
188 5495 375 5563 sermonibus,
391 5496 504 5568 quade
519 5495 632 5551 Christo
644 5495 758 5550 fuerant
767 5494 915 5560 dicta,non
958 5495 1102 5550 uenientes
1125 5494 1180 5549 ista
1202 5502 1370 5567 proponant.
1389 5513 1403 5549 ‹
1418 5496 1494 5560 Quos
1515 5497 1590 5553 Deus
1604 5501 1709 5555 creavit
1722 5502 1757 5555 ad

117 5582 257 5655 stature,
276 5585 328 5642 sed
340 5584 474 5658 quoniam
487 5584 551 5641 illos
564 5584 641 5657 ipsos
653 5583 759 5640 sciebat
767 5584 838 5640 tales
856 5600 918 5640 esse
957 5583 1634 5658 percipiendumcumgratiarumactione.‹Nam
1641 5589 1758 5646 etvalde
