3772 6120
189 309 240 382 355
486 300 517 373 B.
538 318 673 373 RABANl
694 310 810 371 neem
829 311 997 368 ARCHIEP.
1018 308 1181 366 MOGUNT.
1203 292 1351 361 OPERUM
1372 303 1463 357 PARS
1483 287 1532 357 ΙΙΙ.
1782 297 1834 354 356

189 451 256 522 ipsae
276 463 387 522 quoque
410 446 483 499 inter
506 440 598 496 curnis
616 457 701 512 opere
715 439 904 502 nominantur,
923 430 1296 509 quieAnale111,artisicisad
1309 428 1434 498 ejusdem
1445 426 1537 498 operis
1547 423 1834 521 artificemn'onnun·

189 555 263 610 sepe
280 535 395 607 magicis
419 532 528 587 artibus
550 536 578 584 et
601 545 696 582 amare
720 528 829 582 miseris
852 526 944 580 evenit
962 531 991 578 et
1031 541 1115 594 eluiem
1123 521 1224 585 evenit,
1234 526 1264 573 ut
1276 519 1303 571 in
1312 515 1531 587 expositionibus
1543 513 1753 585 seripturarum
1763 528 1835 565 oma-

109 635 112 641 '
190 626 288 680 uitiari.
305 621 455 679 Inimicitia
472 637 593 692 quoque,
609 635 670 688 quce
685 623 748 688 post
762 616 896 689 serielieia
910 614 990 686 poni·
1031 620 1079 666 tur
1093 609 1249 665 dissensio:
1268 624 1283 659 e
1299 605 1398 676 quibus
1413 605 1533 657 haereses
1549 619 1669 673 quoque,
1686 619 1748 672 queo
1762 617 1835 654 nunc

189 724 246 775 tur,
258 729 341 786 quem
352 711 455 765 habeat
469 716 578 762 reatum
588 705 736 761 manifesto
746 705 857 759 crimini
868 702 992 773 sublecta
1034 700 1063 754 in
1078 698 1170 752 curnis
1185 713 1268 767 opere
1279 700 1431 765 ponuntur,
1444 692 1591 746 ebulliunt.
1604 692 1634 745 Si
1644 690 1719 744 enim
1728 692 1837 758 septen-

190 803 314 857 declaret
331 820 336 853 :
354 804 491 871 quantum
507 797 581 851 enim
600 796 627 848 in
644 794 723 848 nobis
741 800 793 859 est,
814 791 917 846 nullius
932 807 993 844 esse
1035 792 1074 841 tie
1090 790 1184 841 cereis
1196 787 1313 838 inirrn'ee
1323 788 1359 835 cst
1376 785 1426 836 lieo
1439 784 1524 847 (euru
1538 780 1835 849 riri),i11i1nicuuutenr

190 891 324 945 debemus
338 887 453 955 inimici,
475 893 586 940 etcum
611 883 740 938 omnibus
764 881 866 935 habere
885 895 991 950 pacem.
1035 882 1101 930 sunt
1120 875 1214 929 omniu
1236 873 1367 941 dogmata
1391 869 1520 924 salsitatis
1543 870 1601 922 Dee
1637 867 1835 939 repugnantia,

122 1007 125 1011 ·
191 981 271 1044 Quod
281 980 304 1034 si
316 981 461 1050 loquentes
472 975 619 1028 veritatem
632 973 740 1042 aliquos
749 986 889 1024 meremur
902 967 994 1021 inimi-
1034 970 1237 1034 consequenter
1248 966 1275 1014 et
1284 961 1405 1014 hereses
1420 957 1539 1011 inimice
1554 958 1612 1011 Deo
1623 957 1658 1010 ad
1670 957 1764 1010 cernis
1774 973 1837 1026 ope

190 1087 246 1135 cos,
265 1084 320 1122 non
334 1074 393 1120 tarn
405 1082 456 1119 nos
471 1063 578 1118 inimici
602 1078 698 1116 eorum
718 1076 825 1125 sumus,
849 1074 933 1128 quern
952 1056 992 1110 illi
1034 1072 1067 1107 re
1081 1052 1250 1106 reseruntur.
1268 1049 1387 1103 Heresis
1411 1054 1506 1100 autem
1529 1048 1623 1099 Graece
1646 1045 1681 1099 ab
1701 1044 1837 1098 electione

191 1158 296 1212 inimici
310 1153 525 1212 sentieritatis.
543 1153 615 1206 Nem
633 1150 707 1221 quod
723 1148 750 1202 in
772 1146 874 1202 Genesi
891 1145 993 1198 dicitnr
1033 1140 1146 1199 dicitur.
1163 1140 1237 1211 quod
1252 1137 1357 1192 scilicet
1383 1153 1443 1189 eam
1464 1134 1516 1188 sibi
1538 1134 1731 1205 unusquisque
1752 1133 1838 1202 eliget

194 1248 230 1301 ed
238 1228 539 1300 Abrabaiu21nirriiees
547 1256 592 1293 ere
600 1241 723 1293 inimicis
731 1241 822 1302 tresel
831 1235 994 1289 adversabor
1035 1229 1221 1300 disciplinam,
1239 1228 1486 1298 quarnputatesse
1501 1224 1654 1277 ineliorem.
1672 1222 1838 1292 Quicunque

193 1335 403 1390 aduersantibus
420 1333 471 1385 uel
485 1330 560 1395 (Gen.
573 1331 632 1396 xn),
650 1327 723 1381 sicut
738 1341 823 1396 supra
838 1323 994 1393 intelligen·
1034 1319 1122 1388 igitur
1132 1317 1214 1371 aliter
1224 1315 1398 1385 Scripturam
1408 1311 1838 1382 intelligitquamsensussancti

193 1426 260 1478 dum
276 1428 329 1487 est,
346 1438 401 1475 non
417 1426 476 1473 tam
496 1418 637 1472 Abrabam
655 1415 709 1469 illis
729 1413 872 1467 inimicum
896 1408 992 1475 fuisse,
1036 1406 1157 1479 Spiritus
1168 1405 1285 1474 flagitet,
1300 1419 1355 1474 cluo
1366 1402 1524 1472 conscripta
1535 1401 1660 1465 est,licet
1671 1401 1705 1453 de
1719 1400 1838 1453 Ecclesia

194 1511 348 1583 quaniilles
358 1508 508 1563 virtutibus
518 1505 636 1559 Alnalne
651 1512 679 1557 et
690 1503 828 1573 religioni,
840 1517 993 1572 perquam,
1036 1512 1091 1549 non
1107 1493 1262 1553 recesserit,
1274 1500 1369 1545 tumen
1383 1490 1529 1544 hereticus
1545 1489 1680 1560 appellari
1696 1494 1837 1559 potestur

194 1600 307 1655 calcetis
322 1597 413 1661 idelis,
434 1595 577 1664 cognitum
598 1592 783 1646 venerebatur
801 1592 900 1644 Deum.
922 1584 994 1644 lllud
1036 1584 1070 1637 de
1086 1583 1178 1637 carnis
1190 1580 1320 1653 operibus
1330 1585 1382 1643 est,
1394 1580 1500 1648 eligens
1510 1594 1571 1648 quoe
1579 1579 1676 1648 pejora
1685 1583 1762 1631 sunt.
1775 1577 1838 1630 ele-

194 1703 316 1758 quoque,
329 1685 404 1756 quod
419 1684 521 1757 populo
536 1681 696 1753 precipitur
710 1680 795 1733 lsrael
807 1680 902 1741 (ilem.
917 1680 993 1745 xxv),
1036 1690 1111 1726 reses
1122 1671 1250 1743 sequitur
1264 1668 1378 1733 inuidia,
1391 1684 1473 1738 quem
1485 1683 1541 1720 non
1551 1672 1683 1737 putemus
1693 1664 1769 1719 idem
1779 1681 1839 1719 esse

195 1784 227 1832 ut
237 1776 300 1830 odio
310 1774 491 1845 sempiterno,
503 1777 531 1825 et
541 1772 571 1823 in
581 1776 707 1841 posteros
717 1767 992 1823 transmissadiscor·
1003 1750 1026 1810 Β
1038 1761 1111 1831 qued
1127 1760 1215 1813 zelum
1229 1777 1233 1810 :
1254 1757 1321 1828 quia
1335 1757 1409 1810 zelus
1423 1762 1451 1809 ct
1466 1755 1493 1808 in
1509 1755 1611 1809 bonam
1625 1760 1737 1825 partem
1751 1752 1838 1825 accipi

196 1865 252 1930 dia,
264 1862 370 1917 inimici
381 1859 615 1923 sintMadianaeis,
627 1857 758 1929 quasihis
768 1856 879 1921 dicitur,
889 1854 937 1926 qui
945 1854 997 1908 sub
1038 1855 1139 1919 potest,
1150 1864 1214 1901 cum
1222 1846 1283 1916 quis
1293 1845 1393 1898 nititur
1403 1861 1445 1898 ea.
1459 1861 1520 1913 qim¹
1531 1843 1649 1897 meliore
1661 1848 1738 1908 sunt,
1752 1860 1838 1897 eemu-

196 1953 347 2025 paedagogo
363 1956 453 2014 crant,
470 1956 500 2003 et
509 1948 537 2001 in
549 1947 605 2000 alio
616 1948 675 1999 loco
689 1945 870 1999 merebuntur
879 1942 994 1998 audire:
1038 1936 1099 1991 leri.
1120 1936 1227 1990 lusidio
1248 1952 1311 1988 vere
1333 1933 1426 1986 illicne
1447 1932 1579 1986 felicitate
1593 1939 1753 2001 torquetur,
1770 1938 1799 1985 et
1812 1931 1840 1984 in

199 2043 265 2097 Odie
275 2042 342 2094 bebo
356 2042 508 2093 inienicem
525 2042 603 2090 toene
615 2035 686 2103 (Lee.
704 2019 770 2104 xia).
782 2035 839 2087 Aut
852 2039 928 2086 certe
942 2048 998 2085 non
1041 2025 1180 2096 duplicem
1195 2022 1333 2077 scinditur
1341 2022 1509 2093 passionem,
1521 2038 1585 2074 cum
1598 2025 1648 2074 eut
1663 2021 1724 2090 ipse
1738 2027 1783 2074 est
1793 2020 1841 2074 ali-

198 2138 254 2184 tam
269 2143 464 2200 personarum,
485 2141 570 2196 quam
585 2140 696 2177 morum
710 2128 753 2176 est
765 2121 839 2176 lucta
853 2121 998 2179 dissensio,
1042 2113 1104 2184 quis
1115 2112 1143 2165 in
1158 2129 1200 2176 eo,
1214 2111 1242 2164 in
1257 2127 1312 2181 quo
1325 2111 1412 2163 alium
1423 2126 1483 2163 esse
1495 2126 1550 2163 non
1561 2109 1630 2176 vult,
1643 2114 1693 2162 out
1705 2107 1793 2162 ulium
1805 2108 1841 2160 vi·

199 2225 230 2273 ut
245 2216 385 2288 quomodo
399 2216 474 2270 Deus
489 2213 598 2267 utiliter
609 2212 685 2265 inter
694 2217 851 2284 serpentem
862 2218 891 2264 et
900 2209 1001 2264 mulie·
1041 2201 1111 2255 dens
1128 2217 1189 2254 esse
1204 2199 1359 2264 meliorem,
1376 2198 1452 2251 delet
1462 2215 1492 2251 sc
1502 2198 1539 2279 nei
1559 2214 1616 2251 non
1630 2213 1692 2250 esse
1707 2197 1840 2251 consimi-

198 2325 257 2361 rem
268 2305 430 2360 inimicitius
446 2303 548 2374 posuit,
564 2318 601 2367 ne
620 2301 749 2355 amicitie
766 2316 863 2354 eorum
888 2298 1000 2352 inutiles
1043 2290 1107 2343 lem·
1117 2288 1236 2342 Pulchre
1251 2287 1365 2358 quidam
1378 2287 1413 2339 de
1428 2286 1575 2340 neotericis
1585 2286 1715 2340 Graecum
1729 2302 1840 2339 versum

199 2401 294 2450 essent
307 2393 425 2452 homiui,
442 2408 493 2463 per
508 2407 577 2462 (quus
593 2391 734 2460 projectus
749 2394 792 2442 est
805 2389 839 2441 du
854 2386 997 2459 paludium
1039 2377 1212 2430 translerens
1227 2376 1349 2446 elegiaco
1364 2381 1453 2428 metro
1468 2375 1503 2427 de
1518 2374 1622 2428 invidie
1636 2374 1705 2428 lusit
1717 2375 1813 2428 dicens
1833 2393 1838 2424 :

197 2485 238 2539 ite
248 2491 277 2537 et
286 2483 315 2536 in
325 2479 460 2538 Israelitis
469 2487 496 2533 et
506 2478 668 2533 Madiemeis
680 2478 735 2530 ritu
746 2477 835 2546 relegis
846 2475 998 2537 dissimilis,
1118 2491 1210 2539 lulum,
1225 2489 1313 2537 uului,
1333 2488 1393 2536 „filu
1410 2494 1463 2536 „22
1481 2489 1537 2551 qul,
1552 2488 1661 2548 mum„
1677 2489 1769 2549 ipsum,

199 2589 284 2643 quam
298 2586 368 2642 gens
384 2585 440 2623 une
451 2569 584 2621 damnata
594 2573 645 2620 est.
659 2567 815 2636 Septimum
826 2566 917 2619 locum
927 2564 1001 2618 inter
1179 2571 1306 2618 Auctorem
1321 2569 1382 2616 rudit
1393 2569 1557 2629 excruciatque
1570 2566 1697 2617 animum.

199 2654 796 2729 carnisoperaeorelcntiepossidet,quodum
806 2653 1001 2723 quasisacrate
1044 2659 1162 2729 scripsit
1175 2666 1204 2711 ut
1220 2657 1319 2711 beatus
1334 2658 1491 2728 Cyprianus
1506 2656 1609 2710 librum
1623 2657 1659 2710 du
1672 2657 1738 2711 2010
1753 2667 1783 2711 eu
1796 2658 1842 2712 [l.

201 2755 229 2801 et
243 2745 377 2800 eminenti
398 2744 472 2797 inter
494 2742 561 2795 vitia
584 2758 701 2795 nurnero
720 2741 863 2794 collocata.
884 2743 1001 2795 Servum
1042 2764 1106 2801 vore
1116 2747 1196 2800 valde
1206 2746 1453 2816 optimumzquem
1462 2745 1510 2814 qui
1520 2743 1628 2815 legerit,
1639 2761 1695 2800 non
1703 2742 1844 2801 dubitabit

200 2842 292 2889 eutem
302 2835 416 2888 Deretini
427 2848 482 2885 nen
490 2836 592 2900 opertet
601 2833 703 2895 re'eert',
713 2831 816 2883 secluso
825 2834 1001 2882 tirunculum
1042 2851 1229 2890 annumerare
1238 2832 1368 2904 operibus
1377 2833 1471 2887 curuis
1480 2832 1623 2886 iuvidiam,
1635 2833 1844 2888 lnoerinufflum

199 2926 341 2987 adernnes,
350 2923 494 2986 doctorem,
505 2922 703 2987 loupenimcm,
715 2935 778 2970 esini
788 2918 1001 2971 rrieeruuetedinc
1042 2928 1139 2977 aulum
1154 2929 1182 2976 ut
1196 2921 1364 2976 invidiosum
1376 2921 1564 2986 huuiulurusl,
1577 2921 1651 2991 quud
1664 2920 1777 2976 lucidus
1786 2920 1845 2975 full.

200 3013 371 3066 erudientem.
389 3013 471 3062 etium
487 3026 528 3061 eos
541 3010 591 3075 qui
608 3009 777 3060 econtrario
795 3008 939 3073 disputent
961 3006 1002 3072 (ΙΙ
1043 3012 1113 3066 cieri
1128 3008 1240 3065 invidus
1255 3018 1298 3064 est
1309 3009 1450 3080 [inrideth
1464 3008 1616 3063 insidiosus
1626 3009 1726 3080 estqui
1741 3009 1777 3063 ab
1791 3008 1845 3064 alie

203 3103 272 3154 Tim.
289 3103 328 3167 n).
347 3098 414 3152 Post
433 3095 640 3150 contentionem
655 3100 751 3148 octava
772 3093 895 3148 succedit
912 3110 999 3148 remu·
1043 3100 1149 3171 patitur
1166 3099 1309 3152 iuvidiam,
1335 3099 1473 3161 Quunum
1497 3097 1636 3151 decimum
1658 3098 1753 3152 loeum
1772 3099 1846 3152 ime,

199 3187 277 3251 latio,
294 3202 356 3257 quae
366 3184 462 3239 Graeco
472 3199 600 3237 sermone
609 3176 686 3246 ζῆλος
696 3181 902 3253 significantius
912 3187 940 3235 et
950 3198 1001 3235 no·
1042 3189 1134 3243 curnis
1144 3204 1231 3259 opero
1243 3187 1364 3241 ebrietus
1376 3193 1455 3240 tenet
1467 3204 1472 3237 :
1485 3187 1592 3240 Ebriesi
1606 3186 1710 3258 quippe
1725 3202 1844 3256 ecquem

200 3275 256 3329 eus
269 3273 435 3346 appellatur.
453 3272 514 3336 Quo
529 3271 641 3342 quidun
657 3269 741 3326 malo.
758 3270 929 3340 nescioquis
950 3286 1001 3324 no·
1043 3280 1092 3332 eu·
1116 3293 1172 3331 irunt
1194 3278 1370 3345 possidecunt
1391 3278 1415 3342 l!
1436 3277 1497 3329 eor.
1526 3277 1571 3345 ul,
1596 3275 1630 3328 Et
1648 3274 1787 3330 eominus
1808 3276 1843 3330 ee

200 3369 292 3417 strum
306 3367 410 3416 careat.
426 3361 513 3415 Zelati
522 3366 589 3415 sunt
599 3359 673 3414 enirn
684 3365 712 3413 et
721 3359 886 3430 patriarcba
898 3360 1002 3429 loseph
1043 3364 1407 3436 discipuloszdaeetc,ait,nc
1415 3367 1486 3430 lerte
1495 3367 1649 3430 precemur
1658 3366 1744 3418 eorda
1753 3370 1842 3419 vestra

200 3452 317 3507 fratrem
332 3467 414 3505 suuni
428 3451 502 3518 (deu.
517 3453 641 3517 xxxrn);
658 3456 686 3503 et
698 3448 788 3502 Maria
798 3456 827 3502 et
834 3449 929 3502 Aaron
939 3464 1002 3518 pro·
1043 3457 1074 3508 in
1089 3457 1154 3508 eino
1168 3460 1193 3507 et
1207 3457 1325 3521 crepula
1340 3455 1414 3515 (lue.
1431 3458 1500 3520 xxi).
1516 3452 1588 3506 Vino
1603 3452 1726 3507 hominis
1741 3469 1842 3509 seusus

200 3542 298 3611 phetes
313 3540 363 3594 Dei
375 3546 403 3592 et
417 3537 546 3593 sacerdos
561 3543 660 3591 contra
674 3537 789 3607 Moysen
803 3536 852 3590 tali
871 3536 1001 3608 passione
1042 3543 1186 3605 evertitur,
1194 3542 1280 3614 pudes
1294 3548 1438 3603 colluunt,
1454 3557 1534 3594 mens
1549 3541 1668 3603 vacillat,
1680 3540 1769 3596 libido
1779 3559 1841 3598 suc,

201 3629 309 3700 decepti
320 3634 387 3682 sunt
399 3647 403 3680 ε
416 3628 444 3681 in
455 3633 566 3681 tentum
576 3626 667 3680 utilla
678 3626 712 3680 de
723 3642 779 3697 qua
788 3626 1000 3696 Scripturanar-
1041 3631 1178 3685 cauditus,
1194 3630 1275 3684 [ludu
1298 3630 1449 3700 Apostolus
1462 3629 1607 3683 damnat,-
1623 3630 1656 3683 El
1684 3632 1796 3693 vinum.
1811 3633 1843 3684 ,ῃ

200 3724 311 3772 raserat
325 3718 436 3771 dicens:
454 3718 557 3770 Tellens
571 3721 664 3769 eutem
675 3717 767 3769 Maria
780 3716 919 3784 prophetes
929 3719 1000 3781 euiu-
1041 3737 1093 3788 quu
1108 3725 1145 3773 lul
1165 3721 1282 3772 luxuria
1299 3719 1403 3786 euplus,
1417 3723 1454 3786 v),
1472 3717 1563 3771 Habet
1586 3717 1768 3789 unusquique
1786 3735 1842 3774 Μ

197 3823 316 3877 ponere,
324 3811 571 3874 etccetere,pestee
579 3809 657 3858 extra
666 3810 758 3858 castre
770 3804 903 3875 projecta,
916 3803 1000 3874 lepre
1043 3807 1189 3862 suutentiae
1201 3812 1378 3879 potestatem,
1397 3807 1454 3876 Ego
1464 3807 1628 3878 Apostolum
1639 3823 1753 3877 sequor,
1765 3807 1795 3861 ln
1805 3807 1842 3862 ul.

198 3896 266 3951 vitio
277 3895 422 3949 sordidata
432 3893 478 3959 sit,
489 3900 518 3947 et
526 3893 720 3964 poenitentiam
730 3892 884 3961 longiorem
894 3897 1000 3962 septeni
1043 3915 1078 3951 uo
1092 3914 1152 3951 essu
1168 3896 1315 3960 luxuriam,
1333 3895 1361 3948 lu
1382 3895 1444 3948 vino
1466 3894 1630 3948 ebrletatem
1652 3894 1842 3951 mmmmm

200 3985 311 4038 dierum
320 3981 496 4054 separatione
507 3982 658 4052 signaverit
667 3981 764 4051 (tirou.
778 3992 833 4045 nel.
845 3982 890 4034 lre
900 3980 1000 4033 deinde
1042 3994 1136 4040 autum
1148 3992 1177 4038 et
1188 3984 1328 4038 luxuriam
1338 3983 1413 4037 iuter
1427 3982 1519 4037 carnis
1530 4000 1615 4053 opera
1623 3984 1777 4038 nominari.
1786 3986 1843 4039 Nec

200 4067 999 4141 succeditquaejustltiomveiireuopereturfflecrletspe-
1039 4074 1088 4128 ille
1102 4079 1194 4144 petest
1206 4088 1319 4141 negare,
1336 4071 1383 4141 qui
1393 4071 1499 4124 eisdem
1513 4071 1691 4141 passionibus
1710 4073 1840 4127 vincitur,

200 4158 255 4213 cies
270 4164 312 4210 est
321 4157 432 4211 furoris.
446 4156 522 4210 Inter
531 4157 703 4211 iracundiam
715 4163 809 4210 eutem
821 4164 849 4210 et
859 4157 931 4209 iram
946 4157 998 4210 hee
1040 4161 1148 4215 Etlicet
1161 4176 1206 4213 me
1220 4160 1334 4231 quidum
1350 4160 1379 4213 in
1390 4176 1423 4213 eo
1438 4159 1518 4216 libre.
1535 4176 1618 4229 quem
1643 4160 1678 4214 de
1699 4162 1839 4215 servanda

124 4308 133 4324 .
200 4246 326 4312 interest,
335 4244 408 4315 quod
419 4244 571 4298 iracundus
580 4261 691 4314 semper
701 4242 841 4309 irascitur,
850 4244 939 4297 iratus
947 4261 997 4315 pro
1038 4248 1197 4319 virginitate
1207 4248 1353 4319 concripsi‚
1365 4248 1627 4319 reprehendendum
1637 4255 1748 4319 putent,
1766 4250 1839 4321 quod

200 4342 326 4406 ῘΕῙΠΡΟΙῸ
347 4333 512 4399 efficimus,
534 4339 563 4386 θῑ
582 4333 675 4386 nescio
693 4333 756 4403 (luis
773 4332 862 4403 POSSit
880 4349 999 4402 regnum
1039 4337 1156 4392 dixerim
1172 4337 1403 4402 adolescentulas
1418 4337 1458 4390 ite
1471 4336 1566 4390 sinum
1577 4335 1679 4390 debere
1693 4336 1793 4408 sugere
1809 4345 1842 4392 ut

200 4424 250 4479 Dei
270 4422 424 4495 possidere,
443 4438 508 4476 eum
531 4422 554 4475 is
580 4421 627 4492 qui
652 4421 792 4486 irascitur,
814 4428 960 4492 separetur
982 4438 1001 4474 a
1040 4424 1723 4496 venenum,nonmesententieepoenitcbit.0pus
1736 4426 1841 4498 qnippe

200 4528 295 4584 regne.
313 4510 388 4567 Rixce
404 4528 524 4583 quoque,
537 4526 606 4582 quas
621 4510 697 4564 aliud
712 4509 799 4564 Graeci
809 4510 1001 4580 significanter
1041 4514 1079 4568 ibi
1088 4513 1179 4585 magis
1189 4513 1255 4575 vini,
1269 4529 1355 4584 quarn
1368 4514 1420 4568 Dei
1434 4530 1450 4566 u
1463 4512 1543 4567 nobis
1563 4519 1693 4567 creauuu
1705 4514 1841 4568 damnum

200 4594 313 4672 ἐριθειας
346 4608 454 4666 vocent,
484 4599 621 4670 siquidem
651 4598 711 4652 rixo
740 4588 815 4669 μάχη
841 4600 954 4665 dicitur,
984 4618 1001 4653 a
1041 4609 1099 4658 est:
1116 4601 1297 4656 etliccntiam
1312 4602 1428 4681 tulimus
1441 4601 1543 4671 virgini
1561 4601 1674 4672 proprio
1689 4603 1783 4657 eamus
1796 4620 1842 4657 ee.

202 4705 287 4758 regno
320 4690 368 4742 Dei
399 4689 556 4759 prohibent.
587 4689 635 4743 Est
666 4692 759 4742 autem
792 4683 903 4758 ἐριθεία,
935 4705 999 4743 cum
1041 4692 1099 4745 lore
1113 4690 1293 4754 ferremere
1309 4690 1360 4744 sub
1374 4690 1517 4744 occasione
1532 4706 1633 4761 parum
1647 4689 1760 4744 bibendi
1775 4692 1842 4763 plus

201 4776 264 4845 quis
277 4792 388 4847 semper
398 4777 433 4829 ud
450 4776 697 4832 contradicendum
712 4783 836 4848 paratus,
855 4778 998 4831 stomacho
1041 4779 1149 4834 biberet
1161 4787 1189 4833 et
1204 4780 1308 4850 periret
1320 4797 1326 4845 ς
1343 4779 1468 4849 alioquin
1481 4777 1637 4833 sciebamus
1651 4786 1680 4833 et
1694 4779 1724 4833 in
1735 4779 1842 4835 cni-ise

201 4864 356 4918 delectetur
364 4864 501 4930 alieno,et
508 4866 636 4920 muliebri
640 4866 734 4936 jurgio
744 4866 896 4929 contendit,
906 4872 1000 4936 etpro·
1040 4868 1177 4939 sanguine
1191 4869 1287 4922 vinum
1300 4867 1454 4922 consecrari
1464 4887 1471 4933 3
1481 4868 1627 4923 Timotheo
1636 4867 1784 4934 vinum‚ut
1797 4868 1841 4922 hi.

202 4952 514 5007 vocutcontendenteni.
528 4955 658 5008 llaeculio
673 4955 785 5008 nemine
802 4956 876 5026 apud
890 4954 1000 5008 Grecos
1039 4956 1129 5023 beret,
1145 4957 1315 5028 imperatum
1336 4957 1360 5022 ll
1378 4958 1447 5010 Trou.
1462 4965 1495 5020 vl.
1513 4955 1638 5009 Ebrietas
1663 4961 1759 5010 autem
1781 4963 1843 5012 tam

201 5033 346 5112 φιλονεικία
361 5041 528 5112 appellatur.
544 5043 600 5095 Nee
616 5060 672 5097 nen
682 5048 710 5097 et
719 5043 904 5098 dissensiones
914 5059 999 5114 opera
1040 5063 1073 5099 cx
1090 5046 1154 5100 rino
1178 5062 1263 5116 quam
1279 5062 1312 5099 ex
1335 5045 1446 5098 ueteris
1470 5044 1582 5098 bibendi
1597 5045 1758 5115 generibus,
1779 5063 1843 5117 quie

201 5130 293 5184 cernis
304 5135 389 5196 sunt;
405 5147 469 5184 cum
486 5130 548 5200 quis
559 5148 737 5202 nequaquem
751 5132 889 5203 perfectus
899 5132 997 5185 eodem
1040 5134 1116 5188 verio
1126 5134 1209 5187 modo
1224 5134 1417 5197 conficiuntur,
1430 5138 1522 5202 potest
1541 5133 1677 5199 accidere,
1694 5150 1799 5204 exque
1814 5134 1845 5188 et

202 5237 286 5274 sensu
297 5227 325 5274 et
334 5219 577 5275 eademsententiu
587 5219 673 5273 dicat:
683 5221 737 5287 Eue
746 5223 905 5279 soirrl’eeli,
918 5225 998 5288 clepo
1039 5223 1074 5276 de
1088 5229 1184 5276 sancte
1199 5221 1302 5275 dicitur
1319 5240 1323 5273 :
1344 5223 1443 5276 l'temu
1454 5227 1477 5273 el
1488 5225 1606 5276 sicerum
1617 5238 1674 5275 eeu
1686 5224 1840 5292 bidellium.

202 5310 306 5375 :lpoltu
318 5313 342 5360 et
353 5326 398 5374 rue
409 5309 508 5376 Orphe,
521 5312 544 5359 et
555 5309 720 5373 euoeerese
740 5310 795 5363 Sed
809 5317 837 5364 et
851 5310 998 5363 dumorum
1040 5311 1058 5382 1)
1071 5328 1076 5362 :
1093 5311 1183 5364 sicera
1197 5311 1399 5381 interpretatur
1413 5309 1544 5363 ebrietes.
1562 5310 1596 5363 Et
1613 5326 1649 5363 no
1664 5311 1727 5381 quis
1740 5311 1842 5366 vinum
1857 5346 1866 5367 i

202 5395 276 5449 inter
290 5412 319 5448 se
334 5396 392 5449 lnec
408 5397 505 5450 eadem
519 5395 654 5449 dissensio
674 5397 823 5468 reperitur,
845 5398 938 5451 inmiti
957 5399 998 5452 ri·
1040 5415 1096 5453 non
1116 5399 1224 5465 bibens,
1249 5399 1324 5452 aliud
1349 5397 1400 5451 sibi
1414 5405 1527 5469 putaret
1548 5398 1710 5465 bibendum,
1726 5400 1844 5456 exclusa

202 5483 303 5537 delicet
317 5483 353 5536 ed
367 5500 492 5550 uxorem,
508 5483 594 5555 patris
614 5485 648 5537 ad
670 5485 768 5551 lilium,
783 5485 878 5540 fratris
893 5487 928 5539 ud
943 5486 998 5540 ire·
1040 5487 1165 5542 causatio
1178 5494 1229 5547 est,
1245 5487 1313 5541 dum
1328 5504 1410 5541 omne
1423 5488 1497 5559 qnod
1510 5487 1649 5542 inebriare
1658 5495 1762 5559 petest,
1773 5506 1842 5544 cum

203 5579 285 5636 trouu
303 5572 427 5627 conservi
442 5573 478 5627 ad
491 5589 664 5640 conservum,
681 5574 779 5629 militis
796 5574 832 5630 ad
850 5573 999 5630 contuber-
1040 5574 1103 5630 vino
1115 5575 1221 5646 pariter
1233 5575 1368 5630 aufertur.
1378 5576 1607 5643 Quintadecime,
1620 5582 1734 5647 quaeest
1744 5584 1842 5632 citre—
