3772 6120
102 305 153 362 189
325 305 615 364 nunnnnt'lonmt
633 305 673 362 tu
692 305 769 363 ΕΡΡ.
790 304 897 364 PAULI
916 306 985 365 Lm.
1005 307 1067 367 llll.
1090 338 1121 349 -
1142 309 1180 368 IN
1200 309 1311 369 EPIST.
1332 308 1358 369 11
1377 311 1425 369 AD
1445 310 1526 366 COR.
1694 309 1744 371 tto

101 432 220 502 quisque
238 449 303 489 eum
319 433 349 489 in
366 449 481 504 corpore
499 432 603 487 vireret
629 431 810 504 compararit,
830 437 858 486 et
879 432 1035 495 einamma
1047 438 1148 490 resistit
1161 437 1228 503 (iae.
1240 451 1293 502 nn
1311 435 1494 508 superborum
1505 436 1580 493 enim
1592 452 1671 494 mens
1684 436 1743 491 fru-

101 530 216 591 possent
236 522 292 576 ista
305 522 449 593 prodesse,
464 537 518 577 non
534 521 610 577 enim
632 520 761 576 omuibus
776 528 901 593 prosunt.
944 529 1020 577 ctum
1035 524 1166 580 norrstrcit
1180 525 1214 580 de
1229 525 1285 581 neo
1294 525 1420 595 dignum.

101 610 193 673 Quare
208 627 266 666 non
280 609 561 682 omnihusprosunt?
577 609 632 664 nisi
642 615 757 683 propter
772 609 903 665 differen-
981 611 1041 667 Sier
1059 630 1121 680 cepo
1137 620 1223 669 iricrrtc
1239 616 1400 680 crccdhnns,
1421 616 1473 667 hco
1494 633 1501 666 :
1522 616 1576 667 sive
1592 615 1679 672 sobrii
1692 630 1744 667 su·-

100 698 169 754 tiam
184 699 258 756 titre.
275 716 361 769 quarn
377 700 494 770 quisque
509 699 598 769 pessit
614 699 770 768 incorpore
786 698 905 764 3facien-
946 717 1017 763 cirris,
1038 702 1118 756 nohis.
1136 701 1194 755 lloc
1209 701 1287 766 dicit,
1307 701 1405 773 quiesi
1419 702 1490 755 elate
1505 703 1547 755 rel
1561 701 1679 775 superbe
1691 717 1744 773 pu·

100 788 166 842 duni
183 793 228 843 est
240 788 378 858 judicium
388 788 672 859 atquejustitia,quod
684 786 763 843 nobis
772 787 862 859 prosit
875 787 905 842 in
945 790 1148 854 taturlocutus,
1157 790 1221 860 (puin
1231 791 1345 847 laudere
1353 808 1382 848 se
1393 790 1524 860 risusest,
1537 774 1743 856 verumdioem',

101 877 481 948 posterumquaneocecipit
492 878 611 948 quisque
625 877 777 932 seeundum
793 892 826 933 ea
843 893 904 949 que
945 879 1003 935 Deo
1013 878 1065 933 hoe
1075 878 1295 947 1·emittenclunr;
1311 880 1334 932 si
1350 887 1444 935 autem
1460 896 1515 935 nim
1526 878 1644 952 superbe
1663 876 1748 937 intol·'

101 982 150 1035 per
164 982 268 1036 corpus
280 966 378 1035 gessit,
386 965 446 1023 sibe
453 965 566 1027 borium,
584 966 642 1023 sire
652 966 768 1031 malurn,
780 981 831 1039 per
842 982 904 1019 eor·
945 966 1051 1037 ligitur,
1063 968 1112 1023 sed
1128 967 1163 1023 ad
1176 969 1296 1037 gloriam
1311 969 1485 1025 audientium
1491 985 1550 1025 esse
1563 968 1679 1027 locutus,
1693 968 1731 1021 Co

101 1071 154 1124 pus
165 1055 272 1125 quippe
281 1054 321 1111 ibi
336 1055 407 1111 dixit
414 1056 574 1125 Apostolus,
586 1071 636 1126 per
643 1061 765 1124 tempus
776 1070 830 1127 quo
838 1054 904 1110 risit
946 1055 1200 1129 rinthiisprolimre
1214 1057 1290 1111 dicit.
1307 1065 1338 1113 ut
1348 1063 1414 1112 tunc
1430 1057 1682 1115 sitirirmsitdieturn
1696 1072 1742 1114 au·

102 1145 128 1198 in
144 1160 374 1214 corpore,neque
385 1144 460 1199 enim
472 1143 564 1216 siquis
576 1143 801 1212 malignamente
820 1151 905 1215 atque
946 1144 1096 1207 clientibus,
1122 1145 1144 1199 si
1160 1146 1198 1201 itu
1224 1145 1397 1215 intelligatur
1417 1154 1448 1199 ut
1466 1146 1625 1201 dictumest
1639 1165 1644 1210 ;
1657 1146 1679 1201 si
1696 1161 1744 1205 au·

101 1232 653 1304 isnpiacogitetioneblasphemet,neque
662 1232 689 1285 id
700 1232 764 1287 ullis
773 1231 906 1290 niernhris
946 1240 1004 1289 tem
1013 1235 1154 1306 jactanter
1168 1241 1281 1306 putetur
1294 1234 1410 1300 dictum,
1427 1235 1501 1289 velut
1515 1235 1645 1290 insanum
1659 1234 1742 1290 olleo

101 1330 245 1391 operemr,
256 1322 320 1386 ideo
330 1339 388 1378 non
399 1322 454 1377 erit
463 1338 535 1388 reue
549 1321 615 1393 quia
629 1321 657 1375 id
673 1337 729 1377 non
748 1325 825 1377 motu
844 1338 905 1377 eor·
947 1321 1159 1379 dimittendum:
1174 1323 1345 1380 omniscuim
1354 1322 1683 1395 superbiavelutinsania
1696 1323 1744 1379 he·

101 1410 284 1481 periegessit,
295 1427 360 1465 cum
375 1410 428 1465 lme
438 1427 488 1482 per
500 1411 569 1469 illud
584 1415 696 1484 tempus
709 1409 837 1481 gesserit,
852 1426 905 1481 quo
949 1410 1126 1467 hetu1·.Unde
1141 1412 1202 1483 ipsa
1213 1412 1320 1467 Veritas
1335 1412 1363 1464 in
1375 1411 1524 1481 Evangelio
1539 1412 1580 1466 ait
1596 1429 1600 1465 :
1620 1412 1744 1467 l'idchilis

99 1499 190 1569 gessit
200 1507 229 1555 et
235 1500 462 1570 corpuslptueri
470 1500 599 1555 corisenit
607 1497 831 1569 Apostoliverba‚
839 1498 905 1571 quie
947 1503 1042 1556 culam
1056 1506 1192 1568 epermm,
1206 1506 1229 1553 ct
1239 1505 1348 1569 orrpclos
1359 1502 1530 1555 osecnuhntes
1545 1505 1568 1553 ct
1583 1501 1744 1559 deseramn-

100 1604 156 1643 nen
171 1588 243 1645 dixit
253 1588 359 1643 referre
369 1594 498 1659 oportere
516 1605 580 1643 cum
595 1588 642 1660 qui
657 1588 810 1658 judicatur,
822 1594 906 1659 prout
946 1595 982 1641 ter
997 1605 1081 1656 scipro
1102 1591 1122 1643 F
1123 1592 1203 1643 ilium
1220 1591 1339 1643 herm'nis
1367 1592 1455 1653 (icore.
1475 1591 1503 1656 ι).
1524 1587 1597 1643 Audi
1613 1605 1669 1644 nno
1684 1588 1742 1644 loeo

97 1678 187 1746 gessit
197 1683 264 1732 ante
281 1694 401 1748 eorpus,
418 1676 596 1736 manitestum
611 1683 662 1743 est,
682 1677 747 1747 quia
766 1693 821 1733 non
838 1682 904 1733 aitte
945 1677 1038 1750 ipsum
1051 1678 1215 1748 Apostolum
1231 1678 1427 1734 ascendentem
1443 1684 1471 1733 et
1484 1678 1699 1734 descendentem
1713 1676 1743 1735 in

98 1782 218 1836 corpora
227 1767 329 1823 animae
339 1766 519 1821 exstiterunt:
533 1765 636 1821 sienim
645 1772 711 1834 ante
721 1766 902 1833 exstitissent,
914 1757 1001 1821 Bnnu
1012 1767 1152 1823 sententia
1165 1786 1171 1821 :
1183 1765 1243 1821 Sioc
1258 1770 1342 1829 cratin,
1355 1768 1455 1839 inquit,
1470 1773 1555 1823 rrirnh*
1571 1770 1741 1835 crccssinms,

97 1856 204 1909 diceret
216 1855 564 1926 utiqueApestolus,sieut
574 1871 740 1929 percorpus,
750 1855 789 1909 ito
800 1860 902 1911 ciente
943 1857 1008 1913 Deo:
1022 1858 1076 1909 siee
1096 1862 1275 1923 {remorantes
1290 1873 1385 1909 saintes
1405 1858 1486 1911 vohis.
1505 1856 1576 1921 Quid
1593 1862 1635 1912 est
1648 1860 1742 1915 mente

97 1961 209 2014 corpus.
220 1944 341 1999 Scientes
348 1961 412 2011 erpo
420 1948 545 1997 timorem
553 1945 616 2001 ilem
622 1946 664 1997 ini
673 1944 831 1997 horrn'nihus
841 1959 903 1997 suu·
943 1944 1112 1999 excessimus
1123 1944 1177 2000 'lut
1188 1944 1236 1999 illa
1250 1944 1394 1999 videamus
1405 1962 1465 2016 quie
1481 1961 1535 2001 non
1556 1945 1621 1999 lieet
1636 1945 1743 2003 leontini

97 2036 205 2089 demus.
224 2035 275 2087 nea>
295 2039 388 2087 autem
410 2035 552 2100 ricartiscsti
565 2049 671 2087 sitinus,
693 2031 811 2098 (Ambr.)
831 2034 902 2096 nuo·
944 2034 1029 2107 loqui.
1043 2034 1115 2097 Quid
1126 2039 1367 2104 esttemperantes
1378 2051 1474 2088 sunaus
1489 2032 1566 2087 vohis
1578 2034 1590 2088 ‘l
1608 2034 1744 2104 hunnerici

98 2123 175 2177 niem
185 2139 254 2191 ergo
261 2122 402 2193 judicium
412 2120 462 2176 Dei
470 2120 594 2177 futurum
603 2127 646 2176 est
655 2137 704 2192 per
713 2120 856 2175 Christum
866 2121 900 2175 ad
938 2124 1067 2191 judicavi
1080 2140 1122 2176 tric
1137 2126 1206 2177 scire
1221 2125 1331 2191 (rtr'qrrid
1345 2126 1471 2179 intervos
1487 2126 1544 2177 uisi
1557 2126 1649 2178 lencm
1665 2123 1744 2178 ehre-

98 2211 280 2280 singulorum
289 2210 512 2265 discriminanda
521 2227 615 2282 opera,
631 2209 733 2266 idcirco
752 2209 902 2283 Apostolus
942 2215 1016 2265 stum
1026 2217 1049 2265 et
1064 2213 1138 2265 laurio
1152 2213 1315 2278 crrna'firmn
1329 2220 1340 2263 :²
1355 2212 1384 2281 (I
1398 2212 1458 2267 Cor.
1475 2215 1513 2276 n).
1532 2210 1561 2267 Si
1575 2210 1634 2282 ipse
1649 2210 1743 2267 Domi-

99 2299 218 2354 suadcre
228 2299 336 2356 sedicit
350 2300 386 2353 ad
396 2299 501 2355 bonnm
510 2316 623 2355 sensum
633 2305 662 2354 et
675 2298 810 2363 vitamet
824 2297 901 2354 audi·
944 2315 995 2355 nus
1008 2300 1142 2359 ascendit,
1159 2307 1186 2353 et
1203 2300 1356 2361 inscendit,
1380 2299 1559 2356 manifestum
1577 2304 1619 2354 est
1635 2298 1700 2371 quin
1714 2306 1742 2354 et

98 2397 173 2443 tores
189 2391 252 2457 ejus
268 2390 358 2443 securi
373 2388 563 2459 sintdepoena
577 2389 680 2452 lutura,
693 2388 788 2461 etipse
798 2386 901 2459 glorie·
943 2389 1137 2463 predicatores
1146 2389 1234 2461 ipsius
1248 2389 1402 2444 ascendunt
1416 2389 1445 2444 in
1465 2388 1679 2455 illuminatione,
1696 2387 1742 2441 de·

97 2480 180 2535 turin
190 2479 235 2535 his
244 2477 750 2540 hahenst'metumlabiorumsuerum,
760 2477 826 2546 quia
836 2493 902 2551 quo·
943 2478 1079 2537 scendunt
1107 2478 1311 2548 predicatione.
1345 2477 1465 2534 l'crlnnu
1485 2477 1586 2532 extasis
1603 2477 1740 2542 Graecum,

99 2568 230 2623 rumdam
247 2566 422 2637 praviloquio
437 2567 496 2620 dies
507 2566 605 2637 Juclicii
621 2566 671 2621 liei
684 2566 712 2619 in
726 2565 841 2619 dubium
856 2565 901 2621 ds·
943 2567 1041 2620 Latine
1051 2573 1188 2639 cluentem
1205 2567 1289 2621 datur
1309 2566 1437 2637 intelligi,
1460 2565 1542 2621 verbo
1564 2582 1621 2622 uno
1642 2565 1741 2635 exponi

98 2656 230 2711 ducitur:
255 2657 446 2724 Corrumpunt
465 2658 541 2712 enim
562 2671 650 2708 errores
669 2656 748 2708 honos
767 2656 900 2722 colloquia
942 2661 1043 2729 potest,
1056 2656 1078 2709 si
1098 2656 1216 2721 dicatur,
1232 2672 1359 2711 excessus
1372 2674 1378 2720 ς
1390 2656 1418 2709 iu
1434 2671 1546 2709 excessu
1564 2671 1628 2708 vero
1639 2654 1742 2713 mentis

98 2749 177 2799 moia
192 2746 220 2812 (1
234 2748 295 2803 t'or.
314 2750 372 2812 xv).
388 2745 554 2802 ilornim'has
567 2745 724 2808 secedamus,
740 2743 786 2803 ait,
801 2749 832 2797 ut
843 2759 900 2796 cre·
941 2745 997 2797 duo
1007 2744 1211 2813 intelliguntur,
1223 2751 1372 2816 emperor,
1385 2743 1739 2817 autintentieadsuperna‚

97 2835 166 2891 dent
176 2842 205 2890 ct
219 2833 384 2904 provideant
399 2850 433 2885 ne
443 2832 588 2888 incurrant
601 2837 629 2886 et
647 2838 714 2887 tunc
735 2831 898 2906 peniteant,
942 2840 982 2887 ns
1000 2839 1032 2889 ut
1046 2834 1251 2907 quodammodo
1272 2833 1306 2891 de
1321 2833 1458 2889 memoria
1472 2831 1602 2889 labantur
1620 2832 1738 2888 inferna.

98 2924 210 2994 quando
227 2922 394 2993 penitentia
407 2911 528 2977 t'ru'ctum
546 2937 603 2975 non
623 2919 715 2976 hahet.
742 2923 793 2975 Deo
806 2925 898 2975 autem
940 2917 971 2981 In
982 2922 1033 2977 hec
1051 2923 1139 2977 extasi
1156 2922 1271 2979 luerunt
1287 2939 1385 2977 ornnes
1404 2922 1503 2978 sancti.
1522 2921 1623 2995 quibus
1639 2938 1741 2980 meana

98 3012 242 3078 arianisesti
256 3028 362 3067 suanm.
381 3011 439 3065 lloe
458 3010 533 3067 enim
551 3008 719 3080 praedicabat
732 3009 806 3080 quod
824 3009 899 3065 Deus
940 3011 990 3064 Dei
1001 3011 1137 3066 mundum
1150 3011 1235 3067 istum
1247 3011 1409 3068 excellentie
1420 3010 1543 3066 revelata
1552 3016 1627 3067 sunt.
1641 3011 1680 3065 De
1690 3011 1742 3067 hoe

94 3103 228 3170 jusserat,
245 3107 274 3153 et
284 3099 528 3156 hocsciredieitur
542 3099 615 3154 Deus
630 3098 703 3168 quod
717 3097 822 3154 honrem
844 3104 895 3153 est.
909 3074 1041 3156 Ctricentis
1056 3116 1179 3158 excessu,
1197 3100 1224 3154 id
1242 3105 1293 3162 est,
1306 3100 1403 3167 extasi,
1423 3100 1525 3154 Paulus
1542 3115 1605 3155 curn
1616 3099 1741 3172 loquere-

98 3190 225 3260 Denique
249 3189 324 3243 male
345 3187 493 3259 agentibus
511 3188 598 3244 dicit:
615 3188 708 3243 Nescio
725 3203 769 3240 vos
788 3187 894 3251 (illeille.
937 3194 993 3251 tur,
1010 3206 1040 3243 se
1055 3189 1147 3259 ipsum
1157 3188 1350 3246 insinuansait
1366 3186 1640 3261 :Siccenhninquit
1654 3193 1740 3245 recente

97 3290 173 3346 uxr).
938 3281 1108 3339 recessimus,
1125 3280 1185 3342 heo,
1201 3280 1255 3331 sior
1271 3283 1448 3345 temperantes
1462 3293 1571 3340 scimus,
1584 3277 1738 3342 vobiacha·

131 3368 379 3436 Speroenimetin
390 3368 562 3423 conscientiis
572 3368 668 3421 vestris
678 3367 838 3432 mortificatos
850 3381 897 3421 nos
939 3369 1093 3421 ritorem'm
1106 3367 1209 3421 Christi
1227 3369 1361 3434 correpelh't
1378 3381 1425 3420 nos
1441 3385 1448 3418 :
1466 3365 1579 3427 hocest,
1595 3366 1619 3421 si
1630 3382 1663 3420 ea
1679 3371 1740 3421 teu·
1826 3376 1830 3384 '

95 3472 155 3510 esse.
174 3455 326 3513 Manifesta
340 3463 401 3511 erat
417 3455 525 3524 puritas
540 3471 637 3511 eornm
652 3454 814 3518 Corinthiis,
831 3453 899 3530 quia
938 3462 999 3509 tum
1013 3472 1097 3524 agere
1121 3454 1247 3516 velimus,
1263 3462 1292 3509 et
1305 3472 1338 3506 cra
1351 3460 1463 3514 tantum
1479 3455 1663 3526 contemplari
1679 3471 1739 3524 quae

97 3562 187 3616 neque
201 3545 354 3615 aliquando
368 3545 397 3600 in
415 3543 576 3599 adulatione
594 3543 707 3600 suerent
720 3542 896 3613 deprehensi,
940 3544 1041 3596 trientis
1052 3545 1325 3606 excressuintuemur,
1343 3543 1485 3597 vobiscum
1503 3560 1558 3599 non
1574 3560 1673 3603 essem,
1691 3543 1739 3597 sed

98 3651 187 3704 ireque
207 3634 368 3705 predicatio
386 3633 497 3688 illorum
518 3633 699 3703 displicuerat
719 3631 832 3698 stinctis,
850 3647 900 3687 nce
942 3650 1030 3686 essem
1047 3633 1073 3687 in
1099 3633 1236 3704 supernis,
1256 3639 1391 3702 tanquam
1416 3632 1584 3701 contemptis
1603 3632 1695 3685 vohis:
1711 3640 1740 3686 et

96 3724 240 3795 abaliquo
255 3724 368 3781 illorum
384 3723 547 3793 quidquam.
562 3721 832 3786 utassolet,occultc
852 3720 900 3774 eli·
942 3722 1052 3793 quando
1077 3738 1126 3774 nes
1145 3721 1179 3773 ad
1200 3721 1246 3775 illa
1273 3721 1418 3793 superiora
1435 3728 1463 3776 et
1482 3721 1613 3777 interiora
1634 3721 1738 3777 infirmi

96 3830 157 3869 cere
171 3820 360 3877 tentaverant,
376 3812 485 3867 utteris
499 3811 641 3882 simplices
657 3810 730 3880 apud
741 3809 846 3875 turbas,
859 3810 899 3865 in·
941 3827 1023 3885 passu
1033 3809 1231 3880 sequeremini,
1242 3809 1296 3865 nisi
1310 3825 1407 3863 rursus
1418 3809 1602 3882 conrpellente
1612 3824 1662 3862 nos
1675 3808 1739 3865 eha-
1764 3805 1767 3809 ’

96 3915 140 3959 tus
156 3920 224 3959 sero
240 3903 407 3974 impostores
429 3908 531 3955 essent.
560 3901 624 3957 ldeo
639 3899 822 3957 conscientias
840 3898 899 3953 illo-
941 3900 1024 3954 ritate
1034 3898 1146 3961 Christi,
1160 3901 1282 3966 quietem
1294 3901 1325 3953 in
1339 3899 1433 3967 sermo
1448 3899 1496 3952 liei
1510 3903 1574 3953 essct
1590 3913 1644 3953 non
1660 3899 1737 3967 ropi-

96 4009 158 4047 mm
170 3993 273 4063 pulset.
286 3998 318 4047 ut
332 3992 386 4063 ipsi
402 3991 516 4047 sibimet
524 3995 610 4066 testes
620 3995 713 4043 essent
729 3989 763 4042 de
783 3988 899 4056 recitate
941 4004 1009 4047 crura
1023 3989 1177 4044 arbitratus
1188 3993 1224 4041 est
1241 4004 1293 4041 csse
1311 4003 1337 4040 se
1354 3990 1487 4054 equalem
1506 3987 1568 4050 ilco,
1583 3987 1628 4041 sed
1641 3991 1738 4045 remet-

98 4082 219 4137 illorum.
939 4081 1032 4149 ignum
1048 4079 1211 4140 reinonivit,
1228 4079 1352 4144 formem
1367 4078 1440 4129 serm
1455 4079 1589 4145 occipiens
1605 4076 1686 4141 (Phil.
1697 4079 1737 4147 nl.

130 4172 194 4225 :ion
205 4174 311 4223 iterum
325 4186 373 4223 nis
383 4171 612 4225 commendemus
621 4166 845 4231 voltisQuoniam
855 4182 899 4222 su·
940 4167 975 4221 Et
992 4183 1042 4220 nos
1053 4166 1262 4223 consideremus
1272 4182 1323 4221 nos
1337 4181 1397 4219 esse
1408 4181 1510 4219 servos
1527 4171 1556 4219 et
1569 4181 1624 4219 uon
1635 4165 1738 4235 ingrati

97 4258 615 4329 periesreramprtedieationernsuam
626 4255 899 4317 obtestenshaudare
941 4256 966 4307 ei
976 4273 993 4307 a
1001 4272 1055 4325 quo
1070 4255 1227 4327 accepimus
1242 4255 1342 4310 altiora
1364 4259 1476 4325 proptor
1493 4270 1540 4308 eos
1558 4254 1606 4328 qui
1634 4253 1737 4309 inlirmi

97 4365 125 4403 se
138 4349 216 4403 risus
227 4356 279 4414 est,
301 4364 374 4405 nuno
388 4347 486 4403 eadem
506 4346 655 4416 siguificat,
667 4361 722 4400 non
737 4345 772 4397 ad
788 4344 898 4401 laudem
940 4350 1015 4407 sunt,
1027 4360 1082 4398 non
1104 4351 1347 4401 contemneremus
1365 4342 1507 4405 inferiora,
1526 4347 1554 4394 ct
1570 4348 1738 4411 temperare-

97 4454 177 4496 suom
193 4438 246 4498 hoc
258 4437 351 4491 dicere
365 4453 406 4502 se,
422 4436 470 4490 sed
481 4435 516 4490 ed
532 4451 628 4490 eorum
647 4433 776 4504 gloriam,
792 4440 824 4487 ut
832 4392 1003 4503 gau-Dmus
1017 4449 1067 4487 uos
1086 4432 1188 4503 eisqui
1209 4448 1264 4488 non
1287 4437 1404 4501 possunt
1423 4429 1566 4483 nobiseum
1583 4428 1675 4482 ridere
1694 4445 1739 4483 su·

97 4521 899 4596 deautintegrsursepnedieationemaddidicisseliisau·
941 4521 1046 4575 lilimia.
1064 4522 1123 4575 lloe
1141 4537 1207 4589 erge
1226 4521 1276 4583 uit,
1294 4524 1348 4575 siue
1376 4524 1462 4571 meme
1486 4519 1645 4571 crccsshnus
1677 4518 1735 4593 Deo,

99 4615 303 4673 nuntiantibus.
321 4616 373 4669 Sed
388 4620 556 4669 occasionem
566 4614 667 4668 minus
677 4613 748 4664 vohis
757 4610 899 4678 ploriandr‘
941 4610 987 4665 ille
997 4608 1239 4681 enimridetquod
1261 4608 1387 4663 ridemus
1397 4606 1425 4660 in
1437 4604 1539 4662 mentis
1554 4621 1676 4671 excessu,
1692 4605 1738 4669 ille

97 4704 507 4770 marchis,uthehcelisuliquid
518 4704 685 4771 ineosqm'in
695 4703 764 4769 [acic
775 4702 898 4767 plorion-
940 4700 1015 4752 solus
1033 4698 1137 4755 revelat
1161 4703 1268 4751 secrete
1285 4713 1345 4759 sua,
1362 4695 1465 4772 quippe
1482 4694 1527 4749 ille
1544 4693 1597 4753 hoe
1615 4694 1740 4768 loquitur

98 4803 153 4855 tur,
165 4799 190 4849 ct
199 4809 256 4849 non
264 4795 295 4847 in
305 4793 392 4847 eorde·
403 4792 460 4847 lloe
470 4790 546 4857 dicit,
555 4790 687 4861 quoniam
695 4788 775 4843 multi
783 4804 833 4860 per
841 4788 897 4841 ela·
940 4787 1027 4859 quise
1039 4786 1107 4841 dicit
1119 4785 1267 4860 abreptum
1283 4801 1342 4839 esse
1354 4791 1382 4838 et
1392 4784 1516 4840 ablatum
1533 4799 1622 4855 usque
1636 4784 1670 4841 ad
1685 4789 1740 4839 ter-

97 4885 202 4936 rionem
212 4880 409 4951 gloriabantur
424 4881 453 4935 in
464 4881 533 4937 sede
543 4879 685 4951 apostolis,
698 4879 898 4948 prolitentesse
940 4877 1011 4931 tium
1026 4875 1136 4939 coelum,
1152 4874 1305 4933 ethudisse
1321 4872 1472 4929 ineffabilia
1490 4873 1573 4929 recha
1598 4890 1659 4945 quae
1683 4890 1739 4936 non

97 4971 190 5031 thiais
207 4971 314 5034 doctos,
342 4969 390 5040 qui
409 4985 520 5039 semper
542 4985 606 5037 eum
626 4967 745 5023 Domino
775 4966 897 5025 fuerunt,
941 4964 1005 5019 licet
1020 4963 1126 5020 homini
1139 4962 1225 5034 loqui.
1242 4963 1347 5019 Tantus
1358 4962 1515 5017 autemfuit
1524 4962 1571 5018 ille
1583 4962 1684 5019 meritis
1695 4979 1740 5021 ex-

96 5060 215 5130 ideoque
225 5067 255 5115 et
264 5059 310 5120 hie
324 5057 393 5113 dicit
415 5058 482 5113 dare
496 5074 525 5111 se
540 5058 584 5113 his
595 5056 800 5127 1·etionem,per
815 5042 899 5125 quatu
941 5071 1034 5107 cessus
1050 5060 1080 5106 ut
1090 5053 1195 5105 diceret
1205 5070 1210 5104 :
1221 5055 1276 5104 sice
1292 5056 1321 5104 in
1339 5069 1458 5121 corpore,
1471 5055 1525 5106 sive
1539 5056 1616 5105 cetra
1631 5066 1737 5119 eorpus,

96 5158 121 5202 et
134 5148 189 5218 ipsi
196 5147 590 5218 gloriarenturadrersuseos,
600 5144 816 5217 quiaapostolus
827 5150 896 5208 erat,
942 5145 1038 5205 neseio,
1057 5143 1124 5196 liciis
1139 5144 1189 5195 scil
1207 5142 1246 5199 ll!
1259 5142 1320 5194 Cor.
1338 5148 1395 5207 xri).

97 5253 182 5307 equo
196 5236 245 5291 isti
256 5236 422 5290 didicerant.
439 5235 518 5289 Unde
529 5235 558 5289 in
569 5234 624 5288 alie
633 5234 692 5286 loeo
703 5232 774 5287 dixit
783 5233 822 5297 (ll
835 5234 895 5287 t'or.
976 5232 1104 5285 Charites
1119 5233 1192 5284 caim
1210 5231 1314 5282 &lirini
1330 5236 1406 5297 mpet
1426 5245 1481 5291 ctos,
1499 5231 1664 5285 acrimonte·
1679 5230 1753 5295 hoe·

97 5342 138 5391 terr
153 5345 159 5378 :
173 5327 253 5381 h'ihit
267 5328 364 5379 ricinus
375 5327 428 5391 scri
439 5326 473 5377 oh
487 5325 529 5378 his
543 5326 593 5392 qui
607 5324 684 5376 valde
697 5327 761 5375 sient
772 5322 895 5389 apiostoh',
940 5321 1072 5391 pilonium
1082 5321 1106 5373 si
1122 5334 1195 5373 cerrus
1205 5334 1256 5386 pre
1265 5319 1394 5373 orrrrrihus
1404 5323 1586 5373 niort-miscet.
1599 5317 1738 5384 Quoniam

97 5414 168 5484 quod
177 5413 293 5484 quidem
300 5411 496 5477 coactusdieit,
506 5429 541 5466 ne
552 5410 696 5465 silentium
710 5411 770 5479 ejus
780 5408 840 5463 istis
851 5407 896 5462 oh
939 5406 1193 5476 Christusdiligens
1202 5422 1291 5476 genus
1299 5406 1465 5471 humanum,
1478 5412 1509 5461 ut
1519 5423 1566 5462 eos
1576 5407 1736 5474 redimeret,

97 5514 176 5559 esset.
193 5502 250 5567 Qui
260 5501 337 5557 enim
347 5501 377 5556 in
391 5497 625 5570 eordegloriatun
636 5498 796 5568 superbiam
807 5496 896 5568 repri-
938 5496 1022 5554 morti
1040 5513 1069 5549 se
1080 5495 1166 5559 dedit,
1186 5494 1248 5550 ideo
1263 5495 1392 5567 apostoli,
1414 5503 1445 5551 ut
1466 5496 1553 5553 ricem
1567 5497 1593 5553 ei
1607 5496 1735 5564 reddant,

96 5586 896 5663 uitseiensquiehumilitusheusdotprotiam,superbis
938 5584 1209 5664 hominesexaliqua
1224 5591 1304 5659 perte
1319 5585 1503 5647 exhortamur
1523 5585 1559 5643 ad
1583 5586 1643 5663 ejus
1660 5582 1738 5659 obse,
