3772 6120
131 283 184 355 555
424 291 458 349 Β.
476 286 614 347 eneam
631 282 748 345 unum
770 285 942 345 ARCHIEP.
960 284 1123 345 Mennim.
1143 286 1295 347 erenum
1310 286 1404 349 PARS
1420 288 1475 351 m.

129 420 348 479 resurrexerant,
363 422 396 470 ut
409 431 488 487 spem
502 411 715 468 resurrectionis
728 411 861 479 insinuet,
869 427 925 466 non
933 410 1016 471 Ados
1025 412 1237 482 praeclarissima
1247 413 1409 481 ostendunt,
1420 413 1469 469 sed
1484 413 1573 486 quart
1582 413 1657 473 nolet

130 514 266 572 mortuos,
275 505 323 559 sed
337 504 509 559 dormientes
518 508 606 582 vocat.
619 501 681 556 Non
695 500 771 554 errim
782 499 929 555 verebatur
970 500 1019 565 rili,
1033 517 1103 571 quos
1115 501 1161 555 hic
1179 501 1303 557 viventes
1312 503 1479 571 inventurus
1493 508 1536 559 eet
1545 501 1660 559 Christe

130 595 222 651 dicere
235 599 389 660 mortuum,
404 610 489 664 quern
508 591 650 646 auditores
661 591 722 660 jarn
742 590 928 654 resurrexisse
969 606 1033 644 rurn
1042 606 1191 660 personam
1207 590 1237 645 in
1251 608 1281 647 se
1296 598 1380 663 etque
1394 592 1458 647 illos
1475 592 1523 663 qui
1533 597 1602 649 tunc
1616 606 1660 651 tet

128 688 325 755 cognoverant,
342 688 371 736 et
384 681 534 737 vorabatur
547 680 641 737 dicere
654 684 789 744 mortum,
802 695 873 750 quos
885 695 928 732 re-
967 677 1079 744 vebant,
1093 679 1316 750 transfigurabat
1324 681 1486 752 Apostolus,
1495 696 1643 754 nunquam
1657 708 1660 731 ι

128 788 243 844 surgere
261 771 304 829 vix
321 770 482 827 credebant.
496 770 617 839 (Arrelr.)
636 768 665 823 Si
685 767 792 823 etenim
805 785 928 823 resurre-
968 767 1099 823 morituri
1113 768 1179 836 sint,
1197 786 1233 825 arr
1252 770 1313 841 ipso
1324 771 1571 842 ternporispuncto
1583 786 1660 842 quor

128 860 250 920 ctionem
264 861 331 917 lesu
348 859 498 925 eredimus,
523 857 680 915 necessario
694 855 828 913 debemus
847 862 875 911 et
893 855 928 911 de
969 856 1149 927 surgentibus
1161 858 1308 929 rapientur
1317 859 1347 913 in
1363 858 1484 916 nubibus
1493 859 1606 917 obviarn
1617 858 1660 917 Oh

127 947 331 1011 dormientibus
352 948 477 1016 eredere,
497 947 632 1020 quoniam
649 951 678 1000 et
697 945 761 1001 illos
782 944 929 1003 suscitabit
968 960 1044 1011 aera,
1064 946 1100 1001 ad
1124 946 1368 1003 immortalitatem
1388 966 1439 1021 per
1453 953 1573 1005 mortem
1587 946 1660 1007 mire

127 1054 178 1111 per
190 1038 350 1106 insumite
365 1044 398 1092 ut
412 1044 441 1092 et
457 1037 515 1093 sint
529 1052 595 1093 curn
615 1051 663 1102 eo;
688 1034 741 1091 hoe
762 1034 839 1091 enirn
850 1033 927 1101 dicit,
968 1038 1027 1091 tete
1049 1035 1219 1091 transibunt.
1240 1037 1339 1108 Neque
1361 1037 1437 1094 enim
1464 1038 1617 1095 dicendum
1645 1054 1660 1098 e

127 1129 243 1185 adducet
258 1143 322 1183 cunr
335 1142 447 1191 ennam
463 1125 538 1197 qnod
551 1124 622 1181 dixit
633 1139 683 1193 per
695 1126 799 1191 terere.
811 1140 929 1194 sequen·
969 1138 1025 1181 non
1040 1140 1132 1194 posse,
1150 1132 1182 1181 ut
1194 1125 1263 1181 dum
1277 1142 1329 1197 per
1342 1142 1410 1181 aera
1427 1126 1459 1183 in
1473 1125 1594 1183 sublime
1608 1142 1660 1199 por

126 1214 202 1273 tibur
216 1221 260 1272 est
268 1214 451 1282 reddendum,
460 1213 509 1269 ubi
517 1212 597 1280 dixit,
611 1231 624 1265 u
636 1212 756 1269 monost
769 1228 835 1267 oum
850 1229 893 1267 eo.
912 1230 925 1267 e
967 1209 997 1265 in
1019 1211 1067 1267 illo
1090 1213 1181 1283 spatio
1205 1219 1235 1267 et
1255 1214 1414 1269 moriantur
1433 1221 1463 1270 et
1481 1214 1652 1275 reviviscant

128 1305 167 1365 Ut
174 1304 213 1361 sit
222 1303 313 1361 simile
322 1303 364 1359 illi
374 1303 500 1371 dicineo
512 1300 587 1373 quod
597 1317 649 1372 per
658 1301 802 1357 hominem
812 1317 888 1355 mors
898 1307 928 1358 et
967 1299 1042 1357 enim
1053 1301 1103 1368 eit,
1119 1307 1142 1355 et
1153 1304 1195 1357 ito
1205 1318 1310 1372 semper
1326 1320 1391 1358 earn
1407 1305 1524 1359 llornino
1531 1306 1649 1371 erimus,

127 1393 331 1467 pernominem
340 1390 510 1447 resurreetio
520 1395 737 1455 mortuorunm
746 1388 866 1459 intelligi
876 1389 925 1445 de·
967 1387 1160 1459 accipiendum
1179 1396 1381 1462 estnequam
1399 1391 1505 1447 insere
1521 1392 1660 1451 dixeritm

127 1481 316 1554 hetquoniam
320 1481 390 1552 peri
393 1495 472 1537 esum
482 1476 926 1550 prestabitetnobisresurreetio·
967 1493 1018 1547 per
1031 1494 1096 1533 curn
1110 1479 1230 1534 Domino
1250 1496 1311 1536 esse
1326 1497 1484 1547 mansuros,
1496 1481 1564 1553 quia
1578 1497 1633 1539 neo
1643 1480 1660 1553 il

126 1587 202 1637 nem,
215 1576 313 1641 utpote
319 1570 421 1625 horum
432 1567 512 1623 nobie
522 1583 608 1623 cauea
617 1566 765 1623 existente.
778 1566 928 1623 Intenden-
968 1581 1022 1636 que
1041 1565 1080 1621 ibi
1096 1567 1231 1634 manebit,
1247 1569 1313 1640 quie
1327 1569 1442 1625 veniens
1456 1570 1660 1629 transitumn

127 1660 196 1717 dum
207 1675 271 1715 rere
282 1657 375 1713 estilli
386 1657 438 1724 rei,
454 1656 587 1728 quoniam
601 1655 638 1710 de
651 1656 718 1711 Jesu
732 1654 838 1719 dicens,
853 1672 927 1710 rnor-
967 1654 1056 1710 nienti
1072 1655 1176 1727 quippo
1197 1658 1256 1713 itur·
1277 1657 1396 1723 obviarn,
1418 1675 1476 1715 non
1497 1659 1648 1717 monenti:

126 1756 209 1805 tunm
217 1748 295 1814 dicit,
308 1763 342 1803 eo
353 1746 428 1818 quod
438 1745 476 1800 ibi
486 1744 600 1816 quidem
610 1744 701 1800 adhuc
707 1760 782 1799 more
789 1750 859 1809 orat,
876 1732 1032 1801 neeBeum
1047 1744 1167 1801 Domino
1189 1745 1305 1812 orimus,
1322 1746 1350 1800 id
1373 1753 1425 1811 ost,
1451 1748 1492 1803 sic
1506 1749 1612 1805 erimus
1634 1747 1660 1805 lu

129 1838 205 1895 enirn
214 1836 309 1893 fuerat
318 1832 667 1891 solntalioeveroinloco
677 1831 875 1889 dormitionem
887 1832 928 1889 di·
968 1849 1085 1903 corpora
1099 1842 1281 1905 sempnernn
1297 1835 1467 1907 ubicumque
1477 1853 1544 1891 eum
1557 1837 1606 1893 illo
1621 1836 1660 1895 re

23 1970 24 1974 ,
129 1920 926 1996 xineoquodjarnipranrorseratsolutnsiveaecundum
967 1920 1010 1975 Ad
1028 1921 1104 1977 hune
1121 1928 1217 1977 autern
1241 1941 1367 1992 sensum,
1390 1942 1447 1996 quo
1466 1925 1660 1983 existimemur

129 2014 354 2087 promissionem,
366 2012 424 2067 sive
440 2011 595 2067 secundum
613 2027 692 2081 opus,
705 2010 816 2081 quando
829 2016 926 2067 tamen
966 2009 1030 2067 illos
1040 2027 1110 2082 quos
1128 2012 1174 2066 hio
1193 2012 1270 2067 vivos
1278 2013 1445 2071 inventurus
1458 2020 1502 2071 est
1515 2014 1656 2073 Domine!

129 2104 193 2175 quis
202 2102 273 2159 illud
283 2101 438 2157 seeundum
448 2099 759 2155 Christumeraminere
768 2099 926 2154 volueritex
968 2115 1052 2169 parvo
1064 2100 1155 2170 spatio
1166 2107 1195 2156 et
1209 2117 1342 2172 passuros
1355 2108 1475 2159 mortem
1489 2110 1518 2158 et
1533 2108 1660 2175 aceeptur

128 2192 249 2251 mortuis
256 2196 450 2261 resurgentem
462 2208 468 2256 ;
480 2189 700 2259 etadmajorurn
710 2188 849 2243 dictorum
859 2204 926 2243 oon·
968 2187 1178 2253 mortalitatem,
1200 2189 1259 2260 ipse
1275 2191 1426 2261 Apostolus
1440 2207 1497 2249 uon
1512 2190 1625 2247 videon·
1637 2206 1660 2249 n

129 2281 318 2342 lirmationem
326 2279 506 2351 posuitvoces
518 2278 571 2343 :Si,
582 2277 684 2349 inquit,
697 2284 825 2333 mortuus
835 2277 928 2333 Chris·
967 2274 1016 2331 ubi
1026 2275 1108 2333 dicit:
1128 2279 1162 2332 ln
1173 2278 1280 2333 Cbrtrto
1291 2296 1384 2335 ornnes
1394 2283 1624 2348 vivificabuntur,
1632 2294 1660 2337 et

128 2378 175 2427 tus
184 2371 315 2436 surrexit,
329 2374 358 2425 et
372 2368 443 2424 nihil
455 2368 482 2423 ei
494 2367 605 2422 obsistit
628 2367 663 2420 ad
681 2366 926 2434 resurrectionem,
968 2365 1028 2419 loeo
1042 2364 1076 2418 de
1087 2365 1150 2436 ipsa
1159 2366 1277 2437 loquens
1291 2369 1497 2426 resurrectione
1509 2382 1660 2440 corporum

129 2458 437 2532 quiahocvoluitDeus,
446 2456 595 2527 etquidem
602 2455 858 2526 prirnitusneedum
867 2462 929 2511 erat
971 2455 1010 2507 ru
1025 2456 1097 2522 quod
1110 2459 1230 2511 revrrinnr
1242 2472 1298 2511 rron
1312 2460 1481 2525 vivificatur,
1497 2461 1555 2512 nisi
1566 2461 1660 2527 pru‘rra.

128 2549 222 2604 soluta
236 2564 321 2613 mors,
337 2546 426 2601 multo
441 2545 532 2614 magis
554 2545 583 2598 in
596 2543 678 2598 nobis
693 2544 762 2598 illud
782 2560 842 2601 esee
865 2549 929 2615 post
970 2546 1026 2596 tur.
1045 2541 1164 2611 (Ambe.)
1182 2544 1309 2599 lilortuoe
1322 2545 1351 2599 in
1370 2546 1483 2603 Christo
1503 2545 1567 2603 illos
1586 2546 1660 2603 dicit

128 2636 297 2693 solutorem
308 2637 388 2705 juste
400 2633 540 2689 credimus
561 2632 679 2687 ratione.
697 2632 788 2687 Etiam
807 2639 837 2689 et
859 2633 928 2689 illud
968 2630 1148 2687 crediderunt
1166 2632 1195 2687 in
1209 2633 1329 2700 Christo,
1343 2641 1372 2689 et
1386 2651 1437 2706 pro
1447 2634 1559 2707 Christo
1571 2640 1660 2693 mortv

128 2724 332 2783 intendendum
346 2728 397 2789 est,
412 2721 546 2793 qnoniam
560 2720 595 2775 de
615 2722 819 2776 resurrectione
829 2722 927 2793 dispu-
969 2736 1038 2789 quoa
1049 2736 1197 2791 resurgere
1207 2722 1277 2777 dixit
1287 2723 1393 2793 primos
1403 2724 1486 2779 sicuti
1492 2730 1521 2780 et
1530 2724 1660 2783 Corinthi

127 2813 310 2880 emersisti,
317 2811 516 2867 dormitionem
524 2809 759 2865 resurrectionem
766 2809 927 2880 relinquens
970 2807 1123 2865 benedixit
1138 2812 1237 2876 (lCor.
1260 2811 1332 2880 xv):
1357 2815 1494 2869 Primitiae
1517 2814 1658 2881 t'lrrirlun

128 2903 231 2970 dicere,
240 2902 275 2959 de
284 2899 476 2971 assumptione
485 2899 611 2970 disputet
623 2915 629 2951 :
640 2898 753 2953 evidens
763 2898 877 2970 quidem
885 2905 928 2957 eet
968 2897 999 2951 bi
1011 2900 1062 2965 pur'
1074 2903 1140 2953 sueri
1151 2899 1266 2965 Girru'rtr',
1281 2904 1331 2968 qui
1344 2903 1495 2956 adventurn
1508 2906 1568 2970 eine
1578 2903 1660 2959 credi

128 2992 262 3064 quoniam
277 2988 464 3060 assumptioni
490 2987 576 3044 etiem
591 2987 803 3042 resurrectionis
818 2988 926 3047 eorrtea·
967 2986 1064 3041 deinde
1073 2989 1148 3054 finis.
1156 2988 1339 3044 velocitatem
1349 3006 1413 3043 vero
1422 2990 1660 3047 resurrectionier

128 3081 171 3139 sio
185 3080 223 3137 sit
234 3080 393 3150 conjuncta.
413 3078 486 3133 Nem
505 3076 540 3131 de
556 3075 612 3131 illis
632 3092 694 3146 ques
716 3074 1198 3146 superemineret}evidenterinille
1209 3077 1487 3148 Epistoladioens.ln
1498 3084 1650 3149 remanente,

126 3168 294 3229 videbuntur
300 3166 443 3237 megiseos
452 3165 482 3219 in
489 3164 620 3236 presenti
628 3165 740 3235 negotio
746 3166 865 3220 suadere
876 3166 925 3220 de·
966 3167 1049 3230 oculi,
1058 3167 1090 3218 r'n
1099 3169 1249 3220 ›rorriesnnn
1265 3168 1340 3232 tube,
1352 3174 1430 3223 cerret
1442 3171 1517 3225 enirn
1529 3170 1604 3235 rain
1621 3174 1650 3225 et

127 3263 268 3331 properat,
284 3256 359 3328 quod
371 3261 400 3313 et
412 3254 498 3311 latius
508 3254 650 3325 explicans
663 3253 824 3311 futurorum
834 3259 925 3310 osten·
966 3259 1109 3322 resur-pent
1120 3257 1288 3324 incorrupti,
1296 3262 1320 3311 ct
1331 3273 1377 3311 nor
1389 3259 1616 3313 irnrnutotirnnr.
1627 3258 1660 3316 n

125 3349 168 3408 dit
180 3345 422 3418 magnitudinem:
436 3345 489 3400 lloc
501 3345 703 3399 enirndicirnur
717 3345 790 3399 uobis
805 3346 836 3398 r'n
845 3345 924 3399 rerbo
965 3341 1037 3396 etin
1051 3342 1103 3396 hoc
1114 3343 1174 3399 loeo
1192 3343 1271 3410 dicit,
1290 3345 1423 3419 quoniam
1435 3346 1587 3403 descendet
1602 3346 1660 3419 quir

127 3440 249 3495 Domini.
264 3435 340 3495 Bene
354 3432 449 3506 poenit
462 3435 494 3489 r'n
511 3434 590 3489 verbo
604 3434 728 3498 Deretini,
742 3432 797 3489 hoc
810 3438 862 3495 est,
877 3449 924 3487 se·
964 3431 1034 3485 coelo
1053 3432 1182 3487 Christus
1201 3450 1265 3488 cunr
1286 3433 1354 3490 tuba
1368 3434 1498 3501 terribili,
1514 3440 1543 3491 et
1561 3451 1660 3509 voeeq

126 3526 248 3588 cumdum
262 3523 461 3584 revelationem
477 3538 539 3593 que
553 3521 583 3577 in
607 3521 770 3595 operatione
784 3521 880 3577 divina
893 3523 923 3582 in
964 3535 1068 3589 magna
1091 3526 1158 3579 tunc
1182 3528 1386 3594 perstrepente,
1406 3524 1562 3581 secundum
1580 3524 1660 3583 divin

125 3614 293 3677 noenum
305 3630 368 3674 esee
386 3612 506 3677 videtur,
522 3627 573 3667 nec
587 3610 664 3667 enim
688 3617 750 3667 erat
761 3611 796 3669 de
819 3611 923 3669 bituria
963 3609 1660 3684 opereuonom;urm0rrseentubmnunmpetere

125 3704 229 3765 dbenh'
243 3703 269 3763 ei
283 3703 397 3762 credere
411 3701 435 3757 ei
455 3717 513 3755 non
529 3699 594 3757 inde
618 3699 718 3758 fuisset
741 3705 770 3757 et
789 3699 918 3757 dictum:
963 3697 1660 3771 lurnpraecedentemetpraecipientemomnibus:S

125 3792 510 3862 Ornniomnorpuiriuiraur‚
521 3791 571 3859 pei
583 3789 923 3857 subrelinpuirnurr'nod·
962 3786 1076 3844 luseum
1089 3805 1154 3844 vero
1163 3796 1348 3845 vocatvocern
1358 3790 1487 3861 eiusdem
1500 3790 1660 3862 archangeli

123 3889 207 3939 ‘uentu
221 3883 344 3939 Domini.
361 3879 442 3944 Quod
456 3877 527 3933 dixit
541 3894 599 3944 noe,
615 3893 672 3933 non
686 3877 722 3935 de
735 3894 775 3944 ee,
786 3894 877 3948 neque
886 3878 922 3937 de
962 3875 1045 3942 dicet,
1061 3875 1182 3945 Surpile.
1207 3878 1259 3933 llis
1273 3885 1369 3935 autern
1382 3879 1424 3935 ita
1444 3880 1552 3937 alicnus
1565 3880 1660 3939 omnir

122 3971 186 4036 illis,
204 3970 251 4042 qui
266 3970 296 4023 in
310 3968 441 4039 praeserrti
448 3967 504 4022 vita
514 3972 581 4020 tunc
594 3965 771 4021 habebantur
779 3967 858 4033 dicit,
871 3969 921 4025 sed
961 3966 1168 4035 compendiosa,
1191 3967 1231 4021 ite
1247 3974 1279 4021 ut
1292 3968 1332 4025 illi
1356 3968 1406 4039 qui
1420 3984 1471 4040 pro
1491 3969 1548 4025 ede
1566 3976 1660 4029 moria

123 4061 158 4115 de
172 4059 228 4114 illis
245 4057 382 4123 fidelibus,
400 4056 449 4127 qni
459 4060 527 4111 tunc
540 4055 639 4111 victuri
654 4061 730 4120 sunt,
746 4057 859 4126 quando
873 4074 918 4111 re·
961 4053 1068 4123 priores
1085 4056 1192 4111 ueteris
1213 4063 1372 4126 resurgant,
1393 4063 1423 4112 et
1439 4074 1504 4114 curn
1532 4057 1589 4114 illis
1619 4058 1660 4115 tid

123 4152 260 4207 surrectio
284 4151 327 4201 eat
341 4146 454 4211 tuturn3
472 4143 612 4207 nedixit,
628 4144 681 4197 hoe
696 4148 748 4208 est,
764 4145 871 4212 fideles,
885 4163 919 4201 eo
960 4142 1008 4212 qui
1020 4148 1087 4199 tune
1102 4145 1132 4199 in
1146 4146 1201 4199 vite
1216 4146 1267 4201 bae
1284 4146 1560 4219 inveniuntursuper
1573 4146 1660 4205 nubet

124 4238 199 4310 quod
211 4242 241 4292 et
254 4235 314 4306 ipae
329 4233 394 4291 telis
408 4238 478 4298 erat,
495 4233 574 4287 etad
588 4233 660 4287 mles
674 4231 821 4289 scribebat.
840 4234 919 4289 Unde
960 4230 1128 4300 quibusdam
1141 4234 1275 4290 vehiculis
1292 4234 1366 4305 rapti
1386 4236 1575 4301 ducantur‚in
1586 4252 1660 4295 nerei

123 4335 151 4383 et
167 4325 279 4397 emeruit,
294 4326 345 4394 pei
358 4323 600 4390 subrelinquirnur
613 4324 646 4375 r'n
660 4324 779 4375 adventu
796 4319 1033 4418 horreirrr'‚Dviarn
1045 4322 1174 4389 Domino,
1188 4323 1270 4378 itaut
1280 4323 1338 4379 sint
1352 4341 1540 4394 sernpereurn
1556 4324 1660 4385 Domiti

122 4416 272 4473 oetendena
296 4411 429 4486 quoniam
452 4426 509 4465 non
527 4410 563 4465 de
576 4410 633 4465 illis
647 4410 695 4481 qui
708 4411 769 4480 ejus
793 4415 920 4483 tempore
960 4408 1046 4463 iidem
1070 4417 1165 4465 autern
1188 4419 1216 4468 et
1231 4413 1349 4467 nimiam
1371 4413 1485 4468 illorum
1502 4431 1564 4469 ease
1585 4415 1660 4471 valor

122 4506 251 4564 vivebant
269 4502 345 4569 dicit,
369 4501 419 4557 sed
433 4500 469 4556 de
487 4499 543 4555 illis
565 4499 613 4571 qui
634 4499 663 4555 in
678 4500 919 4559 consummatione
959 4499 1111 4555 insinuavit
1125 4517 1186 4571 que
1200 4508 1267 4557 tunc
1287 4507 1380 4568 erunt,
1395 4503 1536 4574 siquidem
1547 4503 1660 4561 Domine

121 4602 188 4652 sunt
200 4593 310 4651 victuri.
327 4593 389 4648 Non
400 4593 598 4661 prevenientes
612 4590 788 4656 dorrnicntev,
801 4590 862 4645 vult
875 4591 920 4646 di·
960 4592 1002 4643 eto
1018 4596 1171 4660 apparente
1181 4590 1215 4645 de
1229 4591 1309 4655 coelo,
1330 4597 1359 4645 et
1382 4591 1451 4647 tube
1469 4598 1597 4658 sonante,
1610 4597 1643 4649 et

120 4700 194 4750 nere,
212 4682 347 4754 quoniam
367 4687 494 4752 ternpore
517 4677 718 4749 assumptionis
732 4678 795 4735 illos
810 4680 918 4746 fideles,
960 4677 1109 4744 clamante,
1128 4679 1246 4747 surpite,
1266 4679 1305 4735 aio
1319 4680 1416 4735 omnia
1431 4681 1617 4751 expedientur
1633 4696 1660 4739 et

121 4770 170 4841 qui
181 4771 242 4840 iam
256 4773 323 4824 sunt
335 4769 450 4836 mortui,
466 4769 507 4825 illi
521 4767 570 4840 qui
580 4773 649 4824 tunc
663 4767 693 4822 in
705 4766 762 4823 vita
774 4767 919 4824 invenien·
959 4766 1047 4833 diose,
1061 4772 1094 4823 ut
1108 4767 1215 4838 pariter
1235 4774 1264 4822 et
1280 4771 1385 4825 mortui
1400 4773 1561 4840 resurgant,
1577 4775 1609 4825 et
1625 4768 1660 4827 viv

120 4865 167 4913 tur
178 4875 236 4916 non
250 4857 429 4929 praevenient,
452 4858 526 4930 quod
546 4857 702 4912 evidentius
720 4857 849 4913 indicans
867 4859 918 4914 ad·
959 4855 1508 4928 illisrapianturmequepnevenireillos
1520 4857 1660 4931 ultrapnle

117 4947 191 5019 jicit:
209 4949 346 5017 wentam
359 4949 415 5016 ipse
433 4949 568 5001 Dominus
583 4950 614 5001 in
632 4950 725 5016 jussu,
742 4950 775 5002 in
788 4964 848 5002 uoce
862 4949 918 5003 Ar·
959 4944 999 4999 sic
1020 4945 1151 5002 omnibus
1172 4946 1256 5001 simul
1276 4947 1305 5002 in
1329 4947 1453 5018 idipsum
1469 4947 1593 5005 divinam
1608 4964 1660 5021 qua

119 5039 254 5113 ennesii,
269 5042 295 5093 et
309 5038 341 5091 ire
352 5037 417 5090 tubo
427 5037 476 5093 Ilei
484 5038 622 5091 descendet
635 5038 666 5090 dc
676 5039 748 5101 celo,
761 5041 787 5090 et
800 5039 915 5103 mortui,
959 5040 988 5089 et
1007 5034 1161 5091 terribilem
1187 5034 1412 5106 inoperationem
1435 5037 1551 5093 effectis.
1576 5036 1660 5095 evim

119 5129 169 5197 qai
183 5130 215 5185 in
229 5127 336 5184 turen
348 5129 422 5189 runt,
439 5130 591 5192 reenrprrnt
602 5126 739 5193 prienam,
755 5125 852 5179 deinde
867 5141 916 5180 nos
958 5123 1186 5189 arenarium,
1204 5125 1338 5195 quoniam
1361 5127 1474 5198 quando
1490 5126 1595 5194 dicit«
1610 5142 1660 5185 me

118 5217 168 5282 qui
176 5217 306 5281 uiuimus,
316 5215 367 5284 qni
374 5213 626 5281 subrelinnnv‘rnar,
633 5215 789 5267 rimatorem
798 5215 856 5267 illis
868 5229 916 5268 ro-
958 5212 1069 5267 Christo
1083 5219 1232 5284 resurgent
1250 5215 1383 5285 primum,
1401 5235 1414 5269 e
1430 5232 1489 5273 non
1500 5216 1536 5272 ad
1547 5216 1660 5287 interae

117 5306 230 5371 penne
241 5307 275 5359 in
288 5304 409 5359 numius
423 5303 532 5356 obuiam
544 5302 661 5356 horrrino
673 5305 705 5355 in
719 5317 822 5368 ocrem,
837 5305 917 5358 etsie
956 5318 1022 5358 nem
1035 5302 1148 5357 illorum
1157 5302 1375 5373 dieitjustorum
1387 5304 1436 5375 qui
1451 5303 1637 5362 antechristi
1654 5322 1660 5362 r

118 5405 293 5459 errrpeream
307 5392 548 5447 rememoremus.
565 5387 658 5461 (Aug.)
675 5391 740 5445 Hae
749 5389 834 5444 verba
846 5406 915 5462 apo-
957 5397 1017 5446 tum
1041 5398 1186 5456 venerunt,
1203 5393 1265 5448 lieri
1283 5393 1360 5449 eninr
1378 5400 1471 5465 potest
1488 5401 1520 5449 ut
1539 5394 1563 5449 is
1577 5394 1630 5466 qni
1644 5410 1660 5451 e

118 5478 459 5539 muneremunere
469 5484 647 5535 mortuorum
655 5479 791 5545 futuram,
803 5481 916 5552 quando
956 5485 1001 5535 ter
1014 5481 1049 5536 de
1065 5481 1120 5537 illis
1140 5480 1265 5538 llebroeis
1284 5483 1432 5539 scribendo
1446 5483 1620 5541 enormen
1636 5486 1660 5541 ir

117 5567 918 5642 Wffituetihrimadvimutnomindin·
957 5573 1209 5629 nntntienonr'nm
1227 5575 1576 5647 amnemamnem
1591 5589 1660 5649 eq
