3772 6120
116 274 192 339 talu
729 279 775 333 DE
793 278 895 341 MODO
913 275 1164 335 emulum-”nte
1690 284 1760 343 tall

113 400 303 479 ejusdemque
315 399 445 471 pastoris,
453 400 579 472 ejusdem
591 404 919 477 namquepuscuisprius,
928 401 1038 474 Aquod
1053 418 1105 458 nos
1115 401 1399 477 prohibeatconjungi
1413 405 1481 463 Deo.
1494 406 1543 465 Vis
1554 406 1605 467 tibi
1615 410 1762 471 omnem

114 488 221 565 quibus
246 494 276 543 et
291 489 345 545 illae
368 495 484 555 caeurae,
503 489 607 545 eisdem
625 482 741 563 poculis,
757 493 919 565 eisdemque
960 491 1019 545 brec
1033 508 1089 547 non
1104 493 1196 548 solum
1209 493 1238 548 in
1255 494 1396 567 parabolis
1410 495 1486 551 diota
1499 496 1549 553 sed
1563 503 1593 554 et
1606 497 1690 557 rebus
1706 500 1762 559 un·

113 576 257 637 cubilibus
270 577 412 645 utebatur,
429 579 477 634 sed
493 579 605 645 errarit,
623 587 651 636 ct
674 597 770 637 errore
790 599 845 639 non
865 582 919 638 mi·
959 580 1139 653 pletalnpud
1157 581 1318 639 Corinthios
1327 589 1389 641 erat
1398 585 1514 656 quidam
1526 585 1579 654 vir,
1594 593 1627 644 ut
1639 588 1761 661 ridetur,

114 667 208 733 nimo,
225 683 276 740 per
290 672 401 723 montes
413 668 489 723 enim
501 673 530 722 ct
543 668 628 725 colles
638 675 755 741 evagata
769 678 820 738 est,
837 672 920 744 longe
959 669 1166 742 noniguobilis,
1188 670 1233 726 hic
1244 671 1426 729 commiserat
1439 674 1496 733 talc
1509 682 1665 747 peccatum,
1677 679 1762 752 quale

116 755 264 829 seilicetet
273 756 433 813 difficilibus
444 757 614 814 circumacta
623 759 727 815 erroris
737 761 918 830 anfractibus,
959 774 1012 815 nec
1025 759 1100 814 inter
1110 765 1211 831 gentes
1224 761 1339 834 quidem
1360 763 1473 819 admitti
1493 766 1575 832 solet,
1591 772 1621 823 et
1641 768 1763 827 erethic

116 862 171 902 nec
189 851 286 903 tamen
300 846 417 918 reliquit
426 847 504 904 illam
518 853 616 920 pastor
634 846 725 903 bonus
745 851 871 908 consumi
889 852 920 909 in
961 863 995 903 ιι
1002 864 1119 904 numero
1131 849 1254 907 illiorum
1265 856 1295 907 ei
1310 850 1482 909 familiarum
1491 853 1552 920 Dei,
1560 855 1675 926 quidam
1685 857 1762 914 enim

117 935 265 995 erroribus
279 936 347 1004 suis,
362 938 411 993 sed
425 939 544 1011 requirit
564 946 593 994 et
606 948 727 1009 revocat,
744 949 855 998 revocat
869 959 920 998 au.
960 949 1026 989 eum
1037 949 1070 987 ex
1079 933 1246 989 sacerdotali
1253 934 1445 992 ordinesuisse
1452 937 1578 995 tradunt.
1590 939 1664 1005 Quid
1676 942 1761 1014 argui

117 1030 181 1085 tam
196 1040 252 1081 nou
264 1024 400 1081 violenter
409 1043 564 1099 perurgens
574 1044 626 1084 nec
636 1029 798 1087 verberibus
807 1046 919 1102 cogens,
962 1021 1090 1093 nunquid
1102 1022 1204 1078 excidit
1218 1038 1285 1078 eum
1298 1023 1403 1079 Paulus
1416 1025 1452 1081 de
1466 1043 1586 1085 numero
1600 1045 1699 1090 eorum
1713 1029 1761 1103 qui

118 1112 172 1172 sed
186 1114 313 1170 humeris
322 1115 442 1189 propriis
453 1115 618 1174 subvectans
629 1138 635 1187 ;
647 1119 719 1176 sicut
732 1120 807 1177 enim
821 1121 921 1193 optimi
962 1127 1040 1183 wem
1051 1116 1155 1182 gerunt
1164 1111 1415 1184 saluiisiquissimll
1424 1120 1609 1188 posteaquam
1622 1118 1762 1177 sufficien-

120 1202 229 1277 quique
254 1202 427 1259 medicorum
453 1221 521 1276 erga
543 1222 591 1263 eos
615 1223 685 1280 quos
712 1208 834 1265 viderint
856 1208 921 1269 tube
962 1206 1007 1255 *ΒΓ
1029 1200 1304 1273 (ἷθΐίῐῑῐὴίθῦιιῐεΰίῐ
1317 1219 1367 1274 ΡΡΟ
1380 1219 1422 1270 8οι
1438 1205 1534 1263 witus
1548 1222 1648 1263 rursus
1662 1214 1759 1265 osten·

116 1288 213 1363 iongae
222 1292 713 1364 ‹egritudinisafflictosinnonnullis
721 1298 922 1371 rigoremtem·
962 1291 1029 1346 dele
1044 1291 1109 1363 quia
1124 1291 1232 1349 nullum
1248 1291 1348 1347 vulnus
1371 1298 1423 1357 essie
1448 1294 1527 1351 nulls
1548 1296 1685 1367 egritudo
1699 1312 1762 1370 qun
1799 1290 1805 1304 '

117 1387 225 1459 pererit
235 1380 381 1437 medicinae
389 1388 418 1437 et
426 1381 574 1439 delicatius
583 1400 616 1438 ac
624 1385 750 1443 tenerius
759 1393 921 1459 aguntcurn
962 1395 1020 1437 ἢθη
1032 1380 1122 1448 cedei,
1140 1387 1169 1435 ei
1181 1386 1298 1437 saneim
1310 1382 1516 1439 medicamento
1530 1386 1763 1460 ponendaqu-

118 1467 173 1538 eis,
184 1470 225 1525 ita
237 1475 266 1526 et
279 1470 355 1527 Deus
370 1488 427 1538 eos,
444 1489 514 1545 quos
529 1473 604 1528 ridet
618 1474 812 1533 uehementius
825 1493 921 1550 pecca
962 1468 1010 1529 bet
1022 1487 1086 1525 eum
1101 1470 1175 1527 tradi
1190 1471 1302 1527 Satanre
1313 1471 1344 1527 in
1356 1472 1504 1528 interitum
1518 1475 1612 1531 carnis
1627 1481 1660 1532 ut
1676 1477 1762 1549 spiri·

117 1557 156 1623 tis
166 1575 229 1617 esse
243 1566 399 1632 corruptos,
417 1577 473 1616 non
486 1560 613 1618 districta
625 1565 694 1619 satis
717 1571 746 1621 et
768 1566 858 1623 meua
871 1565 921 1623 ob.
962 1564 1008 1615 tus
1021 1561 1115 1615 saluus
1134 1559 1170 1615 sit
1188 1559 1218 1614 in
1227 1559 1273 1615 die
1284 1559 1396 1615 Domini
1407 1562 1496 1617 nostri
1505 1563 1571 1621 lesu
1582 1563 1697 1634 Chrisn‘,
1711 1565 1761 1623 ssd

116 1647 268 1715 mantiae
283 1649 438 1705 intentione
454 1657 566 1706 revocat
589 1652 625 1707 ad
647 1653 720 1709 viam
736 1654 854 1720 vimutis,
871 1655 921 1713 sed
962 1650 1021 1704 haee
1032 1648 1114 1720 jubet
1128 1649 1325 1721 antequemde
1339 1651 1504 1722 punitentia
1514 1653 1576 1723 ejus
1586 1661 1761 1727 agnoscerem

118 1737 226 1795 sensim
241 1744 271 1793 et
285 1739 430 1809 sinulatim,
448 1739 487 1795 ita
501 1745 533 1795 ut
548 1741 577 1796 in
589 1742 804 1814 quamplurimis
813 1724 1011 1801 susten-Rubi
1023 1755 1090 1810 ergo
1105 1739 1253 1810 poeniiuiit
1281 1758 1294 1793 t
1319 1740 1437 1805 Sufficit,
1453 1741 1555 1812 inquii,
1572 1743 1598 1799 ei
1608 1742 1762 1817 increpatio

95 1856 98 1861 ·
116 1830 171 1892 tet,
189 1826 218 1881 in
233 1827 362 1898 plurimis
376 1828 514 1895 sublevet,
529 1846 565 1884 ne
581 1830 652 1885 dura
671 1831 712 1887 cis
728 1838 757 1887 et
775 1834 865 1889 ardua
879 1834 920 1889 vi·
961 1828 1021 1884 baec
1034 1845 1095 1899 qum
1110 1828 1142 1881 fit
1156 1844 1173 1881 a
1186 1827 1356 1899 pluribus5»
1373 1835 1402 1884 et
1415 1830 1512 1884 addit:
1531 1848 1545 1885 ι
1570 1830 1691 1890 Obsecro
1703 1851 1762 1903 ros,

117 1913 224 1971 deatur
243 1916 390 1988 repentina
412 1918 565 1985 conversio,
581 1926 610 1975 et
629 1937 685 1976 non
708 1925 767 1977 tarn
788 1922 922 1995 peccandi
962 1917 1126 1974 confirmi&
1137 1917 1242 1974 imum
1261 1917 1438 1985 cimitssieffle
1449 1918 1696 1991 nel)⁰⁸⁸idt³⁸¹il¹ft²
1710 1923 1763 1980 Si·

117 2019 218 2081 amore
227 2006 342 2063 retracti
354 2006 476 2062 residere
485 2006 633 2065 videantur
640 2008 670 2065 in
677 2010 829 2079 erroribus,
837 2029 921 2084 quum
962 2013 1043 2075 tana,
1054 2023 1109 2062 uon
1121 2006 1196 2065 enim
1215 2006 1377 2077 ignoramus
1392 2007 1512 2062 astutias
1524 2009 1586 2079 ejus
1607 2011 1648 2078 (ll
1656 2012 1719 2068 dor.
1731 2028 1762 2081 ι’,

117 2093 312 2171 conversionis
327 2094 479 2167 asperitate
493 2096 631 2162 deterriti,
647 2099 695 2154 sed
712 2116 767 2155 non
790 2101 849 2157 buc
862 2103 922 2157 sola
963 2095 1028 2166 8).)
1045 2095 1117 2161 Quid
1140 2110 1206 2166 ergo
1229 2093 1306 2150 aliud
1321 2111 1371 2166 por
1385 2095 1444 2151 haec
1458 2096 1554 2152 omnia
1567 2097 1691 2166 docetur,
1707 2101 1762 2157 nisi

116 2199 188 2256 ptus
206 2182 269 2259 pari
289 2184 481 2242 moderatione
499 2184 579 2241 nobis
599 2187 787 2245 conversionis
807 2191 923 2247 modum
963 2184 1032 2258 quia
1041 2183 1174 2258 possibile
1190 2183 1228 2240 sit
1241 2191 1274 2239 ut
1281 2184 1367 2239 etiam
1374 2185 1434 2239 siin
1445 2183 1573 2243 ultimum
1583 2192 1762 2258 peccatorum

118 2271 258 2338 ostendit,
274 2289 371 2329 rerum
386 2280 415 2333 et
429 2274 486 2339 illa,
502 2291 563 2346 qum
574 2274 609 2330 de
618 2275 754 2332 luxuriosi
765 2278 815 2333 lilii
830 2279 923 2335 reditu
963 2273 1117 2346 perniciem
1140 2273 1285 2339 corruuit,
1311 2290 1411 2329 rursus
1434 2274 1523 2345 possit
1541 2274 1570 2330 in
1584 2291 1618 2331 eo
1633 2277 1762 2334 christus

117 2360 266 2431 scribitur,
282 2368 311 2418 et
329 2362 376 2418 ille
397 2363 472 2418 euim
492 2363 567 2419 lilius
587 2370 657 2431 erat,
678 2382 734 2421 non
753 2372 815 2422 erat
833 2373 924 2423 extra·
964 2380 1014 2436 per
1021 2363 1218 2434 poenitentiam
1229 2362 1398 2417 reformari:
1418 2382 1429 2414 ι
1447 2363 1510 2419 Νοιι
1524 2364 1600 2419 enim
1614 2365 1762 2422 vultmor·

117 2466 203 2518 neus,
217 2466 372 2523 germanus
384 2457 446 2509 erat
459 2453 520 2524 ejus
537 2454 584 2524 qui
597 2456 922 2529 nunquamapatredis·
963 2457 1021 2507 tem
1036 2451 1199 2523 peccatoris,
1215 2450 1264 2507 sed
1284 2456 1317 2504 ut
1332 2456 1551 2511 convertaturet
1563 2453 1639 2509 visat
1653 2456 1760 2522 (saun.

116 2546 254 2607 cesserat,
271 2540 346 2596 lilius
360 2558 426 2613 ergo
447 2547 499 2609 cst,
515 2542 564 2614 qui
587 2542 623 2598 nd
645 2543 760 2599 ultimos
783 2543 923 2601 malorum
964 2555 1056 2606 mur,
1075 2539 1118 2609 ll)
1135 2558 1141 2607 3
1161 2560 1172 2591 ι
1189 2555 1241 2595 nec
1254 2539 1312 2596 ullo
1325 2540 1408 2597 modo
1422 2540 1556 2597 audiendi
1567 2543 1762 2618 suntiili,.qui

118 2628 195 2685 noes
211 2627 315 2685 dicitur
327 2631 495 2703 peruenisse,
512 2630 621 2687 abierat
635 2632 710 2686 enirn
729 2632 758 2687 in
779 2633 923 2704 regionem
963 2629 1062 2685 ἀιειιιιι
1072 2629 1147 2701 quod
1164 2629 1260 2685 fideles
1272 2634 1336 2700 post
1345 2630 1454 2700 lapsum
1464 2631 1582 2700 peccati,
1597 2637 1627 2688 et
1640 2633 1763 2691 maxime

117 2716 316 2795 longinquam,
330 2725 359 2779 et
377 2719 460 2790 longe
474 2719 543 2775 setis
557 2736 574 2774 a
586 2720 644 2776 Deo
658 2720 782 2783 enectus.
798 2722 846 2793 qui
860 2722 921 2778 fue·
962 2717 1017 2790 ipsi
1032 2717 1080 2790 qui
1101 2718 1131 2773 in
1148 2717 1239 2789 gradu
1264 2717 1452 2775 ecclesiastico
1465 2725 1533 2774 sunt
1545 2722 1676 2791 promoti,
1706 2737 1762 2779 nun

118 2812 168 2885 rat
183 2806 261 2863 dines
282 2814 310 2864 et
328 2807 439 2874 nobilis,
455 2808 579 2864 deterior
599 2825 680 2865 servo
701 2816 730 2866 et
748 2812 921 2869 mercenario
961 2807 1072 2880 possint
1084 2806 1114 2861 in
1132 2807 1282 2879 pristinum
1296 2812 1400 2865 uatum
1415 2824 1449 2865 ex
1463 2808 1574 2880 integro
1588 2811 1710 2879 restitui,
1726 2811 1762 2868 de

117 2894 212 2953 sactus
225 2901 278 2964 est,
293 2886 341 2952 sed
358 2903 453 2959 tumen
474 2913 618 2969 regressus
634 2904 663 2954 et
677 2899 815 2970 punitcns
828 2900 857 2955 in
869 2916 921 2956 an·
962 2912 1018 2969 quo
1040 2895 1107 2969 quid
1132 2902 1246 2951 sanctus
1266 2911 1340 2968 papa
1363 2896 1516 2967 Gregorius
1538 2899 1660 2956 sensuit
1669 2905 1759 2974 elque

118 2985 236 3063 tiquum
250 2985 384 3067 recipitur
397 2992 513 3052 statum,
528 2995 556 3043 et
570 2988 599 3042 in
613 2988 734 3059 priorem
743 2987 864 3059 gloriam
879 3007 922 3047 re·
962 2985 1053 3055 amico
1067 2985 1251 3056 interroganti
1266 2985 1452 3057 responderit,
1467 2986 1504 3043 sd
1517 2989 1759 3047 confirmationem

120 3081 255 3153 peratum
272 3075 347 3149 quod
358 3075 381 3130 si
390 3075 575 3149 desperasset,
588 3083 617 3130 ct
630 3075 788 3133 erubuisset
800 3094 851 3150 pro
866 3079 919 3147 his,
962 3090 1061 3133 sensus
1084 3075 1183 3140 nostri,
1205 3075 1258 3131 hoc
1272 3074 1301 3130 in
1321 3075 1382 3129 loco
1396 3075 1633 3146 interponendum
1647 3093 1758 3146 censeo,

121 3180 187 3237 quae
195 3163 357 3225 acciderant
366 3165 402 3231 ei,
414 3165 517 3220 reverti
531 3165 564 3220 ιιι]
582 3172 700 3236 patrem,
708 3166 757 3223 sed
774 3168 923 3225 mansisset
963 3163 1011 3235 qui
1027 3162 1057 3217 in
1069 3162 1188 3235 epistola
1206 3178 1291 3235 quam
1313 3162 1349 3217 ad
1369 3163 1559 3220 Secundinum
1577 3182 1689 3223 sernum
1708 3167 1761 3223 Dei

118 3251 150 3332 in
166 3252 281 3325 regione
296 3254 449 3327 longinqua
463 3260 492 3310 et
505 3255 605 3322 aliena,
623 3271 679 3311 non
693 3256 790 3329 utique
804 3255 923 3330 adeptus
962 3251 1103 3307 inclusum
1125 3250 1291 3324 conscripsit
1312 3250 1387 3306 iuter
1405 3252 1462 3307 ulia
1482 3253 1522 3308 sic
1537 3253 1595 3309 ait:
1618 3254 1693 3311 Nam
1712 3261 1764 3312 nia

118 3346 197 3398 esset
208 3357 242 3397 es
255 3357 317 3414 quae
325 3342 444 3416 adeptus
452 3348 503 3409 est,
515 3343 565 3399 sed
583 3343 656 3399 seme
670 3344 814 3416 periturus
829 3345 922 3403 infeli·
963 3341 1097 3397 sanctitas
1118 3339 1213 3395 indes
1239 3338 1320 3398 nobis
1341 3340 1496 3411 requisivit,
1512 3347 1545 3398 ιιι
1557 3341 1609 3398 tibi
1629 3343 1763 3402 ηιοιιιο-

118 3428 265 3509 cissimsm
281 3437 401 3487 mortem
416 3430 556 3488 subiisset.
571 3431 655 3487 Vides
678 3448 745 3505 engo
760 3439 867 3506 quanta
880 3439 924 3491 est
963 3445 1033 3495 rem,
1050 3428 1261 3491 desncerdotali
1272 3428 1372 3496 officio,
1384 3436 1449 3500 post
1461 3429 1570 3501 lapsum
1582 3433 1760 3504 resurgendi,

118 3517 232 3577 utilitas
243 3520 426 3593 punitentia,
438 3528 545 3592 quanta
556 3521 594 3577 sit
601 3522 792 3579 conversionis
800 3539 864 3595 spes
873 3539 924 3596 per
962 3517 1032 3575 dum
1049 3517 1119 3575 dicis
1144 3517 1181 3573 dc
1199 3517 1252 3572 hoc
1266 3532 1387 3573 canones
1402 3517 1526 3575 diversos
1541 3524 1569 3574 te
1585 3519 1696 3590 legisse,
1716 3520 1761 3577 di·

119 3606 330 3685 ponitentiam,
346 3610 420 3666 nlius
439 3611 574 3683 prodigus
593 3610 693 3684 recipit
709 3611 812 3684 prioris
825 3612 922 3685 gloriae
962 3622 1112 3679 remusque
1126 3605 1289 3667 sententiae.
1306 3605 1376 3661 nlius
1389 3607 1640 3677 resurgescentibus
1653 3625 1761 3683 nequa·

119 3702 332 3771 etatum,quem
340 3699 434 3759 senior
443 3699 530 3755 irater
544 3699 667 3756 babebat
680 3716 732 3773 per
745 3700 920 3773 patiendam.
963 3695 1281 3769 quampossc.Narnnos
1294 3695 1465 3766 generaliter
1473 3695 1614 3753 aNicseua
1626 3696 1762 3770 incipien-

120 3784 290 3844 ctsiaudere
301 3788 329 3843 ιιι
344 3786 448 3843 tutibus
467 3787 509 3843 las
523 3793 575 3855 est,
591 3788 703 3845 videtur
714 3789 784 3845 mihi
798 3790 873 3863 quod
889 3807 923 3847 ex
963 3792 1015 3849 tes,
1042 3784 1115 3841 benc
1141 3800 1207 3842 cun
1225 3783 1340 3856 reliquis
1359 3789 1482 3856 quatuor
1502 3800 1678 3852 veneramur,
1694 3786 1763 3859 quin

119 3874 303 3933 conversione
313 3876 359 3932 bic
372 3876 457 3935 ctiam
474 3877 710 3952 ampliusaliquid
722 3878 844 3948 meruit3
859 3878 922 3935 vide
962 3874 1053 3947 ipsam
1066 3876 1328 3946 sequentnscaaterae
1338 3872 1367 3929 in
1381 3871 1489 3929 cunctis
1503 3874 1652 3932 sententiis
1661 3876 1763 3935 mani·

120 3960 199 4021 enim
215 3965 459 4038 quomodoseuior
474 3966 561 4023 t'rnter
575 3967 644 4023 dicit
659 3985 666 4022 :
682 3988 693 4020 ι
708 3967 923 4024 &centannis
963 3980 1023 4021 mes
1049 3963 1229 4031 concordant,
1254 3978 1306 4019 nos
1321 3977 1388 4033 ergo
1416 3968 1445 4020 et
1457 3962 1647 4037 precedentes
1659 3964 1762 4023 Patres

120 4053 214 4111 servio
228 4052 289 4122 tibi,
306 4060 335 4111 et
358 4071 503 4128 uunquam
527 4055 629 4112 dedisti
649 4056 719 4113 mibi
742 4057 865 4126 haedum,
891 4064 925 4115 ut
963 4053 1117 4127 sequimur,
1144 4052 1210 4125 quin
1224 4050 1338 4109 auctore
1352 4052 1441 4108 licea
1463 4068 1544 4111 sacre
1556 4053 1761 4113 doctrinsille·

120 4158 186 4199 cnm
201 4141 301 4199 amicis
314 4143 385 4198 meis
400 4145 540 4217 epularer,
557 4161 620 4201 cum
636 4150 732 4202 autem
752 4145 830 4202 veuit
848 4146 924 4203 filius
964 4159 1028 4198 rum
1051 4158 1107 4198 uon
1122 4141 1325 4197 discordamus.
1342 4141 1471 4213 llcapitc
1484 4141 1581 4213 itaque
1592 4142 1762 4218 incipientes

120 4236 189 4291 tuus
201 4230 248 4289 hic
261 4232 310 4305 qui
323 4234 446 4290 comedit
457 4234 644 4292 substantium
659 4242 738 4291 tuam
752 4252 817 4293 cum
831 4252 923 4293 mere·
963 4249 1054 4306 usque
1063 4232 1093 4287 in
1103 4236 1236 4305 quartum
1244 4230 1342 4287 altaris
1354 4230 1543 4287 ministerium
1553 4232 1626 4290 harre
1641 4233 1763 4292 formem

119 4320 249 4389 tricibus,
263 4322 400 4395 iugulasti
424 4331 453 4380 ct
475 4324 595 4382 vitulum
609 4325 771 4398 saginatum
781 4327 859 4399 (Luc.
874 4320 1129 4420 xunserraudam
1154 4320 1358 4391 cognoscimus,
1374 4325 1407 4375 ut
1429 4320 1505 4391 quia,
1518 4320 1657 4379 nunonem
1669 4323 1764 4395 major

121 4408 186 4482 ι9);
205 4429 218 4463 ι
234 4411 375 4485 quomodo
389 4429 456 4486 ergo
466 4430 522 4470 non
536 4415 657 4488 amplius
670 4420 837 4473 consecutus
850 4414 925 4472 ride-
964 4408 1106 4484 praeeedit,
1117 4408 1357 4467 sicuih⁰¹10r⁰⁰⁵i
1371 4409 1472 4480 maior,
1483 4408 1525 4464 ila
1535 4408 1614 4465 sitin
1631 4409 1761 4482 erimine,

122 4504 180 4567 tur,
198 4498 247 4575 qni
261 4518 312 4575 per
332 4501 526 4575 punitentiam
548 4503 644 4572 rediit,
660 4520 724 4560 curn
745 4504 793 4563 ille
811 4505 924 4563 badum
964 4506 994 4555 et
1007 4516 1091 4572 quem
1105 4499 1197 4570 major
1207 4497 1336 4570 sequitur
1348 4496 1440 4570 culpe·
1452 4497 1544 4568 maim·
1555 4497 1583 4555 ei
1602 4498 1765 4571 impliwifl?

122 4604 271 4664 nunquam
285 4591 432 4665 acceperit,
448 4592 551 4650 vitulus
563 4592 631 4649 huic
642 4593 751 4651 occisus
763 4593 801 4650 sit
813 4595 924 4667 semna·
963 4588 1094 4655 vindicta,
1110 4594 1140 4643 ei
1151 4587 1192 4643 sic
1204 4592 1302 4660 postea
1319 4585 1763 4660 peanitentisrsedaturesscb'c·

121 4683 181 4736 tus.
195 4678 263 4755 Haec
276 4678 373 4754 igitur,
394 4679 564 4751 charissimi,
578 4681 713 4740 babentes
728 4683 855 4756 exempla
867 4701 924 4757 poe·
963 4683 1077 4737 ctuosa:
1101 4674 1169 4749 quid
1192 4674 1268 4732 cnim
1287 4675 1402 4748 prodest
1423 4674 1552 4733 triticum
1565 4677 1716 4746 semim·
1732 4681 1764 4735 tl

122 4766 326 4837 nitentiae,non
342 4786 554 4843 perseveremus
568 4770 598 4826 in
612 4770 703 4839 malis,
724 4787 777 4829 nec
795 4772 924 4845 despere-
963 4766 1168 4823 lructumillius
1178 4781 1234 4821 non
1247 4764 1389 4838 colligere,
1398 4770 1449 4822 aut
1461 4765 1577 4823 domum
1585 4772 1759 4834 constantis,

122 4874 190 4917 mus
198 4858 465 4927 reconciliationem,
482 4859 531 4916 scd
545 4859 671 4918 dicamus
685 4877 694 4916 ι
709 4875 761 4917 uos
775 4859 862 4929 etiam
875 4878 922 4917 rc·
962 4863 1057 4915 ctnon
1072 4855 1128 4911 illic
1141 4854 1286 4912 babitaret
1294 4859 1359 4926 post
1372 4854 1488 4927 diguam
1501 4855 1579 4915 onim
1592 4853 1762 4929 atiatscn'e·

122 4944 243 5007 damus
266 4948 303 5005 ed
329 4955 449 5023 patrem,
478 4954 509 5006 et
521 4949 759 5023 ⁴uppreximemus
778 4965 830 5005 nos
852 4949 921 5018 Deo,
961 4962 1028 5003 nem
1041 4945 1181 5001 credimus
1195 4960 1277 5018 possa
1300 4943 1392 5001 redire
1405 4945 1442 5001 sd
1460 4945 1606 5012 bonorem,
1623 4943 1763 5019 propbeta

123 5053 281 5112 nunquam,
293 5038 364 5097 mibi
376 5038 468 5105 crede,
478 5039 653 5096 aversabitur
665 5055 813 5097 murcrsos
830 5037 866 5097 ud
880 5055 919 5105 se,
961 5034 1087 5092 meante:
1102 5051 1115 5089 ι
1131 5032 1265 5107 Nunquid
1280 5032 1329 5105 qui
1342 5033 1419 5091 eadit
1432 5050 1489 5091 non
1500 5032 1615 5106 adjiciet
1623 5038 1657 5093 ιιι
1670 5048 1764 5092 resur·

124 5144 177 5187 nos
191 5143 299 5194 sumus,
317 5127 365 5200 qui
374 5128 561 5202 nosmetipsos
571 5128 653 5201 longe
663 5127 805 5186 ellecimus
818 5127 920 5195 eDeo;
961 5128 1027 5195 gat:
1045 5127 1074 5179 et
1098 5123 1147 5195 qui
1169 5138 1284 5180 aversus
1306 5129 1359 5189 est,
1384 5139 1442 5181 non
1462 5121 1636 5183 serenetur?
1660 5141 1672 5176 ι
1694 5123 1761 5192 (ιιι.

124 5213 184 5290 ipae
198 5216 275 5275 enim
289 5217 357 5275 dicit
372 5235 378 5271 :
397 5238 408 5270 ι
423 5219 498 5287 Deus
520 5217 718 5293 approximans
741 5234 793 5290 ego
812 5233 884 5283 sum,
908 5233 920 5268 ι
963 5228 1036 5281 xxiv,
1048 5210 1188 5281 ‘tetidem
1202 5219 1231 5270 et
1244 5214 1384 5287 peccatori
1394 5213 1451 5270 ait:
1467 5232 1479 5266 ι
1494 5214 1528 5271 In
1538 5224 1705 5286 quocunque
1717 5207 1764 5269 sle

125 5312 225 5364 ιιιιιοιι
238 5307 314 5364 Deus
328 5306 363 5363 de
377 5305 625 5379 longe,etiternm
638 5323 690 5380 por
707 5306 838 5363 eumdem
861 5320 925 5379 pro·
965 5319 1114 5359 conversus
1144 5302 1325 5375 ingemueris,
1353 5307 1421 5359 tunc
1443 5302 1537 5358 salvus
1571 5300 1628 5358 eris
1655 5299 1763 5367 (sud.

126 5395 251 5468 phetam,
270 5401 420 5469 «peccata,
441 5396 542 5472 inquit,
567 5400 700 5470 separant
720 5412 765 5451 me
788 5400 818 5451 et
834 5410 923 5459 ros»
965 5408 1055 5458 unm,
1070 5391 1128 5455 ltu
1144 5411 1155 5443 ι
1172 5392 1248 5448 unde
1266 5398 1296 5447 et
1313 5390 1462 5447 Peumista
1484 5390 1547 5447 nit:
1576 5391 1666 5450 «Gor
1679 5404 1764 5449 mun·

126 5485 149 5542 si
163 5491 360 5561 ergupeocnta
374 5492 514 5560 suntque
532 5503 583 5543 nos
602 5490 734 5559 separant
755 5483 857 5551 aDeo,
871 5499 924 5540 cu·
965 5481 1033 5537 dum
1046 5496 1111 5534 crea
1123 5480 1153 5536 iu
1168 5497 1223 5541 me,
1240 5481 1325 5546 Dens,
1341 5486 1369 5535 ct
1383 5479 1514 5550 spirltum
1531 5483 1641 5538 rectum
1662 5478 1765 5535 muers

127 5574 251 5633 teramus
274 5575 399 5635 modium
426 5575 502 5632 istud
526 5574 712 5639 obstaculum,
738 5580 767 5629 ct
790 5572 860 5629 nibil
883 5579 927 5628 cst
966 5572 996 5628 iu
1008 5569 1161 5626 visceribus
1178 5569 1262 5626 meis:
1288 5585 1324 5624 ne
1338 5567 1471 5642 projicias
1486 5584 1532 5627 me
1545 5585 1564 5625 a
1575 5567 1646 5625 isaie
1659 5572 1719 5638 tus,
1735 5569 1767 5625 ct
