3772 6120
124 299 187 357 lost
413 294 445 349 B.
466 293 602 348 RABANI
621 291 738 349 usust
755 291 925 348 ARCHIEP.
945 292 1109 350 MOGUNT.
1128 291 1278 351 censuit
1300 290 1392 346 PARS
1411 291 1464 347 111.
1692 292 1756 352 litt

119 424 317 491 condiscipulos
330 421 521 475 ercossliaroos
530 423 555 473 et
566 434 613 472 uos
623 422 672 474 ct·
686 416 841 470 moriamur
851 419 949 479 cumA
960 424 1002 473 cot
1018 423 1050 472 te.
1065 419 1097 472 In
1113 417 1214 489 quibus
1237 417 1328 471 verbis
1351 417 1522 483 ostenditur,
1543 418 1611 490 quio
1625 418 1756 475 Dominus

120 528 162 567 eo.
173 511 241 566 occe
253 525 334 564 verus
345 507 502 562 ornantium
514 507 639 573 effectus,
651 505 763 560 velcum
771 521 804 559 eo
816 505 917 575 rivere,
960 507 1076 560 Marium
1090 507 1214 572 s'ocorit3
1230 506 1304 578 quod
1317 507 1330 560 J
1334 523 1440 560 oannes
1461 506 1561 573 tuouit,
1578 508 1634 562 nisi
1650 508 1755 579 quondo

119 598 162 654 vel
171 614 236 652 oum
246 614 278 651 eo
289 597 370 652 mori.
395 598 466 650 l'cnit
479 597 540 666 jam
551 595 688 656 Christus,
698 601 722 648 ct
736 597 841 649 triverit
856 611 918 649 earn
960 596 1002 649 vel
1012 596 1151 665 quomodo
1161 595 1279 650 Marium
1288 595 1436 661 vocaverit,
1443 597 1618 650 narrationis
1628 595 1756 651 breuitate

119 684 919 757 quatuordecemmucronummolemonium-araurem
960 683 1756 754 servetof.illaria,ergo,otoudioitseuDominoseiscite·

117 776 252 832 Bethania
260 778 345 842 puoto
362 776 572 840 lerosolymam,
589 774 670 840 quasi
683 772 781 826 stodiis
798 772 919 840 quiriae·
960 772 1124 837 ri,sorrecit
1139 775 1202 838 cito,
1210 775 1315 826 circuit
1323 774 1361 825 od
1371 789 1446 826 corn.
1458 775 1592 827 Nondum
1603 778 1677 828 enim
1688 791 1756 828 terre

118 868 183 930 uro,
200 862 309 918 duobus
325 860 474 922 milliariis,
492 860 582 914 studio
597 859 689 914 nunus
706 878 712 912 z
729 863 813 913 occulti
826 865 919 913 actem
959 866 1004 916 rat
1019 864 1095 916 lesos
1109 865 1142 915 io
1155 865 1308 924 castellum,
1322 863 1437 915 roderet
1447 863 1540 916 adbuc
1550 866 1581 917 in
1591 867 1641 918 illo
1652 867 1704 917 loco
1715 865 1756 917 oli

116 954 396 1008 ealodmsoeneroot
406 952 442 1005 od
454 951 577 1004 diarium
587 955 612 1003 ct
621 941 773 1014 Mortborri,
784 953 814 1002 ut
822 964 916 1002 conso·
959 955 1117 1005 ocutrrcrot
1132 953 1157 1004 ci
1165 950 1284 1005 Martha.
1296 952 1385 1004 ludet
1395 954 1495 1019 cottio,
1508 956 1560 1020 qui
1567 970 1632 1005 cam
1643 959 1755 1009 corrant

118 1045 247 1096 larentur
261 1056 305 1095 cos
320 1039 352 1094 dc
365 1041 526 1107 fratresuo.
543 1038 653 1093 Martha
673 1053 746 1106 erpo,
761 1042 792 1091 ot
806 1037 917 1092 audivit
957 1041 1089 1105 rodoino,
1104 1043 1128 1092 ct
1143 1040 1357 1093 consolabantur
1380 1056 1452 1107 conr,
1472 1057 1538 1094 oum
1554 1042 1687 1095 vidissent
1701 1043 1755 1094 llo·

116 1131 183 1201 quia
192 1131 359 1194 lesusoooit,
368 1130 489 1182 occurrit
501 1129 556 1183 illi.
565 1126 838 1181 Mariaoutcrodomt
846 1126 917 1179 sede·
958 1131 1033 1181 riam
1044 1131 1110 1196 quia
1120 1130 1172 1180 cito
1183 1131 1433 1193 rememorent,
1444 1133 1581 1199 putantes
1596 1128 1674 1183 illem
1688 1129 1756 1184 iesti-

117 1220 171 1274 dot.
183 1220 260 1276 llicit
276 1234 338 1285 orco
354 1218 465 1273 Martha
479 1218 516 1270 oct
527 1219 622 1270 lesam
637 1234 645 1269 ,·
660 1216 785 1280 Ilornioc,
805 1217 831 1268 ri
844 1216 916 1282 surb·
958 1232 1037 1281 nare,
1046 1222 1078 1271 ut
1087 1216 1191 1271 doloris
1202 1216 1261 1270 suis
1269 1216 1400 1271 solatium
1414 1217 1548 1289 lacrymis
1556 1225 1705 1289 quaereret,
1718 1237 1754 1274 rc·

115 1324 154 1360 scs
165 1309 219 1372 liic,
230 1308 321 1374 frater
334 1323 410 1361 uuus
421 1322 477 1360 ooo
489 1306 588 1373 lauret
597 1309 738 1372 mortuum
750 1304 828 1358 sedet
842 1319 918 1358 norw
958 1309 1016 1362 cuti
1029 1312 1094 1359 sont
1109 1322 1170 1360 cam
1181 1307 1323 1360 dicentert
1340 1325 1348 1359 .·
1365 1308 1437 1374 (licia
1452 1308 1530 1360 uadit
1545 1309 1584 1361 od
1598 1324 1756 1362 psonunten-

118 1399 181 1459 seio,
201 1398 268 1474 quia
284 1411 451 1464 quecunque
466 1396 618 1462 poposceris
632 1411 650 1446 o
664 1395 725 1449 lleo.
739 1392 816 1445 debit
831 1394 899 1446 Deos
907 1413 915 1457 ,·
960 1401 1029 1460 turn,
1046 1400 1077 1449 ut
1088 1399 1178 1465 ploret
1194 1397 1504 1462 ibi.i1ar·iacrpo,cum
1518 1398 1755 1452 ccnuotuoroo

117 1492 148 1541 et
159 1485 216 1542 scio
230 1484 297 1556 quio
311 1489 391 1554 potes
404 1481 645 1539 eumsusciteresi
660 1481 709 1546 vis,
721 1481 771 1534 sed
791 1480 843 1535 hoc
857 1485 915 1546 tuo,
957 1487 1044 1551 leus,
1060 1485 1154 1538 uideor
1166 1501 1229 1538 curn
1244 1486 1338 1538 cecidit
1352 1486 1390 1538 oct
1407 1486 1486 1553 pectes
1502 1489 1573 1554 ejus,
1590 1491 1616 1539 ct
1631 1487 1701 1539 dicit
1713 1489 1756 1539 ci:

118 1573 247 1640 Domine,
263 1573 391 1642 relinquo
403 1571 519 1626 arbitrio
532 1589 538 1637 3
554 1586 609 1625 non
634 1586 701 1642 rogo
725 1575 759 1622 ut
777 1568 893 1622 suscites
908 1586 914 1620 z
958 1575 1081 1640 Borrine,
1094 1574 1225 1640 siluisses
1235 1573 1287 1636 bic,
1299 1588 1354 1626 oon
1365 1576 1429 1625 aret
1443 1578 1574 1626 mortuus
1583 1575 1755 1641 froterrncos,

119 1663 185 1734 quia
196 1679 252 1716 non
262 1678 409 1732 praesume,
418 1660 598 1731 quianescio,
607 1676 643 1713 on
661 1659 698 1713 sit
711 1658 790 1712 utilis
803 1657 868 1711 facti
888 1657 917 1711 in
957 1666 986 1716 te
998 1661 1073 1716 enim
1083 1665 1230 1732 praeseote,
1244 1660 1321 1713 nullo
1330 1676 1456 1730 unquam
1467 1659 1703 1715 infirmitosousa
1711 1662 1757 1717 tuit

119 1767 152 1808 eo
178 1748 471 1807 marcescentes
493 1752 538 1804 illi
555 1751 632 1805 lesus
652 1768 660 1802 .·
679 1749 806 1817 deturpet
827 1738 1331 1824 [rotchapporerespudquosritu
1342 1749 1756 1820 eonsuei·erithospitori.lcsar

119 1847 192 1896 tuus.
203 1843 276 1897 Dicit
285 1842 310 1894 ci
319 1838 431 1893 Martha
439 1845 451 1891 l
460 1837 521 1893 Scio
529 1840 597 1906 qaia
613 1842 735 1907 reuocet
746 1840 776 1891 io
791 1852 916 1891 recurro*
958 1844 1064 1908 erpomt
1075 1839 1146 1893 sidit
1157 1838 1450 1907 llariomplorautcm‚
1459 1840 1756 1907 infreniorespiruoe

117 1933 204 1987 atocio
226 1930 362 1997 cenerati,
384 1930 417 1980 lo
440 1929 588 1982 novistine
610 1927 665 1981 dic.
676 1927 749 1980 llicit
770 1928 795 1980 et
815 1927 916 1978 lesus:
959 1929 1231 1996 turbaoitscipsum:
1248 1925 1313 1997 quia
1327 1926 1423 1987 voluit,
1439 1926 1555 1997 quondo
1570 1927 1669 1993 voluit,
1684 1943 1757 1999 quen

118 2020 174 2088 Epo
188 2018 429 2073 conresurrectio
444 2020 468 2070 ct
483 2018 550 2079 cita,
567 2014 634 2086 quia
644 2031 706 2069 sum
720 2014 787 2080 vite,
804 2030 854 2085 per
872 2029 917 2068 me
958 2014 1154 2070 aliusturbore
1168 2031 1225 2068 non
1238 2014 1340 2086 potuit.
1358 2015 1412 2069 Sed
1424 2020 1453 2069 et
1465 2015 1563 2082 hodie,
1576 2015 1690 2088 quando
1699 2032 1755 2088 pec·

66 2157 69 2161 .
118 2110 264 2177 resurget,
281 2121 332 2175 per
346 2120 391 2157 me
405 2109 473 2158 tuuc
490 2102 668 2175 resurgetsi
688 2103 750 2157 uolo
772 2107 801 2155 et
815 2112 917 2156 nonos
959 2111 1038 2161 octor
1049 2109 1215 2174 computans
1230 2120 1292 2174 quie
1309 2102 1383 2156 bono
1397 2103 1448 2158 Dei
1462 2120 1481 2156 o
1494 2104 1555 2158 Deo
1573 2105 1757 2177 accepitque

119 2196 264 2264 Quicrcdtl
276 2192 467 2259 terrentem,
477 2195 595 2246 etiaotsi
612 2197 738 2246 mortuus
756 2193 844 2258 (uerit
858 2207 920 2245 cor·
960 2193 1032 2247 mole
1046 2209 1098 2265 pro
1112 2191 1190 2246 bouis
1205 2191 1262 2246 Deo
1282 2191 1436 2245 reddiderit
1460 2191 1559 2247 tremit
1572 2193 1602 2246 in
1625 2194 1754 2265 spiritum,

120 2300 197 2355 pore,
214 2285 293 2347 uiuet,
304 2288 336 2336 ut
351 2281 418 2334 visit
433 2279 586 2345 Abraham,
604 2280 683 2335 Isaeo
696 2286 726 2333 et
738 2279 831 2344 Jacob,
849 2296 920 2351 quo·
961 2287 990 2336 et
1003 2281 1211 2352 compungitur,
1223 2285 1253 2334 et
1272 2280 1469 2334 conturbatur.
1484 2281 1596 2336 Fremit
1615 2298 1680 2336 vero
1697 2283 1757 2337 udo

119 2387 184 2427 rum
196 2371 270 2425 Deus
286 2384 360 2435 sum,
372 2370 445 2423 sieut
455 2368 761 2423 rirommssredensiu
772 2369 920 2435 me,etiom
960 2370 991 2425 in
1005 2370 1119 2425 bomine
1134 2370 1202 2424 dum
1215 2369 1251 2424 de
1266 2369 1388 2440 peccatis
1407 2369 1539 2440 increpat
1563 2388 1593 2424 se
1611 2390 1617 2422 :
1640 2372 1755 2425 cbristus

117 2466 256 2526 monuus,
274 2459 359 2525 rivit3
381 2475 438 2512 non
458 2458 576 2512 credens
598 2457 627 2512 in
651 2474 706 2523 roo,
728 2457 815 2512 etism
831 2457 919 2523 vivus,
961 2458 1056 2514 tremit
1069 2459 1100 2512 in
1114 2476 1157 2525 eo,
1169 2457 1448 2524 Christusturbatur,
1459 2458 1529 2529 quia
1541 2459 1614 2513 fides
1633 2461 1669 2513 de
1689 2460 1756 2514 Chri·

119 2555 250 2604 mortuus
259 2553 312 2603 est.
323 2548 357 2603 lit
368 2546 591 2615 oornr'squidum
602 2548 669 2600 vicit
686 2545 716 2599 in
733 2547 921 2612 cornuorum
960 2554 1013 2613 sto,
1030 2547 1159 2602 Christus
1174 2552 1217 2602 est
1232 2547 1261 2601 in
1283 2546 1396 2601 eordeh.
1412 2548 1755 2617 seolseiensium

120 2642 153 2692 tu
162 2654 214 2702 mo,
226 2636 290 2692 etsi
304 2635 341 2690 od
350 2642 462 2706 tempos
475 2635 615 2689 morietur
628 2635 781 2690 secundum
795 2651 918 2700 curnem,
960 2637 1057 2690 coistis
1069 2651 1132 2688 carn
1144 2640 1156 2687 l
1170 2636 1271 2688 licum
1286 2637 1311 2687 ei
1322 2653 1330 2699 ,·
1340 2635 1467 2700 Domine,
1483 2638 1549 2688 ocni
1563 2641 1588 2689 ct
1603 2637 1712 2690 ridell
1723 2639 1755 2690 la

121 2727 322 2781 oonooorictur
330 2726 362 2777 tn
372 2729 523 2785 rectiorem
540 2723 606 2793 quis
615 2723 725 2778 viretin
735 2723 840 2786 mima,
850 2723 921 2778 iute-
961 2727 1104 2790 crymotus
1126 2727 1163 2776 est
1181 2725 1267 2792 lotoe.
1286 2721 1309 2775 0
1331 2738 1439 2792 magne
1454 2722 1572 2793 pietatis
1588 2724 1754 2778 uiiectumlo

121 2813 186 2881 rim,
198 2811 444 2882 douocincorporo
454 2811 611 2882 resurgotd.
634 2813 745 2867 Etcum
760 2813 819 2867 haec
834 2811 921 2867 dixis·
962 2811 1058 2881 mogni
1067 2811 1173 2866 umoris
1190 2815 1389 2881 argumentum
1400 2811 1435 2864 lo
1456 2810 1665 2866 inaestimabilis
1685 2813 1753 2866 ismi-

121 2908 165 2957 set
173 2901 277 2971 adjecit
288 2919 294 2953 :
306 2902 398 2955 Credis
409 2900 581 2954 hoclsciens
599 2901 716 2956 Mortbae
733 2901 828 2968 iidem,
845 2918 921 2971 quae-
961 2899 1094 2954 liuritetis
1110 2899 1341 2970 indiciuml-quis
1355 2898 1495 2953 estimare
1516 2900 1663 2955 sufficeret
1683 2902 1753 2955 alter·

120 2990 187 3047 sirit
198 2988 501 3055 oensessionemcoroo
510 2989 585 3043 enim
595 2991 719 3043 creditor
729 2992 919 3058 collectitium,
962 3004 1032 3043 oiim
1045 2988 1137 3054 illum,
1154 2989 1204 3059 qui
1218 2994 1285 3042 tunc
1299 2987 1373 3042 inter
1385 2988 1540 3042 Dominum
1552 2991 1717 3044 salvatorem
1729 2996 1752 3042 et

123 3094 169 3133 ore
179 3078 410 3144 autcrumusessio
418 3079 448 3142 {it
457 3078 494 3128 od
503 3080 650 3130 solocense.
670 3080 716 3133 lit
736 3081 801 3133 illi:
814 3079 918 3146 Utique,
929 3056 951 3114 C
961 3078 1024 3147 ejus
1039 3077 1159 3132 emicem
1169 3077 1287 3131 Mariam
1297 3076 1469 3133 fervescebat
1477 3094 1619 3146 umorem,
1631 3081 1708 3149 cnjus
1719 3079 1754 3134 iu·

123 3167 247 3228 ilorntoe,
260 3181 306 3232 epo
320 3164 434 3227 credidi,
453 3166 521 3231 qula
534 3169 564 3216 ta
583 3181 609 3216 os
623 3164 758 3229 Citieus,
770 3167 858 3221 Filius
872 3167 923 3220 Ilei
961 3165 1067 3220 dicium
1078 3165 1181 3219 scimm
1204 3164 1285 3219 illum
1299 3165 1493 3219 dulcissonum
1517 3167 1706 3238 lacrymarum
1720 3183 1756 3221 or·

121 3256 187 3319 uici,
203 3256 254 3322 «pti
267 3269 318 3323 pro
332 3251 423 3306 cuuto
432 3251 570 3306 mundiio
580 3253 803 3309 buucrnuoclom
811 3257 919 3309 cristol
962 3253 1078 3310 doreml
1094 3254 1311 3320 crederemus,
1327 3270 1455 3309 amorem
1469 3255 1552 3309 illum
1575 3257 1655 3311 omni
1670 3257 1754 3311 bunu-

963 3360 1018 3410 oae,
1032 3344 1091 3399 imo
1103 3348 1132 3398 et
1146 3343 1279 3414 angelice
1293 3349 1431 3397 creaturae
1442 3343 1753 3415 incomprehensibilem.

124 3414 190 3469 Cle.
204 3412 299 3469 XV.-
313 3412 362 3468 dot
371 3412 493 3466 Mortem
505 3415 662 3480 plorantem
676 3415 771 3468 videos
783 3412 921 3481 Salvator,
963 3432 996 3487 pp
1012 3435 1185 3499 mmmm,
1198 3437 1236 3486 „g
1245 3434 1331 3486 pm„
1344 3431 1367 3486 0
1382 3432 1523 3503 lamma,
1534 3433 1711 3504 dignissim,
1720 3449 1754 3487 η,

407 3486 578 3549 ²⁰⁶rym⁰tu⁸
593 3487 639 3536 ‘³³²'
963 3519 1098 3586 rosontio,
1113 3527 1143 3575 et
1156 3536 1213 3576 oon
1225 3520 1286 3575 siue
1305 3520 1438 3590 lucrymis
1458 3522 1666 3578 nominandasl
1681 3524 1754 3593 laoy·

115 3655 117 3658 ,
159 3608 227 3663 Post
240 3606 299 3662 broc
312 3604 405 3670 coba,
420 3607 492 3659 obiit
508 3607 629 3673 Mortbo,
645 3612 675 3661 et
685 3611 790 3662 coccolt
803 3623 923 3663 sororem
964 3624 1026 3662 mss
1035 3607 1099 3663 Filii
1105 3607 1165 3673 Dei,
1174 3608 1280 3678 quaedo
1288 3607 1448 3677 purissimis
1457 3609 1577 3679 pupillis
1587 3613 1650 3681 eius
1656 3611 1754 3666 ebullis»

124 3712 205 3751 suom
218 3710 372 3766 suppresse
381 3709 458 3760 voce,
472 3695 563 3748 diceus
579 3714 587 3748 :
603 3696 733 3762 ltoplsto·
742 3698 827 3762 adet,
842 3702 866 3751 et
880 3713 924 3752 oo-
964 3701 1041 3764 runt,
1052 3712 1115 3767 qus
1125 3697 1160 3751 de
1170 3696 1368 3768 pulcherrimis
1377 3698 1440 3767 ejus
1450 3697 1752 3763 oeulisdrstillsrenut,

596 3806 684 3852 itur!
704 3807 889 3853 romssluun
911 3809 951 3853 EX
972 3809 1092 3855 multu
1114 3810 1292 3855 cesoma.

125 3901 163 3954 Ut
173 3901 233 3969 jum
248 3898 405 3968 inciperent
415 3896 559 3958 admirari,
585 3897 778 3952 irisDominus
808 3898 927 3953 otuitdi·
967 3900 1108 3954 stolusuit
1123 3919 1129 3954 :
1147 3901 1232 3955 corae
1245 3901 1369 3954 ereditur
1382 3901 1419 3952 acl
1434 3902 1593 3968 justitiam,
1610 3919 1656 3956 ore
1675 3909 1753 3957 colem

125 3987 188 4025 cere
202 3975 355 4033 mortuum,
373 3966 447 4049 quod
471 3984 523 4021 nec
540 3914 658 4035 viderat,
675 3985 726 4023 nec
740 3985 776 4022 au
797 3969 877 4023 ieret.
894 3971 925 4025 or
967 3969 1752 4038 coissessr'ofitadsdutcm.RabsniComn1ent.inliattb.,

126 4042 244 4096 credatis
259 4044 291 4094 ut
304 4038 425 4108 amphus
440 4037 637 4111 robustiusque
651 4039 780 4094 credetis.
796 4038 825 4095 S.
840 4042 924 4108 Aac,
966 4039 1015 4096 lib.
1031 4055 1070 4103 111,
1086 4058 1146 4112 cap.
1160 4040 1187 4096 9.

127 4112 207 4169 icio..
222 4110 313 4164 n011.
1001 4111 1230 4167 ‘devertendum
1258 4118 1301 4167 est
1323 4111 1565 4183 quemadmodum
1590 4131 1753 4189 suppressam

163 4191 176 4220 ¹
189 4177 225 4236 Et
237 4184 268 4234 io
284 4180 402 4249 quodam
414 4181 532 4233 Aletrini
545 4181 633 4235 codice
649 4201 656 4235 :
672 4187 701 4236 et
712 4181 875 4237 moriamur.
892 4183 926 4236 In
967 4199 1062 4236 vocem
1078 4182 1221 4237 silentium
1235 4184 1440 4266 nuncuparit...
1456 4183 1662 4241 advertendum
1682 4189 1752 4242 etion

128 4256 242 4320 colpum
258 4271 266 4305 :
283 4255 315 4304 ut
329 4249 492 4304 moriamur.
968 4253 1205 4378 guemedmodum
1212 4254 1453 4336 Evangelistanon
1462 4255 1568 4311 dixerit
1577 4257 1625 4311 ubi
1636 4260 1754 4329 reiquae

164 4324 177 4363 ¹¹
192 4323 256 4377 Non
271 4320 348 4385 dixit,
357 4320 404 4374 sed
418 4326 447 4374 et
461 4320 622 4402 modorogo
632 4326 661 4376 te
674 4327 708 4376 ut
716 4322 864 4378 resuscites
872 4322 961 4398 fra-D
988 4341 1003 4378 o
1018 4325 1061 4378 rel
1077 4325 1215 4396 quomodo
1229 4326 1347 4380 Murrum
1361 4325 1499 4379 Dominus
1514 4329 1662 4392 vocaverit,
1675 4330 1753 4384 athos

129 4400 202 4450 trem
216 4409 311 4449 meum
323 4411 330 4458 3
342 4392 416 4447 unde
426 4408 501 4445 enim
511 4393 626 4459 sciebat,
638 4393 661 4449 si
674 4392 755 4447 fratri
765 4396 825 4465 ejus
836 4411 928 4449 resur·
967 4397 997 4450 in
1011 4395 1100 4449 verbis
1115 4396 1231 4450 Morthae
1245 4397 1339 4468 potius
1359 4396 1579 4466 intelligeretur,
1600 4398 1752 4453 corrutionis

166 4463 274 4520 routile
284 4462 372 4518 foretl
382 4462 440 4516 Hoc
450 4468 560 4517 tantum
581 4464 666 4518 dixit:
677 4465 739 4519 Scio
756 4466 822 4535 quio
835 4471 925 4537 potes.
968 4466 1103 4522 brevitate
1119 4473 1237 4522 seruato.
1253 4469 1281 4522 S.
1295 4469 1414 4540 August.
1433 4470 1514 4534 loia,
1530 4482 1563 4522 n⁰
1578 4468 1623 4526 ru.
1634 4472 1751 4525 Atestinus

128 4483 216 4591 bivis
231 4533 299 4588 sacis
315 4553 321 4586 :
340 4539 435 4588 utrum
451 4534 526 4589 enim
542 4533 627 4589 socias
638 4535 737 4605 judicii
750 4536 792 4590 tui
807 4544 859 4601 est,
871 4552 927 4592 non
968 4554 1030 4592 cero
1044 4538 1191 4593 veritatem
1205 4543 1306 4595 servat.
1323 4541 1393 4594 leid.
1413 4540 1485 4593 occa
1506 4541 1626 4596 veritate
1647 4550 1748 4597 serrato.

131 4603 357 4679 presumptionis
371 4621 449 4660 meae.
465 4606 517 4660 Sed
531 4611 555 4659 ct
569 4622 644 4660 nune
658 4610 788 4675 saconia
802 4624 928 4678 quoecu-
969 4610 1038 4664 Ilici.

44 4675 53 4684 ”
132 4697 182 4748 quc
188 4678 364 4748 poposceriso
374 4677 434 4741 lico,
447 4676 523 4729 debit
537 4678 588 4729 titi
601 4677 681 4731 Deus.
698 4677 775 4732 Beda
788 4681 820 4733 iu
833 4682 926 4745 torto,
1003 4692 1018 4735 s
1032 4681 1167 4734 Putantes
1181 4680 1258 4735 euim
1271 4680 1360 4735 Judaei
1375 4685 1524 4752 propterea
1533 4683 1612 4737 illem
1626 4682 1745 4741 festinem

132 4746 918 4891 militi,tltstul-tl’detuleritis
970 4750 1120 4877 illitu
1139 4750 1657 4893 {miiiiilmsilffi‘lidw‘ffll
1681 4753 1748 4808 “⁶¹⁰¹
1797 4814 1799 4847 ÷

921 4861 927 4888 r
1114 4862 1121 4874 ⁴
1162 4864 1167 4874 ·
1295 4863 1313 4888 η
1390 4862 1409 4886 ·r
1510 4864 1516 4876 ·

133 4891 746 5029 lltltltltltllltlltlltili:
761 4894 927 5044 ilium.
971 4891 1742 5036 nlintrimentis.&interluit

133 5034 223 5091 Credo
239 5049 305 5113 ergo
322 5051 327 5084 :
345 5031 398 5086 etsi
419 5037 547 5113 mortuus
566 5031 661 5096 fueris,
687 5032 770 5087 vivos.
787 5033 816 5087 Si
835 5041 930 5090 eutem
971 5034 1045 5089 uode
1058 5034 1433 5100 rudolQuondoistadicis,
1443 5036 1504 5116 jem
1515 5036 1736 5092 fremitChristus:

134 5123 191 5161 non
205 5103 304 5170 credis,
321 5107 350 5156 et
363 5118 427 5156 cum
440 5118 520 5168 virm,
533 5109 661 5158 mortuus
676 5120 714 5158 es.
730 5103 784 5168 Qui
800 5105 889 5158 credit
900 5105 930 5160 in
972 5105 1038 5175 quio
1048 5106 1117 5159 fides
1126 5106 1229 5160 tremit.
1241 5106 1271 5161 Si
1286 5107 1347 5177 ipso
1364 5106 1432 5161 tides
1443 5112 1530 5173 mtuS,
1539 5107 1578 5161 ibi
1589 5115 1631 5162 est
1640 5107 1737 5162 Christos

136 5195 189 5243 me,
206 5174 316 5229 etiomsi
329 5178 457 5228 mortuus
468 5171 591 5227 fueritin
602 5191 694 5238 cerne,
703 5175 776 5229 vivet
786 5174 815 5229 in
825 5175 928 5243 animo,
971 5179 1092 5231 tremens
1104 5177 1151 5242 ,si
1165 5178 1234 5232 tides
1251 5178 1280 5232 in
1297 5178 1387 5244 nobie,
1403 5177 1533 5232 Christus
1546 5179 1576 5232 in
1589 5181 1672 5234 nobis.
1686 5171 1736 5240 uult

135 5250 223 5303 donec
247 5250 375 5315 resurgat
397 5260 470 5310 coro,
493 5261 639 5317 nunquam
665 5254 763 5318 postea
781 5247 928 5302 morituro.
972 5247 1046 5301 enim
1061 5247 1148 5313 aliud,
1171 5247 1211 5315 uit
1230 5249 1388 5320 Apostolus,
1416 5247 1546 5304 hobitore
1561 5250 1692 5306 Christum
1704 5258 1736 5318 per

136 5320 215 5378 Beda,
232 5317 311 5381 loro,
327 5332 360 5370 ex
377 5315 404 5369 S.
420 5316 552 5386 August,
567 5319 645 5381 illd,
666 5317 750 5372 n015.
970 5319 1055 5373 tidem
1069 5319 1098 5372 in
1112 5318 1242 5374 cordibus
1256 5321 1373 5374 vestris?
1386 5320 1459 5391 Ergo
1484 5321 1555 5375 fides
1569 5327 1620 5376 tua
1638 5321 1670 5376 do
1680 5314 1733 5373 oud·

171 5400 182 5430 ⁸
198 5388 231 5442 et
246 5389 316 5440 dicit
331 5389 369 5440 cis
382 5389 458 5440 lesus
475 5407 482 5440 :
497 5389 612 5442 Creditis
626 5391 692 5457 quio
706 5405 815 5456 possum
826 5391 874 5443 doc
887 5392 929 5458 fa·
970 5395 1022 5453 sto,
1040 5389 1167 5445 Christus
1179 5395 1222 5445 est
1235 5391 1264 5445 in
1274 5392 1357 5447 corde
1372 5396 1431 5446 tuo.
1447 5390 1476 5446 S.
1493 5395 1609 5460 ,locust
1627 5397 1655 5446 io
1666 5394 1732 5446 luo,

136 5476 192 5511 cere
204 5458 293 5510 cobis?
304 5456 399 5510 Fidem
412 5475 508 5511 eorum
519 5458 579 5528 ipse
590 5475 705 5513 noscens
719 5459 884 5530 interroget,
898 5469 930 5515 ut
969 5476 1031 5531 esp.
1043 5461 1089 5527 it,
1105 5467 1214 5516 tractat.
1230 5474 1348 5530 xi1i,n⁰
1363 5462 1402 5518 19.
1415 5464 1532 5519 Similia
1545 5465 1621 5533 apud
1632 5460 1733 5517 leduino

135 5530 219 5584 tidem
231 5527 365 5580 consessio
379 5536 499 5598 promat,
512 5535 541 5582 et
553 5529 753 5585 contessionem
767 5531 855 5586 virtus
865 5548 928 5586 eon-
968 5533 1043 5601 opud
1055 5531 1218 5588 Aternum.

127 5602 278 5670 sequatur,
288 5596 420 5666 salusque
428 5598 729 5668 virtutemcomitetur3
742 5600 808 5672 quia
816 5608 848 5656 ut
856 5603 928 5673 Apo-
