<?xml version="1.0" encoding="UTF-8"?>
<!DOCTYPE html PUBLIC "-//W3C//DTD XHTML 1.0 Transitional//EN"
    "http://www.w3.org/TR/xhtml1/DTD/xhtml1-transitional.dtd">
<html xmlns="http://www.w3.org/1999/xhtml" xml:lang="en" lang="en">
 <head>
  <title>
</title>
<meta http-equiv="Content-Type" content="text/html;charset=utf-8" />
  <meta name='ocr-system' content='tesseract 3.04.00' />
  <meta name='ocr-capabilities' content='ocr_page ocr_carea ocr_par ocr_line ocrx_word'/>
</head>
<body>
  <div class='ocr_page' id='page_1' title='image "./patrologiaecurs22goog_0328.png"; bbox 0 0 3786 6128; ppageno 0'>
   <div class='ocr_carea' id='block_1_1' title="bbox 133 271 1478 341">
    <p class='ocr_par' dir='ltr' id='par_1_1' title="bbox 133 271 1478 341">
     <span class='ocr_line' id='line_1_1' title="bbox 133 271 1478 341; baseline -0.004 -1"><span class='ocrx_word' id='word_1_1' title='bbox 133 282 185 341; x_wconf 70' lang='lat' dir='ltr'><strong>bid</strong></span> <span class='ocrx_word' id='word_1_2' title='bbox 432 285 464 339; x_wconf 88' lang='grc' dir='ltr'><strong>Β.</strong></span> <span class='ocrx_word' id='word_1_3' title='bbox 485 284 622 339; x_wconf 75' lang='lat' dir='ltr'><strong>msam</strong></span> <span class='ocrx_word' id='word_1_4' title='bbox 640 282 756 339; x_wconf 76' lang='lat' dir='ltr'><strong>naum</strong></span> <span class='ocrx_word' id='word_1_5' title='bbox 775 280 944 338; x_wconf 75' lang='lat' dir='ltr'>ARCHIEP.</span> <span class='ocrx_word' id='word_1_6' title='bbox 963 281 1127 338; x_wconf 78' lang='lat' dir='ltr'><strong>MOGUNT.</strong></span> <span class='ocrx_word' id='word_1_7' title='bbox 1149 278 1299 337; x_wconf 70' lang='lat' dir='ltr'><strong>oratius!</strong></span> <span class='ocrx_word' id='word_1_8' title='bbox 1316 271 1409 335; x_wconf 71' lang='lat' dir='ltr'><strong>PARS</strong></span> <span class='ocrx_word' id='word_1_9' title='bbox 1427 278 1478 336; x_wconf 84' lang='lat'>111.</span> 
     </span>
    </p>
   </div>
   <div class='ocr_carea' id='block_1_2' title="bbox 132 400 1700 3678">
    <p class='ocr_par' dir='ltr' id='par_1_2' title="bbox 132 400 1700 921">
     <span class='ocr_line' id='line_1_2' title="bbox 132 400 1700 476; baseline -0.003 -15"><span class='ocrx_word' id='word_1_10' title='bbox 132 406 198 461; x_wconf 85' lang='lat' dir='ltr'><strong>ium</strong></span> <span class='ocrx_word' id='word_1_11' title='bbox 208 406 323 461; x_wconf 90' lang='lat' dir='ltr'><strong>dicitur:</strong></span> <span class='ocrx_word' id='word_1_12' title='bbox 340 406 579 461; x_wconf 77' lang='lat' dir='ltr'><strong>sNemomilitans</strong></span> <span class='ocrx_word' id='word_1_13' title='bbox 593 405 651 461; x_wconf 83' lang='lat' dir='ltr'><strong>ilco</strong></span> <span class='ocrx_word' id='word_1_14' title='bbox 665 405 832 476; x_wconf 76' lang='lat' dir='ltr'><strong>implicatae</strong></span> <span class='ocrx_word' id='word_1_15' title='bbox 846 407 966 475; x_wconf 81' lang='lat' dir='ltr'><strong>nego-A</strong></span> <span class='ocrx_word' id='word_1_16' title='bbox 976 404 1105 460; x_wconf 86' lang='lat' dir='ltr'><strong>doctrirm</strong></span> <span class='ocrx_word' id='word_1_17' title='bbox 1117 403 1243 458; x_wconf 80' lang='lat' dir='ltr'>instituis</span> <span class='ocrx_word' id='word_1_18' title='bbox 1256 418 1290 457; x_wconf 91' lang='lat' dir='ltr'><strong>ac</strong></span> <span class='ocrx_word' id='word_1_19' title='bbox 1302 403 1386 459; x_wconf 84' lang='lat' dir='ltr'><strong>doces</strong></span> <span class='ocrx_word' id='word_1_20' title='bbox 1401 403 1506 469; x_wconf 81' lang='lat' dir='ltr'><strong>fideles,</strong></span> <span class='ocrx_word' id='word_1_21' title='bbox 1522 416 1609 473; x_wconf 81' lang='lat' dir='ltr'><strong>quem</strong></span> <span class='ocrx_word' id='word_1_22' title='bbox 1623 400 1700 457; x_wconf 69' lang='lat' dir='ltr'><strong>&#39;vim</strong></span> 
     </span>
     <span class='ocr_line' id='line_1_3' title="bbox 133 494 1700 566; baseline -0.003 -17"><span class='ocrx_word' id='word_1_23' title='bbox 133 497 180 550; x_wconf 90' lang='lat' dir='ltr'><strong>tiis</strong></span> <span class='ocrx_word' id='word_1_24' title='bbox 202 495 389 559; x_wconf 78' lang='lat' dir='ltr'><strong>saecularibus,</strong></span> <span class='ocrx_word' id='word_1_25' title='bbox 406 513 419 547; x_wconf 72' lang='lat' dir='ltr'><strong>s</strong></span> <span class='ocrx_word' id='word_1_26' title='bbox 436 495 482 566; x_wconf 90' lang='lat' dir='ltr'><strong>qui</strong></span> <span class='ocrx_word' id='word_1_27' title='bbox 499 495 563 549; x_wconf 90' lang='lat' dir='ltr'><strong>licet</strong></span> <span class='ocrx_word' id='word_1_28' title='bbox 578 511 653 549; x_wconf 88' lang='lat' dir='ltr'><strong>nunc</strong></span> <span class='ocrx_word' id='word_1_29' title='bbox 667 494 748 565; x_wconf 91' lang='lat' dir='ltr'><strong>pauci</strong></span> <span class='ocrx_word' id='word_1_30' title='bbox 766 497 928 565; x_wconf 76' lang='lat' dir='ltr'>appareant,</span> <span class='ocrx_word' id='word_1_31' title='bbox 976 496 1038 550; x_wconf 91' lang='lat' dir='ltr'><strong>boni</strong></span> <span class='ocrx_word' id='word_1_32' title='bbox 1049 494 1315 565; x_wconf 85' lang='lat' dir='ltr'><strong>operisiiuctusDeo</strong></span> <span class='ocrx_word' id='word_1_33' title='bbox 1328 494 1546 563; x_wconf 72' lang='lat' dir='ltr'><strong>olietrajustum</strong></span> <span class='ocrx_word' id='word_1_34' title='bbox 1554 494 1700 547; x_wconf 87' lang='lat' dir='ltr'><strong>estetant</strong></span> 
     </span>
     <span class='ocr_line' id='line_1_4' title="bbox 133 580 1700 655; baseline -0.003 -17"><span class='ocrx_word' id='word_1_35' title='bbox 133 585 162 638; x_wconf 93' lang='lat' dir='ltr'><strong>in</strong></span> <span class='ocrx_word' id='word_1_36' title='bbox 190 583 320 637; x_wconf 77' lang='lat' dir='ltr'><strong>invisibili</strong></span> <span class='ocrx_word' id='word_1_37' title='bbox 341 590 435 638; x_wconf 89' lang='lat' dir='ltr'><strong>tamen</strong></span> <span class='ocrx_word' id='word_1_38' title='bbox 460 584 552 654; x_wconf 88' lang='lat' dir='ltr'><strong>patria</strong></span> <span class='ocrx_word' id='word_1_39' title='bbox 568 582 786 639; x_wconf 88' lang='lat' dir='ltr'><strong>innumerabiles</strong></span> <span class='ocrx_word' id='word_1_40' title='bbox 801 589 929 654; x_wconf 89' lang='lat' dir='ltr'><strong>regnant,</strong></span> <span class='ocrx_word' id='word_1_41' title='bbox 975 601 1025 639; x_wconf 91' lang='lat' dir='ltr'><strong>nes</strong></span> <span class='ocrx_word' id='word_1_42' title='bbox 1036 583 1158 655; x_wconf 88' lang='lat' dir='ltr'><strong>assequi,</strong></span> <span class='ocrx_word' id='word_1_43' title='bbox 1171 584 1252 652; x_wconf 90' lang='lat' dir='ltr'><strong>cujus</strong></span> <span class='ocrx_word' id='word_1_44' title='bbox 1269 581 1362 635; x_wconf 92' lang='lat' dir='ltr'><strong>labore</strong></span> <span class='ocrx_word' id='word_1_45' title='bbox 1373 583 1457 635; x_wconf 89' lang='lat' dir='ltr'><strong>etiam</strong></span> <span class='ocrx_word' id='word_1_46' title='bbox 1481 580 1575 637; x_wconf 76' lang='lat' dir='ltr'><strong>caeteri</strong></span> <span class='ocrx_word' id='word_1_47' title='bbox 1598 594 1700 651; x_wconf 79' lang='lat' dir='ltr'><strong>nasequ</strong></span> 
     </span>
     <span class='ocr_line' id='line_1_5' title="bbox 134 668 1686 744; baseline -0.005 -18"><span class='ocrx_word' id='word_1_48' title='bbox 134 673 200 743; x_wconf 88' lang='lat' dir='ltr'><strong>quia</strong></span> <span class='ocrx_word' id='word_1_49' title='bbox 214 672 265 727; x_wconf 82' lang='lat' dir='ltr'><strong>etsi</strong></span> <span class='ocrx_word' id='word_1_50' title='bbox 276 688 308 726; x_wconf 89' lang='lat' dir='ltr'><strong>ex</strong></span> <span class='ocrx_word' id='word_1_51' title='bbox 331 674 540 743; x_wconf 87' lang='lat' dir='ltr'><strong>comparatione</strong></span> <span class='ocrx_word' id='word_1_52' title='bbox 554 689 703 744; x_wconf 83' lang='lat' dir='ltr'><strong>pmvomm</strong></span> <span class='ocrx_word' id='word_1_53' title='bbox 718 673 799 744; x_wconf 91' lang='lat' dir='ltr'><strong>pauci</strong></span> <span class='ocrx_word' id='word_1_54' title='bbox 814 678 889 739; x_wconf 88' lang='lat' dir='ltr'><strong>sunt,</strong></span> <span class='ocrx_word' id='word_1_55' title='bbox 905 672 933 727; x_wconf 93' lang='lat' dir='ltr'><strong>in</strong></span> <span class='ocrx_word' id='word_1_56' title='bbox 976 674 1087 728; x_wconf 87' lang='lat' dir='ltr'><strong>dentur.</strong></span> <span class='ocrx_word' id='word_1_57' title='bbox 1103 672 1181 727; x_wconf 91' lang='lat' dir='ltr'><strong>Unde</strong></span> <span class='ocrx_word' id='word_1_58' title='bbox 1192 678 1221 725; x_wconf 89' lang='lat' dir='ltr'><strong>et</strong></span> <span class='ocrx_word' id='word_1_59' title='bbox 1232 671 1317 725; x_wconf 90' lang='lat' dir='ltr'><strong>dicit:</strong></span> <span class='ocrx_word' id='word_1_60' title='bbox 1333 690 1343 721; x_wconf 77' lang='grc' dir='ltr'>ι</span> <span class='ocrx_word' id='word_1_61' title='bbox 1358 670 1486 740; x_wconf 75' lang='lat' dir='ltr'><strong>intellige</strong></span> <span class='ocrx_word' id='word_1_62' title='bbox 1501 686 1564 740; x_wconf 74' lang='lat' dir='ltr'><strong>qua</strong></span> <span class='ocrx_word' id='word_1_63' title='bbox 1577 668 1653 737; x_wconf 88' lang='lat' dir='ltr'><strong>dico,</strong></span> <span class='ocrx_word' id='word_1_64' title='bbox 1672 686 1686 719; x_wconf 81' lang='grc' dir='ltr'>ι</span> 
     </span>
     <span class='ocr_line' id='line_1_6' title="bbox 133 758 1700 833; baseline -0.001 -18"><span class='ocrx_word' id='word_1_65' title='bbox 133 761 356 830; x_wconf 82' lang='lat' dir='ltr'><strong>congregationis</strong></span> <span class='ocrx_word' id='word_1_66' title='bbox 383 779 440 816; x_wconf 78' lang='lat' dir='ltr'><strong>suae</strong></span> <span class='ocrx_word' id='word_1_67' title='bbox 461 761 620 832; x_wconf 79' lang='lat' dir='ltr'><strong>frequentia</strong></span> <span class='ocrx_word' id='word_1_68' title='bbox 643 761 735 815; x_wconf 88' lang='lat' dir='ltr'><strong>metiri</strong></span> <span class='ocrx_word' id='word_1_69' title='bbox 756 770 934 831; x_wconf 87' lang='lat' dir='ltr'><strong>nequaquam</strong></span> <span class='ocrx_word' id='word_1_70' title='bbox 977 763 1024 833; x_wconf 83' lang='lat' dir='ltr'><strong>qu&#39;i</strong></span> <span class='ocrx_word' id='word_1_71' title='bbox 1040 761 1175 815; x_wconf 89' lang='lat' dir='ltr'><strong>occultius</strong></span> <span class='ocrx_word' id='word_1_72' title='bbox 1185 761 1254 815; x_wconf 90' lang='lat' dir='ltr'><strong>illud</strong></span> <span class='ocrx_word' id='word_1_73' title='bbox 1274 760 1384 825; x_wconf 81' lang='lat' dir='ltr'><strong>dixerit,</strong></span> <span class='ocrx_word' id='word_1_74' title='bbox 1400 760 1484 813; x_wconf 68' lang='lat' dir='ltr'><strong>umal</strong></span> <span class='ocrx_word' id='word_1_75' title='bbox 1507 758 1594 813; x_wconf 91' lang='lat' dir='ltr'><strong>ctiam</strong></span> <span class='ocrx_word' id='word_1_76' title='bbox 1608 762 1700 831; x_wconf 63' lang='lat' dir='ltr'><strong>etet!</strong></span> 
     </span>
     <span class='ocr_line' id='line_1_7' title="bbox 134 849 1676 921; baseline -0.001 -19"><span class='ocrx_word' id='word_1_77' title='bbox 134 854 259 920; x_wconf 89' lang='lat' dir='ltr'><strong>possunt.</strong></span> <span class='ocrx_word' id='word_1_78' title='bbox 289 850 368 921; x_wconf 82' lang='lat' dir='ltr'><strong>Saepe</strong></span> <span class='ocrx_word' id='word_1_79' title='bbox 386 867 508 920; x_wconf 90' lang='lat' dir='ltr'><strong>namque</strong></span> <span class='ocrx_word' id='word_1_80' title='bbox 526 850 654 905; x_wconf 85' lang='lat' dir='ltr'><strong>nonnulli</strong></span> <span class='ocrx_word' id='word_1_81' title='bbox 666 851 742 905; x_wconf 74' lang='lat' dir='ltr'><strong>velut</strong></span> <span class='ocrx_word' id='word_1_82' title='bbox 755 850 843 906; x_wconf 88' lang='lat' dir='ltr'><strong>obliti.</strong></span> <span class='ocrx_word' id='word_1_83' title='bbox 860 851 935 920; x_wconf 87' lang='lat' dir='ltr'><strong>quod</strong></span> <span class='ocrx_word' id='word_1_84' title='bbox 976 851 1106 906; x_wconf 87' lang='lat' dir='ltr'><strong>omnibus</strong></span> <span class='ocrx_word' id='word_1_85' title='bbox 1116 851 1141 904; x_wconf 92' lang='lat' dir='ltr'><strong>ei</strong></span> <span class='ocrx_word' id='word_1_86' title='bbox 1155 849 1242 904; x_wconf 90' lang='lat' dir='ltr'><strong>tribui</strong></span> <span class='ocrx_word' id='word_1_87' title='bbox 1263 849 1446 903; x_wconf 85' lang='lat' dir='ltr'><strong>intellectum.</strong></span> <span class='ocrx_word' id='word_1_88' title='bbox 1465 849 1598 902; x_wconf 78' lang='lat' dir='ltr'><strong>«Memor</strong></span> <span class='ocrx_word' id='word_1_89' title='bbox 1611 852 1676 901; x_wconf 80' lang='lat' dir='ltr'><strong>estc</strong></span> 
     </span>
    </p>

    <p class='ocr_par' dir='ltr' id='par_1_3' title="bbox 134 934 1700 3678">
     <span class='ocr_line' id='line_1_8' title="bbox 134 934 1700 1010; baseline 0.001 -20"><span class='ocrx_word' id='word_1_90' title='bbox 134 937 267 992; x_wconf 84' lang='lat' dir='ltr'><strong>iratribus</strong></span> <span class='ocrx_word' id='word_1_91' title='bbox 279 939 436 993; x_wconf 89' lang='lat' dir='ltr'><strong>animarum</strong></span> <span class='ocrx_word' id='word_1_92' title='bbox 452 956 536 993; x_wconf 86' lang='lat' dir='ltr'><strong>causa</strong></span> <span class='ocrx_word' id='word_1_93' title='bbox 551 939 658 1010; x_wconf 85' lang='lat' dir='ltr'><strong>praelati</strong></span> <span class='ocrx_word' id='word_1_94' title='bbox 678 946 752 1005; x_wconf 88' lang='lat' dir='ltr'><strong>sunt,</strong></span> <span class='ocrx_word' id='word_1_95' title='bbox 768 943 827 993; x_wconf 92' lang='lat' dir='ltr'><strong>toto</strong></span> <span class='ocrx_word' id='word_1_96' title='bbox 842 939 934 993; x_wconf 89' lang='lat' dir='ltr'><strong>cordis</strong></span> <span class='ocrx_word' id='word_1_97' title='bbox 979 948 1080 994; x_wconf 76' lang='lat' dir='ltr'><strong>satum</strong></span> <span class='ocrx_word' id='word_1_98' title='bbox 1092 939 1407 994; x_wconf 86' lang='lat' dir='ltr'><strong>lesumresurrexissea</strong></span> <span class='ocrx_word' id='word_1_99' title='bbox 1423 936 1580 992; x_wconf 81' lang='lat' dir='ltr'><strong>mortuisex</strong></span> <span class='ocrx_word' id='word_1_100' title='bbox 1598 934 1700 991; x_wconf 73' lang='lat' dir='ltr'><strong>semine</strong></span> 
     </span>
     <span class='ocr_line' id='line_1_9' title="bbox 134 1023 1700 1097; baseline 0 -18"><span class='ocrx_word' id='word_1_101' title='bbox 134 1026 235 1080; x_wconf 83' lang='lat' dir='ltr'><strong>adnisu</strong></span> <span class='ocrx_word' id='word_1_102' title='bbox 249 1027 508 1081; x_wconf 75' lang='lat' dir='ltr'><strong>saecularibuscuris</strong></span> <span class='ocrx_word' id='word_1_103' title='bbox 516 1027 681 1094; x_wconf 80' lang='lat' dir='ltr'><strong>inserviunt,</strong></span> <span class='ocrx_word' id='word_1_104' title='bbox 689 1028 740 1081; x_wconf 89' lang='lat' dir='ltr'><strong>has</strong></span> <span class='ocrx_word' id='word_1_105' title='bbox 754 1044 818 1082; x_wconf 92' lang='lat' dir='ltr'><strong>cum</strong></span> <span class='ocrx_word' id='word_1_106' title='bbox 831 1028 934 1081; x_wconf 85' lang='lat' dir='ltr'><strong>adsunt</strong></span> <span class='ocrx_word' id='word_1_107' title='bbox 977 1046 990 1082; x_wconf 77' lang='lat' dir='ltr'><strong>e</strong></span> <span class='ocrx_word' id='word_1_108' title='bbox 1003 1029 1048 1082; x_wconf 84' lang='lat' dir='ltr'><strong>rid</strong></span> <span class='ocrx_word' id='word_1_109' title='bbox 1062 1028 1215 1082; x_wconf 88' lang='lat' dir='ltr'><strong>secundum</strong></span> <span class='ocrx_word' id='word_1_110' title='bbox 1232 1027 1415 1097; x_wconf 79' lang='lat' dir='ltr'><strong>Evangelium</strong></span> <span class='ocrx_word' id='word_1_111' title='bbox 1441 1040 1545 1092; x_wconf 88' lang='lat' dir='ltr'><strong>meum,</strong></span> <span class='ocrx_word' id='word_1_112' title='bbox 1562 1025 1591 1079; x_wconf 92' lang='lat' dir='ltr'><strong>in</strong></span> <span class='ocrx_word' id='word_1_113' title='bbox 1613 1023 1700 1096; x_wconf 81' lang='lat' dir='ltr'><strong>quel</strong></span> 
     </span>
     <span class='ocr_line' id='line_1_10' title="bbox 134 1115 1689 1188; baseline -0.001 -19"><span class='ocrx_word' id='word_1_114' title='bbox 134 1132 164 1169; x_wconf 83' lang='lat' dir='ltr'><strong>se</strong></span> <span class='ocrx_word' id='word_1_115' title='bbox 179 1131 262 1185; x_wconf 87' lang='lat' dir='ltr'><strong>agere</strong></span> <span class='ocrx_word' id='word_1_116' title='bbox 276 1117 426 1181; x_wconf 82' lang='lat' dir='ltr'><strong>exsultant,</strong></span> <span class='ocrx_word' id='word_1_117' title='bbox 439 1116 818 1181; x_wconf 84' lang='lat' dir='ltr'><strong>adhasetiamcumdesunt,</strong></span> <span class='ocrx_word' id='word_1_118' title='bbox 835 1116 934 1170; x_wconf 89' lang='lat' dir='ltr'><strong>diebus</strong></span> <span class='ocrx_word' id='word_1_119' title='bbox 976 1134 1091 1188; x_wconf 77' lang='lat' dir='ltr'><strong>susque</strong></span> <span class='ocrx_word' id='word_1_120' title='bbox 1120 1117 1155 1170; x_wconf 87' lang='lat' dir='ltr'><strong>ad</strong></span> <span class='ocrx_word' id='word_1_121' title='bbox 1180 1116 1300 1181; x_wconf 80' lang='lat' dir='ltr'><strong>vincula,</strong></span> <span class='ocrx_word' id='word_1_122' title='bbox 1318 1115 1398 1186; x_wconf 79' lang='lat' dir='ltr'><strong>quasi</strong></span> <span class='ocrx_word' id='word_1_123' title='bbox 1426 1116 1499 1169; x_wconf 84' lang='lat' dir='ltr'><strong>rnale</strong></span> <span class='ocrx_word' id='word_1_124' title='bbox 1524 1130 1689 1185; x_wconf 78' lang='lat' dir='ltr'><strong>operans.»</strong></span> 
     </span>
     <span class='ocr_line' id='line_1_11' title="bbox 134 1201 1700 1275; baseline 0 -18"><span class='ocrx_word' id='word_1_125' title='bbox 134 1221 165 1257; x_wconf 87' lang='lat' dir='ltr'><strong>ac</strong></span> <span class='ocrx_word' id='word_1_126' title='bbox 179 1203 306 1258; x_wconf 88' lang='lat' dir='ltr'><strong>noctibus</strong></span> <span class='ocrx_word' id='word_1_127' title='bbox 327 1205 505 1274; x_wconf 83' lang='lat' dir='ltr'><strong>cogitationis</strong></span> <span class='ocrx_word' id='word_1_128' title='bbox 525 1205 644 1259; x_wconf 86' lang='lat' dir='ltr'><strong>turbidae</strong></span> <span class='ocrx_word' id='word_1_129' title='bbox 663 1205 776 1259; x_wconf 77' lang='lat' dir='ltr'><strong>astibus</strong></span> <span class='ocrx_word' id='word_1_130' title='bbox 790 1204 933 1267; x_wconf 82' lang='lat' dir='ltr'><strong>anhelant,</strong></span> <span class='ocrx_word' id='word_1_131' title='bbox 977 1214 1072 1262; x_wconf 88' lang='lat' dir='ltr'><strong>autem</strong></span> <span class='ocrx_word' id='word_1_132' title='bbox 1085 1207 1163 1270; x_wconf 85' lang='lat' dir='ltr'><strong>dixit,</strong></span> <span class='ocrx_word' id='word_1_133' title='bbox 1180 1224 1191 1255; x_wconf 82' lang='grc' dir='ltr'>ι</span> <span class='ocrx_word' id='word_1_134' title='bbox 1208 1223 1241 1260; x_wconf 90' lang='lat' dir='ltr'><strong>ex</strong></span> <span class='ocrx_word' id='word_1_135' title='bbox 1263 1204 1379 1269; x_wconf 87' lang='lat' dir='ltr'><strong>semine,</strong></span> <span class='ocrx_word' id='word_1_136' title='bbox 1399 1222 1409 1254; x_wconf 85' lang='grc' dir='ltr'><strong>ι</strong></span> <span class='ocrx_word' id='word_1_137' title='bbox 1427 1210 1458 1258; x_wconf 92' lang='lat' dir='ltr'><strong>ut</strong></span> <span class='ocrx_word' id='word_1_138' title='bbox 1472 1203 1599 1274; x_wconf 87' lang='lat' dir='ltr'><strong>corporis</strong></span> <span class='ocrx_word' id='word_1_139' title='bbox 1619 1201 1700 1275; x_wconf 51' lang='lat' dir='ltr'><strong>maji</strong></span> 
     </span>
     <span class='ocr_line' id='line_1_12' title="bbox 135 1288 1700 1367; baseline -0.001 -19"><span class='ocrx_word' id='word_1_140' title='bbox 135 1309 255 1363; x_wconf 91' lang='lat' dir='ltr'><strong>cumque</strong></span> <span class='ocrx_word' id='word_1_141' title='bbox 262 1292 298 1346; x_wconf 91' lang='lat' dir='ltr'><strong>ab</strong></span> <span class='ocrx_word' id='word_1_142' title='bbox 306 1294 359 1359; x_wconf 92' lang='lat' dir='ltr'><strong>his,</strong></span> <span class='ocrx_word' id='word_1_143' title='bbox 366 1294 836 1365; x_wconf 81' lang='lat' dir='ltr'><strong>cessantciorsitanoppcrtunitate,</strong></span> <span class='ocrx_word' id='word_1_144' title='bbox 848 1293 937 1365; x_wconf 87' lang='lat' dir='ltr'><strong>quieti</strong></span> <span class='ocrx_word' id='word_1_145' title='bbox 977 1295 1166 1367; x_wconf 83' lang='lat' dir='ltr'><strong>sumptionem</strong></span> <span class='ocrx_word' id='word_1_146' title='bbox 1177 1295 1280 1348; x_wconf 87' lang='lat' dir='ltr'><strong>iactam</strong></span> <span class='ocrx_word' id='word_1_147' title='bbox 1293 1293 1459 1348; x_wconf 85' lang='lat' dir='ltr'><strong>insinuaret.</strong></span> <span class='ocrx_word' id='word_1_148' title='bbox 1471 1293 1527 1347; x_wconf 85' lang='lat' dir='ltr'><strong>Nec</strong></span> <span class='ocrx_word' id='word_1_149' title='bbox 1542 1292 1640 1346; x_wconf 86' lang='lat' dir='ltr'><strong>autern</strong></span> <span class='ocrx_word' id='word_1_150' title='bbox 1654 1288 1700 1347; x_wconf 82' lang='lat' dir='ltr'><strong>abr</strong></span> 
     </span>
     <span class='ocr_line' id='line_1_13' title="bbox 135 1381 1700 1456; baseline -0.001 -20"><span class='ocrx_word' id='word_1_151' title='bbox 135 1388 210 1447; x_wconf 86' lang='lat' dir='ltr'><strong>sunt,</strong></span> <span class='ocrx_word' id='word_1_152' title='bbox 223 1381 412 1452; x_wconf 86' lang='lat' dir='ltr'><strong>ipsedeterius</strong></span> <span class='ocrx_word' id='word_1_153' title='bbox 422 1383 573 1452; x_wconf 90' lang='lat' dir='ltr'><strong>suaquiete</strong></span> <span class='ocrx_word' id='word_1_154' title='bbox 579 1382 743 1453; x_wconf 83' lang='lat' dir='ltr'><strong>fatigantur.</strong></span> <span class='ocrx_word' id='word_1_155' title='bbox 756 1384 937 1454; x_wconf 87' lang='lat' dir='ltr'><strong>Voluptatem</strong></span> <span class='ocrx_word' id='word_1_156' title='bbox 978 1386 1032 1439; x_wconf 89' lang='lat' dir='ltr'><strong>ista</strong></span> <span class='ocrx_word' id='word_1_157' title='bbox 1046 1385 1149 1456; x_wconf 82' lang='lat' dir='ltr'><strong>posuit,</strong></span> <span class='ocrx_word' id='word_1_158' title='bbox 1167 1385 1216 1438; x_wconf 90' lang='lat' dir='ltr'><strong>sed</strong></span> <span class='ocrx_word' id='word_1_159' title='bbox 1231 1383 1397 1439; x_wconf 84' lang='lat' dir='ltr'><strong>necessario.</strong></span> <span class='ocrx_word' id='word_1_160' title='bbox 1409 1398 1442 1436; x_wconf 92' lang='lat' dir='ltr'><strong>eo</strong></span> <span class='ocrx_word' id='word_1_161' title='bbox 1457 1381 1629 1435; x_wconf 87' lang='lat' dir='ltr'><strong>relmaxime</strong></span> <span class='ocrx_word' id='word_1_162' title='bbox 1643 1388 1700 1435; x_wconf 79' lang='lat' dir='ltr'><strong>tem</strong></span> 
     </span>
     <span class='ocr_line' id='line_1_14' title="bbox 136 1469 1700 1543; baseline -0.001 -18"><span class='ocrx_word' id='word_1_163' title='bbox 136 1486 257 1540; x_wconf 91' lang='lat' dir='ltr'><strong>namque</strong></span> <span class='ocrx_word' id='word_1_164' title='bbox 271 1477 394 1535; x_wconf 87' lang='lat' dir='ltr'><strong>censent,</strong></span> <span class='ocrx_word' id='word_1_165' title='bbox 411 1471 434 1525; x_wconf 91' lang='lat' dir='ltr'><strong>si</strong></span> <span class='ocrx_word' id='word_1_166' title='bbox 460 1471 615 1526; x_wconf 84' lang='lat' dir='ltr'><strong>actionibus</strong></span> <span class='ocrx_word' id='word_1_167' title='bbox 635 1472 842 1543; x_wconf 88' lang='lat' dir='ltr'><strong>deprimuntur,</strong></span> <span class='ocrx_word' id='word_1_168' title='bbox 858 1471 936 1525; x_wconf 91' lang='lat' dir='ltr'><strong>labo·</strong></span> <span class='ocrx_word' id='word_1_169' title='bbox 978 1474 1032 1527; x_wconf 82' lang='lat' dir='ltr'><strong>ista</strong></span> <span class='ocrx_word' id='word_1_170' title='bbox 1060 1474 1160 1527; x_wconf 90' lang='lat' dir='ltr'><strong>docere</strong></span> <span class='ocrx_word' id='word_1_171' title='bbox 1184 1471 1372 1526; x_wconf 83' lang='lat' dir='ltr'><strong>adnitebatur.</strong></span> <span class='ocrx_word' id='word_1_172' title='bbox 1396 1471 1469 1524; x_wconf 89' lang='lat' dir='ltr'><strong>Nam</strong></span> <span class='ocrx_word' id='word_1_173' title='bbox 1489 1469 1597 1530; x_wconf 81' lang='lat' dir='ltr'><strong>Simon,</strong></span> <span class='ocrx_word' id='word_1_174' title='bbox 1618 1475 1649 1524; x_wconf 88' lang='lat' dir='ltr'><strong>et</strong></span> <span class='ocrx_word' id='word_1_175' title='bbox 1671 1484 1700 1541; x_wconf 84' lang='lat' dir='ltr'><strong>qn</strong></span> 
     </span>
     <span class='ocr_line' id='line_1_15' title="bbox 137 1556 1700 1633; baseline 0.001 -21"><span class='ocrx_word' id='word_1_176' title='bbox 137 1576 195 1613; x_wconf 90' lang='lat' dir='ltr'><strong>rem</strong></span> <span class='ocrx_word' id='word_1_177' title='bbox 210 1560 355 1630; x_wconf 85' lang='lat' dir='ltr'><strong>deputant,</strong></span> <span class='ocrx_word' id='word_1_178' title='bbox 372 1559 439 1613; x_wconf 91' lang='lat' dir='ltr'><strong>siin</strong></span> <span class='ocrx_word' id='word_1_179' title='bbox 459 1560 578 1614; x_wconf 79' lang='lat' dir='ltr'><strong>terrama</strong></span> <span class='ocrx_word' id='word_1_180' title='bbox 588 1561 708 1631; x_wconf 82' lang='lat' dir='ltr'><strong>negotiis</strong></span> <span class='ocrx_word' id='word_1_181' title='bbox 723 1577 778 1615; x_wconf 90' lang='lat' dir='ltr'><strong>non</strong></span> <span class='ocrx_word' id='word_1_182' title='bbox 797 1560 935 1628; x_wconf 86' lang='lat' dir='ltr'><strong>laborant,</strong></span> <span class='ocrx_word' id='word_1_183' title='bbox 978 1564 1040 1633; x_wconf 86' lang='lat' dir='ltr'><strong>ejus</strong></span> <span class='ocrx_word' id='word_1_184' title='bbox 1061 1566 1128 1617; x_wconf 88' lang='lat' dir='ltr'><strong>sunt</strong></span> <span class='ocrx_word' id='word_1_185' title='bbox 1141 1562 1239 1616; x_wconf 75' lang='lat' dir='ltr'><strong>heresi</strong></span> <span class='ocrx_word' id='word_1_186' title='bbox 1256 1576 1354 1614; x_wconf 90' lang='lat' dir='ltr'><strong>omnes</strong></span> <span class='ocrx_word' id='word_1_187' title='bbox 1373 1566 1439 1613; x_wconf 91' lang='lat' dir='ltr'><strong>tunc</strong></span> <span class='ocrx_word' id='word_1_188' title='bbox 1455 1559 1657 1613; x_wconf 83' lang='lat' dir='ltr'><strong>inchoaverant</strong></span> <span class='ocrx_word' id='word_1_189' title='bbox 1675 1556 1700 1613; x_wconf 91' lang='lat' dir='ltr'><strong>di</strong></span> 
     </span>
     <span class='ocr_line' id='line_1_16' title="bbox 137 1646 1700 1723; baseline -0.001 -21"><span class='ocrx_word' id='word_1_190' title='bbox 137 1649 274 1719; x_wconf 90' lang='lat' dir='ltr'><strong>sicquclit</strong></span> <span class='ocrx_word' id='word_1_191' title='bbox 292 1654 325 1702; x_wconf 92' lang='lat' dir='ltr'><strong>ut</strong></span> <span class='ocrx_word' id='word_1_192' title='bbox 349 1649 416 1703; x_wconf 90' lang='lat' dir='ltr'><strong>dum</strong></span> <span class='ocrx_word' id='word_1_193' title='bbox 441 1649 591 1703; x_wconf 87' lang='lat' dir='ltr'><strong>mundanis</strong></span> <span class='ocrx_word' id='word_1_194' title='bbox 612 1650 780 1704; x_wconf 86' lang='lat' dir='ltr'><strong>tumultibus</strong></span> <span class='ocrx_word' id='word_1_195' title='bbox 801 1651 935 1721; x_wconf 84' lang='lat' dir='ltr'><strong>gandent,</strong></span> <span class='ocrx_word' id='word_1_196' title='bbox 978 1652 1110 1723; x_wconf 89' lang='lat' dir='ltr'><strong>quoniam</strong></span> <span class='ocrx_word' id='word_1_197' title='bbox 1120 1651 1249 1705; x_wconf 84' lang='lat' dir='ltr'><strong>Christus</strong></span> <span class='ocrx_word' id='word_1_198' title='bbox 1263 1648 1379 1703; x_wconf 75' lang='lat' dir='ltr'><strong>nonfuit</strong></span> <span class='ocrx_word' id='word_1_199' title='bbox 1392 1647 1585 1710; x_wconf 90' lang='lat' dir='ltr'><strong>incarnc,sed</strong></span> <span class='ocrx_word' id='word_1_200' title='bbox 1598 1647 1628 1701; x_wconf 87' lang='lat' dir='ltr'><strong>in</strong></span> <span class='ocrx_word' id='word_1_201' title='bbox 1650 1646 1700 1719; x_wconf 84' lang='lat' dir='ltr'><strong>pha</strong></span> 
     </span>
     <span class='ocr_line' id='line_1_17' title="bbox 137 1725 1698 1810; baseline 0.001 -19"><span class='ocrx_word' id='word_1_202' title='bbox 137 1738 257 1801; x_wconf 87' lang='lat' dir='ltr'><strong>interna,</strong></span> <span class='ocrx_word' id='word_1_203' title='bbox 270 1737 686 1807; x_wconf 78' lang='lat' dir='ltr'><strong>quoedccerealiosdebuerant‚</strong></span> <span class='ocrx_word' id='word_1_204' title='bbox 698 1739 838 1809; x_wconf 87' lang='lat' dir='ltr'><strong>ignorant.</strong></span> <span class='ocrx_word' id='word_1_205' title='bbox 859 1725 970 1794; x_wconf 79' lang='lat' dir='ltr'><strong>UndeB</strong></span> <span class='ocrx_word' id='word_1_206' title='bbox 979 1748 1054 1794; x_wconf 85' lang='lat' dir='ltr'><strong>mate</strong></span> <span class='ocrx_word' id='word_1_207' title='bbox 1073 1739 1195 1810; x_wconf 91' lang='lat' dir='ltr'><strong>quodam</strong></span> <span class='ocrx_word' id='word_1_208' title='bbox 1209 1738 1349 1809; x_wconf 88' lang='lat' dir='ltr'><strong>apparuit,</strong></span> <span class='ocrx_word' id='word_1_209' title='bbox 1366 1738 1406 1791; x_wconf 86' lang='lat' dir='ltr'><strong>ite</strong></span> <span class='ocrx_word' id='word_1_210' title='bbox 1419 1743 1451 1791; x_wconf 89' lang='lat' dir='ltr'><strong>ut</strong></span> <span class='ocrx_word' id='word_1_211' title='bbox 1466 1752 1517 1791; x_wconf 88' lang='lat' dir='ltr'><strong>nec</strong></span> <span class='ocrx_word' id='word_1_212' title='bbox 1532 1735 1698 1792; x_wconf 80' lang='lat' dir='ltr'><strong>resurreetio</strong></span> 
     </span>
     <span class='ocr_line' id='line_1_18' title="bbox 138 1825 1700 1899; baseline -0.001 -19"><span class='ocrx_word' id='word_1_213' title='bbox 138 1825 327 1897; x_wconf 86' lang='lat' dir='ltr'><strong>subjectorum</strong></span> <span class='ocrx_word' id='word_1_214' title='bbox 336 1842 446 1897; x_wconf 88' lang='lat' dir='ltr'><strong>quoque</strong></span> <span class='ocrx_word' id='word_1_215' title='bbox 454 1827 641 1898; x_wconf 88' lang='lat' dir='ltr'><strong>proculdubio</strong></span> <span class='ocrx_word' id='word_1_216' title='bbox 649 1827 707 1881; x_wconf 83' lang='lat' dir='ltr'><strong>vita</strong></span> <span class='ocrx_word' id='word_1_217' title='bbox 720 1828 862 1899; x_wconf 81' lang='lat' dir='ltr'><strong>torpescit,</strong></span> <span class='ocrx_word' id='word_1_218' title='bbox 872 1828 939 1899; x_wconf 89' lang='lat' dir='ltr'><strong>quia</strong></span> <span class='ocrx_word' id='word_1_219' title='bbox 978 1830 1053 1883; x_wconf 86' lang='lat' dir='ltr'><strong>iacta</strong></span> <span class='ocrx_word' id='word_1_220' title='bbox 1064 1845 1125 1883; x_wconf 87' lang='lat' dir='ltr'><strong>esse</strong></span> <span class='ocrx_word' id='word_1_221' title='bbox 1137 1828 1335 1898; x_wconf 74' lang='lat' dir='ltr'><strong>susciperetur,</strong></span> <span class='ocrx_word' id='word_1_222' title='bbox 1360 1827 1426 1897; x_wconf 91' lang='lat' dir='ltr'><strong>quia</strong></span> <span class='ocrx_word' id='word_1_223' title='bbox 1445 1825 1521 1879; x_wconf 90' lang='lat' dir='ltr'><strong>enim</strong></span> <span class='ocrx_word' id='word_1_224' title='bbox 1531 1825 1593 1879; x_wconf 84' lang='lat' dir='ltr'><strong>lieri</strong></span> <span class='ocrx_word' id='word_1_225' title='bbox 1609 1826 1700 1896; x_wconf 79' lang='lat' dir='ltr'><strong>poten</strong></span> 
     </span>
     <span class='ocr_line' id='line_1_19' title="bbox 138 1914 1700 1988; baseline -0.001 -20"><span class='ocrx_word' id='word_1_226' title='bbox 138 1917 349 1986; x_wconf 82' lang='lat' dir='ltr'><strong>cumprosrcere</strong></span> <span class='ocrx_word' id='word_1_227' title='bbox 363 1914 527 1986; x_wconf 85' lang='lat' dir='ltr'><strong>spiritaliter</strong></span> <span class='ocrx_word' id='word_1_228' title='bbox 544 1917 652 1987; x_wconf 87' lang='lat' dir='ltr'><strong>appetit</strong></span> <span class='ocrx_word' id='word_1_229' title='bbox 675 1917 706 1970; x_wconf 89' lang='lat' dir='ltr'><strong>in</strong></span> <span class='ocrx_word' id='word_1_230' title='bbox 723 1917 849 1988; x_wconf 84' lang='lat' dir='ltr'><strong>exemplo</strong></span> <span class='ocrx_word' id='word_1_231' title='bbox 864 1917 935 1988; x_wconf 87' lang='lat' dir='ltr'><strong>ejus,</strong></span> <span class='ocrx_word' id='word_1_232' title='bbox 978 1935 1046 1972; x_wconf 85' lang='lat' dir='ltr'><strong>vera</strong></span> <span class='ocrx_word' id='word_1_233' title='bbox 1072 1918 1236 1972; x_wconf 89' lang='lat' dir='ltr'><strong>crederetur</strong></span> <span class='ocrx_word' id='word_1_234' title='bbox 1264 1915 1441 1978; x_wconf 89' lang='lat' dir='ltr'><strong>resurrectio,</strong></span> <span class='ocrx_word' id='word_1_235' title='bbox 1462 1915 1485 1967; x_wconf 91' lang='lat' dir='ltr'><strong>si</strong></span> <span class='ocrx_word' id='word_1_236' title='bbox 1505 1926 1570 1968; x_wconf 88' lang='lat' dir='ltr'><strong>caro</strong></span> <span class='ocrx_word' id='word_1_237' title='bbox 1583 1928 1650 1967; x_wconf 85' lang='lat' dir='ltr'><strong>vera</strong></span> <span class='ocrx_word' id='word_1_238' title='bbox 1670 1928 1700 1967; x_wconf 79' lang='lat' dir='ltr'><strong>ra</strong></span> 
     </span>
     <span class='ocr_line' id='line_1_20' title="bbox 138 2003 1695 2077; baseline -0.001 -19"><span class='ocrx_word' id='word_1_239' title='bbox 138 2004 185 2074; x_wconf 91' lang='lat' dir='ltr'><strong>qui</strong></span> <span class='ocrx_word' id='word_1_240' title='bbox 213 2003 268 2059; x_wconf 88' lang='lat' dir='ltr'><strong>sibi</strong></span> <span class='ocrx_word' id='word_1_241' title='bbox 288 2006 419 2075; x_wconf 75' lang='lat' dir='ltr'><strong>prelatus</strong></span> <span class='ocrx_word' id='word_1_242' title='bbox 443 2010 494 2070; x_wconf 89' lang='lat' dir='ltr'><strong>est,</strong></span> <span class='ocrx_word' id='word_1_243' title='bbox 511 2006 591 2075; x_wconf 89' lang='lat' dir='ltr'><strong>quasi</strong></span> <span class='ocrx_word' id='word_1_244' title='bbox 608 2005 637 2059; x_wconf 94' lang='lat' dir='ltr'><strong>in</strong></span> <span class='ocrx_word' id='word_1_245' title='bbox 664 2005 808 2060; x_wconf 89' lang='lat' dir='ltr'><strong>obstaculo</strong></span> <span class='ocrx_word' id='word_1_246' title='bbox 822 2007 938 2060; x_wconf 89' lang='lat' dir='ltr'><strong>oilendit</strong></span> <span class='ocrx_word' id='word_1_247' title='bbox 977 2008 1077 2062; x_wconf 87' lang='lat' dir='ltr'><strong>suisset</strong></span> <span class='ocrx_word' id='word_1_248' title='bbox 1090 2013 1214 2077; x_wconf 88' lang='lat' dir='ltr'><strong>sumpta.</strong></span> <span class='ocrx_word' id='word_1_249' title='bbox 1233 2006 1291 2059; x_wconf 89' lang='lat' dir='ltr'><strong>Hoc</strong></span> <span class='ocrx_word' id='word_1_250' title='bbox 1312 2020 1379 2074; x_wconf 79' lang='lat' dir='ltr'><strong>crgo</strong></span> <span class='ocrx_word' id='word_1_251' title='bbox 1399 2003 1473 2058; x_wconf 87' lang='lat' dir='ltr'><strong>idem</strong></span> <span class='ocrx_word' id='word_1_252' title='bbox 1486 2003 1555 2057; x_wconf 90' lang='lat' dir='ltr'><strong>dicit</strong></span> <span class='ocrx_word' id='word_1_253' title='bbox 1569 2042 1577 2069; x_wconf 96' lang='lat'><strong>,</strong></span> <span class='ocrx_word' id='word_1_254' title='bbox 1591 2018 1695 2057; x_wconf 81' lang='lat' dir='ltr'><strong>memor</strong></span> 
     </span>
     <span class='ocr_line' id='line_1_21' title="bbox 138 2091 1700 2166; baseline 0.001 -20"><span class='ocrx_word' id='word_1_255' title='bbox 138 2093 248 2147; x_wconf 89' lang='lat' dir='ltr'><strong>itineris</strong></span> <span class='ocrx_word' id='word_1_256' title='bbox 272 2094 438 2164; x_wconf 85' lang='lat' dir='ltr'><strong>:languente</strong></span> <span class='ocrx_word' id='word_1_257' title='bbox 454 2094 528 2148; x_wconf 88' lang='lat' dir='ltr'><strong>enim</strong></span> <span class='ocrx_word' id='word_1_258' title='bbox 542 2094 642 2164; x_wconf 89' lang='lat' dir='ltr'><strong>capite,</strong></span> <span class='ocrx_word' id='word_1_259' title='bbox 654 2095 796 2149; x_wconf 74' lang='lat' dir='ltr'><strong>incassum</strong></span> <span class='ocrx_word' id='word_1_260' title='bbox 811 2095 938 2149; x_wconf 89' lang='lat' dir='ltr'><strong>membra</strong></span> <span class='ocrx_word' id='word_1_261' title='bbox 979 2097 1088 2162; x_wconf 85' lang='lat' dir='ltr'><strong>docere,</strong></span> <span class='ocrx_word' id='word_1_262' title='bbox 1099 2113 1150 2166; x_wconf 89' lang='lat' dir='ltr'><strong>pro</strong></span> <span class='ocrx_word' id='word_1_263' title='bbox 1163 2095 1264 2149; x_wconf 76' lang='lat' dir='ltr'><strong>virium</strong></span> <span class='ocrx_word' id='word_1_264' title='bbox 1275 2092 1591 2163; x_wconf 87' lang='lat' dir='ltr'><strong>tuarumpcssibilitate,</strong></span> <span class='ocrx_word' id='word_1_265' title='bbox 1605 2091 1700 2163; x_wconf 76' lang='lat' dir='ltr'><strong>quonia</strong></span> 
     </span>
     <span class='ocr_line' id='line_1_22' title="bbox 139 2181 1687 2253; baseline 0 -18"><span class='ocrx_word' id='word_1_266' title='bbox 139 2182 242 2253; x_wconf 78' lang='lat' dir='ltr'><strong>vigent,</strong></span> <span class='ocrx_word' id='word_1_267' title='bbox 260 2182 329 2236; x_wconf 92' lang='lat' dir='ltr'><strong>etin</strong></span> <span class='ocrx_word' id='word_1_268' title='bbox 344 2182 535 2253; x_wconf 86' lang='lat' dir='ltr'><strong>exploratione</strong></span> <span class='ocrx_word' id='word_1_269' title='bbox 543 2183 665 2237; x_wconf 87' lang='lat' dir='ltr'><strong>hostiam</strong></span> <span class='ocrx_word' id='word_1_270' title='bbox 683 2184 790 2238; x_wconf 84' lang='lat' dir='ltr'><strong>frustra</strong></span> <span class='ocrx_word' id='word_1_271' title='bbox 799 2185 938 2239; x_wconf 86' lang='lat' dir='ltr'><strong>exercitus</strong></span> <span class='ocrx_word' id='word_1_272' title='bbox 979 2185 1085 2239; x_wconf 88' lang='lat' dir='ltr'><strong>semine</strong></span> <span class='ocrx_word' id='word_1_273' title='bbox 1099 2191 1237 2239; x_wconf 90' lang='lat' dir='ltr'><strong>natusest</strong></span> <span class='ocrx_word' id='word_1_274' title='bbox 1251 2183 1338 2237; x_wconf 81' lang='lat' dir='ltr'><strong>David</strong></span> <span class='ocrx_word' id='word_1_275' title='bbox 1354 2183 1435 2237; x_wconf 85' lang='lat' dir='ltr'><strong>lesus</strong></span> <span class='ocrx_word' id='word_1_276' title='bbox 1450 2182 1589 2248; x_wconf 86' lang='lat' dir='ltr'><strong>Christus,</strong></span> <span class='ocrx_word' id='word_1_277' title='bbox 1605 2181 1687 2235; x_wconf 84' lang='lat' dir='ltr'><strong>bomo</strong></span> 
     </span>
     <span class='ocr_line' id='line_1_23' title="bbox 137 2270 1700 2343; baseline 0.002 -21"><span class='ocrx_word' id='word_1_278' title='bbox 137 2271 269 2325; x_wconf 89' lang='lat' dir='ltr'><strong>velociter</strong></span> <span class='ocrx_word' id='word_1_279' title='bbox 291 2271 426 2342; x_wconf 74' lang='lat' dir='ltr'><strong>sequitur,</strong></span> <span class='ocrx_word' id='word_1_280' title='bbox 438 2271 462 2326; x_wconf 90' lang='lat' dir='ltr'><strong>si</strong></span> <span class='ocrx_word' id='word_1_281' title='bbox 476 2271 512 2325; x_wconf 92' lang='lat' dir='ltr'><strong>ab</strong></span> <span class='ocrx_word' id='word_1_282' title='bbox 527 2271 587 2343; x_wconf 87' lang='lat' dir='ltr'><strong>ipso</strong></span> <span class='ocrx_word' id='word_1_283' title='bbox 610 2273 680 2327; x_wconf 89' lang='lat' dir='ltr'><strong>duce</strong></span> <span class='ocrx_word' id='word_1_284' title='bbox 693 2272 803 2327; x_wconf 91' lang='lat' dir='ltr'><strong>itineris</strong></span> <span class='ocrx_word' id='word_1_285' title='bbox 816 2278 936 2341; x_wconf 86' lang='lat' dir='ltr'><strong>erratur,</strong></span> <span class='ocrx_word' id='word_1_286' title='bbox 981 2275 1091 2328; x_wconf 90' lang='lat' dir='ltr'><strong>ratione</strong></span> <span class='ocrx_word' id='word_1_287' title='bbox 1100 2274 1253 2328; x_wconf 87' lang='lat' dir='ltr'><strong>secundum</strong></span> <span class='ocrx_word' id='word_1_288' title='bbox 1268 2276 1399 2325; x_wconf 88' lang='lat' dir='ltr'><strong>naturam</strong></span> <span class='ocrx_word' id='word_1_289' title='bbox 1413 2271 1512 2331; x_wconf 83' lang='lat' dir='ltr'><strong>tactus,</strong></span> <span class='ocrx_word' id='word_1_290' title='bbox 1524 2270 1572 2341; x_wconf 90' lang='lat' dir='ltr'><strong>qui</strong></span> <span class='ocrx_word' id='word_1_291' title='bbox 1587 2278 1618 2324; x_wconf 91' lang='lat' dir='ltr'><strong>et</strong></span> <span class='ocrx_word' id='word_1_292' title='bbox 1629 2270 1700 2325; x_wconf 67' lang='lat' dir='ltr'><strong>runi</strong></span> 
     </span>
     <span class='ocr_line' id='line_1_24' title="bbox 138 2358 1700 2433; baseline 0.001 -20"><span class='ocrx_word' id='word_1_293' title='bbox 138 2360 215 2413; x_wconf 90' lang='lat' dir='ltr'><strong>nulla</strong></span> <span class='ocrx_word' id='word_1_294' title='bbox 239 2359 416 2415; x_wconf 90' lang='lat' dir='ltr'><strong>subditorum</strong></span> <span class='ocrx_word' id='word_1_295' title='bbox 430 2366 539 2415; x_wconf 90' lang='lat' dir='ltr'><strong>mentes</strong></span> <span class='ocrx_word' id='word_1_296' title='bbox 561 2361 717 2415; x_wconf 83' lang='lat' dir='ltr'><strong>exhortatio</strong></span> <span class='ocrx_word' id='word_1_297' title='bbox 737 2361 872 2422; x_wconf 85' lang='lat' dir='ltr'><strong>subierat,</strong></span> <span class='ocrx_word' id='word_1_298' title='bbox 889 2376 937 2416; x_wconf 90' lang='lat' dir='ltr'><strong>eo·</strong></span> <span class='ocrx_word' id='word_1_299' title='bbox 982 2382 999 2417; x_wconf 89' lang='lat' dir='ltr'><strong>a</strong></span> <span class='ocrx_word' id='word_1_300' title='bbox 1012 2363 1140 2426; x_wconf 87' lang='lat' dir='ltr'><strong>mortuis,</strong></span> <span class='ocrx_word' id='word_1_301' title='bbox 1154 2363 1228 2433; x_wconf 91' lang='lat' dir='ltr'><strong>quod</strong></span> <span class='ocrx_word' id='word_1_302' title='bbox 1243 2360 1572 2415; x_wconf 84' lang='lat' dir='ltr'><strong>etiamcunetisiutu&#39;rum</strong></span> <span class='ocrx_word' id='word_1_303' title='bbox 1586 2360 1648 2415; x_wconf 85' lang='lat' dir='ltr'><strong>esse</strong></span> <span class='ocrx_word' id='word_1_304' title='bbox 1658 2358 1700 2415; x_wconf 75' lang='lat' dir='ltr'><strong>E&#39;u</strong></span> 
     </span>
     <span class='ocr_line' id='line_1_25' title="bbox 139 2445 1700 2522; baseline 0.001 -21"><span class='ocrx_word' id='word_1_305' title='bbox 139 2465 258 2519; x_wconf 90' lang='lat' dir='ltr'><strong>rumque</strong></span> <span class='ocrx_word' id='word_1_306' title='bbox 270 2450 365 2520; x_wconf 87' lang='lat' dir='ltr'><strong>culpas</strong></span> <span class='ocrx_word' id='word_1_307' title='bbox 386 2450 539 2521; x_wconf 86' lang='lat' dir='ltr'><strong>increpatio</strong></span> <span class='ocrx_word' id='word_1_308' title='bbox 555 2451 633 2505; x_wconf 88' lang='lat' dir='ltr'><strong>nulla</strong></span> <span class='ocrx_word' id='word_1_309' title='bbox 647 2451 775 2521; x_wconf 87' lang='lat' dir='ltr'><strong>castigat,</strong></span> <span class='ocrx_word' id='word_1_310' title='bbox 792 2451 857 2522; x_wconf 91' lang='lat' dir='ltr'><strong>quia</strong></span> <span class='ocrx_word' id='word_1_311' title='bbox 870 2452 938 2505; x_wconf 92' lang='lat' dir='ltr'><strong>dum</strong></span> <span class='ocrx_word' id='word_1_312' title='bbox 982 2454 1050 2507; x_wconf 89' lang='lat' dir='ltr'><strong>lium</strong></span> <span class='ocrx_word' id='word_1_313' title='bbox 1065 2457 1195 2506; x_wconf 88' lang='lat' dir='ltr'><strong>testatur.</strong></span> <span class='ocrx_word' id='word_1_314' title='bbox 1213 2451 1315 2504; x_wconf 84' lang='lat' dir='ltr'><strong>liacde</strong></span> <span class='ocrx_word' id='word_1_315' title='bbox 1325 2449 1566 2520; x_wconf 88' lang='lat' dir='ltr'><strong>causaacquicsco</strong></span> <span class='ocrx_word' id='word_1_316' title='bbox 1577 2445 1700 2503; x_wconf 83' lang='lat' dir='ltr'><strong>illasusti</strong></span> 
     </span>
     <span class='ocr_line' id='line_1_26' title="bbox 138 2536 1700 2613; baseline 0 -23"><span class='ocrx_word' id='word_1_317' title='bbox 138 2554 189 2608; x_wconf 88' lang='lat' dir='ltr'><strong>per</strong></span> <span class='ocrx_word' id='word_1_318' title='bbox 200 2538 358 2592; x_wconf 88' lang='lat' dir='ltr'><strong>animarum</strong></span> <span class='ocrx_word' id='word_1_319' title='bbox 369 2539 516 2609; x_wconf 78' lang='lat' dir='ltr'><strong>presulem</strong></span> <span class='ocrx_word' id='word_1_320' title='bbox 531 2539 636 2592; x_wconf 90' lang='lat' dir='ltr'><strong>terreni</strong></span> <span class='ocrx_word' id='word_1_321' title='bbox 655 2546 799 2594; x_wconf 85' lang='lat' dir='ltr'><strong>exercetur</strong></span> <span class='ocrx_word' id='word_1_322' title='bbox 816 2540 939 2595; x_wconf 81' lang='lat' dir='ltr'><strong>officium</strong></span> <span class='ocrx_word' id='word_1_323' title='bbox 982 2558 1043 2613; x_wconf 69' lang='lat' dir='ltr'><strong>quac</strong></span> <span class='ocrx_word' id='word_1_324' title='bbox 1056 2539 1442 2600; x_wconf 79' lang='lat' dir='ltr'><strong>sustinentmalctactores,ec</strong></span> <span class='ocrx_word' id='word_1_325' title='bbox 1452 2536 1700 2608; x_wconf 84' lang='lat' dir='ltr'><strong>quodmagnumlu</strong></span> 
     </span>
     <span class='ocr_line' id='line_1_27' title="bbox 136 2624 1700 2700; baseline 0.001 -21"><span class='ocrx_word' id='word_1_326' title='bbox 136 2626 248 2694; x_wconf 79' lang='lat' dir='ltr'><strong>judicis,</strong></span> <span class='ocrx_word' id='word_1_327' title='bbox 270 2626 394 2696; x_wconf 88' lang='lat' dir='ltr'><strong>agregis</strong></span> <span class='ocrx_word' id='word_1_328' title='bbox 414 2627 541 2681; x_wconf 87' lang='lat' dir='ltr'><strong>custodia</strong></span> <span class='ocrx_word' id='word_1_329' title='bbox 560 2633 640 2682; x_wconf 87' lang='lat' dir='ltr'><strong>vacat</strong></span> <span class='ocrx_word' id='word_1_330' title='bbox 661 2644 730 2682; x_wconf 91' lang='lat' dir='ltr'><strong>cura</strong></span> <span class='ocrx_word' id='word_1_331' title='bbox 752 2630 881 2699; x_wconf 88' lang='lat' dir='ltr'><strong>pastoris,</strong></span> <span class='ocrx_word' id='word_1_332' title='bbox 913 2637 941 2683; x_wconf 89' lang='lat' dir='ltr'><strong>et</strong></span> <span class='ocrx_word' id='word_1_333' title='bbox 981 2630 1038 2684; x_wconf 89' lang='lat' dir='ltr'><strong>scic</strong></span> <span class='ocrx_word' id='word_1_334' title='bbox 1052 2630 1148 2683; x_wconf 83' lang='lat' dir='ltr'><strong>exhor</strong></span> <span class='ocrx_word' id='word_1_335' title='bbox 1162 2645 1243 2700; x_wconf 81' lang='lat' dir='ltr'><strong>posse</strong></span> <span class='ocrx_word' id='word_1_336' title='bbox 1257 2627 1373 2698; x_wconf 86' lang='lat' dir='ltr'><strong>acquiri.</strong></span> <span class='ocrx_word' id='word_1_337' title='bbox 1392 2627 1426 2681; x_wconf 90' lang='lat' dir='ltr'><strong>Et</strong></span> <span class='ocrx_word' id='word_1_338' title='bbox 1439 2633 1472 2680; x_wconf 91' lang='lat' dir='ltr'><strong>ut</strong></span> <span class='ocrx_word' id='word_1_339' title='bbox 1497 2626 1628 2680; x_wconf 86' lang='lat' dir='ltr'><strong>ostendat</strong></span> <span class='ocrx_word' id='word_1_340' title='bbox 1650 2624 1700 2697; x_wconf 78' lang='lat' dir='ltr'><strong>qud</strong></span> 
     </span>
     <span class='ocr_line' id='line_1_28' title="bbox 140 2712 1700 2788; baseline 0.002 -21"><span class='ocrx_word' id='word_1_341' title='bbox 140 2714 257 2784; x_wconf 84' lang='lat' dir='ltr'><strong>subjecti</strong></span> <span class='ocrx_word' id='word_1_342' title='bbox 281 2714 407 2769; x_wconf 82' lang='lat' dir='ltr'><strong>veritatis</strong></span> <span class='ocrx_word' id='word_1_343' title='bbox 433 2715 529 2769; x_wconf 89' lang='lat' dir='ltr'><strong>lumen</strong></span> <span class='ocrx_word' id='word_1_344' title='bbox 556 2717 766 2787; x_wconf 88' lang='lat' dir='ltr'><strong>apprehendere</strong></span> <span class='ocrx_word' id='word_1_345' title='bbox 786 2727 939 2788; x_wconf 89' lang='lat' dir='ltr'><strong>nequeunt,</strong></span> <span class='ocrx_word' id='word_1_346' title='bbox 982 2734 1014 2774; x_wconf 89' lang='lat' dir='ltr'><strong>ex</strong></span> <span class='ocrx_word' id='word_1_347' title='bbox 1029 2719 1086 2773; x_wconf 91' lang='lat' dir='ltr'><strong>illis</strong></span> <span class='ocrx_word' id='word_1_348' title='bbox 1103 2718 1226 2772; x_wconf 87' lang='lat' dir='ltr'><strong>tristitiis</strong></span> <span class='ocrx_word' id='word_1_349' title='bbox 1251 2733 1313 2788; x_wconf 69' lang='lat' dir='ltr'><strong>quae</strong></span> <span class='ocrx_word' id='word_1_350' title='bbox 1328 2717 1353 2769; x_wconf 89' lang='lat' dir='ltr'><strong>ei</strong></span> <span class='ocrx_word' id='word_1_351' title='bbox 1368 2716 1513 2777; x_wconf 88' lang='lat' dir='ltr'><strong>accedunt,</strong></span> <span class='ocrx_word' id='word_1_352' title='bbox 1530 2715 1629 2786; x_wconf 82' lang='lat' dir='ltr'><strong>pietati</strong></span> <span class='ocrx_word' id='word_1_353' title='bbox 1643 2712 1700 2770; x_wconf 82' lang='lat' dir='ltr'><strong>nn&#39;li</strong></span> 
     </span>
     <span class='ocr_line' id='line_1_29' title="bbox 139 2802 1700 2879; baseline 0.002 -23"><span class='ocrx_word' id='word_1_354' title='bbox 139 2803 205 2874; x_wconf 91' lang='lat' dir='ltr'><strong>quia</strong></span> <span class='ocrx_word' id='word_1_355' title='bbox 220 2803 288 2857; x_wconf 89' lang='lat' dir='ltr'><strong>dum</strong></span> <span class='ocrx_word' id='word_1_356' title='bbox 303 2809 447 2874; x_wconf 89' lang='lat' dir='ltr'><strong>pastorum</strong></span> <span class='ocrx_word' id='word_1_357' title='bbox 459 2820 559 2859; x_wconf 88' lang='lat' dir='ltr'><strong>sensus</strong></span> <span class='ocrx_word' id='word_1_358' title='bbox 565 2810 677 2859; x_wconf 89' lang='lat' dir='ltr'><strong>terrena</strong></span> <span class='ocrx_word' id='word_1_359' title='bbox 684 2805 777 2859; x_wconf 88' lang='lat' dir='ltr'><strong>studia</strong></span> <span class='ocrx_word' id='word_1_360' title='bbox 791 2814 939 2877; x_wconf 87' lang='lat' dir='ltr'><strong>occupant,</strong></span> <span class='ocrx_word' id='word_1_361' title='bbox 982 2814 1062 2879; x_wconf 91' lang='lat' dir='ltr'><strong>parte</strong></span> <span class='ocrx_word' id='word_1_362' title='bbox 1075 2807 1170 2861; x_wconf 87' lang='lat' dir='ltr'><strong>noceri</strong></span> <span class='ocrx_word' id='word_1_363' title='bbox 1181 2811 1282 2877; x_wconf 86' lang='lat' dir='ltr'><strong>potest,</strong></span> <span class='ocrx_word' id='word_1_364' title='bbox 1297 2804 1396 2875; x_wconf 87' lang='lat' dir='ltr'><strong>adjicit</strong></span> <span class='ocrx_word' id='word_1_365' title='bbox 1412 2822 1418 2857; x_wconf 92' lang='lat'>:</span> <span class='ocrx_word' id='word_1_366' title='bbox 1438 2824 1449 2855; x_wconf 79' lang='grc' dir='ltr'><strong><em>ι</em></strong></span> <span class='ocrx_word' id='word_1_367' title='bbox 1467 2805 1522 2858; x_wconf 87' lang='lat' dir='ltr'><strong>Sed</strong></span> <span class='ocrx_word' id='word_1_368' title='bbox 1535 2803 1652 2858; x_wconf 71' lang='lat' dir='ltr'><strong>verbu·</strong></span> <span class='ocrx_word' id='word_1_369' title='bbox 1662 2802 1700 2859; x_wconf 72' lang='lat' dir='ltr'><strong>Da</strong></span> 
     </span>
     <span class='ocr_line' id='line_1_30' title="bbox 140 2892 1700 2967; baseline 0.003 -24"><span class='ocrx_word' id='word_1_370' title='bbox 140 2898 221 2946; x_wconf 80' lang='lat' dir='ltr'><strong>rente</strong></span> <span class='ocrx_word' id='word_1_371' title='bbox 235 2892 399 2947; x_wconf 83' lang='lat' dir='ltr'><strong>tentationis</strong></span> <span class='ocrx_word' id='word_1_372' title='bbox 416 2893 553 2964; x_wconf 89' lang='lat' dir='ltr'><strong>impulsus</strong></span> <span class='ocrx_word' id='word_1_373' title='bbox 582 2893 709 2948; x_wconf 76' lang='lat' dir='ltr'><strong>Ecclesia</strong></span> <span class='ocrx_word' id='word_1_374' title='bbox 728 2894 821 2949; x_wconf 90' lang='lat' dir='ltr'><strong>oculos</strong></span> <span class='ocrx_word' id='word_1_375' title='bbox 850 2896 942 2965; x_wconf 78' lang='lat' dir='ltr'><strong>pulvis</strong></span> <span class='ocrx_word' id='word_1_376' title='bbox 982 2903 1026 2951; x_wconf 89' lang='lat' dir='ltr'><strong>ast</strong></span> <span class='ocrx_word' id='word_1_377' title='bbox 1040 2897 1196 2967; x_wconf 89' lang='lat' dir='ltr'><strong>alligatum.</strong></span> <span class='ocrx_word' id='word_1_378' title='bbox 1211 2915 1222 2946; x_wconf 76' lang='lat' dir='ltr'><strong>s</strong></span> <span class='ocrx_word' id='word_1_379' title='bbox 1235 2892 1700 2964; x_wconf 67' lang='lat' dir='ltr'><strong>lloccstlicetcrgoplurimasmti</strong></span> 
     </span>
     <span class='ocr_line' id='line_1_31' title="bbox 138 2981 1700 3056; baseline 0.001 -22"><span class='ocrx_word' id='word_1_380' title='bbox 138 2986 231 3034; x_wconf 81' lang='lat' dir='ltr'><strong>caecat.</strong></span> <span class='ocrx_word' id='word_1_381' title='bbox 249 2981 310 3044; x_wconf 84' lang='lat' dir='ltr'><strong>Quo</strong></span> <span class='ocrx_word' id='word_1_382' title='bbox 324 2985 422 3035; x_wconf 91' lang='lat' dir='ltr'><strong>contra</strong></span> <span class='ocrx_word' id='word_1_383' title='bbox 436 2986 511 3035; x_wconf 85' lang='lat' dir='ltr'><strong>recte</strong></span> <span class='ocrx_word' id='word_1_384' title='bbox 520 2982 755 3053; x_wconf 84' lang='lat' dir='ltr'><strong>bumanigcneris</strong></span> <span class='ocrx_word' id='word_1_385' title='bbox 770 2982 941 3056; x_wconf 86' lang='lat' dir='ltr'><strong>Redemptor</strong></span> <span class='ocrx_word' id='word_1_386' title='bbox 982 2986 1066 3052; x_wconf 90' lang='lat' dir='ltr'><strong>mala,</strong></span> <span class='ocrx_word' id='word_1_387' title='bbox 1082 2986 1131 3040; x_wconf 88' lang='lat' dir='ltr'><strong>sed</strong></span> <span class='ocrx_word' id='word_1_388' title='bbox 1147 2984 1217 3038; x_wconf 90' lang='lat' dir='ltr'><strong>nulli</strong></span> <span class='ocrx_word' id='word_1_389' title='bbox 1232 2999 1264 3037; x_wconf 88' lang='lat' dir='ltr'><strong>ex</strong></span> <span class='ocrx_word' id='word_1_390' title='bbox 1274 2984 1326 3037; x_wconf 93' lang='lat' dir='ltr'><strong>hoc</strong></span> <span class='ocrx_word' id='word_1_391' title='bbox 1341 2982 1504 3037; x_wconf 88' lang='lat' dir='ltr'><strong>adnascitur</strong></span> <span class='ocrx_word' id='word_1_392' title='bbox 1521 2982 1657 3037; x_wconf 78' lang='lat' dir='ltr'><strong>nociritas</strong></span> <span class='ocrx_word' id='word_1_393' title='bbox 1672 2996 1700 3036; x_wconf 79' lang='lat' dir='ltr'><strong>re</strong></span> 
     </span>
     <span class='ocr_line' id='line_1_32' title="bbox 137 3043 1700 3146; baseline 0.001 -23"><span class='ocrx_word' id='word_1_394' title='bbox 137 3084 201 3123; x_wconf 91' lang='lat' dir='ltr'><strong>cum</strong></span> <span class='ocrx_word' id='word_1_395' title='bbox 233 3084 284 3124; x_wconf 90' lang='lat' dir='ltr'><strong>nos</strong></span> <span class='ocrx_word' id='word_1_396' title='bbox 306 3087 323 3123; x_wconf 94' lang='lat' dir='ltr'><strong>a</strong></span> <span class='ocrx_word' id='word_1_397' title='bbox 343 3070 448 3124; x_wconf 84' lang='lat' dir='ltr'><strong>ventris</strong></span> <span class='ocrx_word' id='word_1_398' title='bbox 473 3070 624 3126; x_wconf 78' lang='lat' dir='ltr'><strong>voracitate</strong></span> <span class='ocrx_word' id='word_1_399' title='bbox 648 3078 846 3142; x_wconf 85' lang='lat' dir='ltr'><strong>compesceret,</strong></span> <span class='ocrx_word' id='word_1_400' title='bbox 877 3043 1179 3146; x_wconf 60' lang='lat' dir='ltr'><strong>ulmerugorum:</strong></span> <span class='ocrx_word' id='word_1_401' title='bbox 1197 3072 1447 3127; x_wconf 84' lang='lat' dir='ltr'><strong>manetemmllei</strong></span> <span class='ocrx_word' id='word_1_402' title='bbox 1464 3070 1700 3142; x_wconf 76' lang='lat' dir='ltr'><strong>promissioiiliba</strong></span> 
     </span>
     <span class='ocr_line' id='line_1_33' title="bbox 139 3159 1700 3233; baseline 0.002 -21"><span class='ocrx_word' id='word_1_403' title='bbox 139 3159 321 3223; x_wconf 76' lang='lat' dir='ltr'><strong>«Attendite,</strong></span> <span class='ocrx_word' id='word_1_404' title='bbox 338 3165 440 3214; x_wconf 89' lang='lat' dir='ltr'><strong>utnon</strong></span> <span class='ocrx_word' id='word_1_405' title='bbox 454 3161 699 3230; x_wconf 85' lang='lat' dir='ltr'><strong>graventurccrda</strong></span> <span class='ocrx_word' id='word_1_406' title='bbox 716 3168 809 3216; x_wconf 87' lang='lat' dir='ltr'><strong>vestra</strong></span> <span class='ocrx_word' id='word_1_407' title='bbox 825 3162 940 3232; x_wconf 87' lang='lat' dir='ltr'><strong>crapula</strong></span> <span class='ocrx_word' id='word_1_408' title='bbox 980 3160 1700 3233; x_wconf 61' lang='lat' dir='ltr'><strong>innumerisegoridearsubjicitormentis.(tomam</strong></span> 
     </span>
     <span class='ocr_line' id='line_1_34' title="bbox 137 3247 1700 3323; baseline 0.002 -23"><span class='ocrx_word' id='word_1_409' title='bbox 137 3254 167 3302; x_wconf 89' lang='lat' dir='ltr'><strong>at</strong></span> <span class='ocrx_word' id='word_1_410' title='bbox 181 3247 316 3302; x_wconf 84' lang='lat' dir='ltr'><strong>ebrietate</strong></span> <span class='ocrx_word' id='word_1_411' title='bbox 332 3249 406 3315; x_wconf 75' lang='lat' dir='ltr'><strong>(Lice.</strong></span> <span class='ocrx_word' id='word_1_412' title='bbox 419 3253 487 3307; x_wconf 58' lang='lat' dir='ltr'><strong>xxii.</strong></span> <span class='ocrx_word' id='word_1_413' title='bbox 502 3267 516 3302; x_wconf 77' lang='lat' dir='ltr'><strong>a</strong></span> <span class='ocrx_word' id='word_1_414' title='bbox 534 3250 610 3303; x_wconf 90' lang='lat' dir='ltr'><strong>illico</strong></span> <span class='ocrx_word' id='word_1_415' title='bbox 625 3250 753 3320; x_wconf 76' lang='lat' dir='ltr'><strong>adJunxit</strong></span> <span class='ocrx_word' id='word_1_416' title='bbox 767 3251 854 3306; x_wconf 90' lang='lat' dir='ltr'><strong>autin</strong></span> <span class='ocrx_word' id='word_1_417' title='bbox 864 3252 938 3306; x_wconf 90' lang='lat' dir='ltr'><strong>curis</strong></span> <span class='ocrx_word' id='word_1_418' title='bbox 977 3270 1044 3307; x_wconf 83' lang='lat' dir='ltr'><strong>-vero</strong></span> <span class='ocrx_word' id='word_1_419' title='bbox 1053 3250 1422 3323; x_wconf 84' lang='lat' dir='ltr'><strong>praecedentibusadjungit:</strong></span> <span class='ocrx_word' id='word_1_420' title='bbox 1440 3269 1453 3300; x_wconf 80' lang='grc' dir='ltr'><strong><em>ι</em></strong></span> <span class='ocrx_word' id='word_1_421' title='bbox 1469 3249 1535 3304; x_wconf 90' lang='lat' dir='ltr'><strong>ldec</strong></span> <span class='ocrx_word' id='word_1_422' title='bbox 1549 3250 1648 3304; x_wconf 89' lang='lat' dir='ltr'><strong>omnia</strong></span> <span class='ocrx_word' id='word_1_423' title='bbox 1659 3254 1700 3303; x_wconf 78' lang='lat' dir='ltr'><strong>sni</strong></span> 
     </span>
     <span class='ocr_line' id='line_1_35' title="bbox 137 3337 1700 3414; baseline 0.001 -23"><span class='ocrx_word' id='word_1_424' title='bbox 137 3337 222 3408; x_wconf 90' lang='lat' dir='ltr'><strong>hujus</strong></span> <span class='ocrx_word' id='word_1_425' title='bbox 237 3337 412 3404; x_wconf 78' lang='lat' dir='ltr'><strong>mundivitse,</strong></span> <span class='ocrx_word' id='word_1_426' title='bbox 424 3337 472 3391; x_wconf 92' lang='lat' dir='ltr'><strong>ubi</strong></span> <span class='ocrx_word' id='word_1_427' title='bbox 487 3354 619 3409; x_wconf 88' lang='lat' dir='ltr'><strong>pavorem</strong></span> <span class='ocrx_word' id='word_1_428' title='bbox 634 3355 745 3411; x_wconf 91' lang='lat' dir='ltr'><strong>quoque</strong></span> <span class='ocrx_word' id='word_1_429' title='bbox 756 3340 885 3411; x_wconf 88' lang='lat' dir='ltr'><strong>protinus</strong></span> <span class='ocrx_word' id='word_1_430' title='bbox 895 3341 939 3395; x_wconf 89' lang='lat' dir='ltr'><strong>in·</strong></span> <span class='ocrx_word' id='word_1_431' title='bbox 981 3361 995 3396; x_wconf 75' lang='lat' dir='ltr'><strong>e</strong></span> <span class='ocrx_word' id='word_1_432' title='bbox 1012 3348 1128 3414; x_wconf 89' lang='lat' dir='ltr'><strong>propter</strong></span> <span class='ocrx_word' id='word_1_433' title='bbox 1142 3341 1255 3405; x_wconf 89' lang='lat' dir='ltr'><strong>clectos,</strong></span> <span class='ocrx_word' id='word_1_434' title='bbox 1264 3338 1355 3410; x_wconf 91' lang='lat' dir='ltr'><strong>utipsi</strong></span> <span class='ocrx_word' id='word_1_435' title='bbox 1365 3339 1700 3408; x_wconf 83' lang='lat' dir='ltr'><strong>salutemconsequantur</strong></span> 
     </span>
     <span class='ocr_line' id='line_1_36' title="bbox 137 3423 1700 3500; baseline 0.001 -19"><span class='ocrx_word' id='word_1_436' title='bbox 137 3432 214 3481; x_wconf 85' lang='lat' dir='ltr'><strong>tonte</strong></span> <span class='ocrx_word' id='word_1_437' title='bbox 223 3425 389 3497; x_wconf 53' lang='lat' dir='ltr'><strong>adjiciens„</strong></span> <span class='ocrx_word' id='word_1_438' title='bbox 407 3426 711 3499; x_wconf 83' lang='lat' dir='ltr'><strong>nctortesuperreniat</strong></span> <span class='ocrx_word' id='word_1_439' title='bbox 725 3429 939 3500; x_wconf 83' lang='lat' dir='ltr'><strong>repentinadres</strong></span> <span class='ocrx_word' id='word_1_440' title='bbox 982 3449 995 3482; x_wconf 77' lang='lat' dir='ltr'><strong>x</strong></span> <span class='ocrx_word' id='word_1_441' title='bbox 1011 3430 1092 3485; x_wconf 92' lang='lat' dir='ltr'><strong>estin</strong></span> <span class='ocrx_word' id='word_1_442' title='bbox 1107 3429 1220 3487; x_wconf 88' lang='lat' dir='ltr'><strong>Christo</strong></span> <span class='ocrx_word' id='word_1_443' title='bbox 1234 3429 1300 3482; x_wconf 88' lang='lat' dir='ltr'><strong>lesu</strong></span> <span class='ocrx_word' id='word_1_444' title='bbox 1316 3444 1380 3482; x_wconf 90' lang='lat' dir='ltr'><strong>eum</strong></span> <span class='ocrx_word' id='word_1_445' title='bbox 1394 3423 1485 3498; x_wconf 83' lang='lat' dir='ltr'><strong>gioria</strong></span> <span class='ocrx_word' id='word_1_446' title='bbox 1498 3428 1615 3481; x_wconf 71' lang='lat' dir='ltr'><strong>calesti.</strong></span> <span class='ocrx_word' id='word_1_447' title='bbox 1630 3446 1642 3478; x_wconf 78' lang='lat' dir='ltr'><strong>i</strong></span> <span class='ocrx_word' id='word_1_448' title='bbox 1666 3426 1700 3483; x_wconf 82' lang='lat' dir='ltr'><strong>Pi</strong></span> 
     </span>
     <span class='ocr_line' id='line_1_37' title="bbox 136 3514 1700 3591; baseline 0.002 -23"><span class='ocrx_word' id='word_1_449' title='bbox 136 3514 194 3581; x_wconf 88' lang='lat' dir='ltr'><strong>illa,</strong></span> <span class='ocrx_word' id='word_1_450' title='bbox 209 3532 221 3566; x_wconf 73' lang='lat' dir='ltr'><strong>a</strong></span> <span class='ocrx_word' id='word_1_451' title='bbox 237 3516 317 3585; x_wconf 86' lang='lat' dir='ltr'><strong>cujus</strong></span> <span class='ocrx_word' id='word_1_452' title='bbox 332 3516 467 3570; x_wconf 85' lang='lat' dir='ltr'><strong>adventus</strong></span> <span class='ocrx_word' id='word_1_453' title='bbox 487 3517 573 3570; x_wconf 90' lang='lat' dir='ltr'><strong>etiam</strong></span> <span class='ocrx_word' id='word_1_454' title='bbox 599 3517 764 3588; x_wconf 88' lang='lat' dir='ltr'><strong>qualitatem</strong></span> <span class='ocrx_word' id='word_1_455' title='bbox 791 3519 939 3573; x_wconf 87' lang='lat' dir='ltr'><strong>denuntiat</strong></span> <span class='ocrx_word' id='word_1_456' title='bbox 980 3537 1027 3575; x_wconf 86' lang='lat' dir='ltr'><strong>eos</strong></span> <span class='ocrx_word' id='word_1_457' title='bbox 1043 3520 1089 3591; x_wconf 90' lang='lat' dir='ltr'><strong>qui</strong></span> <span class='ocrx_word' id='word_1_458' title='bbox 1103 3520 1139 3573; x_wconf 92' lang='lat' dir='ltr'><strong>ad</strong></span> <span class='ocrx_word' id='word_1_459' title='bbox 1155 3520 1207 3573; x_wconf 86' lang='lat' dir='ltr'><strong>hoc</strong></span> <span class='ocrx_word' id='word_1_460' title='bbox 1222 3524 1288 3572; x_wconf 89' lang='lat' dir='ltr'><strong>sunt</strong></span> <span class='ocrx_word' id='word_1_461' title='bbox 1305 3517 1384 3571; x_wconf 84' lang='lat' dir='ltr'><strong>electi</strong></span> <span class='ocrx_word' id='word_1_462' title='bbox 1399 3522 1426 3570; x_wconf 89' lang='lat' dir='ltr'><strong>et</strong></span> <span class='ocrx_word' id='word_1_463' title='bbox 1441 3517 1582 3587; x_wconf 83' lang='lat' dir='ltr'><strong>segregati</strong></span> <span class='ocrx_word' id='word_1_464' title='bbox 1609 3515 1700 3571; x_wconf 77' lang='lat' dir='ltr'><strong>omnis</strong></span> 
     </span>
     <span class='ocr_line' id='line_1_38' title="bbox 137 3605 1700 3678; baseline 0.001 -20"><span class='ocrx_word' id='word_1_465' title='bbox 137 3605 281 3658; x_wconf 76' lang='lat' dir='ltr'><strong>dicenszr</strong></span> <span class='ocrx_word' id='word_1_466' title='bbox 320 3605 465 3676; x_wconf 87' lang='lat' dir='ltr'><strong>Tanquam</strong></span> <span class='ocrx_word' id='word_1_467' title='bbox 491 3605 607 3676; x_wconf 86' lang='lat' dir='ltr'><strong>laqueus</strong></span> <span class='ocrx_word' id='word_1_468' title='bbox 622 3607 696 3660; x_wconf 87' lang='lat' dir='ltr'><strong>enirn</strong></span> <span class='ocrx_word' id='word_1_469' title='bbox 719 3607 898 3678; x_wconf 83' lang='lat' dir='ltr'><strong>superveniet</strong></span> <span class='ocrx_word' id='word_1_470' title='bbox 910 3608 941 3662; x_wconf 92' lang='lat' dir='ltr'><strong>in</strong></span> <span class='ocrx_word' id='word_1_471' title='bbox 982 3609 1118 3671; x_wconf 79' lang='lat' dir='ltr'><strong>sustineo,</strong></span> <span class='ocrx_word' id='word_1_472' title='bbox 1134 3608 1216 3661; x_wconf 88' lang='lat' dir='ltr'><strong>itaut</strong></span> <span class='ocrx_word' id='word_1_473' title='bbox 1229 3623 1279 3678; x_wconf 89' lang='lat' dir='ltr'><strong>per</strong></span> <span class='ocrx_word' id='word_1_474' title='bbox 1301 3607 1444 3660; x_wconf 80' lang='lat' dir='ltr'><strong>Christum</strong></span> <span class='ocrx_word' id='word_1_475' title='bbox 1457 3606 1578 3660; x_wconf 88' lang='lat' dir='ltr'><strong>salntem</strong></span> <span class='ocrx_word' id='word_1_476' title='bbox 1599 3620 1700 3677; x_wconf 77' lang='lat' dir='ltr'><strong>nasequ</strong></span> 
     </span>
    </p>
   </div>
   <div class='ocr_carea' id='block_1_3' title="bbox 52 3693 1700 3768">
    <p class='ocr_par' dir='ltr' id='par_1_4' title="bbox 52 3693 1700 3768">
     <span class='ocr_line' id='line_1_39' title="bbox 52 3693 1700 3768; baseline 0.002 -21"><span class='ocrx_word' id='word_1_477' title='bbox 52 3698 57 3705; x_wconf 85' lang='lat'>&#39;</span> <span class='ocrx_word' id='word_1_478' title='bbox 138 3708 235 3747; x_wconf 88' lang='lat' dir='ltr'><strong>omnes</strong></span> <span class='ocrx_word' id='word_1_479' title='bbox 246 3693 294 3764; x_wconf 90' lang='lat' dir='ltr'><strong>qui</strong></span> <span class='ocrx_word' id='word_1_480' title='bbox 306 3694 405 3748; x_wconf 90' lang='lat' dir='ltr'><strong>sedent</strong></span> <span class='ocrx_word' id='word_1_481' title='bbox 415 3711 501 3765; x_wconf 88' lang='lat' dir='ltr'><strong>super</strong></span> <span class='ocrx_word' id='word_1_482' title='bbox 511 3695 609 3750; x_wconf 81' lang='lat' dir='ltr'><strong>faciem</strong></span> <span class='ocrx_word' id='word_1_483' title='bbox 624 3695 699 3749; x_wconf 89' lang='lat' dir='ltr'><strong>orbis</strong></span> <span class='ocrx_word' id='word_1_484' title='bbox 709 3701 791 3750; x_wconf 90' lang='lat' dir='ltr'><strong>terrae</strong></span> <span class='ocrx_word' id='word_1_485' title='bbox 805 3698 940 3765; x_wconf 76' lang='lat' dir='ltr'><strong>(ltid.).·</strong></span> <span class='ocrx_word' id='word_1_486' title='bbox 983 3699 1012 3753; x_wconf 91' lang='lat' dir='ltr'><strong>in</strong></span> <span class='ocrx_word' id='word_1_487' title='bbox 1025 3700 1161 3768; x_wconf 89' lang='lat' dir='ltr'><strong>perpetua</strong></span> <span class='ocrx_word' id='word_1_488' title='bbox 1176 3697 1268 3766; x_wconf 86' lang='lat' dir='ltr'><strong>gloria</strong></span> <span class='ocrx_word' id='word_1_489' title='bbox 1281 3696 1424 3765; x_wconf 82' lang='lat' dir='ltr'><strong>degentes,</strong></span> <span class='ocrx_word' id='word_1_490' title='bbox 1455 3700 1483 3748; x_wconf 89' lang='lat' dir='ltr'><strong>et</strong></span> <span class='ocrx_word' id='word_1_491' title='bbox 1504 3695 1540 3748; x_wconf 90' lang='lat' dir='ltr'><strong>ad</strong></span> <span class='ocrx_word' id='word_1_492' title='bbox 1563 3694 1700 3751; x_wconf 62' lang='lat' dir='ltr'><strong>exhoxffli</strong></span> 
     </span>
    </p>
   </div>
   <div class='ocr_carea' id='block_1_4' title="bbox 118 3782 1700 5637">
    <p class='ocr_par' dir='ltr' id='par_1_5' title="bbox 118 3782 1700 5637">
     <span class='ocr_line' id='line_1_40' title="bbox 138 3782 1379 3855; baseline 0 -18"><span class='ocrx_word' id='word_1_493' title='bbox 138 3782 210 3837; x_wconf 90' lang='lat' dir='ltr'><strong>Hinc</strong></span> <span class='ocrx_word' id='word_1_494' title='bbox 225 3782 330 3837; x_wconf 88' lang='lat' dir='ltr'><strong>iterum</strong></span> <span class='ocrx_word' id='word_1_495' title='bbox 346 3783 434 3837; x_wconf 89' lang='lat' dir='ltr'><strong>dicit:</strong></span> <span class='ocrx_word' id='word_1_496' title='bbox 456 3803 469 3833; x_wconf 70' lang='lat' dir='ltr'><strong>a</strong></span> <span class='ocrx_word' id='word_1_497' title='bbox 489 3785 579 3839; x_wconf 89' lang='lat' dir='ltr'><strong>Nemo</strong></span> <span class='ocrx_word' id='word_1_498' title='bbox 594 3790 686 3855; x_wconf 87' lang='lat' dir='ltr'><strong>potest</strong></span> <span class='ocrx_word' id='word_1_499' title='bbox 699 3784 808 3840; x_wconf 89' lang='lat' dir='ltr'><strong>duobus</strong></span> <span class='ocrx_word' id='word_1_500' title='bbox 822 3784 944 3839; x_wconf 87' lang='lat' dir='ltr'><strong>dominis</strong></span> <span class='ocrx_word' id='word_1_501' title='bbox 984 3787 1124 3842; x_wconf 89' lang='lat' dir='ltr'><strong>Timothei</strong></span> <span class='ocrx_word' id='word_1_502' title='bbox 1139 3785 1245 3849; x_wconf 87' lang='lat' dir='ltr'><strong>dicens,</strong></span> <span class='ocrx_word' id='word_1_503' title='bbox 1261 3784 1379 3855; x_wconf 83' lang='lat' dir='ltr'><strong>adjicit:</strong></span> 
     </span>
     <span class='ocr_line' id='line_1_41' title="bbox 138 3871 1700 3942; baseline 0.002 -18"><span class='ocrx_word' id='word_1_504' title='bbox 138 3871 242 3925; x_wconf 75' lang='lat' dir='ltr'><strong>servire</strong></span> <span class='ocrx_word' id='word_1_505' title='bbox 257 3873 363 3938; x_wconf 78' lang='lat' dir='ltr'><strong>(Morta.</strong></span> <span class='ocrx_word' id='word_1_506' title='bbox 379 3874 425 3940; x_wconf 82' lang='lat' dir='ltr'><strong>u).</strong></span> <span class='ocrx_word' id='word_1_507' title='bbox 444 3873 682 3928; x_wconf 80' lang='lat' dir='ltr'><strong>allincPaulusa</strong></span> <span class='ocrx_word' id='word_1_508' title='bbox 697 3872 940 3928; x_wconf 87' lang='lat' dir='ltr'><strong>mundiconsortio</strong></span> <span class='ocrx_word' id='word_1_509' title='bbox 1020 3896 1031 3927; x_wconf 74' lang='grc' dir='ltr'><strong>α</strong></span> <span class='ocrx_word' id='word_1_510' title='bbox 1048 3875 1152 3930; x_wconf 87' lang='lat' dir='ltr'><strong>Fidelis</strong></span> <span class='ocrx_word' id='word_1_511' title='bbox 1159 3890 1262 3940; x_wconf 89' lang='lat' dir='ltr'><strong>sermo,</strong></span> <span class='ocrx_word' id='word_1_512' title='bbox 1278 3890 1345 3927; x_wconf 88' lang='lat' dir='ltr'><strong>narn</strong></span> <span class='ocrx_word' id='word_1_513' title='bbox 1357 3874 1381 3926; x_wconf 90' lang='lat' dir='ltr'><strong>si</strong></span> <span class='ocrx_word' id='word_1_514' title='bbox 1391 3873 1560 3928; x_wconf 89' lang='lat' dir='ltr'><strong>commortui</strong></span> <span class='ocrx_word' id='word_1_515' title='bbox 1568 3888 1700 3942; x_wconf 61' lang='lat' dir='ltr'><strong>suranae</strong></span> 
     </span>
     <span class='ocr_line' id='line_1_42' title="bbox 137 3959 1700 4033; baseline 0.003 -21"><span class='ocrx_word' id='word_1_516' title='bbox 137 3959 320 4014; x_wconf 86' lang='lat' dir='ltr'><strong>contestando</strong></span> <span class='ocrx_word' id='word_1_517' title='bbox 334 3974 367 4013; x_wconf 91' lang='lat' dir='ltr'><strong>ac</strong></span> <span class='ocrx_word' id='word_1_518' title='bbox 381 3959 474 4030; x_wconf 89' lang='lat' dir='ltr'><strong>potius</strong></span> <span class='ocrx_word' id='word_1_519' title='bbox 489 3963 678 4016; x_wconf 74' lang='lat' dir='ltr'><strong>conveniendo</strong></span> <span class='ocrx_word' id='word_1_520' title='bbox 701 3962 847 4033; x_wconf 90' lang='lat' dir='ltr'><strong>suspendit</strong></span> <span class='ocrx_word' id='word_1_521' title='bbox 874 3962 940 4016; x_wconf 88' lang='lat' dir='ltr'><strong>reli·</strong></span> <span class='ocrx_word' id='word_1_522' title='bbox 980 3966 1113 4024; x_wconf 83' lang='lat' dir='ltr'><strong>vivemus,</strong></span> <span class='ocrx_word' id='word_1_523' title='bbox 1130 3963 1153 4017; x_wconf 91' lang='lat' dir='ltr'><strong>si</strong></span> <span class='ocrx_word' id='word_1_524' title='bbox 1170 3963 1341 4017; x_wconf 90' lang='lat' dir='ltr'><strong>sustinemus</strong></span> <span class='ocrx_word' id='word_1_525' title='bbox 1348 3970 1375 4016; x_wconf 88' lang='lat' dir='ltr'><strong>et</strong></span> <span class='ocrx_word' id='word_1_526' title='bbox 1382 3962 1627 4033; x_wconf 77' lang='lat' dir='ltr'><strong>conregnabimus.</strong></span> <span class='ocrx_word' id='word_1_527' title='bbox 1643 3979 1660 4015; x_wconf 72' lang='lat' dir='ltr'><strong>a</strong></span> <span class='ocrx_word' id='word_1_528' title='bbox 1674 3962 1700 4017; x_wconf 79' lang='lat' dir='ltr'>N</span> 
     </span>
     <span class='ocr_line' id='line_1_43' title="bbox 137 4048 1700 4124; baseline 0.004 -24"><span class='ocrx_word' id='word_1_529' title='bbox 137 4048 281 4116; x_wconf 79' lang='lat' dir='ltr'><strong>giosmum</strong></span> <span class='ocrx_word' id='word_1_530' title='bbox 296 4053 415 4113; x_wconf 85' lang='lat' dir='ltr'><strong>mentes,</strong></span> <span class='ocrx_word' id='word_1_531' title='bbox 445 4048 541 4103; x_wconf 89' lang='lat' dir='ltr'><strong>dicens</strong></span> <span class='ocrx_word' id='word_1_532' title='bbox 558 4068 563 4102; x_wconf 93' lang='lat'><strong>:</strong></span> <span class='ocrx_word' id='word_1_533' title='bbox 583 4069 593 4100; x_wconf 80' lang='grc' dir='ltr'><strong><em>ι</em></strong></span> <span class='ocrx_word' id='word_1_534' title='bbox 611 4051 701 4104; x_wconf 89' lang='lat' dir='ltr'><strong>Nemo</strong></span> <span class='ocrx_word' id='word_1_535' title='bbox 729 4050 854 4105; x_wconf 90' lang='lat' dir='ltr'><strong>militans</strong></span> <span class='ocrx_word' id='word_1_536' title='bbox 881 4052 939 4105; x_wconf 88' lang='lat' dir='ltr'><strong>Deo</strong></span> <span class='ocrx_word' id='word_1_537' title='bbox 980 4054 1107 4120; x_wconf 88' lang='lat' dir='ltr'><strong>dubium,</strong></span> <span class='ocrx_word' id='word_1_538' title='bbox 1124 4053 1361 4124; x_wconf 89' lang='lat' dir='ltr'><strong>inquit,h0cn0s,</strong></span> <span class='ocrx_word' id='word_1_539' title='bbox 1377 4052 1425 4121; x_wconf 92' lang='lat' dir='ltr'><strong>qui</strong></span> <span class='ocrx_word' id='word_1_540' title='bbox 1440 4050 1700 4107; x_wconf 78' lang='lat' dir='ltr'><strong>communicamuti</strong></span> 
     </span>
     <span class='ocr_line' id='line_1_44' title="bbox 138 4134 1700 4215; baseline 0.005 -28"><span class='ocrx_word' id='word_1_541' title='bbox 138 4134 264 4205; x_wconf 91' lang='lat' dir='ltr'><strong>implicat</strong></span> <span class='ocrx_word' id='word_1_542' title='bbox 277 4151 307 4189; x_wconf 89' lang='lat' dir='ltr'><strong>se</strong></span> <span class='ocrx_word' id='word_1_543' title='bbox 320 4136 441 4205; x_wconf 84' lang='lat' dir='ltr'><strong>negotiis</strong></span> <span class='ocrx_word' id='word_1_544' title='bbox 468 4137 656 4203; x_wconf 77' lang='lat' dir='ltr'><strong>sacularibus,</strong></span> <span class='ocrx_word' id='word_1_545' title='bbox 675 4139 743 4193; x_wconf 88' lang='lat' dir='ltr'><strong>atei</strong></span> <span class='ocrx_word' id='word_1_546' title='bbox 764 4140 873 4210; x_wconf 87' lang='lat' dir='ltr'><strong>placeat</strong></span> <span class='ocrx_word' id='word_1_547' title='bbox 894 4141 939 4194; x_wconf 90' lang='lat' dir='ltr'><strong>cui</strong></span> <span class='ocrx_word' id='word_1_548' title='bbox 980 4159 1042 4215; x_wconf 82' lang='lat' dir='ltr'><strong>qum</strong></span> <span class='ocrx_word' id='word_1_549' title='bbox 1056 4141 1197 4196; x_wconf 79' lang='lat' dir='ltr'><strong>deteriora</strong></span> <span class='ocrx_word' id='word_1_550' title='bbox 1210 4146 1285 4205; x_wconf 91' lang='lat' dir='ltr'><strong>sunt,</strong></span> <span class='ocrx_word' id='word_1_551' title='bbox 1299 4140 1457 4194; x_wconf 87' lang='lat' dir='ltr'><strong>necessario</strong></span> <span class='ocrx_word' id='word_1_552' title='bbox 1473 4138 1700 4195; x_wconf 73' lang='lat' dir='ltr'><strong>communicabis</strong></span> 
     </span>
     <span class='ocr_line' id='line_1_45' title="bbox 122 4222 1700 4300; baseline 0.006 -24"><span class='ocrx_word' id='word_1_553' title='bbox 122 4231 169 4277; x_wconf 86' lang='lat' dir='ltr'><strong>&#39;se</strong></span> <span class='ocrx_word' id='word_1_554' title='bbox 182 4222 319 4294; x_wconf 87' lang='lat' dir='ltr'><strong>probavit.</strong></span> <span class='ocrx_word' id='word_1_555' title='bbox 339 4242 350 4274; x_wconf 79' lang='lat' dir='ltr'><strong>x</strong></span> <span class='ocrx_word' id='word_1_556' title='bbox 367 4224 439 4278; x_wconf 88' lang='lat' dir='ltr'><strong>Hinc</strong></span> <span class='ocrx_word' id='word_1_557' title='bbox 461 4225 590 4279; x_wconf 83' lang='lat' dir='ltr'><strong>Ecclesiae</strong></span> <span class='ocrx_word' id='word_1_558' title='bbox 610 4227 764 4281; x_wconf 88' lang='lat' dir='ltr'><strong>rectoribus</strong></span> <span class='ocrx_word' id='word_1_559' title='bbox 780 4233 808 4281; x_wconf 88' lang='lat' dir='ltr'><strong>ct</strong></span> <span class='ocrx_word' id='word_1_560' title='bbox 823 4228 939 4283; x_wconf 74' lang='lat' dir='ltr'><strong>iacendi</strong></span> <span class='ocrx_word' id='word_1_561' title='bbox 981 4239 1007 4286; x_wconf 84' lang='lat' dir='ltr'><strong>et</strong></span> <span class='ocrx_word' id='word_1_562' title='bbox 1022 4231 1116 4286; x_wconf 90' lang='lat' dir='ltr'><strong>inillis</strong></span> <span class='ocrx_word' id='word_1_563' title='bbox 1136 4246 1196 4300; x_wconf 81' lang='lat' dir='ltr'><strong>qua·</strong></span> <span class='ocrx_word' id='word_1_564' title='bbox 1208 4230 1325 4283; x_wconf 87' lang='lat' dir='ltr'><strong>meliora</strong></span> <span class='ocrx_word' id='word_1_565' title='bbox 1337 4234 1458 4289; x_wconf 65' lang='lat' dir='ltr'><strong>annuet</strong></span> <span class='ocrx_word' id='word_1_566' title='bbox 1469 4229 1621 4283; x_wconf 86' lang='lat' dir='ltr'><strong>ostendens</strong></span> <span class='ocrx_word' id='word_1_567' title='bbox 1632 4228 1700 4285; x_wconf 69' lang='lat' dir='ltr'><strong>lum</strong></span> 
     </span>
     <span class='ocr_line' id='line_1_46' title="bbox 138 4311 1700 4390; baseline 0.004 -23"><span class='ocrx_word' id='word_1_568' title='bbox 138 4312 233 4367; x_wconf 85' lang='lat' dir='ltr'><strong>studia</strong></span> <span class='ocrx_word' id='word_1_569' title='bbox 246 4311 381 4383; x_wconf 74' lang='lat' dir='ltr'><strong>precipit,</strong></span> <span class='ocrx_word' id='word_1_570' title='bbox 405 4319 435 4367; x_wconf 91' lang='lat' dir='ltr'><strong>et</strong></span> <span class='ocrx_word' id='word_1_571' title='bbox 445 4315 607 4369; x_wconf 89' lang='lat' dir='ltr'><strong>consolandi</strong></span> <span class='ocrx_word' id='word_1_572' title='bbox 623 4315 748 4370; x_wconf 88' lang='lat' dir='ltr'><strong>remedia</strong></span> <span class='ocrx_word' id='word_1_573' title='bbox 760 4315 884 4371; x_wconf 87' lang='lat' dir='ltr'><strong>ostendit</strong></span> <span class='ocrx_word' id='word_1_574' title='bbox 897 4317 940 4371; x_wconf 90' lang='lat' dir='ltr'><strong>di·</strong></span> <span class='ocrx_word' id='word_1_575' title='bbox 981 4338 1015 4375; x_wconf 88' lang='lat' dir='ltr'><strong>ex</strong></span> <span class='ocrx_word' id='word_1_576' title='bbox 1029 4319 1222 4390; x_wconf 86' lang='lat' dir='ltr'><strong>compassione</strong></span> <span class='ocrx_word' id='word_1_577' title='bbox 1230 4319 1322 4372; x_wconf 88' lang='lat' dir='ltr'><strong>solent</strong></span> <span class='ocrx_word' id='word_1_578' title='bbox 1335 4317 1452 4388; x_wconf 82' lang='lat' dir='ltr'><strong>acquiri,</strong></span> <span class='ocrx_word' id='word_1_579' title='bbox 1473 4317 1541 4372; x_wconf 91' lang='lat' dir='ltr'><strong>dicit</strong></span> <span class='ocrx_word' id='word_1_580' title='bbox 1554 4317 1644 4372; x_wconf 87' lang='lat' dir='ltr'><strong>etiam</strong></span> <span class='ocrx_word' id='word_1_581' title='bbox 1654 4316 1700 4373; x_wconf 77' lang='lat' dir='ltr'><strong>itu</strong></span> 
     </span>
     <span class='ocr_line' id='line_1_47' title="bbox 138 4401 1700 4481; baseline 0.004 -25"><span class='ocrx_word' id='word_1_582' title='bbox 138 4417 204 4456; x_wconf 88' lang='lat' dir='ltr'><strong>cens</strong></span> <span class='ocrx_word' id='word_1_583' title='bbox 224 4420 230 4454; x_wconf 92' lang='lat'><strong>:</strong></span> <span class='ocrx_word' id='word_1_584' title='bbox 247 4421 258 4452; x_wconf 76' lang='grc' dir='ltr'><strong><em>ι</em></strong></span> <span class='ocrx_word' id='word_1_585' title='bbox 274 4401 425 4458; x_wconf 76' lang='lat' dir='ltr'><strong>secularia</strong></span> <span class='ocrx_word' id='word_1_586' title='bbox 437 4402 525 4473; x_wconf 88' lang='lat' dir='ltr'><strong>igitur</strong></span> <span class='ocrx_word' id='word_1_587' title='bbox 537 4404 651 4475; x_wconf 87' lang='lat' dir='ltr'><strong>negotia</strong></span> <span class='ocrx_word' id='word_1_588' title='bbox 664 4405 687 4458; x_wconf 89' lang='lat' dir='ltr'><strong>si</strong></span> <span class='ocrx_word' id='word_1_589' title='bbox 698 4404 863 4472; x_wconf 88' lang='lat' dir='ltr'><strong>habueritis,</strong></span> <span class='ocrx_word' id='word_1_590' title='bbox 872 4423 939 4461; x_wconf 92' lang='lat' dir='ltr'><strong>con·</strong></span> <span class='ocrx_word' id='word_1_591' title='bbox 980 4410 1158 4473; x_wconf 87' lang='lat' dir='ltr'><strong>trimentum,</strong></span> <span class='ocrx_word' id='word_1_592' title='bbox 1167 4407 1241 4478; x_wconf 92' lang='lat' dir='ltr'><strong>quod</strong></span> <span class='ocrx_word' id='word_1_593' title='bbox 1256 4407 1312 4461; x_wconf 85' lang='lat' dir='ltr'><strong>illis</strong></span> <span class='ocrx_word' id='word_1_594' title='bbox 1326 4408 1398 4461; x_wconf 87' lang='lat' dir='ltr'><strong>solet</strong></span> <span class='ocrx_word' id='word_1_595' title='bbox 1421 4407 1598 4481; x_wconf 85' lang='lat' dir='ltr'><strong>evenire,qui</strong></span> <span class='ocrx_word' id='word_1_596' title='bbox 1608 4407 1640 4461; x_wconf 87' lang='lat' dir='ltr'><strong>in</strong></span> <span class='ocrx_word' id='word_1_597' title='bbox 1655 4406 1700 4462; x_wconf 77' lang='lat' dir='ltr'><strong>bd</strong></span> 
     </span>
     <span class='ocr_line' id='line_1_48' title="bbox 138 4491 1700 4565; baseline 0.004 -20"><span class='ocrx_word' id='word_1_598' title='bbox 138 4491 310 4562; x_wconf 86' lang='lat' dir='ltr'><strong>temptlbiles</strong></span> <span class='ocrx_word' id='word_1_599' title='bbox 323 4491 371 4562; x_wconf 91' lang='lat' dir='ltr'><strong>qui</strong></span> <span class='ocrx_word' id='word_1_600' title='bbox 381 4492 486 4546; x_wconf 89' lang='lat' dir='ltr'><strong>suntin</strong></span> <span class='ocrx_word' id='word_1_601' title='bbox 500 4493 622 4548; x_wconf 85' lang='lat' dir='ltr'><strong>Ecclesia</strong></span> <span class='ocrx_word' id='word_1_602' title='bbox 645 4493 709 4548; x_wconf 87' lang='lat' dir='ltr'><strong>illos</strong></span> <span class='ocrx_word' id='word_1_603' title='bbox 730 4494 892 4550; x_wconf 87' lang='lat' dir='ltr'><strong>constituite</strong></span> <span class='ocrx_word' id='word_1_604' title='bbox 904 4497 940 4550; x_wconf 90' lang='lat' dir='ltr'><strong>ad</strong></span> <span class='ocrx_word' id='word_1_605' title='bbox 980 4498 1080 4552; x_wconf 85' lang='lat' dir='ltr'><strong>sistere</strong></span> <span class='ocrx_word' id='word_1_606' title='bbox 1099 4498 1261 4550; x_wconf 88' lang='lat' dir='ltr'><strong>noluerunt.</strong></span> <span class='ocrx_word' id='word_1_607' title='bbox 1279 4514 1291 4548; x_wconf 80' lang='lat' dir='ltr'><strong>r</strong></span> <span class='ocrx_word' id='word_1_608' title='bbox 1308 4494 1553 4565; x_wconf 69' lang='lat' dir='ltr'><strong>arrogaverimus,</strong></span> <span class='ocrx_word' id='word_1_609' title='bbox 1566 4500 1596 4549; x_wconf 88' lang='lat' dir='ltr'><strong>et</strong></span> <span class='ocrx_word' id='word_1_610' title='bbox 1616 4494 1700 4551; x_wconf 76' lang='lat' dir='ltr'><strong>ilicis</strong></span> 
     </span>
     <span class='ocr_line' id='line_1_49' title="bbox 135 4580 1700 4655; baseline 0.003 -21"><span class='ocrx_word' id='word_1_611' title='bbox 135 4580 321 4649; x_wconf 82' lang='lat' dir='ltr'><strong>judicandum</strong></span> <span class='ocrx_word' id='word_1_612' title='bbox 334 4582 361 4651; x_wconf 89' lang='lat'><strong>(1</strong></span> <span class='ocrx_word' id='word_1_613' title='bbox 386 4582 447 4637; x_wconf 79' lang='lat' dir='ltr'><strong>Gor.</strong></span> <span class='ocrx_word' id='word_1_614' title='bbox 470 4586 516 4651; x_wconf 82' lang='lat' dir='ltr'><strong>n),</strong></span> <span class='ocrx_word' id='word_1_615' title='bbox 536 4590 596 4636; x_wconf 76' lang='lat' dir='ltr'><strong>»ut</strong></span> <span class='ocrx_word' id='word_1_616' title='bbox 608 4583 662 4654; x_wconf 89' lang='lat' dir='ltr'><strong>ipsi</strong></span> <span class='ocrx_word' id='word_1_617' title='bbox 674 4582 803 4638; x_wconf 81' lang='lat' dir='ltr'><strong>videlicet</strong></span> <span class='ocrx_word' id='word_1_618' title='bbox 826 4583 940 4655; x_wconf 86' lang='lat' dir='ltr'><strong>dispen-</strong></span> <span class='ocrx_word' id='word_1_619' title='bbox 984 4603 1108 4641; x_wconf 69' lang='lat' dir='ltr'><strong>enos.)</strong></span> <span class='ocrx_word' id='word_1_620' title='bbox 1132 4585 1239 4641; x_wconf 85' lang='lat' dir='ltr'><strong>Deinde</strong></span> <span class='ocrx_word' id='word_1_621' title='bbox 1268 4600 1304 4639; x_wconf 91' lang='lat' dir='ltr'><strong>ne</strong></span> <span class='ocrx_word' id='word_1_622' title='bbox 1326 4585 1478 4652; x_wconf 86' lang='lat' dir='ltr'><strong>rideretur,</strong></span> <span class='ocrx_word' id='word_1_623' title='bbox 1497 4583 1657 4639; x_wconf 81' lang='lat' dir='ltr'><strong>secundum</strong></span> <span class='ocrx_word' id='word_1_624' title='bbox 1679 4598 1700 4639; x_wconf 79' lang='grc' dir='ltr'>ι</span> 
     </span>
     <span class='ocr_line' id='line_1_50' title="bbox 139 4668 1700 4747; baseline 0.004 -25"><span class='ocrx_word' id='word_1_625' title='bbox 139 4668 263 4723; x_wconf 89' lang='lat' dir='ltr'><strong>tionibus</strong></span> <span class='ocrx_word' id='word_1_626' title='bbox 276 4671 397 4725; x_wconf 84' lang='lat' dir='ltr'><strong>terrenis</strong></span> <span class='ocrx_word' id='word_1_627' title='bbox 417 4670 580 4738; x_wconf 86' lang='lat' dir='ltr'><strong>inserviant,</strong></span> <span class='ocrx_word' id='word_1_628' title='bbox 598 4688 668 4743; x_wconf 89' lang='lat' dir='ltr'><strong>quos</strong></span> <span class='ocrx_word' id='word_1_629' title='bbox 682 4673 756 4727; x_wconf 88' lang='lat' dir='ltr'><strong>dona</strong></span> <span class='ocrx_word' id='word_1_630' title='bbox 783 4673 942 4744; x_wconf 85' lang='lat' dir='ltr'><strong>spiritualia</strong></span> <span class='ocrx_word' id='word_1_631' title='bbox 983 4682 1102 4747; x_wconf 86' lang='lat' dir='ltr'><strong>partem,</strong></span> <span class='ocrx_word' id='word_1_632' title='bbox 1121 4681 1149 4728; x_wconf 91' lang='lat' dir='ltr'><strong>et</strong></span> <span class='ocrx_word' id='word_1_633' title='bbox 1167 4674 1231 4745; x_wconf 90' lang='lat' dir='ltr'><strong>ipsi,</strong></span> <span class='ocrx_word' id='word_1_634' title='bbox 1247 4673 1327 4728; x_wconf 86' lang='lat' dir='ltr'><strong>nobis</strong></span> <span class='ocrx_word' id='word_1_635' title='bbox 1347 4672 1526 4743; x_wconf 73' lang='lat' dir='ltr'><strong>negantibus,</strong></span> <span class='ocrx_word' id='word_1_636' title='bbox 1542 4673 1651 4739; x_wconf 85' lang='lat' dir='ltr'><strong>noceri,</strong></span> <span class='ocrx_word' id='word_1_637' title='bbox 1666 4672 1700 4728; x_wconf 71' lang='lat' dir='ltr'><strong>nd</strong></span> 
     </span>
     <span class='ocr_line' id='line_1_51' title="bbox 140 4761 1700 4833; baseline 0.004 -24"><span class='ocrx_word' id='word_1_638' title='bbox 140 4772 196 4809; x_wconf 88' lang='lat' dir='ltr'><strong>non</strong></span> <span class='ocrx_word' id='word_1_639' title='bbox 213 4763 358 4824; x_wconf 86' lang='lat' dir='ltr'><strong>exornant,</strong></span> <span class='ocrx_word' id='word_1_640' title='bbox 376 4775 409 4813; x_wconf 86' lang='lat' dir='ltr'><strong>ac</strong></span> <span class='ocrx_word' id='word_1_641' title='bbox 432 4761 456 4814; x_wconf 89' lang='lat' dir='ltr'><strong>si</strong></span> <span class='ocrx_word' id='word_1_642' title='bbox 483 4761 608 4831; x_wconf 87' lang='lat' dir='ltr'><strong>apertius</strong></span> <span class='ocrx_word' id='word_1_643' title='bbox 622 4761 706 4825; x_wconf 90' lang='lat' dir='ltr'><strong>dicat,</strong></span> <span class='ocrx_word' id='word_1_644' title='bbox 723 4761 771 4832; x_wconf 91' lang='lat' dir='ltr'><strong>qui</strong></span> <span class='ocrx_word' id='word_1_645' title='bbox 794 4768 941 4833; x_wconf 84' lang='lat' dir='ltr'><strong>penetrare</strong></span> <span class='ocrx_word' id='word_1_646' title='bbox 984 4784 996 4816; x_wconf 80' lang='lat' dir='ltr'><strong>r</strong></span> <span class='ocrx_word' id='word_1_647' title='bbox 1014 4764 1042 4820; x_wconf 92' lang='lat' dir='ltr'><strong>Si</strong></span> <span class='ocrx_word' id='word_1_648' title='bbox 1060 4776 1118 4819; x_wconf 88' lang='lat' dir='ltr'><strong>non</strong></span> <span class='ocrx_word' id='word_1_649' title='bbox 1130 4763 1281 4825; x_wconf 87' lang='lat' dir='ltr'><strong>credimus,</strong></span> <span class='ocrx_word' id='word_1_650' title='bbox 1300 4762 1348 4816; x_wconf 94' lang='lat' dir='ltr'><strong>ille</strong></span> <span class='ocrx_word' id='word_1_651' title='bbox 1361 4762 1452 4816; x_wconf 88' lang='lat' dir='ltr'><strong>fidelis</strong></span> <span class='ocrx_word' id='word_1_652' title='bbox 1472 4766 1579 4828; x_wconf 90' lang='lat' dir='ltr'><strong>manet,</strong></span> <span class='ocrx_word' id='word_1_653' title='bbox 1595 4776 1700 4833; x_wconf 77' lang='lat' dir='ltr'><strong>negare</strong></span> 
     </span>
     <span class='ocr_line' id='line_1_52' title="bbox 141 4843 1700 4924; baseline 0.006 -27"><span class='ocrx_word' id='word_1_654' title='bbox 141 4843 243 4898; x_wconf 89' lang='lat' dir='ltr'><strong>intima</strong></span> <span class='ocrx_word' id='word_1_655' title='bbox 260 4854 414 4916; x_wconf 89' lang='lat' dir='ltr'><strong>nequeunt,</strong></span> <span class='ocrx_word' id='word_1_656' title='bbox 436 4849 709 4904; x_wconf 80' lang='lat' dir='ltr'><strong>saltem-necessaria</strong></span> <span class='ocrx_word' id='word_1_657' title='bbox 733 4850 801 4905; x_wconf 81' lang='lat' dir='ltr'><strong>foris</strong></span> <span class='ocrx_word' id='word_1_658' title='bbox 821 4867 941 4923; x_wconf 81' lang='lat' dir='ltr'><strong>operan-</strong></span> <span class='ocrx_word' id='word_1_659' title='bbox 984 4870 1069 4908; x_wconf 74' lang='lat' dir='ltr'><strong>esum</strong></span> <span class='ocrx_word' id='word_1_660' title='bbox 1083 4869 1139 4908; x_wconf 91' lang='lat' dir='ltr'><strong>non</strong></span> <span class='ocrx_word' id='word_1_661' title='bbox 1153 4857 1255 4924; x_wconf 87' lang='lat' dir='ltr'><strong>potest.</strong></span> <span class='ocrx_word' id='word_1_662' title='bbox 1272 4871 1284 4903; x_wconf 78' lang='grc' dir='ltr'>ι</span> <span class='ocrx_word' id='word_1_663' title='bbox 1300 4853 1373 4906; x_wconf 87' lang='lat' dir='ltr'><strong>Nam</strong></span> <span class='ocrx_word' id='word_1_664' title='bbox 1392 4852 1440 4906; x_wconf 88' lang='lat' dir='ltr'><strong>illa</strong></span> <span class='ocrx_word' id='word_1_665' title='bbox 1455 4868 1517 4922; x_wconf 80' lang='lat' dir='ltr'><strong>quae</strong></span> <span class='ocrx_word' id='word_1_666' title='bbox 1531 4868 1550 4905; x_wconf 92' lang='lat' dir='ltr'><strong>a</strong></span> <span class='ocrx_word' id='word_1_667' title='bbox 1563 4849 1647 4905; x_wconf 84' lang='lat' dir='ltr'><strong>nobis</strong></span> <span class='ocrx_word' id='word_1_668' title='bbox 1660 4850 1700 4907; x_wconf 79' lang='lat' dir='ltr'><strong>ini</strong></span> 
     </span>
     <span class='ocr_line' id='line_1_53' title="bbox 141 4938 1694 5007; baseline 0.005 -19"><span class='ocrx_word' id='word_1_669' title='bbox 141 4938 197 4989; x_wconf 90' lang='lat' dir='ltr'><strong>tur.</strong></span> <span class='ocrx_word' id='word_1_670' title='bbox 982 4943 1175 4997; x_wconf 86' lang='lat' dir='ltr'><strong>nienteritunt</strong></span> <span class='ocrx_word' id='word_1_671' title='bbox 1188 4940 1268 4995; x_wconf 90' lang='lat' dir='ltr'><strong>nobis</strong></span> <span class='ocrx_word' id='word_1_672' title='bbox 1284 4947 1395 5007; x_wconf 86' lang='lat' dir='ltr'><strong>nocent,</strong></span> <span class='ocrx_word' id='word_1_673' title='bbox 1411 4941 1452 4995; x_wconf 90' lang='lat' dir='ltr'><strong>illi</strong></span> <span class='ocrx_word' id='word_1_674' title='bbox 1466 4957 1530 4995; x_wconf 80' lang='lat' dir='ltr'><strong>vero</strong></span> <span class='ocrx_word' id='word_1_675' title='bbox 1553 4940 1634 4996; x_wconf 79' lang='lat' dir='ltr'><strong>nulia</strong></span> <span class='ocrx_word' id='word_1_676' title='bbox 1658 4956 1694 4995; x_wconf 83' lang='lat' dir='ltr'><strong>ax</strong></span> 
     </span>
     <span class='ocr_line' id='line_1_54' title="bbox 180 5022 1686 5101; baseline 0.005 -25"><span class='ocrx_word' id='word_1_677' title='bbox 180 5043 191 5074; x_wconf 76' lang='grc' dir='ltr'>ι</span> <span class='ocrx_word' id='word_1_678' title='bbox 208 5022 393 5079; x_wconf 72' lang='lat' dir='ltr'><strong>laborantem</strong></span> <span class='ocrx_word' id='word_1_679' title='bbox 401 5026 553 5097; x_wconf 86' lang='lat' dir='ltr'><strong>agricolam</strong></span> <span class='ocrx_word' id='word_1_680' title='bbox 560 5028 839 5099; x_wconf 86' lang='lat' dir='ltr'><strong>oportetprimumda</strong></span> <span class='ocrx_word' id='word_1_681' title='bbox 847 5029 942 5085; x_wconf 82' lang='lat' dir='ltr'><strong>fructi·</strong></span> <span class='ocrx_word' id='word_1_682' title='bbox 982 5037 1099 5087; x_wconf 87' lang='lat' dir='ltr'><strong>nocetur</strong></span> <span class='ocrx_word' id='word_1_683' title='bbox 1111 5050 1117 5085; x_wconf 79' lang='grc' dir='ltr'><strong><em>ε</em></strong></span> <span class='ocrx_word' id='word_1_684' title='bbox 1129 5037 1226 5085; x_wconf 91' lang='lat' dir='ltr'><strong>manet</strong></span> <span class='ocrx_word' id='word_1_685' title='bbox 1236 5031 1341 5084; x_wconf 87' lang='lat' dir='ltr'><strong>etenim</strong></span> <span class='ocrx_word' id='word_1_686' title='bbox 1355 5030 1385 5084; x_wconf 90' lang='lat' dir='ltr'><strong>in</strong></span> <span class='ocrx_word' id='word_1_687' title='bbox 1394 5046 1446 5084; x_wconf 86' lang='lat' dir='ltr'><strong>sua</strong></span> <span class='ocrx_word' id='word_1_688' title='bbox 1467 5030 1558 5101; x_wconf 83' lang='lat' dir='ltr'><strong>gloria</strong></span> <span class='ocrx_word' id='word_1_689' title='bbox 1571 5028 1686 5085; x_wconf 79' lang='lat' dir='ltr'><strong>stabilis</strong></span> 
     </span>
     <span class='ocr_line' id='line_1_55' title="bbox 143 5112 1697 5190; baseline 0.006 -24"><span class='ocrx_word' id='word_1_690' title='bbox 143 5129 158 5166; x_wconf 72' lang='lat' dir='ltr'><strong>a</strong></span> <span class='ocrx_word' id='word_1_691' title='bbox 172 5112 224 5167; x_wconf 91' lang='lat' dir='ltr'><strong>bus</strong></span> <span class='ocrx_word' id='word_1_692' title='bbox 237 5113 362 5184; x_wconf 88' lang='lat' dir='ltr'><strong>accipere</strong></span> <span class='ocrx_word' id='word_1_693' title='bbox 378 5114 522 5185; x_wconf 83' lang='lat' dir='ltr'><strong>:intellige</strong></span> <span class='ocrx_word' id='word_1_694' title='bbox 536 5117 664 5187; x_wconf 82' lang='lat' dir='ltr'><strong>quaedicc</strong></span> <span class='ocrx_word' id='word_1_695' title='bbox 676 5135 681 5169; x_wconf 72' lang='grc' dir='ltr'>ε</span> <span class='ocrx_word' id='word_1_696' title='bbox 694 5112 772 5172; x_wconf 87' lang='lat' dir='ltr'><strong>dabit</strong></span> <span class='ocrx_word' id='word_1_697' title='bbox 781 5117 857 5173; x_wconf 89' lang='lat' dir='ltr'><strong>enim</strong></span> <span class='ocrx_word' id='word_1_698' title='bbox 884 5120 940 5174; x_wconf 93' lang='lat' dir='ltr'><strong>Do·</strong></span> <span class='ocrx_word' id='word_1_699' title='bbox 982 5137 1055 5186; x_wconf 88' lang='lat' dir='ltr'><strong>mus,</strong></span> <span class='ocrx_word' id='word_1_700' title='bbox 1071 5135 1123 5174; x_wconf 89' lang='lat' dir='ltr'><strong>nec</strong></span> <span class='ocrx_word' id='word_1_701' title='bbox 1137 5120 1222 5174; x_wconf 90' lang='lat' dir='ltr'><strong>etiam</strong></span> <span class='ocrx_word' id='word_1_702' title='bbox 1241 5125 1359 5190; x_wconf 87' lang='lat' dir='ltr'><strong>possunt</strong></span> <span class='ocrx_word' id='word_1_703' title='bbox 1371 5119 1428 5173; x_wconf 87' lang='lat' dir='ltr'><strong>ista</strong></span> <span class='ocrx_word' id='word_1_704' title='bbox 1455 5118 1563 5189; x_wconf 86' lang='lat' dir='ltr'><strong>negari,</strong></span> <span class='ocrx_word' id='word_1_705' title='bbox 1585 5135 1651 5190; x_wconf 76' lang='lat' dir='ltr'><strong>quaa</strong></span> <span class='ocrx_word' id='word_1_706' title='bbox 1665 5119 1697 5175; x_wconf 86' lang='lat' dir='ltr'><strong>in</strong></span> 
     </span>
     <span class='ocr_line' id='line_1_56' title="bbox 144 5201 1700 5281; baseline 0.007 -28"><span class='ocrx_word' id='word_1_707' title='bbox 144 5220 156 5253; x_wconf 78' lang='grc' dir='ltr'><strong><em>ι</em></strong></span> <span class='ocrx_word' id='word_1_708' title='bbox 174 5202 267 5258; x_wconf 89' lang='lat' dir='ltr'><strong>minus</strong></span> <span class='ocrx_word' id='word_1_709' title='bbox 281 5201 369 5257; x_wconf 88' lang='lat' dir='ltr'><strong>tibiin</strong></span> <span class='ocrx_word' id='word_1_710' title='bbox 382 5203 512 5259; x_wconf 86' lang='lat' dir='ltr'><strong>omnibus</strong></span> <span class='ocrx_word' id='word_1_711' title='bbox 522 5205 704 5261; x_wconf 87' lang='lat' dir='ltr'><strong>intellectum.</strong></span> <span class='ocrx_word' id='word_1_712' title='bbox 722 5209 861 5279; x_wconf 67' lang='lat' dir='ltr'><strong>»lambat</strong></span> <span class='ocrx_word' id='word_1_713' title='bbox 875 5209 943 5263; x_wconf 82' lang='lat' dir='ltr'><strong>Vult</strong></span> <span class='ocrx_word' id='word_1_714' title='bbox 982 5209 1191 5281; x_wconf 87' lang='lat' dir='ltr'><strong>perspiciuntur</strong></span> <span class='ocrx_word' id='word_1_715' title='bbox 1199 5208 1328 5278; x_wconf 83' lang='lat' dir='ltr'><strong>negotiis.</strong></span> <span class='ocrx_word' id='word_1_716' title='bbox 1349 5228 1359 5259; x_wconf 80' lang='grc' dir='ltr'>ι</span> <span class='ocrx_word' id='word_1_717' title='bbox 1377 5209 1611 5275; x_wconf 78' lang='lat' dir='ltr'><strong>Haceommune,</strong></span> <span class='ocrx_word' id='word_1_718' title='bbox 1634 5207 1700 5265; x_wconf 78' lang='lat' dir='ltr'><strong>teeti</strong></span> 
     </span>
     <span class='ocr_line' id='line_1_57' title="bbox 142 5292 1700 5365; baseline 0.006 -22"><span class='ocrx_word' id='word_1_719' title='bbox 142 5296 236 5345; x_wconf 88' lang='lat' dir='ltr'><strong>autem</strong></span> <span class='ocrx_word' id='word_1_720' title='bbox 260 5292 353 5347; x_wconf 88' lang='lat' dir='ltr'><strong>dicere</strong></span> <span class='ocrx_word' id='word_1_721' title='bbox 378 5312 383 5345; x_wconf 88' lang='lat'>:</span> <span class='ocrx_word' id='word_1_722' title='bbox 415 5294 533 5363; x_wconf 75' lang='lat' dir='ltr'><strong>quaed</strong></span> <span class='ocrx_word' id='word_1_723' title='bbox 567 5311 649 5349; x_wconf 85' lang='lat' dir='ltr'><strong>usum</strong></span> <span class='ocrx_word' id='word_1_724' title='bbox 677 5300 759 5350; x_wconf 91' lang='lat' dir='ltr'><strong>tuum</strong></span> <span class='ocrx_word' id='word_1_725' title='bbox 785 5297 942 5352; x_wconf 88' lang='lat' dir='ltr'><strong>necessario</strong></span> <span class='ocrx_word' id='word_1_726' title='bbox 983 5315 1078 5353; x_wconf 89' lang='lat' dir='ltr'><strong>coram</strong></span> <span class='ocrx_word' id='word_1_727' title='bbox 1092 5298 1221 5352; x_wconf 89' lang='lat' dir='ltr'><strong>Domino.</strong></span> <span class='ocrx_word' id='word_1_728' title='bbox 1237 5297 1334 5351; x_wconf 85' lang='lat' dir='ltr'><strong>»Bene</strong></span> <span class='ocrx_word' id='word_1_729' title='bbox 1344 5296 1414 5351; x_wconf 89' lang='lat' dir='ltr'><strong>dixit</strong></span> <span class='ocrx_word' id='word_1_730' title='bbox 1430 5297 1617 5365; x_wconf 54' lang='lat' dir='ltr'><strong>«indicans,</strong></span> <span class='ocrx_word' id='word_1_731' title='bbox 1637 5316 1651 5349; x_wconf 73' lang='lat' dir='ltr'><strong>a</strong></span> <span class='ocrx_word' id='word_1_732' title='bbox 1672 5304 1700 5355; x_wconf 78' lang='lat' dir='ltr'><strong>bt</strong></span> 
     </span>
     <span class='ocr_line' id='line_1_58' title="bbox 142 5379 1700 5457; baseline 0.007 -25"><span class='ocrx_word' id='word_1_733' title='bbox 142 5379 294 5446; x_wconf 84' lang='lat' dir='ltr'><strong>pertinent,</strong></span> <span class='ocrx_word' id='word_1_734' title='bbox 323 5381 473 5436; x_wconf 88' lang='lat' dir='ltr'><strong>indiscrete</strong></span> <span class='ocrx_word' id='word_1_735' title='bbox 493 5398 642 5454; x_wconf 86' lang='lat' dir='ltr'><strong>assequere</strong></span> <span class='ocrx_word' id='word_1_736' title='bbox 670 5401 688 5439; x_wconf 89' lang='lat' dir='ltr'><strong>a</strong></span> <span class='ocrx_word' id='word_1_737' title='bbox 720 5384 850 5440; x_wconf 79' lang='lat' dir='ltr'><strong>fidelibus</strong></span> <span class='ocrx_word' id='word_1_738' title='bbox 892 5387 939 5457; x_wconf 91' lang='lat' dir='ltr'><strong>qui</strong></span> <span class='ocrx_word' id='word_1_739' title='bbox 982 5404 1090 5441; x_wconf 90' lang='lat' dir='ltr'><strong>morem</strong></span> <span class='ocrx_word' id='word_1_740' title='bbox 1103 5404 1168 5442; x_wconf 93' lang='lat' dir='ltr'><strong>eum</strong></span> <span class='ocrx_word' id='word_1_741' title='bbox 1183 5386 1311 5457; x_wconf 82' lang='lat' dir='ltr'><strong>redigat:</strong></span> <span class='ocrx_word' id='word_1_742' title='bbox 1331 5392 1345 5439; x_wconf 79' lang='lat' dir='ltr'><strong>t</strong></span> <span class='ocrx_word' id='word_1_743' title='bbox 1368 5386 1432 5440; x_wconf 82' lang='lat' dir='ltr'><strong>Noli</strong></span> <span class='ocrx_word' id='word_1_744' title='bbox 1444 5386 1535 5441; x_wconf 82' lang='lat' dir='ltr'><strong>verbis</strong></span> <span class='ocrx_word' id='word_1_745' title='bbox 1553 5387 1700 5443; x_wconf 72' lang='lat' dir='ltr'><strong>contenda</strong></span> 
     </span>
     <span class='ocr_line' id='line_1_59' title="bbox 119 5469 1700 5546; baseline 0.009 -27"><span class='ocrx_word' id='word_1_746' title='bbox 119 5512 131 5519; x_wconf 89' lang='lat'><strong>..</strong></span> <span class='ocrx_word' id='word_1_747' title='bbox 143 5473 278 5536; x_wconf 68' lang='lat' dir='ltr'><strong>praestant</strong></span> <span class='ocrx_word' id='word_1_748' title='bbox 299 5469 361 5525; x_wconf 90' lang='lat' dir='ltr'><strong>tibi.</strong></span> <span class='ocrx_word' id='word_1_749' title='bbox 396 5470 491 5526; x_wconf 87' lang='lat' dir='ltr'><strong>Suasit</strong></span> <span class='ocrx_word' id='word_1_750' title='bbox 517 5488 582 5526; x_wconf 80' lang='lat' dir='ltr'><strong>vero</strong></span> <span class='ocrx_word' id='word_1_751' title='bbox 608 5474 633 5527; x_wconf 89' lang='lat' dir='ltr'><strong>ei</strong></span> <span class='ocrx_word' id='word_1_752' title='bbox 657 5474 719 5544; x_wconf 86' lang='lat' dir='ltr'><strong>ipsc</strong></span> <span class='ocrx_word' id='word_1_753' title='bbox 742 5475 868 5546; x_wconf 83' lang='lat' dir='ltr'><strong>exemplo</strong></span> <span class='ocrx_word' id='word_1_754' title='bbox 897 5476 939 5529; x_wconf 87' lang='lat' dir='ltr'><strong>rel</strong></span> <span class='ocrx_word' id='word_1_755' title='bbox 983 5477 1127 5531; x_wconf 77' lang='lat' dir='ltr'><strong>«nihilum</strong></span> <span class='ocrx_word' id='word_1_756' title='bbox 1141 5476 1216 5531; x_wconf 89' lang='lat' dir='ltr'><strong>enim</strong></span> <span class='ocrx_word' id='word_1_757' title='bbox 1236 5475 1305 5530; x_wconf 89' lang='lat' dir='ltr'><strong>utile</strong></span> <span class='ocrx_word' id='word_1_758' title='bbox 1323 5475 1430 5531; x_wconf 83' lang='lat' dir='ltr'><strong>estnisi</strong></span> <span class='ocrx_word' id='word_1_759' title='bbox 1449 5474 1700 5533; x_wconf 65' lang='lat' dir='ltr'><strong>merueramus</strong></span> 
     </span>
     <span class='ocr_line' id='line_1_60' title="bbox 118 5555 1700 5637; baseline 0.008 -24"><span class='ocrx_word' id='word_1_760' title='bbox 118 5555 463 5617; x_wconf 58' lang='lat' dir='ltr'><strong>„monumemtum</strong></span> <span class='ocrx_word' id='word_1_761' title='bbox 478 5561 601 5632; x_wconf 57' lang='lat' dir='ltr'><strong>gaucia</strong></span> <span class='ocrx_word' id='word_1_762' title='bbox 618 5562 734 5634; x_wconf 78' lang='lat' dir='ltr'><strong>quitiam</strong></span> <span class='ocrx_word' id='word_1_763' title='bbox 751 5564 812 5636; x_wconf 81' lang='lat' dir='ltr'><strong>ipse</strong></span> <span class='ocrx_word' id='word_1_764' title='bbox 831 5564 864 5620; x_wconf 88' lang='lat' dir='ltr'><strong>tu</strong></span> <span class='ocrx_word' id='word_1_765' title='bbox 890 5565 941 5620; x_wconf 85' lang='lat' dir='ltr'><strong>tua</strong></span> <span class='ocrx_word' id='word_1_766' title='bbox 983 5564 1700 5637; x_wconf 64' lang='lat' dir='ltr'><strong>‹manumettommoaaiaquitmtistatectffl</strong></span> 
     </span>
    </p>
   </div>
   <div class='ocr_carea' id='block_1_5' title="bbox 0 0 1902 6128">
    <p class='ocr_par' dir='ltr' id='par_1_6' title="bbox 0 0 1902 6128">
     <span class='ocr_line' id='line_1_61' title="bbox 0 0 1902 6128; baseline 0 0"><span class='ocrx_word' id='word_1_767' title='bbox 0 0 1902 6128; x_wconf 95' lang='lat' dir='ltr'><strong> </strong></span> 
     </span>
    </p>
   </div>
  </div>
 </body>
</html>
