3772 6120
121 263 174 343 te
417 271 447 333 u.
469 268 605 331 nestra
624 269 739 327 nsum
759 269 927 324 laomen.
948 267 1110 324 umens
1132 264 1492 359 carnuntensem
1705 267 1760 324 set

117 394 212 466 labore
239 400 405 457 mereretur,
431 395 480 453 sed
499 394 611 458 transit,
628 393 701 464 qued
715 392 1052 463 delectabiliterAaliqne
1074 397 1268 447 retractemus.
1294 392 1462 464 Opinionem
1483 392 1568 463 uulgi,
1588 397 1619 447 et
1644 393 1760 454 laudem

83 516 89 527 ι
119 482 235 554 cbtipet,
253 483 448 554 etpoenaliter,
465 482 541 553 quod
550 482 686 553 sequitur,
702 489 807 539 manet.
889 469 894 477 ¹
956 482 1102 538 homimum
1125 481 1219 536 tenore
1239 481 1395 552 quesitam,
1424 481 1521 552 gloria
1538 496 1641 536 nomen
1664 486 1758 548 sonat,

956 571 1006 625 ubi
1019 571 1134 625 dicitur:
1149 572 1251 626 Omitto
1263 576 1358 635 autern
1370 572 1490 639 sacient,
1504 575 1536 624 ut
1549 572 1584 625 ot
1598 572 1768 625 homiuibus

426 660 543 722 CAPUT
561 660 609 720 Vl.
956 663 1148 728 pacificentia·
1162 660 1271 730 (ottotttt
1284 662 1358 728 xsrrr)
1371 678 1379 724 ;
1400 664 1429 713 et
1440 658 1506 717 alibi
1518 679 1527 714 .·
1541 661 1678 727 Quomodo
1687 665 1762 728 potc-

260 792 264 813 ,
276 802 280 810 ,
957 752 1006 803 stis
1016 750 1132 815 credero,
1141 750 1427 816 pluriumotiauiccm
1442 753 1611 817 quarentest
1622 751 1712 815 iteca
1724 752 1761 815 r.)

119 802 915 943 r²²r2retttrite{cenassemus‘²²²⁹
959 838 1047 981 {geg
1061 837 1205 995 prgis
1218 837 1372 981 erit
1387 837 1619 995 {ttius
1633 839 1764 997 §tlte

1273 967 1279 992 ,
1539 967 1547 992 ,

155 1016 186 1079 St
198 1019 301 1086 spiritu
329 1019 459 1081 vicinitus,
479 1019 581 1085 spiritu
609 1022 634 1072 ct
659 1017 841 1073 cismarina.
859 1017 920 1073 lton
959 1015 1115 1085 telligimus
1128 1016 1202 1070 idem
1217 1014 1333 1071 verbum
1348 1031 1423 1069 nnnc
1437 1014 1570 1069 virtiltem
1590 1014 1761 1085 significate,

119 1108 386 1184 efficierrtorinertis
400 1108 496 1173 pieria
518 1106 621 1174 cepidi,
638 1107 756 1159 trevirens
768 1090 919 1173 prmocon-
960 1120 1035 1158 nnnc
1058 1104 1167 1158 titium.
1190 1105 1219 1159 Si
1249 1104 1284 1157 ab
1316 1102 1479 1160 honiinibus
1511 1120 1606 1174 quaro
1630 1102 1761 1174 gloriam,

120 1201 167 1263 tes,
184 1197 301 1257 tutricem
326 1195 487 1255 invidentes.
504 1192 610 1262 (Arub.)
632 1194 691 1249 Hoc
709 1193 785 1259 dicit,
815 1194 920 1265 quiasi
960 1193 1060 1247 titium
1084 1193 1188 1247 est:si
1212 1209 1231 1246 a
1256 1193 1433 1257 Dementes
1457 1198 1509 1258 est,
1534 1193 1582 1263 qui
1605 1196 1636 1245 et·
1658 1192 1695 1246 ad
1718 1207 1764 1245 re·

118 1281 190 1351 bene
216 1289 244 1336 et
262 1282 380 1343 honeste
402 1281 529 1341 sivimus.
546 1281 642 1341 'bonos
661 1281 796 1338 debemus
815 1282 920 1339 babere
960 1297 1021 1345 ram
1040 1298 1091 1336 nos
1108 1280 1228 1352 gloriam
1251 1281 1415 1336 cohortatur
1435 1281 1531 1337 dicens
1557 1298 1563 1332 :
1592 1280 1644 1335 lios
1669 1284 1762 1334 autem

54 1397 58 1404 ·
120 1378 151 1431 et
167 1387 279 1437 mores3
304 1371 357 1431 hec
384 1376 426 1424 est
449 1371 524 1432 enim
552 1370 652 1441 spiritu
669 1370 769 1436 rivere,
791 1371 919 1427 incanta·
960 1373 1011 1439 qui
1040 1388 1082 1426 rnc
1111 1373 1281 1439 clarificant,
1313 1371 1472 1438 clarificato
1505 1371 1534 1437 (t
1571 1371 1633 1437 13⁶9·
1658 1367 1699 1430 n).
1729 1398 1762 1410 -

120 1461 256 1526 minatam
271 1458 489 1525 vitamhaberc3
506 1458 588 1517 etsie
611 1458 712 1529 spiritu
732 1458 918 1523 ambulamus,
963 1460 1055 1529 (Aug.)
1082 1459 1144 1512 lton
1170 1461 1337 1526 ostnornnr,
1359 1458 1460 1529 inquit,
1487 1447 1588 1519 'iconis
1602 1460 1699 1525 plorisc
1716 1472 1764 1512 ca·

90 1561 93 1567 ·
120 1549 144 1617 εἰ
163 1549 225 1619 paci
253 1547 437 1609 studeamus;
467 1548 526 1603 hac
546 1547 621 1605 enim
644 1548 721 1618 parit
742 1549 918 1603 chantatem.
958 1549 1029 1617 picti,
1056 1549 1174 1601 trevirens
1200 1549 1362 1614 invidentes,
1385 1552 1410 1600 ct
1430 1548 1549 1600 trtoiccm
1574 1550 1761 1615 prouocantes.

121 1637 217 1705 laenis
236 1643 331 1703 autern
354 1636 446 1705 gloria
468 1643 511 1691 est
533 1637 603 1694 velle
630 1636 749 1700 vincere,
779 1637 828 1708 ubi
852 1655 921 1709 pra·
961 1636 1080 1696 Prorsus
1093 1635 1509 1705 magnificeetomuinodiripo
1525 1634 1634 1700 ordine,
1650 1640 1763 1706 postea·

121 1726 211 1796 mium
225 1741 283 1781 non
301 1730 362 1790 est3
388 1730 421 1781 ut
438 1725 501 1796 quis
523 1725 649 1793 stadium
673 1741 730 1781 non
744 1712 1047 1795 habeatcon-liquam
1068 1741 1116 1779 eos
1137 1724 1270 1778 instruxit
1293 1725 1425 1788 aduersus
1447 1724 1517 1791 illas,
1554 1741 1572 1777 a
1602 1722 1705 1795 quibus
1733 1723 1763 1777 in

121 1813 266 1884 tentionis,
290 1813 381 1876 sciens
406 1813 473 1884 quia
503 1814 562 1869 hac
597 1819 736 1883 generant
768 1814 922 1870 discordias
963 1814 1128 1868 seruitutem
1158 1813 1228 1884 legis
1251 1812 1466 1874 seducebantur,
1494 1813 1547 1866 hoc
1568 1812 1597 1866 in
1617 1812 1658 1866 eis
1673 1816 1761 1876 cavet,

122 1908 152 1959 et
186 1902 249 1959 lites
279 1920 284 1955 ι
319 1901 436 1964 &intrim
472 1907 575 1965 autern,
597 1901 698 1972 iuquit,
726 1904 840 1957 bornuni
867 1920 926 1958 uon
963 1919 999 1956 ne
1018 1901 1211 1965 instructiores
1234 1901 1300 1956 facti
1328 1903 1504 1956 attolentes
1526 1903 1585 1971 jam
1616 1900 1764 1955 calumniis

126 1996 228 2062 oportet
259 1995 369 2059 liticare
391 1992 433 2063 (ll
464 1992 533 2045 Tim.
563 1991 603 2062 n).
632 1992 716 2047 Bona
752 1991 829 2047 enim
860 1992 922 2047 visa
964 1991 1118 2047 carnalium
1132 1986 1313 2062 respondere,
1332 1989 1557 2055 contentionibus
1577 1990 1721 2055 studeant,
1738 1993 1770 2043 et

75 2094 78 2103 ·
123 2079 237 2149 ΐηιεῐεε
250 2078 343 2147 aridos
367 2078 442 2144 facit,
459 2079 579 2150 perdens
594 2096 672 2151 spem
694 2081 862 2151 promissam
876 2098 923 2135 ca·
965 2081 1091 2152 appetitu
1115 2080 1207 2134 inanis
1229 2080 1335 2150 gloria,
1363 2078 1433 2150 legis
1461 2078 1593 2133 oneribus
1621 2095 1678 2133 non
1705 2095 1765 2133 ser·

124 2173 174 2225 sta
198 2167 417 2234 conversationis
440 2187 445 2221 :
473 2167 547 2225 bona
561 2168 636 2225 cuim
655 2176 684 2225 et
697 2176 774 2225 casta
792 2170 850 2224 rita
866 2187 925 2224 mo-
965 2169 1081 2235 rienms,
1097 2169 1176 2223 ranis
1199 2168 1400 2239 cupiditatibus
1423 2168 1555 2225 serviant.
1571 2168 1647 2223 Nihil
1671 2173 1766 2222 antem

124 2257 203 2315 ribus
227 2257 353 2323 crnaude
381 2262 432 2319 est,
455 2262 484 2313 et
503 2256 697 2315 benevolentia
719 2259 922 2329 locupletanda.
966 2258 1006 2312 sic
1024 2257 1126 2329 probat
1147 2257 1303 2329 spiritalem
1321 2257 1422 2323 virum,
1442 2274 1526 2329 quam
1551 2256 1659 2328 peccati
1682 2257 1772 2311 alieni·

124 2346 265 2418 (litorea.)
284 2345 313 2400 Si
331 2345 448 2401 vivimus
475 2346 586 2417 spiritu,
612 2347 723 2417 spiritui
753 2348 926 2418 obtempere-
966 2346 1107 2412 tractatio,
1128 2363 1191 2400 cum
1209 2346 1404 2400 liberationem
1425 2347 1486 2416 eJus
1510 2345 1603 2416 potius
1623 2361 1710 2416 quarn
1727 2345 1769 2399 in-

127 2452 200 2491 mua.
219 2455 232 2486 s
249 2436 368 2491 Utamur
378 2435 429 2492 hoe
443 2435 605 2498 testimonio
616 2436 750 2493 adversus
758 2454 806 2491 eos
817 2435 865 2507 qui
879 2453 932 2491 no-.
968 2435 1158 2499 sultationem,
1176 2434 1324 2505 potiusque
1348 2433 1454 2488 auxilia
1466 2450 1550 2504 quam
1569 2433 1694 2493 convicia
1712 2449 1770 2488 me·

128 2524 192 2589 lunt
206 2523 366 2594 Scripturas
380 2523 545 2594 spiritaliter
558 2524 725 2594 intelligere.
738 2525 806 2588 Quis
823 2531 867 2579 est
880 2509 932 2579 auss
969 2525 1085 2587 ditatur,
1108 2530 1137 2577 et
1154 2528 1292 2594 quantum
1311 2522 1428 2577 facultas
1441 2522 1578 2577 tribuitur
1591 2522 1725 2593 suscipit;
1741 2528 1773 2578 et

128 2618 185 2681 terp
211 2612 259 2681 qui
282 2611 349 2673 vivit
367 2611 477 2683 spiritu,
495 2612 547 2667 nisi
572 2612 751 2669 absconditus
776 2613 860 2669 homo
881 2631 929 2668 no-
969 2613 1032 2668 ideo
1046 2612 1115 2666 dicit
1132 2630 1137 2664 :
1155 2614 1273 2677 Fratres,
1293 2614 1342 2665 etsi
1363 2617 1567 2681 preoccupatus
1586 2613 1678 2679 suant
1690 2611 1771 2665 torno

128 2706 196 2767 star,
218 2699 266 2770 qui
285 2704 314 2752 et
329 2700 409 2770 juxta
428 2717 541 2757 carnem
560 2701 703 2761 interdum
722 2702 794 2758 solet
807 2702 929 2756 vivere?
970 2703 1483 2770 inotiquedelicto,uos,qntspicitoles
1494 2703 1564 2767 estis,
1576 2703 1711 2754 instruite
1722 2701 1772 2753 bu·

129 2788 185 2853 Sed
202 2803 266 2845 cum
285 2787 385 2857 spiritu
404 2787 512 2853 vixerit,
531 2789 632 2859 spiritu
652 2789 778 2846 ambulat
794 2808 800 2843 ε
816 2807 880 2853 cum
899 2790 928 2845 in
966 2791 1772 2860 jusrttodtinspiritatenitotts,consideronstcipsum,rtect

128 2894 213 2945 earne
231 2876 353 2943 noluerit
368 2876 521 2943 anibulnre,
542 2877 636 2935 viteus
656 2884 786 2935 madeus
807 2884 858 2933 est.
878 2879 929 2935 Vir
970 2877 1775 2947 teteriteris:alteralterius-oneroportato.Nihilenimad

129 2966 268 3038 periectas
282 2966 312 3023 in
327 2965 447 3031 Christe,
470 2983 581 3037 semper
605 2967 673 3021 visit
687 2967 716 3023 iu
730 2969 831 3040 spiritu
847 2987 852 3021 :
869 2969 928 3040 spi·
969 2967 1191 3023 misericordiam
1201 2966 1471 3038 sicinclinatquem
1481 2967 1586 3039 proprii
1596 2967 1771 3038 periculico·

129 3055 197 3123 ritui
213 3054 317 3122 obedit,
334 3071 479 3126 nunquam
494 3054 561 3113 vivit
575 3055 713 3111 iuicarne.
743 3058 857 3123 Contra,
880 3033 1068 3129 qungitmio
1086 3075 1091 3110 :
1112 3056 1152 3111 ita
1175 3074 1223 3110 eos
1246 3073 1297 3110 noc
1321 3056 1418 3111 deesse
1439 3056 1527 3110 voluit
1539 3057 1659 3119 saeuum
1675 3072 1779 3110 corre-

129 3161 160 3214 se
174 3149 265 3211 tottam
287 3144 363 3210 carui
380 3144 498 3207 dederit,
529 3149 559 3199 et
581 3145 757 3215 passionibus
774 3147 926 3218 deputarit,
970 3147 1068 3217 ptioni,
1090 3163 1141 3200 nec
1164 3145 1277 3199 studere
1300 3145 1457 3199 certamini.
1482 3146 1563 3211 Multi
1587 3145 1663 3199 enim
1682 3145 1773 3199 homi·

130 3250 276 3304 nunquam
292 3232 359 3291 visit
379 3233 408 3286 in
427 3233 538 3303 spiritu.
564 3234 642 3299 luter
665 3234 717 3289 lios
737 3235 823 3290 medii
851 3239 926 3297 sunt,
970 3252 1020 3290 nes
1035 3252 1098 3291 cum
1117 3251 1135 3287 a
1156 3251 1255 3295 somno
1274 3234 1440 3299 excitantur,
1457 3234 1571 3305 litigare
1587 3234 1704 3299 t·olunt;
1722 3238 1777 3288 aut

131 3339 201 3394 qnos
226 3339 276 3376 nec
295 3321 435 3392 spiritales
454 3339 603 3393 ροεειιιῐιυε
620 3323 771 3394 appellare,
792 3341 842 3378 nec
865 3341 928 3378 car·
970 3341 1069 3379 rursus
1081 3323 1213 3389 dormire,
1225 3340 1289 3378 cum
1304 3323 1415 3394 litigare
1428 3323 1621 3394 prohibentur.
1637 3324 1696 3377 Pax
1718 3322 1774 3393 igi-

131 3411 228 3478 nales3
245 3408 294 3465 sed
308 3410 367 3487 qui,
388 3410 462 3465 inter
480 3410 597 3469 virtutes
616 3416 646 3467 et
669 3411 735 3468 titia
749 3412 927 3479 fluctuantes,
970 3419 1018 3467 tur
1045 3418 1074 3466 et
1096 3412 1208 3467 dilectio
1229 3417 1258 3465 et
1280 3413 1437 3467 communis
1458 3413 1575 3483 periculi
1593 3411 1727 3483 cegitatio
1743 3410 1774 3465 in

68 3563 76 3575 ⁴
130 3499 255 3557 ennead
269 3499 386 3557 meliora
396 3500 580 3560 retrahuntur
594 3500 839 3572 etspiritussunt,
855 3518 931 3555 nune
972 3502 1054 3556 corde
1069 3500 1776 3567 reservetur.Modusautemsermonis,sireacrius

132 3589 223 3645 carnis
237 3587 584 3659 lubricosupplantantur,
602 3594 630 3645 et
643 3596 793 3645 carosunt.
806 3591 932 3658 itonam-
972 3591 1029 3645 sine
1045 3589 1176 3644 blandius
1194 3589 1362 3661 proferetur,
1393 3590 1465 3645 sicut
1489 3591 1566 3644 salus
1588 3591 1659 3661 ejus,
1688 3605 1774 3660 quem

132 3682 244 3735 clariter·
259 3680 462 3745 teracissimis
486 3679 590 3746 cupidi,
610 3680 726 3732 inuicem
744 3685 930 3748 prouocantes,
972 3679 1098 3750 corrigis,
1121 3679 1232 3733 ridetur
1252 3680 1396 3751 postulare
1419 3679 1608 3735 moderandus
1631 3683 1683 3733 est.
1703 3680 1776 3733 Nam

133 3768 426 3831 inuicemincidcntes.
440 3766 533 3825 Unum
547 3765 662 3824 verbnm
675 3767 751 3837 apud
764 3768 875 3824 Graecos
890 3792 932 3828 ss·
974 3777 1003 3825 et
1023 3769 1079 3823 alio
1103 3769 1162 3825 loco
1186 3768 1258 3822 dicit
1279 3770 1320 3836 (lt
1346 3771 1414 3823 Tim.
1442 3770 1472 3836 n)
1496 3788 1504 3822 .·
1534 3768 1652 3832 Seruum
1681 3771 1778 3822 autem

132 3856 243 3932 νόδοξοι,
261 3856 348 3919 trium
362 3855 511 3913 verborum
525 3855 644 3912 circuitu
659 3856 775 3912 Latinus
795 3857 933 3928 interpres
974 3860 1079 3916 Olun'stt
1090 3861 1266 3926 titipororton.
1275 3862 1385 3926 oportet,
1398 3859 1448 3911 sod.
1460 3860 1555 3911 mitem
1566 3858 1776 3921 esscodomnes,

134 3945 277 4016 expressit.
300 3945 425 4008 Quantas
452 3950 547 4004 sutem
575 3944 677 4001 habeat
699 3945 876 4013 definitiones
905 3952 934 4000 et
974 3949 1127 4009 docibilem,
1144 3948 1304 4014 potientem.
1325 3946 1362 3999 Et
1380 3961 1416 3998 ne
1437 3945 1584 4017 quisquam
1600 3961 1678 3999 exeo
1697 3948 1779 4016 putet

133 4032 335 4102 siginificentias
357 4032 456 4102 gloria,
477 4038 507 4087 et
526 4033 756 4104 pbilosophorum
774 4034 934 4089 innumera·
974 4034 1139 4099 cessandum
1154 4034 1206 4088 sibi
1221 4051 1281 4088 esse
1297 4051 1315 4087 a
1328 4033 1504 4104 correptione
1525 4033 1630 4097 erraris
1648 4033 1776 4098 alterius,

135 4122 205 4183 biles
227 4120 301 4187 libri,
327 4126 356 4175 et
377 4121 520 4175 Ciceronis
551 4122 607 4179 cluo
640 4123 791 4187 volumina,
814 4141 875 4193 qua
898 4123 934 4193 de
974 4123 1041 4178 inde
1060 4123 1241 4194 adjungitur:
1259 4126 1295 4178 Iu
1309 4125 1440 4185 modestia
1451 4126 1648 4191 corripientem
1666 4125 1778 4176 dicate

134 4209 225 4280 gloria
253 4209 373 4280 scripsit,
398 4207 502 4267 indicio
535 4214 610 4265 suist.
645 4210 750 4265 Verum
778 4227 838 4274 nos,
868 4210 934 4282 quia
974 4215 1127 4273 santientes.
1145 4212 1290 4276 Quomodo
1304 4210 1333 4265 in
1349 4210 1513 4266 modestia?
1525 4211 1671 4276 Quomodo
1686 4211 1777 4266 cord·

136 4296 351 4355 nonverbcrum
365 4296 558 4368 etymologiae,
578 4298 627 4355 sed
649 4298 799 4370 Scriptura
820 4317 933 4367 sensnm
976 4301 1120 4373 piantem?
1144 4300 1199 4355 nisi
1217 4317 1281 4354 rum
1297 4300 1442 4356 lenitatem
1467 4301 1550 4365 corde
1573 4300 1730 4365 retinemus
1748 4305 1777 4355 et

136 4389 273 4451 disserere
295 4403 439 4453 conamur,
459 4386 499 4440 ita
525 4386 599 4443 ltune
611 4386 703 4447 locum
723 4404 788 4445 cum
810 4389 1099 4462 superio-Deliquium
1114 4389 1317 4453 medicamenti
1329 4389 1511 4453 acrimoniam
1525 4388 1609 4443 verbo
1623 4390 1777 4460 correptio-

137 4479 214 4537 ribus
229 4476 420 4549 copulabimus
437 4494 442 4528 :
460 4475 488 4534 si
503 4474 743 4546 spiritualemne,
763 4477 874 4549 spiritui
888 4477 935 4532 ob·
976 4480 1019 4535 nis
1029 4479 1213 4550 aspergimus.
1231 4479 1289 4534 Nec
1304 4480 1387 4533 aliter
1397 4477 1590 4550 accipiendum
1599 4479 1690 4544 video,
1701 4478 1780 4549 quod

137 4574 336 4639 temperemus,
352 4582 530 4638 nequaquam
545 4581 596 4636 per
612 4566 713 4635 legem,
734 4566 783 4621 sed
799 4584 850 4638 per
868 4568 935 4621 cha·
976 4569 1005 4623 in
1030 4569 1153 4640 Epistola
1175 4568 1298 4638 positum
1319 4574 1366 4622 est·
1387 4570 1532 4623 :Pradieo
1559 4569 1682 4627 cerbero,
1701 4570 1778 4621 insto

139 4657 251 4711 ritatem
261 4656 339 4710 nobis
353 4656 472 4713 invicem
486 4655 638 4712 servientes
654 4673 660 4708 :
677 4672 735 4712 ncu
750 4655 884 4711 dehemus
901 4657 936 4711 de
977 4661 1136 4727 opportune,
1158 4659 1325 4726 irrtportunc,
1341 4673 1437 4724 orpus,
1463 4657 1584 4721 tortore,
1602 4658 1720 4725 increpo.
1745 4658 1779 4709 in

140 4745 349 4815 Scripturarum
376 4744 607 4815 interpretatione
634 4745 812 4813 contendere,
837 4752 865 4800 et
892 4745 936 4799 di·
977 4749 1055 4801 conrii
1072 4748 1284 4814 inoportunitate
1298 4745 1654 4817 decemper-imme).
1672 4745 1780 4815 luipot»

140 4849 203 4888 cere
218 4850 223 4884 :
241 4831 419 4887 circumcisio
430 4834 529 4889 nielier
545 4840 595 4889 est.
608 4835 681 4900 Non,
693 4835 743 4889 sed
757 4835 935 4906 praeputium.
977 4835 1084 4893 tenitas
1094 4835 1168 4889 enim
1176 4834 1380 4906 opportunitati
1389 4833 1488 4906 utique
1506 4833 1649 4897 contraria
1662 4838 1714 4899 est,
1733 4850 1782 4899 ne·

141 4920 353 4983 eorumnends
379 4920 504 4987 historia,
539 4923 673 4994 allegoria
704 4924 855 4994 sequenda,
881 4924 937 4979 imo
980 4942 1034 4996 que
1049 4924 1263 4979 omninoullnm
1278 4923 1513 4988 medicamentum
1531 4925 1623 4987 sanat,
1639 4921 1694 4976 nisi
1705 4923 1782 4992 quod

142 5011 277 5081 alimonis
299 5026 370 5065 vana
391 5015 443 5072 est,
465 5015 494 5063 et
518 5011 682 5079 umbratica,
713 5017 741 5067 et
759 5013 844 5068 nullis
866 5013 939 5068 reri·
980 5019 1137 5086 opportune
1150 5012 1321 5076 adhibueris.
1338 5013 1505 5083 Quanquam
1521 5018 1550 5065 et
1573 5011 1613 5078 sic
1633 5010 1722 5082 possit
1741 5011 1784 5076 di·

143 5101 210 5159 atis
227 5100 298 5155 fulta
315 5096 560 5157 sedicioneesse
580 5101 672 5157 evenit
690 5108 721 5156 ut
744 5100 862 5157 invicem
886 5119 938 5158 na·
980 5103 1094 5173 stingui,
1111 5106 1186 5157 insta
1202 5107 1361 5171 opirortane,
1378 5106 1411 5155 ut
1430 5101 1503 5155 alius
1525 5117 1625 5155 sensus
1640 5100 1678 5154 sit
1704 5118 1710 5152 :
1731 5103 1785 5155 bu·

143 5196 257 5245 scantur
271 5187 388 5248 invidia.
407 5205 419 5237 n
432 5186 584 5244 Exclndere
599 5189 683 5257 enim,
700 5189 749 5257 ait,
765 5207 814 5245 ros
830 5192 937 5260 volunt,
978 5198 1097 5262 portuno
1110 5207 1212 5258 orpes„
1223 5189 1626 5244 deindaeateracontexantur
1637 5208 1643 5242 ε
1655 5190 1782 5256 tortere,

144 5288 176 5341 ut
198 5280 260 5337 illus
282 5276 460 5342 emulamini,
475 5296 487 5329 s
507 5291 562 5330 nen
577 5278 796 5335 tenuissimae
814 5281 884 5349 legis
895 5298 940 5335 vo·
981 5283 1093 5349 increpo
1106 5296 1169 5334 cern
1185 5282 1263 5333 ontrn'
1274 5280 1664 5345 turtponnnitotcrtdoctrino,
1674 5282 1783 5332 uttune

143 5371 234 5427 lentes
252 5367 362 5432 docere,
387 5381 472 5436 quarn
499 5363 619 5417 rinc-ere.
643 5366 684 5421 Ne
711 5374 808 5439 autern
828 5370 939 5440 penitus
981 5376 1156 5441 opportunus
1167 5367 1307 5429 sentiaris,
1329 5383 1393 5421 cum
1413 5367 1501 5429 instas
1523 5367 1696 5432 edificando,
1713 5382 1780 5422 cum

144 5456 260 5533 verbpm
290 5453 386 5525 gloria
416 5450 665 5528 pretermittentes
697 5455 843 5523 intactum,
874 5475 940 5526 suas
980 5465 1075 5513 autern
1088 5455 1219 5521 destruis,
1236 5456 1388 5524 arguendo,
1414 5472 1470 5510 non
1490 5472 1573 5510 cures
1592 5455 1702 5510 winsi
1728 5455 1783 5522 im·

143 5543 320 5624 philetupbie.
338 5543 463 5614 ineptias*
495 5540 693 5610 relinquentes.
721 5544 756 5600 de
787 5546 939 5616 scripturis
981 5553 1117 5618 portunus
1125 5543 1254 5603 videaris
1269 5543 1422 5611 si-bocest
1434 5545 1542 5600 talibus
1558 5545 1783 5618 importunum:
