3772 6120
122 272 173 342 tat
413 285 445 339 e.
465 284 602 341 ansam
624 270 742 340 unum
759 268 929 341 necuim.
949 268 1113 341 meuur.
1134 264 1285 340 oeuatm
1301 284 1395 343 enas
1412 286 1464 343 m.

122 408 282 467 nistrumiu
292 409 396 481 azymis
407 408 555 480 panibusl,
573 429 587 462 a
603 410 697 477 idest,
714 428 824 466 sacram
843 411 918 466 Scri·
926 414 974 472 Αι
990 411 1081 466 Omne
1094 416 1178 480 caput
1192 402 1355 479 languidum
1365 402 1398 475 44,
1418 406 1518 480 'equod
1528 404 1638 462 aniceti

122 506 234 573 pturam
249 516 312 554 cum
327 499 405 570 puris
419 499 560 570 operibus.
962 499 1070 571 cipmtus
1085 501 1239 570 synagoga·
1267 498 1452 569 spiritualiter
1478 494 1634 567 agrotavit.

158 588 273 646 Duuclcs
281 593 347 642 sunt
356 603 441 641 sacrae
452 586 612 659 Scripturae,
624 590 656 642 ut
666 586 803 642 inGenesl
819 607 825 641 :
842 610 853 637 ι
870 584 921 642 Ρο-
962 589 1139 660 principium,
1157 593 1188 641 ut
1200 588 1230 641 in
1245 586 1372 658 psalmo:
1391 605 1404 641 c
1420 584 1452 642 In
1478 587 1571 658 capite
1596 578 1638 641 uu

121 676 180 733 suit
187 678 279 749 virgas
288 678 316 730 in
326 674 496 741 canalibus¹,
511 694 524 729 u
541 674 920 748 quodexemplasanctorum
961 674 1080 748 pennu,
1092 696 1103 727 ι
1116 677 1142 730 id
1156 684 1207 742 est,
1220 676 1248 730 in
1257 674 1529 748 principioPsaltedl
1548 664 1638 747 setlpt

24 818 27 823 .
121 766 226 822 suutlu
243 764 403 838 Scripturis.
415 767 538 831 Canales,
555 766 664 821 mentes
675 768 828 837 justorum,
843 771 875 821 ut
891 767 920 820 in
961 768 996 821 de
1012 778 1067 821 me.
1080 780 1092 817 t
1106 766 1202 834 Copori,
1213 764 1330 837 quilibet
1338 766 1424 835 huJus
1434 756 1638 836 seculisupeth

122 852 236 911 Cantlco
253 875 259 909 ε
279 874 290 907 ι
309 856 438 928 Purpura
452 854 528 925 regis
539 857 638 928 juncta
647 852 817 920 canalibus³,
828 850 919 926 »quod
961 854 1012 910 lob
1029 874 1034 908 :
1054 866 1065 906 t·
1082 853 1139 908 Aut
1151 855 1332 925 gurgustium
1346 854 1465 926 piscium
1480 848 1638 925 implebier

124 946 218 1016 passio
234 937 338 1001 Christi
352 946 490 1017 impresse
504 944 717 1000 cstsanctorum
732 945 882 1000 mentibus.
961 940 1058 1010 ῖίιιε44,
1081 940 1183 1015 »quod
1208 939 1283 997 Deus
1307 958 1358 1014 per
1371 940 1569 1014 pmdicstores
1587 942 1638 997 tho

156 1034 238 1089 Canis
258 1042 301 1088 est
322 1040 452 1105 peccator
465 1034 624 1106 impudens,
642 1040 674 1089 ut
698 1034 726 1089 in
752 1032 896 1088 Pambotis
911 1053 916 1087 :
961 1030 1095 1104 superbos
1110 1030 1144 1086 ad
1155 1048 1184 1086 se
1193 1032 1290 1085 trahit.
1303 1036 1399 1101 Caput,
1414 1031 1526 1086 initium
1538 1025 1638 1087 tentati

123 1142 134 1174 ι
156 1122 241 1178 Curris
254 1137 383 1177 reversus
396 1122 432 1177 ad
447 1124 584 1178 vomitum
597 1138 680 1178 suum
691 1122 712 1187 ⁴,
728 1143 739 1174 ι
752 1120 841 1190 idest,
858 1139 920 1194 pec·
961 1123 989 1176 in
1002 1123 1016 1176 J
1019 1118 1053 1176 ob
1067 1141 1072 1174 :
1092 1145 1101 1171 ι
1121 1124 1212 1191 Caput
1227 1118 1419 1192 aspidissuget
1427 1118 1460 1187 ’4,
1472 1116 1569 1191 »quod
1577 1119 1638 1193 iniq

117 1210 195 1266 cator
214 1210 363 1283 impudens
383 1209 458 1266 redit
481 1212 516 1266 ad
537 1216 683 1283 peecatum
710 1226 803 1266 suum.
823 1212 916 1279 tants,
960 1208 1638 1265 libetstatiminitiumtentationisconsentieudor

120 1302 259 1372 penitens
274 1300 402 1372 quilibet,
419 1307 452 1356 ut
471 1300 500 1355 tn
517 1298 682 1356 Ecclesiaste
704 1321 709 1354 :
728 1318 741 1351 c
758 1300 858 1355 Melius
877 1304 920 1355 est
961 1300 1058 1369 t'oput,
1076 1297 1249 1359 excellentia,
1268 1306 1298 1352 ut
1312 1298 1341 1353 ln
1355 1298 1437 1370 lege:
1458 1314 1470 1350 ῖ
1487 1292 1605 1354 Adrena
1618 1312 1638 1353 θ

119 1390 196 1445 canis
210 1390 288 1445 virus
301 1388 382 1445 leone
397 1396 508 1445 mortuo
523 1386 545 1457 4,
564 1412 575 1442 n
597 1389 670 1461 quod
692 1384 792 1445 melior
815 1390 866 1453 θεῖ,
883 1390 918 1444 (ῖθ
959 1384 1075 1460 putu.»
1088 1389 1179 1449 idest,
1196 1388 1306 1442 alienus
1319 1394 1348 1441 te
1368 1384 1493 1442 excellet.
1509 1380 1638 1458 caputet

119 1478 241 1550 peccatis
254 1479 400 1534 humiliter
410 1478 555 1545 conllterts,
574 1495 660 1551 quam
679 1476 714 1534 de
739 1478 847 1534 meritis
869 1492 917 1533 su·
960 1478 991 1532 ut
1005 1477 1035 1531 in
1045 1476 1153 1549 psalmo
1170 1496 1175 1529 :
1194 1493 1208 1530 o
1225 1476 1316 1548 Caput
1330 1477 1464 1531 circuitus
1478 1492 1578 1531 eorum
1598 1472 1634 1544 ’4,

119 1567 204 1640 perbe
214 1575 396 1641 presumens.
409 1570 501 1631 Canis,
517 1562 634 1639 quilibet
647 1568 786 1632 intirmus,
803 1575 835 1623 ut
845 1568 918 1622 inti·
959 1564 1095 1625 diabolus,
1113 1564 1161 1637 qui
1175 1573 1261 1637 caput
1276 1570 1318 1620 θεῖ
1332 1566 1505 1637 iniquorum,
1520 1574 1638 1638 nunqua

119 1652 340 1728 broltepmm1c
358 1658 490 1729 Nunquld
506 1657 583 1712 canis
598 1673 671 1722 sum,
688 1657 762 1729 quod
786 1658 817 1711 tu
842 1656 918 1711 venis
959 1654 1072 1710 incedit.
1088 1656 1184 1723 t‘oput,
1203 1654 1401 1721 Antichristus,
1417 1660 1449 1709 ut
1464 1655 1492 1708 in
1506 1654 1638 1710 Abacuc:

119 1762 183 1801 eum
197 1744 297 1801 baculo
308 1746 343 1801 ad
359 1764 403 1801 me
413 1745 464 1800 ps,
480 1745 509 1800 id
520 1751 571 1811 θεῖ,
584 1747 709 1818 nunquid
724 1764 775 1817 pro
790 1752 848 1800 tam
878 1735 951 1800 in-B
961 1744 1070 1798 cessisti
1086 1750 1170 1815 caput
1182 1744 1216 1797 de
1230 1744 1314 1797 domo
1329 1744 1408 1815 impii
1428 1742 1462 1807 ’4,
1479 1762 1492 1796 ι
1509 1744 1538 1798 id
1553 1748 1608 1811 est,
1623 1760 1638 1799 ε

119 1836 201 1889 lirmo
215 1846 259 1889 me
273 1834 368 1902 babes,
381 1841 482 1890 uttam
491 1834 571 1890 facile
582 1852 662 1907 posse
677 1850 723 1889 me
737 1852 871 1907 supemre
890 1838 918 1889 te
959 1832 1174 1894 Ant-ichristum,
1191 1832 1237 1903 qui
1252 1838 1295 1886 θεῖ
1304 1832 1441 1887 habitatio
1456 1828 1570 1887 diaboli.
1583 1830 1638 1903 Cap

119 1922 235 1979 credas?
248 1924 340 1991 Carris,
359 1925 477 1995 quilibet
491 1924 650 1989 vilissimus,
672 1924 747 1977 utin
771 1922 842 1978 libro
862 1925 917 1978 tte-
959 1921 1131 1994 cupiscentia
1146 1922 1244 1985 hostis,
1261 1927 1294 1976 ut
1308 1923 1336 1975 in
1359 1923 1461 1976 Genesi
1477 1940 1482 1974 :
1500 1924 1511 1945 ⁶
1528 1938 1541 1972 ι
1558 1922 1638 1993 Ipsae

118 2026 185 2084 gum
203 2030 209 2066 :
228 2030 240 2064 r
258 2013 347 2078 Quem
363 2012 550 2084 persequeris
567 2028 615 2067 rex
629 2010 842 2083 lsraellquem,
863 2010 917 2067 nisi
958 2018 1042 2083 caput
1054 2017 1134 2066 tuum
1153 2009 1186 2075 ’4,
1203 2030 1215 2063 n
1232 2012 1259 2065 id
1288 2018 1339 2077 θεῖ,
1364 2010 1453 2069 Maria
1473 2012 1552 2082 virgo
1584 2020 1637 2066 con

118 2119 216 2157 canem
232 2100 414 2157 mortuumll
426 2100 475 2157 nid
490 2107 541 2168 θεῖ,
559 2118 604 2156 me
619 2098 794 2167 vilissimum,
808 2100 919 2172 quince
959 2101 1213 2172 concupiscentiam
1228 2105 1317 2155 tuam.
1335 2101 1421 2169 Caput
1438 2108 1482 2154 est
1496 2108 1587 2167 mens,
1604 2106 1637 2155 ut

119 2190 210 2246 virere
217 2191 320 2263 dignus
330 2202 402 2245 sum.
414 2191 566 2257 Percotes,
575 2183 703 2262 apostoli,
712 2192 743 2244 ut
749 2190 777 2244 in
787 2190 895 2261 psalmo
910 2209 915 2244 :
958 2189 1027 2244 tice:
1040 2190 1241 2261 uuaputtuum
1250 2190 1434 2244 utCarmelus
1443 2186 1478 2255 ¹⁸,
1491 2204 1504 2242 a
1516 2189 1544 2244 id
1560 2194 1638 2255 estu

121 2268 257 2351 «Lingua
270 2292 372 2335 canum
388 2285 503 2335 tuorum
513 2274 534 2346 4,
551 2296 564 2332 n
582 2278 656 2352 quod
670 2276 829 2351 pradicatio
853 2294 919 2350 apo·
959 2279 1156 2350 cogitationem
1172 2279 1256 2333 habet
1268 2279 1423 2351 spiritualis
1433 2277 1638 2333 circumcisioni

118 2368 255 2423 stolorum
269 2368 363 2424 infusa
377 2374 420 2423 θεῖ
432 2367 573 2439 gentibus.
590 2369 644 2422 Per
657 2380 745 2433 canes,
762 2374 870 2438 gentes,
888 2372 919 2421 ut
961 2370 1113 2433 Carmelio,
1129 2366 1248 2422 scientia
1263 2366 1483 2422 circumcisionis
1494 2367 1638 2439 interpret

119 2458 148 2512 in
164 2459 331 2528 Evangelio:
352 2477 364 2509 θ
378 2459 440 2512 Νοη
453 2461 497 2512 θεῖ
507 2457 611 2512 bonum
623 2468 734 2512 sumere
743 2454 919 2528 panemlllio
958 2460 1018 2526 put,
1035 2455 1164 2521 intentio,
1181 2462 1212 2511 ut
1224 2456 1395 2511 interemit:
1409 2454 1512 2511 «Facti
1524 2452 1638 2512 sunthet

120 2550 183 2600 rum
192 2551 221 2600 et
230 2546 343 2601 mittere
350 2544 495 2613 canibus0,
509 2564 520 2597 ε
532 2546 560 2600 id
576 2553 628 2611 est,
644 2542 799 2600 doctrinam
809 2551 920 2616 aposto
960 2547 989 2600 in
1000 2542 1130 2617 nepueu,
1144 2568 1155 2596 ι
1170 2546 1196 2599 id
1207 2550 1257 2607 est,
1277 2545 1382 2598 inimici
1395 2545 1437 2599 tui
1452 2542 1638 2616 praei'alentu

121 2632 280 2689 ll'camdare
289 2632 429 2705 gentibus.
439 2636 493 2690 Per
507 2646 596 2701 rodes,
605 2632 743 2701 ludaei,ut
753 2633 781 2689 in
792 2634 916 2707 psalmo:
960 2634 1126 2689 intentione.
1145 2636 1198 2689 Per
1213 2636 1293 2703 copul
1307 2635 1443 2689 elationes
1463 2632 1638 2706 superboruu

123 2742 136 2773 c
152 2722 405 2778 Circumdederunt
418 2740 463 2778 me
476 2722 623 2791 eanes⁴⁰,·
642 2716 668 2779 tl
688 2730 740 2790 θεῖ,
756 2723 920 2778 invaserunt
960 2722 1067 2794 psalmo
1084 2743 1089 2776 :
1107 2740 1120 2778 c
1138 2720 1342 2794 Conquassabit
1356 2724 1448 2794 capita
1462 2722 1490 2776 in
1506 2728 1585 2777 terra
1592 2718 1638 2790 ⁸⁰‚:

120 2802 275 2869 meludaei.
291 2813 345 2867 Per
360 2824 448 2879 canet,
465 2812 691 2885 reprehensores,
706 2813 778 2868 utin
795 2814 917 2884 Evange-
958 2813 1085 2867 destruet
1096 2812 1124 2867 in
1139 2812 1261 2867 Ecclesia
1275 2810 1413 2866 elationes
1433 2798 1630 2883 pessimorum:

121 2900 159 2955 lio
175 2908 182 2957 t
201 2918 214 2952 a
231 2890 323 2956 Nolite
336 2901 448 2956 mittere
463 2907 590 2959 sanctum
606 2902 722 2958 canibus
741 2894 773 2968 ’4,
792 2925 805 2952 n
821 2902 849 2956 id
864 2906 916 2969 θεῖ,
956 2904 1017 2971 pilu
1031 2900 1275 2963 ritiacriminalis,
1291 2901 1366 2955 utin
1381 2898 1549 2972 Apocalypsi
1570 2918 1577 2953 ι
1596 2912 1610 2953 t
1630 2900 1638 2955 l

121 2996 207 3044 sacrae
222 2989 373 3061 Scriptura
385 2990 551 3063 mysterium
567 2989 684 3063 illisqui
700 2990 920 3046 mordaciterre·
960 2992 1043 3044 draco
1058 2991 1150 3061 capita
1164 2995 1271 3062 septem
1280 2990 1313 3055 ’4,
1333 2991 1422 3060 nquia
1432 2988 1638 3062 diabolusseplt

122 3069 308 3150 prehendunt.
326 3080 381 3134 Per
399 3096 487 3145 cortes,
504 3077 685 3146 detractores,
706 3084 739 3135 ut
761 3079 789 3134 ln
810 3070 897 3134 Paulo
912 3056 1029 3136 :Caua
1039 3078 1107 3134 vitia
1122 3079 1257 3150 suggerit.

123 3185 136 3220 c
153 3168 253 3224 Videte
268 3168 407 3225 canes¹²n
424 3173 434 3193 ·
450 3187 485 3224 ne
500 3169 648 3225 intuemini
661 3168 843 3224 detractores.
868 3168 922 3223 Per
997 3170 1120 3238 lupulus
1134 3168 1176 3222 est
1188 3166 1328 3222 subtilitas
1341 3167 1554 3238 cogitationum,
1566 3164 1638 3240 utlti]

123 3244 791 3330 cantatoquacltattservientes,uttnnpocalypsi
801 3278 830 3313 :a
843 3258 921 3313 Foris
964 3278 976 3311 ε
992 3255 1132 3312 llerticem
1147 3256 1239 3329 capilli
1254 3256 1510 3329 perambulantium
1521 3256 1561 3328 [in
1577 3254 1638 3312 de'lh

122 3350 215 3413 cauea
231 3336 298 3402 ibris
308 3342 469 3415 malellcl¹⁸,
486 3348 585 3420 equod
601 3346 649 3419 qul
664 3348 693 3401 in
704 3342 922 3419 erimiu'eloqud·
962 3345 1159 3419 conhinget⁸¹,
1175 3367 1184 3398 ι
1199 3344 1288 3407 idest,
1302 3354 1421 3400 dcumen
1440 3343 1605 3402 subtilitatis
1620 3342 1638 3401 b

123 3426 215 3490 citatis
230 3438 259 3490 et
272 3426 352 3492 malac
372 3424 491 3492 actionis
508 3440 696 3509 perseverant,
720 3454 738 3493 a
757 3446 844 3509 regno
870 3429 921 3492 Dei
963 3444 1027 3492 rutn
1041 3437 1177 3491 destruet.
1204 3436 1337 3504 Capillus,
1354 3434 1422 3489 ordo
1437 3435 1638 3506 predicatorem

123 3523 318 3580 excluduntur.
335 3527 389 3581 Per
410 3542 498 3593 eones,
518 3522 715 3598 predicatores
737 3520 814 3589 bodl,
838 3532 871 3580 ut
892 3524 921 3581 in
962 3524 1077 3581 Daniele
1097 3525 1121 3559 ³³
1142 3522 1253 3579 Abacuc
1267 3523 1367 3596 capillo
1383 3522 1417 3578 de
1431 3524 1529 3579 ludaee
1543 3523 1573 3579 iu
1592 3512 1638 3580 Del

122 3602 271 3684 Evangelio
288 3616 418 3669 :erues
427 3604 572 3686 lingebant
585 3618 680 3670 ulcera
690 3606 824 3679 Lazariu,
833 3613 920 3687 quod
960 3619 1134 3669 transvectus
1145 3630 1206 3667 esse
1221 3613 1394 3685 perhibetur;
1419 3626 1469 3684 per
1483 3613 1604 3679 Abacuc,
1619 3626 1638 3685 q

124 3702 212 3757 sancti
236 3700 433 3775 predicatores
459 3702 598 3759 sanabant
611 3710 725 3775 peccata
741 3702 855 3776 gentilis
874 3722 921 3775 po
961 3704 1077 3772 plectens
1088 3703 1147 3756 stre
1165 3703 1284 3756 luctator
1298 3706 1511 3773 interpretatur,
1527 3702 1638 3774 Dedere]

124 3790 192 3863 puli.
209 3791 263 3846 Per
277 3808 356 3847 eones
370 3792 566 3864 predicatores
582 3794 657 3863 mali,
674 3793 707 3848 ut
720 3792 748 3847 ln
764 3792 919 3865 propheta:
963 3797 1022 3847 ster
1035 3792 1212 3863 exprimitur,
1228 3791 1274 3863 qut
1290 3792 1321 3845 ut
1333 3804 1398 3845 suos
1412 3791 1462 3846 sibi
1479 3792 1638 3862 amplectere

127 3900 138 3929 ι
155 3876 246 3935 Canes
260 3883 340 3947 muti,
358 3894 414 3936 non
424 3874 549 3937 valentes
563 3884 667 3937 latrare
681 3875 714 3948 44,
731 3896 743 3933 l
765 3878 840 3955 quod
855 3880 922 3937 mail
964 3886 1062 3935 contra
1073 3878 1216 3935 diabolum
1230 3880 1294 3934 iniit
1310 3899 1315 3933 :
1335 3898 1348 3932 c
1363 3880 1431 3934 Erat
1442 3888 1538 3934 autem
1546 3880 1638 3935 Abaett

125 3968 321 4040 predicatores
336 3970 403 4023 sitia
417 3971 557 4042 corripere
572 3972 681 4026 nolunt.
964 3971 1029 4025 dam
1040 3969 1073 4032 ³⁴,
1092 3988 1104 4022 a
1122 3974 1150 4024 et
1163 3968 1291 4024 Christus
1304 3969 1491 4040 spiritualiter
1502 3970 1536 4023 ad
1547 3969 1638 4025 ludeo

160 4056 248 4126 Caput
262 4061 305 4110 est
320 4056 424 4112 Christi
439 4059 581 4126 divinitas,
594 4067 626 4112 ut
640 4060 669 4113 in
684 4058 799 4115 Cantico
817 4080 822 4113 :
838 4083 849 4112 ι
869 4062 922 4115 Ca·
964 4066 1015 4113 θεῖ.
1035 4078 1045 4109 c
1067 4059 1117 4114 lile
1132 4056 1309 4129 pulmentum
1324 4063 1445 4125 coxerat,
1465 4079 1476 4110 n
1494 4052 1568 4129 quod
1590 4058 1638 4113 Chi

125 4148 176 4216 put
190 4144 251 4215 elus
261 4154 361 4200 aurum
371 4147 509 4218 optimum
520 4148 551 4213 44,
564 4148 659 4219 »quod
672 4148 702 4202 in
713 4148 816 4203 Christi
825 4150 923 4204 divini·
964 4164 1039 4219 aqua
1048 4148 1193 4218 saptentiae
1204 4148 1310 4219 Spiritu
1321 4152 1418 4201 sancto
1426 4156 1594 4218 cooperante
1603 4146 1638 4203 cll

125 4236 183 4288 tate
198 4222 291 4304 thigor
312 4226 539 4306 incomparabilis
562 4237 613 4290 est.
642 4237 737 4305 Caput,
762 4236 924 4293 humanitas
964 4237 1138 4308 praeparavit.
1158 4256 1168 4287 n
1187 4235 1236 4291 ille
1249 4245 1336 4308 panes
1350 4236 1379 4289 tn
1395 4236 1501 4289 alveolo
1515 4236 1638 4291 lntrlven

125 4320 239 4389 Christi,
255 4322 289 4378 ul
297 4322 326 4378 ln
337 4325 444 4395 psalmo
457 4343 463 4377 ε
475 4318 633 4380 «Excitavit
644 4330 729 4397 ceput
738 4332 831 4381 meum
839 4338 924 4399 super
966 4326 1093 4381 Christus
1107 4326 1241 4397 apostolis
1256 4325 1334 4396 quasi
1349 4325 1487 4379 Dominici
1499 4326 1575 4380 verbi
1585 4340 1638 4379 vau

126 4411 253 4467 inimicos
267 4416 344 4467 tucos
354 4400 384 4478 ’4,
400 4428 412 4464 s
434 4413 463 4468 id
478 4418 530 4479 θεῖ,
546 4412 665 4469 elevavit
676 4408 819 4470 Christum
836 4368 956 4470 homi·D
966 4414 1062 4470 bulum
1070 4415 1203 4470 doctrine
1214 4414 1368 4485 spiritualis
1378 4416 1543 4484 exponendo
1550 4420 1638 4487 tanqu

125 4502 921 4575 nemsuperinimieos‘meos.Caputlldesmtlnpsalmo:
964 4505 1056 4575 gendo
1077 4504 1265 4558 commiserat.
1295 4501 1344 4557 ille
1361 4522 1372 4554 ‹
1390 4503 1419 4557 iri
1434 4518 1566 4575 campum
1590 4502 1638 4558 init

127 4604 140 4639 n
158 4580 250 4661 Caput
264 4604 368 4657 meum,
385 4604 398 4644 t
415 4584 442 4646 id
458 4598 509 4657 est,
527 4592 596 4647 fides
612 4592 640 4648 iu
654 4594 747 4665 pravis
762 4590 922 4665 ‘refriguit
965 4592 1135 4647 messoribus
1151 4612 1156 4646 :
1175 4595 1231 4647 »et
1245 4591 1374 4647 Christus
1388 4586 1422 4646 ad
1449 4594 1631 4664 synagogam

126 4678 222 4747 Caput,
234 4672 598 4749 sacerdotiumludaeorum,
606 4683 672 4737 utin
682 4685 696 4737 J
699 4681 734 4737 ob
750 4702 756 4735 ε
770 4700 784 4738 t
801 4682 925 4739 Abstulit
965 4682 1125 4754 predicavit
1138 4682 1252 4738 Judaeis.
1270 4698 1281 4733 r
1301 4682 1431 4753 Dixitque
1445 4683 1597 4753 angelusei
1608 4684 1638 4738 :t

125 4768 259 4821 corones
273 4762 307 4822 de
321 4769 412 4840 eapite
423 4771 525 4839 meo¹⁸,
543 4791 556 4824 ε
573 4772 820 4844 quoddtgnitatem
830 4772 924 4828 abstd·
965 4773 1042 4828 dium
1058 4772 1132 4844 quod
1141 4772 1236 4837 hach,
1250 4768 1469 4842 intlubylonem,
1482 4772 1604 4839 Danieli,-
1614 4778 1638 4845 qr

125 4850 242 4910 titheus
253 4858 434 4913 a'saeerdotio
443 4852 613 4916 ludaeorum.
635 4862 732 4931 Capul,
750 4856 867 4934 quilibet
882 4876 925 4916 re·
965 4860 1027 4917 lacu
1043 4863 1155 4916 leonum
1166 4861 1198 4926 ³⁵,
1214 4879 1227 4912 ε
1242 4860 1317 4931 quod
1332 4858 1451 4930 apostoli
1464 4860 1599 4930 gentibus
1617 4874 1638 4916 st

124 4950 194 5006 ctor,
205 4945 497 5019 utinlibrisltegum:
512 4968 525 5002 c
542 4951 633 5022 Caput
643 4951 673 5004 in
695 4950 823 5006 tribubus
839 4952 924 5006 lsrael
966 4950 1092 5007 Dominis
1103 4948 1400 5021 darideprecabarrtur.
1408 4949 1463 5002 Per
1473 4951 1638 5017 Babylonem

124 5030 214 5089 actus
223 5030 291 5102 esst,
305 5052 319 5087 a
331 5028 422 5102 idest,
437 5040 529 5093 tector
538 5039 567 5092 in
578 5030 715 5110 plebibus'
723 5040 808 5095 Israel
824 5042 925 5095 consti·
965 5039 1108 5112 gentilitas
1120 5056 1125 5106 ;
1138 5052 1188 5110 per
1198 5037 1348 5102 Derrlrlem,
1366 5038 1487 5109 populus
1498 5039 1631 5108 geutiutil

124 5128 203 5177 tutus
218 5139 258 5178 es.
275 5123 371 5193 Caput,
385 5125 558 5199 principatus
574 5129 738 5200 synagoge,
754 5129 823 5184 utin
835 5131 923 5184 isaia:
968 5148 1030 5184 cum
1039 5134 1157 5194 lconmu,
1169 5127 1319 5182 tenebrosa
1327 5127 1500 5181 conversatio
1511 5126 1638 5184 daemonu

159 5210 267 5267 ¹ttod.
285 5216 359 5279 xiix,
382 5210 427 5267 El.
445 5206 541 5269 ’Gen
560 5226 623 5280 xxx,
645 5214 688 5272 38.
703 5215 715 5250 ⁸
728 5218 809 5272 Cant.
831 5232 878 5279 ru,
897 5217 922 5272 ι’),
941 5216 952 5252 4
968 5218 1047 5272 Prov.
1066 5232 1138 5276 xxvi,
1162 5216 1199 5272 ll.
1216 5216 1227 5248 ⁵
1244 5216 1330 5269 Eccle.
1346 5226 1384 5280 rx,
1400 5214 1427 5267 ll.
1444 5212 1481 5268 ⁶1
1497 5215 1566 5286 Reg.
1581 5230 1638 5271 xvu

122 5274 191 5359 lleg'.
206 5296 272 5337 xxiv
294 5285 339 5340 lu.
355 5284 367 5317 4
381 5282 455 5339 Ρεεῖ.
474 5300 569 5351 txvur,
586 5288 609 5341 t.
632 5286 754 5342 ’Μθῖῖῖῖ
772 5303 816 5354 xv,
833 5288 877 5345 Ξῖ.
898 5288 923 5323 ¹⁰
935 5289 1006 5343 Psal.
1023 5305 1078 5348 ssi,
1100 5289 1137 5343 17.
1155 5286 1177 5322 44
1193 5286 1291 5341 Metili.
1307 5300 1355 5343 ru.
1372 5286 1399 5342 ti.
1417 5286 1438 5320 44
1454 5286 1526 5339 Phil.
1542 5301 1585 5350 111,
1598 5286 1627 5345 ¹2.

123 5353 189 5412 txn,
203 5352 248 5408 15.
271 5325 296 5389 44
321 5356 384 5410 Luc.
402 5366 458 5424 xri,
474 5357 519 5414 tt.
536 5358 558 5392 ¹³
573 5354 625 5412 lsa.
644 5372 698 5423 tri,
715 5358 759 5416 ltl.
777 5356 799 5394 44
814 5362 893 5413 Cant.
912 5374 938 5425 r,
960 5360 999 5416 ll.
1021 5361 1041 5395 ¹⁷
1054 5361 1125 5413 Psal.
1141 5374 1213 5423 xxm,
1231 5359 1257 5411 6.
1277 5359 1298 5392 ¹⁸
1317 5357 1368 5411 lob
1384 5370 1440 5421 mx,
1462 5358 1487 5412 9.
1505 5357 1529 5391 444
1544 5359 1555 5412 l
1570 5358 1638 5431 Reg.

121 5413 213 5499 fisa.
228 5436 247 5487 r,
265 5442 290 5481 o.
304 5424 326 5458 ’4
344 5427 417 5481 Psat.
432 5442 516 5484 xxxix
543 5427 568 5484 8.
585 5428 608 5463 ’4
622 5430 673 5484 lob
689 5440 732 5493 rt,
750 5430 794 5487 aa.
808 5430 832 5465 44
846 5430 898 5485 Job
913 5444 957 5496 xx,
975 5432 1018 5489 lu.
1028 5431 1051 5465 ²¹
1064 5432 1144 5485 Dent.
1160 5444 1255 5499 retur,
1276 5430 1315 5484 tt.
1333 5428 1357 5461 ’4
1372 5428 1445 5483 Psal.
1459 5442 1572 5493 cxxxix,
1585 5429 1633 5489 tu.

123 5502 164 5557 m,
182 5484 226 5548 lt.
238 5492 260 5527 ’4
276 5490 346 5549 een.
364 5512 405 5552 ur.
423 5499 464 5556 15.
478 5494 502 5535 ’4
516 5469 596 5555 Cant.
616 5515 664 5565 vn,
686 5502 711 5558 5.
734 5496 758 5537 ’4
772 5502 874 5558 Thren.
894 5516 912 5561 r.
935 5503 963 5557 5.
978 5494 1002 5538 44
1018 5495 1089 5558 Psal.
1107 5516 1162 5563 crx,
1180 5501 1205 5556 6.
1232 5501 1253 5536 ³¹
1270 5504 1356 5572 Apoe.
1372 5514 1421 5565 ru,
1438 5498 1464 5557 3.
1481 5498 1505 5532 44
1520 5500 1597 5555 Psal.
1618 5516 1638 5557 u

122 5561 145 5597 ³³
160 5564 230 5619 Dan.
248 5580 304 5631 mv,
319 5566 363 5623 35.
378 5568 402 5603 ³⁴
414 5570 496 5638 ibid,
509 5588 581 5627 vers.
598 5571 644 5629 tt.
661 5573 684 5608 ³⁵
699 5573 780 5643 ibid,
797 5591 868 5629 vers.
881 5572 924 5632 33.
