3772 6120
114 290 192 345 lta}
562 289 610 342 nn
630 288 904 343 ECGIAESIASTIUA
926 286 1138 340 DISCIPLINA.
1161 287 1192 325 3-
1215 286 1280 340 llll.
1303 286 1323 339 I.
1693 284 1761 337 llas

115 415 192 485 qnia
206 414 259 467 ista
272 414 390 467 minime
409 413 573 483 ccnrigrnda
589 422 656 467 sunt
670 420 700 466 nt
717 413 834 483 populus
849 412 883 465 ad
900 411 928 463 id
934 409 960 472 Α
968 411 1020 463 dus
1036 417 1087 465 est.
1105 410 1127 463 si
1142 418 1237 465 autern
1253 410 1336 464 tacita
1350 416 1379 463 et
1393 411 1501 463 occulta
1515 411 1629 463 ollensio
1645 420 1696 477 est,
1714 410 1763 467 Ilei

115 504 199 573 quod
217 503 301 573 plana
318 502 451 572 intelligit
470 502 544 556 dicat
559 521 564 555 :
582 504 680 555 Anien.
698 503 751 557 Sed
769 509 863 554 tarnen
881 500 925 571 pie
968 499 1105 552 medicina
1119 499 1250 570 ‹qritulari
1263 506 1363 570 polest
1380 500 1417 551 ,tt
1437 500 1458 551 si
1476 500 1605 553 resilierit
1623 508 1652 553 ct
1672 501 1764 555 curari

117 591 274 647 toleranda
287 599 354 647 sunt
369 591 403 645 ab
419 592 459 645 eis
475 593 522 661 qni
537 592 696 646 didicerunt
708 598 740 644 ut
750 608 818 644 sono
828 591 856 643 in
867 590 926 643 lino
968 588 1145 653 recusaverit,
1163 590 1323 643 consoletur
1337 606 1387 642 nos
1404 589 1580 643 Dominicurn
1590 589 1659 643 illud
1674 606 1765 644 ‹exirm-

120 682 167 735 sic
181 687 245 736 voto
262 681 289 735 in
304 682 420 735 ecclesia
434 681 570 735 benedici.
968 679 1056 748 plum,
1073 678 1119 749 qui
1135 678 1247 731 oll'ensis
1263 677 1421 731 lronrinibus
1437 697 1469 731 ex
1484 677 1567 731 rerba
1583 695 1643 745 siro,
1659 685 1687 732 et
1702 685 1765 732 tirn-

164 770 300 825 IIibnitas
315 778 410 824 autem
424 772 453 824 in
469 770 655 824 catechizandi
672 769 761 823 allicio
777 769 927 838 plurimum
970 784 1053 837 ipram
1070 767 1171 820 durmn
1184 767 1393 835 relligientilms,
1409 768 1493 821 etiam
1509 768 1552 821 liis
1565 768 1611 839 qni
1628 785 1766 823 rernanse-

123 860 212 925 ualet,
223 860 335 930 quando
346 861 476 913 ‹Icn‘oturn
487 858 687 913 etbenerolum
698 865 781 928 atque
790 857 929 912 intentum
971 861 1034 908 rant
1043 855 1082 909 ait
1095 874 1100 907 :
1116 874 1128 905 e
1138 854 1269 925 Nunqnid
1282 862 1310 909 ct
1321 873 1367 909 ros
1379 856 1461 910 sultis
1470 856 1509 909 ire
1519 857 1529 909 l
1539 881 1551 905 s
1565 859 1654 923 (loma
1662 874 1699 921 rr,
1708 856 1764 925 tls.)

124 948 394 1011 eflicitarnlitorcm,
405 950 468 1020 qnia
484 967 582 1019 parum
599 948 709 1020 prolicit
722 964 814 1000 sermo
829 945 930 1018 praedi·
972 945 1045 999 Satis
1056 943 1131 999 enirn
1148 946 1232 997 lixum
1248 949 1333 1015 atque
1348 945 1491 999 immobile
1505 945 1589 999 (lebet
1602 948 1685 1001 corde
1700 947 1767 1002 reti·

124 1038 229 1104 auritis,
246 1038 270 1093 si
286 1055 342 1092 non
356 1039 446 1091 adimit
461 1038 579 1093 intentio
604 1037 745 1091 delectans
772 1034 908 1090 auditoris
922 1053 927 1092 ;
973 1033 1032 1086 neri
1044 1033 1219 1087 Ilierusalem
1231 1034 1368 1105 captivam
1379 1033 1414 1087 ab
1424 1035 1509 1105 hujus
1516 1035 1769 1108 sarculillabyloma

124 1125 196 1181 facit
212 1127 298 1181 etiam
315 1127 445 1199 loquendi
455 1128 570 1182 taedium
583 1124 862 1180 auditorimrnobiIis.
875 1140 930 1177 non
972 1122 1097 1177 decursis
1106 1122 1279 1193 temporibus
1289 1123 1418 1178 liberari:
1432 1124 1636 1195 nullurnqueex
1649 1125 1770 1181 illaesae

126 1215 196 1287 quia
208 1216 339 1270 hurnanaa
352 1216 442 1270 laudis
457 1234 506 1270 nos
517 1233 578 1269 esse
589 1216 684 1269 aridos
701 1214 789 1279 steca,
802 1212 849 1266 sed
866 1213 931 1283 quia
972 1211 1139 1283 periturum,
1148 1212 1212 1282 quia
1223 1212 1270 1283 qui
1280 1212 1395 1283 perierit
1404 1229 1459 1266 non
1472 1230 1504 1267 ex
1515 1213 1563 1268 illa
1573 1220 1643 1282 erat,
1657 1216 1770 1269 lirnium

126 1320 162 1359 ea
177 1321 242 1376 quie
258 1305 461 1371 ministramus,
473 1306 522 1359 Dei
538 1311 612 1363 sunt,
631 1309 659 1357 et
672 1311 777 1375 quanto
794 1301 882 1372 inagis
892 1300 932 1354 di-
973 1300 1048 1354 enim
1058 1301 1273 1354 fundamentum
1285 1302 1335 1355 Dei
1346 1307 1403 1355 stat
1411 1301 1515 1357 liabens
1523 1303 1767 1373 signaculumhoc:

125 1393 245 1464 ligimus
259 1411 305 1449 eos
321 1394 421 1464 quibus
437 1395 586 1466 loquimur,
602 1400 681 1448 tamo
697 1392 786 1462 inagis
801 1392 841 1445 eis
853 1390 931 1462 cupi·
974 1390 1051 1443 norit
1067 1388 1202 1443 Dominus
1217 1391 1265 1461 qui
1280 1396 1346 1445 sunt
1370 1392 1440 1461 ejus
1457 1399 1486 1446 et
1509 1393 1620 1447 recedet
1638 1392 1673 1447 ab
1694 1393 1771 1449 omni

127 1488 247 1550 mus‚ut
256 1484 385 1554 placeant
395 1501 457 1555 quar
467 1485 501 1537 ad
509 1501 605 1538 eorum
614 1481 931 1553 porriguntursalmoim
975 1477 1123 1549 iniquitate
1140 1479 1231 1533 omnis
1247 1479 1295 1551 qui
1308 1481 1435 1535 nominat
1457 1498 1559 1535 nomen
1576 1482 1697 1537 Domini.
1715 1484 1773 1538 Ista

126 1572 207 1643 quod
220 1572 244 1626 si
255 1589 310 1627 non
323 1573 446 1628 succedit
463 1573 671 1639 contristamur,
688 1572 758 1625 otiu
775 1570 834 1641 ipso
850 1585 933 1623 cursu
975 1568 1130 1637 cogitantes
1144 1574 1174 1622 et
1185 1569 1345 1623 invocantes
1361 1570 1511 1625 Dominum
1527 1570 1555 1625 in
1573 1588 1620 1625 cor
1634 1578 1772 1640 nostrum,

126 1660 316 1715 debilitamur
328 1669 355 1715 et
366 1662 531 1732 tiangirnur‚
544 1661 624 1732 quasi
632 1661 737 1714 trustra
747 1676 860 1730 operam
871 1675 935 1711 con-
975 1658 1069 1711 minus
1084 1657 1248 1712 timebimus
1270 1658 1390 1714 incertos
1414 1660 1504 1714 exitus
1527 1662 1663 1715 sermonis
1685 1661 1774 1716 nostri

126 1755 271 1805 teramus.
288 1752 497 1821 Nonnunquam
509 1751 593 1804 etiarn
607 1767 670 1804 cnm
680 1748 834 1803 avertimur
843 1746 878 1800 ab
888 1747 938 1800 ali·
946 1735 968 1794 li
977 1752 1092 1818 propter
1100 1746 1220 1801 incertus
1232 1753 1325 1802 motus
1336 1748 1506 1809 auditorum,
1514 1749 1718 1822 delectabitque
1726 1767 1776 1807 nos

127 1855 233 1910 quare
248 1856 332 1910 quam
348 1840 541 1894 desideramus
557 1858 649 1911 agere,
667 1846 695 1893 et
709 1840 789 1909 cujus
800 1838 873 1891 actio
888 1844 937 1891 aut
978 1837 1063 1890 etiarn
1077 1835 1137 1907 ipsa
1159 1836 1301 1908 perpessio
1318 1838 1508 1892 molestiarum
1532 1857 1583 1911 pro
1604 1838 1777 1894 misericordi

125 1926 293 1983 delectabat
303 1945 354 1982 nos
366 1935 415 1983 aut
424 1929 511 1999 magis
522 1928 601 1982 nobis
613 1928 771 1982 neccssaria
780 1927 935 1992 ridebatur,
978 1942 1072 1996 opere,
1089 1926 1111 1977 si
1127 1942 1183 1978 non
1196 1925 1224 1978 in
1246 1942 1278 1979 eo
1300 1932 1424 1979 nostram
1447 1927 1565 1994 gloriam
1588 1928 1775 2001 requiramus.

125 2022 159 2073 et
174 2017 306 2087 cogimur
322 2025 371 2071 aut
383 2019 463 2087 jussu
480 2018 541 2088 ejus
554 2034 637 2089 quem
652 2016 793 2070 offendere
809 2016 936 2068 rolurnus
978 2015 1054 2069 'Iunc
1069 2014 1143 2068 enim
1164 2021 1207 2067 est
1222 2032 1283 2069 vere
1298 2032 1368 2087 opus
1382 2014 1485 2070 bonum
1510 2034 1573 2071 cum
1597 2036 1613 2071 a
1641 2018 1778 2073 charitate

125 2110 183 2161 aut
199 2105 361 2177 aliquorum
378 2105 530 2160 ineuitabili
543 2105 677 2159 instantia
690 2104 861 2157 catechizare
885 2103 936 2156 ali-
976 2104 1582 2176 jaculaturagentisintenti0‚ettanquarnad
1595 2106 1686 2160 locum
1696 2124 1778 2162 suurn

125 2212 230 2267 quein,
245 2197 306 2266 jam
322 2196 481 2249 conturbati
497 2195 654 2249 accedimus
680 2194 714 2246 ad
732 2193 875 2261 negotium
891 2191 936 2245 cui
979 2193 1090 2246 rediens
1105 2210 1204 2246 rursus
1217 2193 1247 2247 in
1257 2194 1393 2247 claritate
1404 2194 1566 2265 requiescit:
1580 2195 1687 2265 quodsi
1697 2195 1781 2251 nimis

124 2301 240 2356 magna
254 2285 459 2355 tranquillitate
475 2301 544 2356 opas
559 2291 610 2351 est,
624 2285 750 2338 dolentes
762 2283 836 2354 qnod
847 2298 937 2351 neque
978 2283 1077 2337 tardus
1088 2288 1139 2349 est,
1151 2288 1179 2336 et
1189 2281 1364 2336 abornnitali
1373 2282 1509 2337 suauitate
1518 2283 1655 2339 absurdus
1665 2290 1694 2339 et
1703 2302 1779 2340 aver·

125 2373 265 2431 ordinem
276 2374 418 2429 actionum
429 2374 509 2428 rrobis
519 2373 680 2428 conceditur
689 2380 785 2428 tenere
796 2388 880 2443 quern
891 2388 937 2425 ro·
981 2388 1038 2435 sus,
1057 2372 1276 2425 misericorditer
1285 2372 1459 2427 sufferendus
1474 2380 1525 2439 est,
1542 2372 1719 2446 breviterque
1733 2374 1779 2430 de-

124 2462 241 2527 Iumus‚
258 2479 308 2517 nee
319 2462 447 2517 sufficere
454 2462 749 2534 onmibuspossumus,
763 2466 847 2532 atque
856 2462 896 2517 ita
906 2478 938 2515 ex
981 2461 1069 2514 cursis
1083 2461 1191 2515 caeteris
1209 2479 1243 2515 ea
1257 2478 1317 2533 quae
1333 2462 1452 2516 maxime
1474 2463 1632 2517 necessaria
1652 2469 1727 2530 sunt,
1744 2464 1779 2519 de

127 2550 322 2623 ipsatristitia
332 2568 423 2605 sermo
434 2552 587 2622 procedens
600 2552 692 2605 minus
705 2555 803 2621 gratus
813 2556 855 2604 est
865 2550 936 2621 quod
981 2550 1089 2604 ilintate
1111 2550 1254 2604 catholica
1276 2551 1415 2613 Ecclesiae,
1445 2551 1479 2605 de
1508 2551 1719 2618 tentationibus,
1745 2553 1780 2609 de

130 2640 170 2695 de
185 2640 320 2695 ariditate
335 2641 473 2695 moestitia
494 2640 586 2695 minus
612 2639 754 2695 exuberat.
780 2639 938 2710 Aliquando
981 2639 1142 2693 Cinistiaua
1157 2640 1367 2694 conversatione
1381 2641 1630 2711 proptert'uturnm
1643 2642 1780 2713 J'udiciurn

79 2726 86 2741 “
130 2728 207 2783 item
223 2745 256 2783 ex
270 2728 364 2800 aliquo
379 2730 510 2783 scandalo
526 2747 629 2784 moror
656 2736 751 2801 pectus
776 2728 894 2783 obsidet,
912 2735 940 2781 et
982 2727 1146 2782 terribiliter
1157 2729 1323 2783 inculcanda
1338 2736 1412 2793 sunt,
1430 2731 1574 2801 magisque
1598 2748 1647 2802 pro
1672 2732 1719 2786 illo
1745 2732 1780 2786 ad

130 2824 206 2872 tune
222 2817 302 2872 nobis
317 2818 419 2872 dicitur
438 2838 442 2871 :
460 2820 540 2883 I‘eni,
551 2821 665 2890 loquore
681 2819 753 2884 hnic,
763 2818 940 2871 Christianos
982 2819 1072 2871 iteum
1087 2834 1172 2889 quam
1187 2817 1236 2871 illa
1251 2819 1285 2872 de
1300 2820 1357 2872 Deo
1372 2820 1461 2873 inulta
1475 2820 1600 2874 dicenda.
1619 2821 1649 2875 Si
1670 2838 1734 2876 xero
1749 2838 1781 2876 ex

131 2908 199 2963 rnlt
214 2908 286 2962 lieri.
304 2908 411 2962 Dicitur
425 2909 500 2963 enim
516 2908 550 2962 ab
574 2908 768 2977 ignorantibus
791 2909 865 2979 quod
890 2924 940 2961 nos
982 2907 1077 2978 aliquo
1094 2907 1225 2961 scandalo
1239 2907 1419 2979 perturbatus
1431 2909 1782 2966 animusnonraletedere

131 2998 267 3052 clausum
282 2998 357 3051 intus
373 3004 480 3057 exurat
497 2997 596 3068 quibus
617 2999 639 3050 si
663 2999 792 3051 allectum
813 3006 940 3053 nostrum
983 3013 1114 3050 serenum
1126 2997 1339 3068 jucundumque
1350 3015 1517 3061 sermonem,
1530 3003 1638 3054 tantam
1647 3017 1708 3055 esse
1718 3001 1783 3056 cha·

133 3087 253 3160 aporire
265 3104 319 3141 non
332 3093 443 3158 oportet
457 3088 623 3158 suscipimus
638 3086 742 3155 ingrati
754 3088 826 3158 quod
836 3088 940 3153 volunt,
953 3060 1096 3140 Critatem
1111 3092 1221 3158 oportet
1230 3087 1260 3140 in
1273 3104 1330 3151 eos,
1343 3104 1393 3159 pro
1404 3087 1504 3158 quibus
1515 3089 1644 3143 Christus
1654 3097 1782 3147 mortuus

133 3182 165 3231 et
180 3176 309 3248 prolecto
321 3176 470 3246 languidus
481 3181 509 3229 et
519 3176 640 3230 insuavis
653 3176 698 3229 ille
711 3193 803 3229 serino
815 3177 878 3243 erit,
893 3194 943 3248 per
984 3182 1035 3241 est,
1051 3176 1145 3230 rolens
1161 3193 1208 3230 eos
1222 3176 1312 3247 pretio
1328 3177 1473 3248 sanguinis
1488 3179 1530 3232 sni
1545 3177 1579 3231 ab
1591 3195 1719 3235 errorum
1730 3198 1781 3235 sae·

133 3264 348 3319 venamcordis
370 3269 535 3318 aestuantem
563 3264 776 3336 fumantemque
796 3266 939 3335 trajectus.
983 3265 1119 3321 celarium
1131 3271 1221 3320 morte
1232 3266 1379 3334 redimere,
1392 3273 1424 3321 ut
1439 3268 1489 3321 hoc
1505 3266 1598 3339 ipsura
1614 3269 1688 3341 quod
1702 3268 1781 3323 nobis

132 3354 190 3409 Tot
208 3352 339 3423 igiturex
355 3353 446 3407 causis
456 3352 585 3423 quaslibet
596 3370 693 3407 einum
704 3354 885 3407 serenitatem
895 3370 942 3407 no·
983 3354 1110 3409 tristibus
1126 3356 1274 3410 nuntiatur
1290 3363 1390 3427 praesto
1405 3374 1465 3411 esse
1480 3358 1600 3427 aliquem
1617 3358 1665 3428 qui
1676 3358 1784 3413 deside·

134 3449 205 3499 strae
221 3443 324 3499 inentis
348 3442 500 3498 obnubilet.
522 3444 676 3517 secundum
701 3445 851 3498 Dounnum
876 3451 943 3497 sunt
984 3448 1027 3496 ret
1041 3444 1101 3497 lieri
1112 3445 1297 3511 Christianus
1310 3445 1344 3497 ad
1355 3445 1572 3499 consolationem
1588 3447 1782 3502 illiusresolu·

132 3532 291 3605 quaerenda
303 3533 427 3585 remedia
442 3532 542 3602 quibus
558 3534 698 3586 relaxetur
710 3533 756 3585 illa
770 3533 939 3586 contractio:

133 3621 941 3692 etserrorcspiritnsexsultemusotjucumlennrrintran-

119 3711 279 3784 ‚quillitate
294 3712 357 3765 boni
374 3712 475 3783 operis.
489 3732 499 3762 r
518 3713 643 3766 Hilarem
654 3712 730 3767 enim
742 3714 869 3767 datorem
880 3711 943 3765 dili·

120 3798 180 3872 'git
189 3800 313 3868 [leustll
326 3801 386 3855 t'or.
395 3819 432 3867 rx,
443 3803 479 3865 i).
491 3820 504 3853 a
518 3802 551 3855 Et
561 3802 627 3872 qnia
638 3805 756 3857 multum
769 3798 943 3854 dissimiliter

137 3889 198 3943 exit
206 3890 294 3943 tader
306 3889 393 3960 loqui,
410 3898 438 3946 et
453 3891 520 3945 libet
536 3902 628 3946 tacere
637 3912 641 3945 :
650 3892 805 3961 cogitemus
818 3891 885 3960 quid
897 3908 943 3944 no·

983 3533 1145 3603 lienemque
1160 3533 1282 3586 tristitire
1297 3533 1382 3587 caleri
1392 3532 1501 3595 (tolient,
1515 3534 1784 3591 sicutsolentlucro·

983 3639 1046 3675 rum
1060 3621 1164 3691 gauilia
1177 3622 1303 3675 dolorem
1320 3622 1405 3675 lenire
1433 3622 1610 3676 (tenuiorum.
1629 3625 1692 3679 Non
1707 3625 1783 3680 enim

983 3709 1146 3763 scandalum
1159 3726 1208 3763 nos
1222 3710 1370 3764 contristat
1378 3710 1505 3780 alicujus,
1519 3711 1570 3764 nisi
1584 3728 1667 3782 quem
1678 3713 1780 3785 perire,

984 3805 1033 3853 aut
1058 3815 1109 3870 per
1131 3815 1214 3869 quem
1236 3799 1327 3869 perire
1353 3799 1494 3853 inlirmurn
1520 3802 1561 3854 rel
1585 3801 1782 3858 credimusne}

984 3888 1119 3942 ridemus.
1132 3888 1182 3941 llis
1190 3893 1274 3958 atque
1285 3888 1445 3959 hujusmodi
1457 3890 1708 3959 cogitationibuset
1719 3908 1782 3947 con-

137 3976 183 4033 bis
198 3984 388 4049 praerogatum
403 3980 438 4033 sit
451 3980 485 4033 ab
501 3980 548 4032 illo
570 3980 617 4049 qui
641 3979 843 4033 dernonstnnit
863 3978 943 4033 nobis
984 3977 1323 4048 siderationibusdepulsa
1333 3978 1451 4048 caligine
1462 3980 1608 4034 taediorum
1619 3982 1653 4034 ad
1665 3981 1782 4036 catechi-

139 4068 313 4139 exemplum,
331 4076 362 4123 ut
374 4087 526 4140 sequanmr
539 4070 657 4139 restigia
673 4071 742 4139 ejus.
758 4069 942 4132 Quantumris
984 4066 1225 4137 aandunraptatur
1235 4066 1403 4133 intentio‚ut
1413 4069 1535 4124 suaviter
1547 4069 1698 4125 imbibatur
1708 4071 1781 4143 quod

139 4158 220 4213 enim
231 4157 345 4211 dillerat
358 4158 505 4213 articulata
520 4177 569 4213 rex
586 4164 681 4212 nostra
695 4157 730 4211 ab
751 4157 943 4227 intelligentiae
985 4155 1782 4232 impigreatquehilariterdecharitatisubertateprorum-

138 4253 245 4303 nostne
258 4248 413 4313 vivacitate,
431 4249 511 4317 longe
524 4248 698 4302 dill'erentim·
722 4254 763 4301 est
787 4248 943 4301 rnortalitas
984 4246 1035 4316 pit.
1044 4247 1108 4299 Ilaec
1120 4245 1194 4299 enim
1211 4263 1266 4298 non
1277 4252 1334 4299 turin
1343 4264 1394 4316 ego
1404 4247 1455 4301 tibi
1467 4266 1551 4318 quarn
1562 4249 1692 4305 omnibus
1702 4250 1781 4304 nobis

139 4338 235 4392 carnis
250 4336 285 4390 ab
299 4337 458 4407 {etqualitate
473 4338 532 4399 oei,
550 4343 579 4389 et
593 4344 687 4389 tranen
707 4354 769 4389 earn
793 4337 820 4389 in
843 4337 941 4390 eadem
984 4334 1121 4405 dieitipsa
1131 4335 1243 4388 dilectio
1260 4353 1320 4405 qua
1335 4336 1436 4390 ‹liliusa
1447 4344 1489 4391 est
1500 4337 1527 4390 in
1539 4338 1668 4392 cordibus
1678 4338 1780 4393 nostris

139 4425 232 4479 lornra
246 4430 321 4478 esset
337 4450 347 4469 e
366 4424 547 4495 semetipsum
562 4424 715 4478 exinaniuit
736 4426 853 4478 tbrmmn
869 4426 940 4478 servi

140 4516 291 4587 accipiens.
312 4535 324 4566 i
341 4520 405 4577 etc..v
422 4515 558 4584 usquead
576 4520 696 4568 rnortern
709 4515 798 4567 erneis
810 4516 939 4583 (Philipp.

140 4621 167 4665 n,
178 4606 220 4669 il:
233 4621 318 4675 quarn
335 4604 369 4656 ub
383 4621 495 4657 causam
515 4604 566 4656 nisi
583 4604 649 4673 qnia
661 4630 671 4647 «ι
685 4604 775 4657 lactus
798 4610 840 4657 est
862 4603 941 4656 insir-

140 4694 194 4747 mis
204 4694 335 4748 infirmus
345 4700 376 4745 ut
387 4696 512 4747 instratos
522 4693 696 4746 Iucrilirceret
704 4696 727 4761 tl
737 4696 796 4746 Cor.
813 4710 846 4759 rx,
860 4692 916 4761 20).
927 4718 939 4745 o

139 4782 285 4853 Audiejus
296 4782 466 4836 imitatorem
482 4783 546 4835 alibi
563 4782 648 4836 etiam
664 4782 802 4836 dicentem
818 4801 823 4834 :
843 4800 856 4833 a
878 4782 941 4834 Sire

139 4873 216 4927 enim
232 4880 327 4925 mente
342 4872 521 4937 excessimus,
532 4874 604 4937 Deo;
622 4871 679 4925 sire
690 4877 879 4942 temperantes
892 4888 940 4925 su-

138 4980 212 5029 mus,
231 4961 309 5016 robis
325 4982 330 5015 ι
347 4962 470 5016 charitas
479 4962 554 5015 enirn
565 4961 669 5014 (finisti
680 4960 821 5031 compellit
834 4977 884 5014 nos
897 4960 940 5014 in-

136 5052 266 5107 dicantes
281 5051 333 5105 hoc
348 5051 412 5122 qnia
432 5068 503 5104 rinus
524 5068 574 5121 pro
598 5051 728 5105 ‹errnibus
749 5058 877 5105 mortuus
899 5058 942 5105 est

136 5143 178 5213 (ΙΙ
188 5141 252 5195 Cor.
263 5157 288 5206 r,
303 5139 356 5210 13).
375 5161 385 5190 i
404 5141 549 5204 Quomodo
567 5141 643 5194 enim
661 5148 774 5211 paratus
791 5150 864 5194 esset
887 5140 940 5193 im-

135 5230 225 5303 pendi
236 5247 287 5301 pro
298 5229 560 5295 animabuscornm‚
572 5231 594 5283 si
610 5247 673 5283 eum
689 5230 796 5300 pigeret
813 5229 939 5282 inclinari

135 5320 172 5373 ad
189 5336 275 5372 aures
289 5336 387 5373 eorum
402 5320 411 5371 ἶ
427 5320 497 5372 Ilinc
512 5337 578 5389 ergo
600 5318 688 5372 l'actus
703 5325 745 5372 est
760 5320 891 5389 parrulos
911 5319 939 5372 in

984 4441 1033 4494 per
1043 4424 1179 4494 Spiritum
1192 4431 1320 4478 sanctum
1336 4425 1382 4495 qni
1398 4426 1480 4479 datus
1495 4433 1537 4479 est
1548 4426 1636 4479 nobis.

1020 4514 1047 4567 Si
1064 4514 1126 4583 quis
1140 4520 1234 4566 antem
1251 4513 1335 4566 ritum
1355 4515 1543 4567 catechizandi
1562 4516 1675 4585 plenum
1698 4534 1780 4571 nosse

983 4602 1109 4669 soluerit,
1127 4620 1159 4655 ex
1178 4602 1250 4656 beati
1276 4604 1423 4672 Augustini
1448 4603 1529 4657 dictis
1549 4604 1655 4659 discere
1676 4608 1780 4676 poterit

983 4692 1030 4762 qui
1047 4693 1119 4746 inter
1134 4693 1189 4744 alia
1204 4693 1237 4745 ad
1253 4692 1374 4746 arnicum
1389 4693 1423 4746 de
1438 4692 1641 4749 catechizandis
1651 4696 1776 4763 rudibus,

982 4780 1114 4843 scribens,
1130 4782 1169 4834 ita
1178 4781 1218 4836 ait
1234 4800 1239 4832 :
1259 4783 1315 4835 Nec
1330 4782 1413 4835 etiam
1431 4782 1497 4835 illud
1519 4784 1592 4853 quod
1615 4784 1779 4856 priusquam

982 4870 1174 4941 promitterem
1183 4870 1389 4935 nondebebarn,
1397 4872 1456 4940 jain
1468 4872 1584 4927 larteso
1593 4873 1718 4927 debiturn
1730 4874 1780 4929 lla·

981 4961 1064 5030 giras,
1080 4966 1111 5014 ut
1127 4960 1239 5031 aliquod
1254 4960 1391 5014 sermonis
1414 4963 1572 5033 exemplum
1595 4970 1730 5034 tanquam
1754 4964 1778 5019 si

982 5066 1033 5119 ego
1047 5049 1169 5120 aliquem
1184 5050 1350 5103 cateclrizern
1363 5066 1417 5104 non
1430 5068 1473 5104 ine
1488 5051 1583 5122 pigeat
1594 5053 1740 5122 amilcare,
1749 5059 1779 5108 et

982 5138 1148 5192 intuendum
1158 5139 1208 5192 tibi
1224 5156 1388 5211 proponere.
1401 5140 1478 5202 Quod
1496 5140 1658 5211 priusquam
1677 5142 1778 5197 loeium

982 5229 1042 5281 volo
1057 5228 1161 5297 cogites
1177 5229 1260 5281 etiarn
1276 5245 1336 5281 esse
1360 5229 1542 5283 intentionem
1563 5229 1694 5284 dictantis
1712 5248 1776 5285 cum

982 5317 1183 5370 lectorl'uturus
1191 5317 1338 5385 «rogitatur,
1351 5323 1379 5370 et
1389 5317 1473 5370 alimn
1484 5318 1624 5389 loquentis
1634 5336 1697 5372 curn
1709 5337 1777 5390 prae·

135 5408 234 5463 rrredio
251 5412 389 5473 nostrum,
406 5413 542 5479 tanquam
557 5409 649 5462 nutrix
666 5409 760 5461 l'orens
777 5408 848 5460 titios
863 5424 937 5459 suos.
981 5424 1044 5461 sens
1056 5406 1337 5471 auditorattemlitun
1348 5414 1376 5460 et
1385 5407 1411 5459 in
1424 5424 1457 5460 eo
1468 5407 1527 5477 ipso
1537 5408 1621 5462 aliam
1632 5409 1659 5463 in
1670 5417 1776 5465 secreto

134 5497 221 5563 Quod
237 5496 260 5550 si
275 5497 439 5569 apparuerit
453 5498 661 5568 sanabilemque
676 5514 705 5550 se
722 5497 835 5567 prabet,
847 5502 940 5548 aucto·
981 5497 1129 5553 monentis.
1142 5496 1209 5549 ilum
1219 5496 1312 5549 nullus
1321 5496 1393 5549 alius
1404 5497 1493 5567 quide
1504 5497 1584 5551 nobis
1591 5499 1776 5572 judicetprae-

133 5588 257 5643 citatum
270 5587 686 5660 rationumquecopiosiuculla
696 5586 830 5642 dilatione
841 5602 941 5639 sanan·
981 5594 1024 5642 sto
1035 5594 1086 5652 est,
1096 5586 1181 5641 aliam
1192 5586 1286 5659 palam
1295 5586 1419 5641 docentis
1436 5587 1551 5661 aliquid,
1565 5588 1613 5645 ubi
1632 5589 1776 5647 dissimili-
