3772 6120
56 269 132 328 sair
241 254 254 268 '
662 274 709 329 nx
728 274 830 330 ιιοιιο
850 270 1098 330 amurcarum.
1631 271 1699 332 rus

55 395 229 466 poenitentia
243 396 381 468 peccatori
391 401 459 451 tnnc
472 397 595 468 prodest,
612 398 636 453 si
652 415 714 454 eam
729 400 759 455 in
769 400 892 460 Bacis-A
903 397 1021 468 gissima
1031 401 1185 464 senectute,
1196 398 1436 470 scdhoctempore
1447 397 1511 466 isto,
1524 397 1702 471 videquanta

55 483 103 538 sia
116 484 256 539 catholica
265 489 356 555 gerat,
373 485 417 539 cui
428 486 503 540 Deus
519 486 548 540 in
562 502 681 558 persona
699 487 773 543 besti
784 488 861 544 Petri
901 486 1072 542 intervenire
1078 488 1301 558 possuntPrimo
1309 488 1383 560 quod
1392 504 1483 555 nemo,
1493 486 1604 544 etiamsi
1610 505 1700 562 usque

55 573 167 645 ligandi
194 573 376 644 solvendique
407 572 506 627 tribuit
537 579 715 646 potestatem,
740 577 857 632 dicens:
901 576 936 630 ad
951 592 1099 647 vesperum
1114 576 1267 648 perveniat,
1279 582 1429 643 certusest,
1439 576 1540 633 deinde
1553 577 1628 650 quod
1638 593 1700 635 mc·

57 677 76 717 ι
92 663 161 727 Quae
176 662 336 735 alligaveris
350 679 435 734 super
448 668 566 729 terram,
583 670 667 719 erunt
688 666 779 736 ligata,
789 671 818 721 et
830 665 859 721 iu
901 662 964 718 bilis
978 681 1090 737 semper
1105 665 1293 731 humanarum
1301 683 1396 722 rerum
1409 670 1499 720 status
1509 665 1700 740 est,frequen·

54 751 139 806 coelis
155 770 161 806 :
178 757 208 805 et
219 768 281 822 quse
300 751 416 806 solveris
434 769 518 822 super
540 758 655 820 terram,
671 760 755 808 erunt
768 755 861 809 soluta
900 758 945 807 ter
959 754 1034 808 enim
1052 753 1110 808 vita
1123 754 1236 826 quidem
1258 756 1373 828 longum
1395 759 1508 827 tempus
1526 754 1698 828 producitur,

56 845 89 895 et
99 840 130 895 in
141 841 218 895 ecelis
234 841 338 905 (Mettis.
351 857 426 907 xvrn,
447 839 500 910 18).
515 863 527 888 ι
543 842 575 897 Ιιι
591 859 756 914 quacunque
774 842 861 914 igitur
901 857 952 896 nec
962 847 1058 897 tamen
1072 843 1220 898 facultates
1234 861 1266 899 ac
1284 844 1388 900 divitiae
1406 845 1432 899 ei
1453 845 1574 900 fideliter
1588 860 1700 917 perma-

56 929 340 985 homosetateveram
351 935 530 1001 peccatorum
540 947 656 986 suorum
666 932 860 1003 poenitentiam
901 936 978 997 nent,
991 931 1039 986 sed
1055 949 1128 1004 saepe
1142 932 1244 989 accidit
1263 940 1295 989 ut
1317 934 1395 1006 prius
1417 935 1479 1006 quis
1501 933 1601 1006 opibus
1615 950 1700 1007 quam

57 1017 160 1089 egerit,
178 1024 208 1072 et
220 1018 306 1072 vitam
321 1035 401 1073 suam
423 1019 481 1073 Dec
496 1019 674 1075 illuminante
698 1021 859 1087 correxerit,
901 1018 958 1074 vita
967 1020 1096 1088 deliciat;
1111 1028 1305 1077 verumtamen
1315 1023 1501 1079 concedamus
1509 1023 1561 1079 tibi
1570 1024 1702 1089 viverete

57 1123 118 1162 non
133 1106 478 1179 privabiturindulgentiae
492 1124 619 1175 munere,
632 1109 699 1180 quia
712 1111 796 1176 Deus,
805 1111 861 1164 sic·
902 1124 983 1180 posse
999 1126 1087 1165 anuos
1103 1112 1214 1173 multos,
1224 1117 1253 1166 et
1263 1112 1369 1166 nullam
1383 1112 1700 1184 permutationemtem·

57 1201 92 1253 ut
107 1213 160 1269 per
170 1196 340 1268 Prophetam
356 1196 432 1263 dicit,
449 1213 506 1251 non
522 1198 581 1251 vult
600 1203 720 1252 mortem
741 1199 862 1254 morien·
903 1212 1002 1269 porum
1009 1200 1261 1271 pati,etquantum,
1274 1201 1452 1273 quaes0,illud
1460 1201 1700 1273 spatiiadaeterna

56 1284 106 1349 tis,
122 1292 261 1357 quantuni
272 1291 305 1341 ut
318 1290 477 1340 revertatur
491 1302 508 1339 a
522 1286 567 1340 ria
582 1303 633 1341 sua
647 1288 731 1354 mala,
747 1293 777 1342 et
789 1287 862 1343 vivat
903 1287 1202 1361 supplicialquantum
1212 1290 1283 1344 boc*
1293 1289 1445 1346 voluntatis
1457 1292 1545 1359 (Forte
1557 1294 1607 1360 leg.
1624 1291 1700 1348 volu·

57 1375 156 1429 anima
168 1375 229 1445 ejus
244 1375 350 1444 (uptus.
366 1389 460 1441 xxxin,
479 1374 532 1443 ll).
548 1375 749 1431 Verumtamen
768 1377 861 1432 nullus
902 1376 1060 1447 ptatis]est,
1075 1379 1111 1433 ad
1125 1377 1187 1434 illas
1200 1377 1382 1435 exsecrabiles
1397 1385 1425 1434 et
1439 1379 1630 1436 intolerabiles
1639 1395 1699 1453 poe·
1793 1432 1797 1441 .

56 1463 210 1518 bominum
221 1462 304 1519 debet
314 1464 565 1518 submisericordia
579 1465 629 1519 Dei
642 1465 672 1520 in
686 1466 745 1520 suis
755 1465 862 1521 diutius
903 1466 1043 1521 naslnam
1054 1472 1082 1521 et
1091 1467 1371 1538 inhacquidenivita,
1389 1468 1534 1535 sivebona‚
1549 1469 1698 1539 sivemala,

56 1568 208 1608 remanere
219 1553 350 1625 peccatis,
367 1569 430 1608 cum
441 1553 526 1609 etiam
543 1553 572 1608 in
587 1554 647 1626 ipso
657 1571 861 1627 corporenemo
902 1555 1053 1610 terminum
1069 1560 1150 1610 suum
1166 1562 1280 1622 norunt,
1298 1573 1419 1629 eumque
1434 1557 1565 1613 velociter
1579 1558 1700 1614 sortiun-

57 1641 127 1696 selit
142 1641 196 1696 sub
210 1659 259 1713 spe
273 1642 375 1697 suturae
394 1642 492 1697 salutis
508 1642 614 1697 diutius
628 1649 773 1715 egrotare,
791 1644 863 1699 tales
902 1647 959 1710 tur,
975 1643 1004 1698 ln
1017 1644 1111 1699 futuro
1127 1649 1221 1700 autem
1238 1646 1339 1701 saeculc
1353 1651 1473 1718 utraque
1495 1645 1700 1703 immortalibus

57 1730 136 1785 enim
152 1731 200 1802 qui
211 1730 245 1784 ab
259 1730 455 1802 iniquitatibus
470 1731 529 1786 suis
549 1732 678 1786 recedere
701 1725 890 1804 negligunt,B
900 1731 998 1804 spatiis
1012 1732 1227 1804 protenduntur.
1240 1733 1320 1789 Adde
1332 1745 1360 1789 ct
1376 1734 1445 1790 illud
1456 1735 1530 1806 quod
1544 1736 1630 1790 etiam
1643 1751 1701 1809 poe·

51 1825 87 1874 et
95 1819 152 1874 sibi
166 1819 202 1874 de
216 1819 274 1874 Deo
288 1819 492 1891 indulgentiam
507 1821 716 1892 repromittunt,
733 1837 861 1876 nonuun-
901 1836 944 1875 nae
958 1820 1046 1891 ipsius
1058 1822 1141 1893 longe
1155 1822 1212 1876 alia
1235 1827 1263 1877 et
1281 1823 1391 1878 diversa
1412 1824 1536 1879 conditio
1559 1829 1611 1893 est,
1626 1823 1700 1898 ignis

57 1925 146 1981 quam
156 1908 199 1963 ita
212 1909 422 1981 praeveniuntur
432 1909 578 1980 repentino
594 1910 644 1963 Dei
659 1909 761 1976 furore,
774 1916 861 1965 etnec
901 1909 976 1964 enim
991 1909 1036 1964 hic
1055 1910 1103 1981 qui
1118 1911 1293 1982 inpraesenti
1318 1911 1376 1966 vita
1399 1918 1451 1981 est,
1464 1911 1587 1969 absumit
1599 1919 1701 1972 eunom

57 1997 251 2053 conversionis
273 2003 396 2069 tempus,
418 2015 469 2053 nec
491 1997 658 2053 beneficium
688 1998 860 2054 remissionis
902 2015 963 2070 quse
977 1999 1084 2070 recipit,
1101 1999 1148 2055 ille
1163 2016 1227 2055 vero
1253 2017 1322 2072 quos
1340 2008 1483 2073 receperat
1505 2018 1617 2075 semper
1635 2019 1700 2060 cru·
1809 2042 1813 2049 »

53 2087 215 2142 inveniant.
224 2087 291 2142 Ideo
298 2104 527 2159 unumquemque
535 2093 658 2142 vestmm
673 2096 771 2143 sancta
785 2087 860 2143 Scri-
900 2087 965 2154 ciat,
973 2093 1002 2141 et
1011 2105 1100 2159 poenae
1109 2105 1166 2144 sue
1172 2106 1284 2160 semper
1300 2090 1424 2161 integros
1442 2096 1700 2164 servat,propterea

56 2182 146 2249 ptrvrs
171 2176 291 2246 benigne
312 2183 466 2248 premonet
487 2177 582 2231 dicens
599 2193 605 2230 :
624 2195 637 2229 ι
650 2177 692 2231 Ne
706 2177 860 2232 tardaveris
901 2175 976 2228 enim
987 2181 1016 2230 et
1027 2175 1262 2247 inexstinguibilis
1272 2177 1446 2243 dicitur,non
1457 2179 1548 2234 solum
1562 2179 1699 2252 quiaipse

56 2267 187 2322 converti
202 2266 237 2321 ad
252 2267 451 2333 Dominum,et
463 2266 620 2320 nedilieras
630 2265 665 2320 de
675 2266 720 2321 die
734 2267 763 2321 in
773 2266 858 2321 diem.
902 2279 959 2318 nou
973 2264 1169 2335 exstinguitur,
1185 2266 1234 2320 sed
1249 2266 1316 2336 quia
1328 2283 1380 2321 nec
1393 2283 1441 2322 eos
1462 2284 1532 2338 quos
1545 2264 1700 2340 susceperit

56 2355 163 2412 Subito
177 2355 251 2411 enirn
265 2356 359 2410 veniet
371 2355 414 2409 ira
430 2356 500 2425 ejus,
510 2361 539 2409 et
551 2355 581 2409 in
594 2360 721 2426 tempore
733 2355 861 2411 vindictae
901 2353 1056 2423 exstinguit
1066 2361 1116 2409 aut
1125 2353 1246 2426 perimit,
1265 2372 1319 2410 non
1331 2372 1397 2426 ergo
1409 2361 1542 2427 putemus
1554 2357 1622 2428 quia
1634 2372 1700 2429 sup-

58 2444 208 2517 disperdet
221 2450 249 2498 te
264 2445 357 2512 (dccli.
375 2461 402 2511 v,
419 2444 448 2514 8)
475 2462 488 2497 ιι
506 2444 578 2498 Dicit
591 2444 676 2498 etiarn
695 2443 794 2498 beatus
808 2444 862 2498 Da·
902 2441 1050 2513 pliciorum
1063 2442 1194 2498 nimietas
1205 2443 1478 2515 ipsadonabitfinem
1493 2447 1698 2516 dolorumsed,

57 2533 106 2589 vid
124 2552 131 2587 :
145 2553 156 2585 ι
175 2533 263 2588 Hodie
278 2534 301 2588 si
314 2549 410 2587 vocem
425 2534 486 2604 ejus
499 2532 654 2598 audieritis,
671 2533 757 2587 nolite
772 2531 861 2586 obdu·
903 2536 935 2585 ut
948 2530 1078 2597 diximus,
1090 2533 1322 2603 peccataquidem
1332 2550 1429 2604 poeuas
1435 2535 1600 2600 accendunt,
1609 2535 1699 2591 incor-

59 2623 221 2679 rarecorda
236 2630 329 2677 vestra
345 2625 424 2681 (Psoi.
442 2639 513 2687 xciv,
533 2623 569 2690 8),
584 2641 596 2672 ι
612 2621 658 2676 cui
676 2620 775 2676 beatus
791 2638 862 2692 quo·
903 2620 996 2691 ruptio
1015 2637 1079 2675 sero
1107 2622 1207 2676 animae
1234 2628 1263 2676 et
1286 2623 1409 2694 corporis
1426 2623 1534 2678 nullum
1555 2622 1699 2695 suppliciis

59 2728 117 2783 que
131 2711 237 2767 Paulus
248 2712 398 2766 coneordat
411 2711 454 2765 his
469 2710 560 2765 verbis
576 2729 581 2763 :
597 2730 608 2762 ι
625 2711 732 2777 Videte,
749 2710 860 2776 iratres,
902 2709 1056 2764 terminum
1069 2709 1157 2766 dabit.
1171 2711 1221 2765 Dic
1244 2728 1311 2782 ergo
1338 2728 1412 2767 nunc
1439 2716 1544 2784 quanta
1571 2715 1700 2784 tempora

59 2817 98 2857 ne
109 2801 184 2856 torte
194 2801 232 2856 sit
246 2801 275 2855 in
289 2800 384 2872 aliquo
394 2805 519 2854 vestrum
534 2815 582 2854 cor
595 2800 701 2854 malurn
715 2799 863 2855 increduli·
904 2797 1029 2864 luvana,
1048 2816 1109 2870 quae
1123 2799 1287 2854 deliciarum
1298 2801 1391 2872 spatia
1405 2817 1567 2872 comparare
1579 2801 1620 2855 vis
1633 2801 1700 2858 tali·

59 2891 130 2947 tatis
148 2889 310 2945 discedendi
324 2906 341 2944 a
355 2891 413 2944 Deo
427 2889 498 2956 vivo,
514 2890 563 2943 sed
588 2888 777 2944 adhortamini
801 2904 864 2944 vos·
905 2885 958 2941 bus
971 2887 1081 2959 poenisl
1094 2895 1207 2943 centum
1222 2890 1314 2960 placet
1328 2906 1416 2945 anuos
1423 2890 1530 2945 deliciis
1538 2891 1616 2958 dare,
1627 2890 1700 2947 adde

61 2981 201 3052 metipsos
217 2980 407 3051 persingulas
429 2979 499 3044 dies,
515 2979 603 3034 donec
624 2978 706 3033 bodie
719 2978 863 3049 cognomi·
906 2981 935 3029 et
947 2975 1017 3030 alios
1031 2982 1154 3045 centurn,
1163 2977 1187 3032 si
1196 2977 1265 3032 libet
1273 2979 1365 3034 decies
1380 2985 1492 3034 centum
1506 2980 1587 3047 adde,
1596 2985 1625 3035 et
1639 2996 1701 3051 quas

59 3076 158 3136 viatur,
175 3075 277 3124 utnon
291 3068 445 3124 obduretur
469 3068 517 3139 qui
534 3085 567 3122 ex
582 3067 659 3123 vobis
673 3067 784 3122 fallacia
801 3084 863 3139 pec·
874 3047 894 3103 C
906 3065 961 3120 erit
974 3083 1007 3120 ex
1020 3066 1065 3120 his
1077 3067 1113 3120 ad
1122 3067 1308 3122 retemitatem
1318 3069 1702 3140 comparatiolncnueomne

60 3159 156 3215 cati.»
178 3159 322 3215 Obdurato
343 3159 431 3229 igitur
450 3158 534 3211 corde
555 3157 632 3223 vivit,
647 3157 705 3212 sive
728 3158 776 3228 qui
800 3173 864 3212 con·
904 3160 1015 3226 tempus
1031 3154 1093 3209 vite
1106 3156 1199 3227 hujus,
1216 3157 1290 3228 quod
1303 3157 1410 3212 deliciis
1425 3158 1531 3229 perfrui
1545 3158 1654 3213 videtur
1673 3163 1702 3214 et

60 3249 184 3304 vertitur
198 3249 350 3320 desperans
365 3247 400 3301 dc
413 3246 589 3318 indulgentia
601 3242 789 3318 peccatorum,
806 3246 864 3302 sive
905 3242 1051 3315 indulgere
1065 3244 1184 3312 libidini,
1201 3246 1281 3317 quasi
1291 3247 1375 3301 unius
1390 3248 1479 3302 noctis
1497 3248 1648 3313 somnium,
1665 3247 1701 3303 ad

59 3340 112 3413 qui
126 3338 168 3393 sic
180 3337 400 3392 misericordiam
411 3335 462 3390 llei
477 3339 580 3407 sperat,
597 3341 626 3390 et
639 3334 767 3407 usquein
778 3336 864 3391 finem
905 3333 1071 3388 eternitatis
1080 3335 1317 3407 comparationem
1331 3335 1441 3390 videtur
1453 3336 1532 3391 esse?
1543 3337 1572 3391 Si
1582 3343 1701 3408 asterga

60 3428 127 3483 vitre
156 3426 301 3500 presentis
324 3426 353 3480 in
380 3441 496 3480 suorum
517 3424 666 3480 criminum
682 3425 865 3496 perversitate
905 3421 1016 3492 aliquis,
1027 3422 1074 3493 qui
1084 3428 1179 3478 utuua
1187 3429 1268 3477 nocte
1277 3423 1441 3478 delectabile
1450 3424 1699 3493 videatsomnium,

62 3520 221 3572 mmsneat.
251 3515 372 3569 Proinde
391 3514 539 3583 diligentes
566 3513 785 3567 misericordiam
815 3512 865 3567 Dei
905 3515 1025 3565 eternas
1038 3509 1131 3566 subire
1142 3511 1227 3582 eligat
1240 3527 1346 3582 pennas,
1354 3517 1384 3567 et
1393 3513 1442 3566 illa
1455 3529 1505 3583 pro
1520 3513 1563 3567 his
1577 3513 1702 3584 recipere

63 3612 282 3675 metuentesque
290 3603 441 3674 justitiam,
451 3619 502 3657 nec
518 3603 552 3656 dc
566 3602 864 3673 remissionepeccslo·
905 3599 947 3652 vel
962 3616 1013 3671 pro
1029 3599 1083 3653 illis
1096 3600 1150 3653 ista
1162 3605 1287 3654 mutare:
1305 3600 1429 3655 nonduin
1441 3600 1579 3655 descendo
1588 3600 1703 3657 aduitu-

64 3712 129 3752 rnm
155 3695 346 3766 desperemus,
376 3708 426 3746 ner
456 3708 651 3745 remaneamus
680 3691 708 3745 in
733 3690 863 3761 p‹:‹„..ris‚
905 3687 1080 3759 pandonem
1094 3688 1366 3760 deliciarum,neque
1377 3689 1703 3761 amaritudinemquaein

65 3785 188 3840 scientes
204 3781 269 3853 quis
280 3781 329 3836 illa
339 3781 465 3835 omnium
479 3780 626 3835 hominum
642 3779 735 3834 debita
749 3779 786 3833 sit
799 3795 865 3833 exa·
906 3776 946 3831 eis
960 3781 990 3832 st
1013 3793 1088 3831 nunc
1112 3776 1216 3848 aperio,
1236 3777 1301 3848 quia
1325 3794 1375 3832 uec
1402 3778 1564 3849 hujusmodi
1583 3777 1703 3835 orationi

65 3880 148 3931 stura
161 3872 280 3944 aequitas
293 3869 443 3942 justissimi
455 3869 568 3941 judicis,
583 3886 643 3940 quae
655 3886 710 3923 non
727 3867 866 3923 dimiserit
905 3864 959 3921 hoc
974 3871 1085 3938 torupus
1100 3877 1151 3935 est,
1167 3867 1216 3921 sed
1227 3872 1294 3922 tune
1308 3884 1372 3922 cum
1387 3867 1459 3921 torte
1474 3866 1509 3922 ab
1521 3867 1565 3922 his
1579 3867 1704 3939 effugere

65 3961 260 4020 misericordia
273 3958 683 4030 clementissimiRedemptoris
695 3977 701 4026 ;
714 3957 865 4013 sicutenim
907 3956 1040 4028 potueris,
1057 3972 1132 4011 nunc
1146 3955 1221 4010 enim
1237 3971 1301 4011 cum
1325 3956 1354 4011 in
1378 3956 1413 4013 iis
1427 3955 1597 4029 passibiliter
1609 3952 1706 4014 tenea·

67 4051 261 4110 misericordia
275 4049 400 4120 suscipit,
415 4047 587 4119 absolvitque
597 4064 753 4114 conversos,
770 4047 810 4102 ita
821 4047 867 4118 ju·
906 4045 955 4112 ris,
970 4045 1089 4100 delirare
1103 4061 1155 4100 nos
1164 4045 1265 4114 credis,
1278 4045 1303 4100 si
1315 4046 1389 4101 dona
1403 4045 1537 4115 libidinis,
1547 4062 1609 4120 quve
1622 4050 1707 4121 grata

68 4143 146 4198 stitia
159 4139 278 4211 repellet
291 4143 320 4192 et
329 4137 427 4208 puniet
438 4135 599 4203 obduratos,
615 4137 644 4190 hi
657 4141 725 4191 sunt
737 4136 786 4207 qui
801 4151 867 4207 pec·
908 4134 1039 4190 omnibus
1060 4133 1191 4190 videntur
1205 4141 1233 4190 et
1238 4135 1372 4206 jucunda,
1389 4152 1490 4208 aspera
1499 4152 1660 4193 asseramus
1677 4132 1707 4195 et

69 4237 164 4287 mame
178 4229 208 4283 in
221 4228 357 4300 Spiritum
377 4228 520 4294 Sanctum,
537 4225 671 4298 usquein
691 4226 744 4279 hoc
767 4225 868 4279 seculo
908 4239 1006 4280 amara
1018 4243 1025 4290 ;
1038 4224 1139 4279 sivero
1154 4240 1204 4295 per
1224 4224 1444 4281 misericordiam
1460 4225 1511 4281 Dei
1535 4226 1653 4282 evadere
1671 4241 1706 4284 ex

70 4334 160 4394 usqne
189 4317 219 4373 in
239 4317 334 4372 tuturo
358 4308 552 4372 remissionem
578 4315 716 4386 accipient
739 4318 867 4387 peceato·
909 4313 1104 4385 hujuscemodi
1117 4313 1283 4387 egritudine
1296 4314 1425 4385 quiveris,
1439 4321 1507 4371 tunc
1519 4315 1586 4387 quid
1600 4313 1707 4372 amari·

69 4426 141 4467 rum.
872 4403 1021 4467 Dtudinis,
1034 4403 1092 4459 imo
1105 4404 1247 4475 veroquid
1258 4403 1357 4458 veneni
1368 4401 1593 4459 habueritlibido
1607 4403 1706 4477 dopm-

68 4555 134 4613 cff·
149 4554 186 4609 x·
204 4583 237 4596 '⁸'
251 4552 426 4623 C⁰ml²ss¹¹⁰ll⁰
439 4549 567 4620 somnae
578 4549 616 4605 ati
630 4552 730 4606 lunum
752 4564 868 4619 presan·
908 4492 1024 4550 hendds'

409 4642 443 4695 tis
457 4642 527 4696 sits.
944 4628 1010 4684 Cas.
1022 4627 1071 4684 xl.
1082 4659 1113 4670 -
1129 4627 1166 4683 dc
1176 4643 1224 4683 nos
1239 4625 1376 4684 tardando
1388 4631 1511 4685 concuti
1520 4629 1558 4685 od
1570 4626 1667 4686 deum.

98 4767 337 4834 Haeerecordare,
347 4764 386 4820 mi
398 4765 497 4833 amice,
507 4770 536 4821 et
546 4764 625 4820 illum
630 4765 766 4836 gehenna
773 4764 867 4835 ignem
945 4761 1017 4828 Quid
1030 4761 1204 4817 differimus?
1218 4760 1285 4833 quid
1299 4759 1460 4818 moramur?
1474 4760 1607 4819 etdivme
1620 4757 1706 4833 largi·

54 4947 168 5009 ditatis
182 4962 302 5018 oppone,
316 4949 359 5000 est
372 4943 448 5000 enim
459 4944 512 5000 hoc
521 4942 650 4998 mirabile
663 4942 802 5014 quoddam
812 4959 870 4998 me·
909 4940 1020 4996 bonitas
1047 4939 1134 4994 ctiam
1160 4939 1213 4995 hoc
1239 4937 1369 5012 providit,
1392 4943 1425 4994 ut
1445 4937 1574 4994 laborum
1593 4936 1708 5011 quidem

50 5036 224 5099 dicamenti
235 5051 335 5106 genus,
349 5039 382 5088 nt
394 5033 473 5104 ignes
488 5032 598 5103 ignibus
606 5033 830 5103 exstinguantur;
846 5031 870 5087 si
909 5036 1021 5102 tempus
1031 5034 1059 5085 et
1068 5028 1166 5099 agonis
1176 5043 1232 5084 non
1240 5027 1411 5093 extenderet,
1421 5043 1456 5084 ue
1465 5026 1581 5100 longum
1592 5025 1708 5097 faceret,

52 5132 147 5188 enim
162 5124 304 5180 restinctae
327 5139 383 5178 non
401 5122 507 5177 suerint
520 5121 651 5177 libidines
674 5122 743 5185 istac,
761 5138 823 5193 quae
841 5127 870 5178 tc
911 5125 961 5175 aut
970 5125 1116 5186 atomum,
1134 5118 1182 5173 sed
1196 5117 1288 5181 breve,
1307 5123 1336 5171 et
1357 5123 1390 5171 ut
1404 5117 1444 5171 ita
1468 5116 1559 5171 dicam
1583 5131 1709 5172 momen-

51 5231 146 5277 nunc
161 5214 317 5284 exagitant,
333 5213 397 5266 illos
410 5211 463 5265 tibi
477 5216 595 5266 aeternos
609 5211 689 5281 ignes
707 5210 828 5266 acriores
843 5216 872 5266 et
911 5215 972 5264 tum
988 5208 1129 5280 quoddam
1154 5208 1230 5261 hona
1244 5206 1337 5272 unius,
1353 5207 1405 5259 hoc
1426 5205 1501 5260 enim
1524 5211 1568 5261 est
1586 5220 1710 5278 praesens
1811 5274 1815 5286 ι

51 5300 449 5373 inexstinguibilesreddent.
458 5300 569 5364 Quanto
580 5306 664 5371 putas
674 5307 870 5372 temporeper-
912 5299 971 5354 haec
986 5297 1051 5362 vita,
1066 5296 1089 5350 si
1100 5295 1136 5350 ad
1152 5295 1227 5350 illam
1241 5294 1401 5349 conferatur
1414 5299 1549 5350 sarnam
1561 5314 1568 5363 3
1584 5290 1708 5366 providit

51 5408 190 5454 manere
203 5389 256 5445 tibi
271 5406 353 5461 posse
377 5388 521 5461 presentis
543 5388 607 5443 vitae
620 5388 755 5442 delicias?
769 5393 801 5443 ut
819 5404 870 5458 ego
911 5405 978 5458 ergo
996 5384 1104 5441 bonitas
1115 5385 1175 5448 Dei,
1191 5390 1222 5439 ut
1233 5384 1260 5438 in
1271 5385 1323 5438 hac
1332 5382 1409 5438 brevi
1423 5388 1453 5438 et
1466 5383 1568 5456 exigua
1575 5384 1631 5440 vita
1639 5400 1708 5456 ego·

52 5484 189 5561 quidem
201 5496 275 5545 reor,
291 5495 342 5534 nec
350 5477 555 5550 quinquaginta
566 5479 626 5548 jam
637 5476 688 5532 tibi
697 5477 764 5532 anni
776 5492 871 5547 super·
912 5493 961 5531 nes
971 5480 1064 5531 essent
1077 5480 1106 5528 et
1118 5473 1236 5537 labores,
1253 5472 1281 5527 iu
1305 5472 1352 5526 illa
1376 5488 1441 5528 vero
1456 5488 1517 5545 quae
1532 5478 1638 5529 aetema
1652 5477 1705 5540 est,

53 5592 131 5633 esse
146 5569 290 5643 usquead
306 5573 461 5626 extremum
476 5573 603 5641 possunt,
619 5566 745 5637 quamvis
765 5565 803 5620 sis
813 5565 872 5620 lon·
912 5581 1015 5619 corona
1032 5569 1060 5620 et
1083 5563 1199 5635 praemia
1213 5561 1388 5631 rueritorurn,
1415 5567 1447 5617 ut
1465 5561 1574 5619 labores
1592 5561 1707 5638 quiden
