3772 6120
113 335 192 405 325
353 330 642 390 ENARRA'I'IONUM
661 336 701 391 IN
719 336 796 392 EPP.
817 336 925 391 PAULI
944 333 1013 390 nm.
1033 335 1177 392 xxm-
1196 336 1236 392 IN
1255 335 1366 391 EPIS'I.
1387 335 1436 391 tn
1455 334 1560 391 HEBR.
1724 338 1776 395 tto

109 455 264 527 rapinem
273 453 497 508 substantiarum
503 458 837 529 vestrarumcumgaudio
843 457 1075 528 susce-AInquit,
1091 458 1175 513 variis
1190 465 1219 513 et
1233 460 1311 515 novis
1326 476 1383 514 non
1398 459 1644 528 circumferamini,
1661 478 1718 518 non
1729 479 1775 518 so-

112 544 321 630 pististllsbr.
335 547 362 611 r)
372 562 398 610 n,
409 542 483 597 unde
498 545 622 599 ostendit
634 562 683 600 eos
695 562 751 602 non
766 563 826 601 esse
841 547 932 601 averi-
973 543 1030 599 lum
1047 546 1135 613 novis,
1151 548 1200 602 sed
1216 549 1301 604 etiem
1320 549 1414 603 variis.
1436 549 1528 603 Novas
1538 548 1607 603 dicit
1620 550 1773 618 doctrinas,

111 632 514 702 tiadeditosdusteergoeos
520 633 678 698 admonet«
691 636 931 703 etsuflicientium,
973 634 1026 687 hoc
1039 641 1082 689 est
1096 641 1197 706 preter
1211 653 1282 709 ques
1296 638 1414 693 audistis
1427 655 1444 692 e
1457 637 1547 704 nobis,
1563 638 1616 692 hoc
1625 644 1668 692 est
1677 640 1775 695 multi·

113 722 238 794 inquit,
258 719 394 775 habentes
413 722 603 793 praesentIurn.
626 741 639 776 n
659 723 798 788 Quoniam
819 725 934 796 plurimi
974 723 1077 778 formes
1093 730 1123 778 et
1131 726 1323 780 multiruodas.
1335 727 1612 782 Nilrilcnimtirmum
1620 728 1773 799 possident,

114 816 207 895 post
217 810 432 865 exinanitionem
458 810 679 867 substantiarum
696 829 823 881 suarum,
837 820 934 885 postea
974 812 1024 865 sed
1049 819 1116 867 sunt
1136 813 1357 870 differentiarum
1377 816 1512 870 redetate
1541 816 1720 888 multiplices,
1746 824 1775 873 et

113 900 253 972 cupiunt
263 898 315 954 sub
323 898 440 954 obtentu
448 900 630 973 eleemosynae
645 902 747 957 iterum
763 920 933 974 congregare
974 901 1097 956 maxime
1112 903 1215 974 dogma
1227 903 1262 958 de
1284 904 1354 959 escis
1375 904 1455 959 valde
1479 910 1590 960 constat
1608 905 1771 977 lmplaxum.

117 989 257 1055 divides,
273 1004 286 1040 s
301 994 461 1060 propterea,
477 989 578 1062 inquit,
594 991 753 1046 sintmores
768 992 828 1047 sine
841 994 933 1047 evan·
976 1008 989 1042 n
1004 990 1114 1046 Bonum
1138 998 1182 1045 est
1201 992 1274 1046 enirn
1298 993 1390 1063 gratia
1411 993 1531 1047 stabiliri
1546 1009 1603 1060 cor,
1620 1010 1677 1049 non
1691 997 1772 1060 escis,

118 1077 276 1146 tinihec
285 1083 337 1144 est,
352 1082 386 1132 ut
399 1077 468 1132 illud
483 1085 684 1151 exspectemus,
698 1082 771 1152 quod
789 1082 851 1136 usui
863 1099 933 1155 opus
976 1097 989 1130 s
1004 1096 1065 1149 qum
1080 1096 1135 1134 non
1150 1081 1314 1151 prosuerunt
1335 1081 1545 1136 ambulantibus
1568 1083 1597 1137 in
1622 1083 1672 1137 eis.
1692 1102 1704 1135 a
1723 1084 1775 1139 llic

124 1167 225 1229 fuerit
237 1172 264 1222 et
277 1184 328 1240 pro
352 1168 518 1223 necessariis
541 1174 652 1223 tautum
676 1186 771 1224 curam
789 1188 931 1241 geramus.
974 1168 1146 1238 pedetentim
1163 1186 1210 1223 eos
1223 1170 1372 1241 significat,
1389 1171 1437 1241 qui
1449 1187 1576 1225 escarum
1591 1171 1775 1228 Introducunt

124 1256 215 1326 Quid
225 1256 363 1327 ergodIcit
372 1256 474 1328 aliquis
483 1257 506 1311 si
516 1273 568 1312 nec
576 1257 701 1329 ipsorum
711 1261 932 1315 necessariorum
973 1255 1180 1312 observationes
1196 1277 1202 1312 :
1218 1259 1283 1313 fidei
1299 1240 1401 1331 q⁴uippe
1415 1261 1546 1314 universo
1564 1260 1671 1315 munda
1695 1267 1772 1316 sunt.

128 1345 221 1405 nobis
231 1345 487 1416 confingathebere
497 1346 648 1418 suffragia?
658 1349 721 1403 Non
731 1355 773 1403 est
782 1349 932 1415 hoc,crede
973 1345 1041 1399 Fide
1060 1362 1126 1416 ergo
1139 1362 1209 1418 opus
1223 1352 1274 1407 est,
1286 1364 1337 1403 nos
1353 1349 1434 1402 escis.
1447 1349 1510 1404 lstae
1524 1355 1592 1404 sunt
1605 1349 1698 1415 variae,
1714 1350 1774 1404 istra

134 1428 683 1507 mili‚nonhocest.oistequippedixit:
701 1438 932 1494 Nontedessnam
973 1449 1060 1503 novae,
1076 1435 1196 1489 maxime
1211 1435 1322 1491 Christo
1336 1436 1445 1491 dicente
1469 1456 1502 1491 :s
1519 1439 1581 1493 Non
1596 1438 1671 1509 quod
1685 1439 1775 1495 intrat

142 1542 166 1579 ι
183 1539 256 1595 neque
267 1523 472 1596 derelinquam,
489 1525 528 1579 ite
548 1531 581 1580 ut
601 1527 774 1581 confidenter
796 1528 930 1595 dicamus,
973 1522 1003 1576 in
1029 1540 1060 1577 0⁸
1082 1524 1246 1596 coinquinat
1265 1525 1417 1591 hominem,
1447 1527 1495 1580 sed
1524 1528 1598 1597 quod
1629 1527 1774 1598 egrediiur

142 1630 168 1669 ι
186 1612 300 1667 bominum
315 1613 385 1666 mihi
397 1613 511 1683 adjutor
519 1623 571 1675 est,
584 1631 641 1669 non
655 1615 759 1670 timebo
773 1616 840 1687 quid
850 1617 934 1671 faciat
975 1613 1081 1679 (Malta.
1097 1626 1162 1679 xv1;
1181 1620 1236 1669 »et
1250 1614 1360 1670 intuere
1374 1616 1454 1670 illum
1471 1632 1527 1671 non
1547 1616 1697 1671 audentem
1721 1618 1774 1673 hoc

150 1718 170 1752 ι
187 1701 238 1755 nihi
250 1701 341 1756 horno.
360 1721 374 1753 a
391 1703 496 1757 lterum
510 1702 539 1757 in
549 1703 752 1758 tentationibus
763 1706 929 1760 consolatio:
973 1701 1120 1756 manifeste
1130 1702 1231 1770 dicere,
1249 1698 1297 1757 sed
1311 1710 1448 1775 tanquam
1462 1704 1514 1760 sub
1529 1705 1624 1777 eliqua
1633 1706 1773 1777 algnitica·

150 1789 209 1861 ipse
217 1791 311 1862 anppe
324 1790 396 1845 dixit
404 1798 432 1845 et
441 1791 569 1862 protInus
579 1793 657 1846 nullo
666 1793 775 1848 ratione
785 1795 929 1860 mentitur,
939 1776 1058 1844 iltionc.
1076 1808 1090 1844 t
1105 1791 1214 1845 Bonum
1229 1798 1272 1846 est
1286 1793 1371 1859 enirn,
1384 1794 1486 1864 inquit,
1497 1795 1591 1865 gretia
1604 1797 1772 1851 confirmare

154 1897 174 1930 ε
189 1879 298 1950 panum
304 1895 362 1934 non
371 1886 400 1934 te
409 1880 635 1953 dereIInquam.»
648 1882 767 1937 ProInde
777 1900 840 1937 curn
847 1885 932 1939 conti-
972 1895 1028 1945 eor,
1042 1895 1099 1932 non
1109 1880 1188 1933 escis.
1202 1899 1215 1932 a
1227 1881 1412 1935 TotumcnIm
1422 1882 1450 1935 in
1462 1882 1517 1936 fide
1536 1890 1655 1950 constat,
1672 1885 1696 1939 si
1711 1885 1774 1957 ipsc

154 1965 236 2021 dentis
247 1968 396 2023 nosdicerc
407 1970 730 2039 possumus,«Dorninus
740 1971 809 2025 milri
819 1972 932 2042 adjutor
971 1968 1110 2033 firmetur,
1127 1984 1176 2022 cor
1195 1985 1306 2040 quoque
1329 1970 1470 2024 munitum
1495 1971 1557 2025 erit.
1580 1972 1662 2027 Fides
1685 1974 1773 2044 Igitur

155 2062 204 2121 eat,
214 2072 260 2110 non
272 2056 378 2111 timebo
397 2057 464 2128 qnid
478 2057 562 2112 factat
575 2059 645 2113 mihi
660 2059 761 2114 homo:
780 2078 793 2114 s
811 2063 930 2132 pronus·
971 2058 1238 2124 cunctacontirmat,
1249 2058 1433 2128 cogitationes
1447 2064 1542 2114 eutem
1552 2060 1636 2114 rariae
1648 2078 1771 2117 commo-

156 2158 210 2198 πω
220 2144 306 2205 habes.
318 2162 375 2200 non
391 2146 476 2201 debes
491 2147 620 2202 haesitare
633 2167 638 2200 ι
651 2148 710 2219 ipse
724 2149 861 2220 promisit,
873 2167 928 2204 non
971 2152 1045 2212 vent,
1061 2146 1203 2201 contraria
1217 2147 1320 2218 quippe
1335 2152 1378 2200 est
1392 2147 1462 2201 tides
1476 2149 1588 2218 vaganti
1596 2150 1769 2219 cogitationi.

157 2231 272 2305 tnbigcs.
283 2235 378 2300 »Quod
389 2241 484 2290 autern
494 2236 589 2301 dicits
601 2253 657 2291 non
667 2238 905 2310 tederelinquam‚
916 2260 928 2293 s
973 2254 985 2286 ι
1003 2235 1034 2288 ln
1050 2233 1151 2305 quibus
1165 2235 1209 2288 his
1219 2235 1266 2306 qui
1277 2235 1501 2299 ambulaverunt,
1514 2236 1614 2307 iuquit,
1624 2237 1694 2292 nihil
1703 2238 1771 2293 utile

159 2323 244 2377 nonde
263 2324 389 2395 pecuniis
411 2330 522 2380 tanturn
541 2326 618 2391 dicit,
643 2327 691 2380 sed
711 2327 796 2382 etiarn
815 2329 849 2381 de
868 2328 931 2383 aliis
971 2324 1099 2394 provenit
1110 2324 1309 2395 :aquodenim
1320 2324 1429 2378 lucrum
1440 2330 1492 2390 est,
1504 2342 1581 2396 rogo,
1597 2326 1770 2381 exobserra-

156 2412 279 2480 modist
300 2413 447 2471 Dominus.
461 2414 562 2486 inquit,
578 2414 648 2469 mihi
671 2416 784 2486 adjutor
806 2423 857 2483 est,
873 2434 929 2473 non
969 2411 1116 2467 tionibus?
1139 2429 1233 2468 nonne
1254 2413 1420 2469 interimunt
1433 2413 1545 2484 tnagis?
1561 2431 1654 2469 nonne
1668 2415 1768 2486 hujus·

157 2495 248 2568 timebo,
255 2501 322 2574 quid
330 2502 416 2557 faeiat
426 2503 595 2569 mihihomo,
615 2524 627 2556 u
638 2510 667 2558 et
673 2511 765 2572 recte3
778 2506 830 2560 hoc
844 2506 930 2577 igitur
970 2501 1046 2555 modi
1057 2502 1198 2557 homiuem
1213 2501 1265 2556 sub
1279 2508 1392 2574 peccato
1411 2503 1605 2559 constituunt?
1628 2503 1680 2558 hoc
1694 2505 1770 2559 enim

158 2586 277 2645 etitnnos
292 2591 321 2645 in
339 2591 477 2647 uniuersis
487 2593 690 2648 tentationibus
699 2595 884 2661 exclamenus,
901 2602 930 2650 et
970 2590 1110 2645 custodire
1121 2591 1215 2663 potins
1226 2597 1301 2646 est«
1311 2593 1343 2646 In
1353 2591 1464 2662 quibus,
1475 2592 1576 2663 inquit,
1586 2592 1768 2664 quiambula·

157 2670 227 2732 Deum
241 2679 376 2735 habentes
397 2681 550 2753 propitium
563 2682 689 2737 humane
704 2684 799 2737 omnia
815 2683 929 2738 irrides·
969 2680 1156 2746 verunt,nihil
1170 2680 1329 2735 habuerunt
1342 2680 1505 2748 uniltatis»
1518 2689 1570 2735 noc
1579 2686 1622 2735 est
1638 2682 1686 2752 qui
1695 2699 1769 2737 sem-

157 2767 303 2824 mnszsicut
318 2769 393 2822 enIm
408 2769 466 2823 Deo
478 2769 653 2841 Indignante,
670 2771 739 2826 nihil
760 2772 840 2826 nobis
864 2789 929 2843 pro·
970 2784 1021 2839 per
1034 2768 1090 2822 ista
1112 2769 1283 2824 custodiunt.
1299 2770 1362 2824 Une
1386 2786 1508 2841 namque
1533 2776 1576 2824 est
1595 2769 1772 2827 observantia

156 2848 401 2921 deitacsicuncti
416 2859 498 2912 amici
513 2859 668 2914 consistunt
683 2880 691 2914 :
707 2860 748 2914 sic
762 2860 848 2915 etiam
871 2862 929 2915 Deo
970 2855 1111 2911 abstinere
1131 2858 1295 2913 videliceta
1318 2864 1440 2930 peccato.
1458 2858 1531 2923 Quid
1557 2859 1632 2913 enirn
1656 2859 1771 2930 prodest

155 2952 196 2995 1¹⁰⁸
205 2944 330 3018 diligente
343 2948 423 3002 nulla
435 2947 516 3002 nobis
524 2949 579 3003 erit
588 2950 749 3015 necessitas,
759 2950 927 3016 nullelaesIo,
970 2944 1112 3001 abstinere
1126 2963 1144 3000 a
1157 2947 1235 3013 cibis,
1253 2949 1319 3002 dum
1330 2949 1416 3003 etiam
1427 2947 1542 3020 quidam
1551 2948 1581 3001 iu
1591 2953 1703 3003 tantum
1713 2949 1771 3002 sint

155 3032 711 3108 tesinoscunctihostiliterinsequentur,
725 3039 927 3106 «nontimebo,
970 3035 1110 3101 vecordes,
1135 3041 1168 3089 ut
1195 3036 1280 3090 etiam
1305 3037 1339 3091 de
1360 3036 1502 3091 sacrificiis
1526 3036 1690 3108 participari
1712 3053 1769 3092 non

154 3112 233 3191 inquit,
246 3126 314 3196 quid
329 3126 414 3181 saciat
428 3127 497 3181 mihi
510 3127 603 3182 homo.
622 3150 634 3179 ι
970 3125 1099 3178 valeant?
1122 3125 1243 3180 Proinde
1263 3125 1334 3179 nihil
1358 3141 1406 3179 eos
1419 3125 1545 3191 salvarit,
1568 3125 1634 3180 licet
1651 3125 1769 3180 studiosi

180 3209 363 3268 ‘Mementote
377 3215 590 3286 prepositorum
603 3221 768 3282 vestrorum,
790 3216 838 3287 qui
854 3216 930 3270 vobis
969 3218 1101 3283 gererent
1121 3213 1194 3267 circa
1215 3214 1407 3284 hujuscemodi
1429 3214 1646 3280 observationes,
1671 3231 1768 3269 verum

154 3294 245 3357 «beuti
258 3310 326 3357 sunt
340 3302 457 3359 verbum
472 3304 532 3368 Del,
543 3320 662 3375 quorum
672 3305 814 3358 intuentes
821 3305 927 3360 exitum
969 3301 1035 3372 quie
1049 3301 1134 3356 tidem
1149 3319 1205 3356 non
1220 3301 1388 3367 habuerunt,
1405 3303 1474 3356 nihil
1499 3302 1555 3356 illis
1570 3303 1674 3375 profuit
1689 3319 1768 3358 esca·

152 3392 388 3459 “wuremtionis
413 3392 563 3447 imitamIni
590 3393 839 3448 nnem.»1nhoc
866 3393 927 3448 loco
968 3406 1031 3444 rum
1046 3390 1240 3445 illecustodIe.
1257 3410 1271 3444 s
1288 3390 1430 3445 Habemus
1445 3393 1544 3457 altare,
1560 3391 1595 3446 dc
1610 3409 1666 3462 quo
1685 3392 1768 3447 edere

150 3471 217 3533 etism
230 3480 264 3535 de
278 3481 421 3552 adjutorio
433 3480 463 3535 in
478 3481 578 3535 tratres
593 3498 658 3535 eum
677 3482 804 3536 existimo
822 3482 923 3549 dicere,
970 3496 1056 3533 «non
1076 3479 1182 3534 habent
1198 3485 1375 3550 potestatem,
1397 3480 1445 3550 qui
1467 3479 1648 3535 tabernaculo
1672 3481 1767 3535 deser-

148 3552 235 3623 bocer
246 3570 323 3625 enim
339 3570 413 3640 quod
428 3568 516 3625 dicit:
531 3571 579 3642 qui
593 3570 670 3625 vobis
685 3571 770 3625 locuti
784 3578 850 3625 sunt
863 3588 926 3626 ver·
969 3568 1084 3622 «vlunt.
1102 3587 1115 3621 a
1131 3569 1195 3622 Non
1211 3568 1286 3621 enlm
1303 3568 1397 3638 qualia
1411 3574 1478 3622 sunt
1492 3568 1566 3638 apud
1581 3568 1701 3634 Judaeos,
1719 3575 1768 3622 ta-

144 3640 265 3725 brunei,
283 3674 404 3729 quorum
418 3659 640 3730 contemplantes
654 3659 759 3713 exitum
777 3676 925 3714 conversa·
964 3656 1003 3710 lia
1019 3657 1104 3711 etiam
1127 3664 1224 3710 nostra
1241 3663 1317 3719 sunt,
1343 3657 1383 3710 ita
1406 3663 1437 3710 ut
1460 3672 1512 3710 nec
1534 3657 1659 3727 pontifici
1684 3657 1768 3711 liceat

144 3734 213 3800 tiouis
225 3746 378 3801 imitamini
392 3747 486 3801 iidem.
506 3767 518 3800 n
535 3747 607 3812 Quid
619 3752 663 3802 est
677 3749 898 3820 contemplantes
913 3750 926 3803 ?
966 3761 999 3800 ex
1013 3745 1057 3799 his
1071 3745 1237 3816 pattiprem
1251 3745 1322 3799 lieri.
1339 3745 1461 3799 Proiude
1486 3745 1619 3816 quonlam
1645 3744 1764 3812 dixerat,

140 3834 227 3902 *pins
235 3836 333 3890 animo
341 3840 493 3897 versantes,
502 3842 531 3891 et
540 3837 614 3907 apud
626 3837 809 3909 vosmetipsos
819 3839 926 3894 exami-
966 3833 1053 3888 nolite
1068 3834 1126 3888 hec
1136 3833 1284 3901 custodIre,
1296 3850 1332 3888 ne
1342 3839 1436 3904 posset
1445 3833 1539 3905 putari
1549 3850 1601 3888 sua
1610 3835 1765 3901 destruere,

140 3922 236 3992 hate,
244 3925 457 3980 considerantes
465 3925 615 3993 subtiliter,
624 3926 815 3994 discutientes,
825 3928 925 3999 Inquit,
968 3923 1067 3977 merito
1081 3923 1185 3978 iterum
1198 3923 1291 3994 ipsum
1306 3929 1406 3989 uersat,
1423 3939 1483 3989 nos,
1504 3922 1605 3995 inquit,
1625 3923 1695 3978 talla
1720 3940 1767 3979 cu·

137 4005 466 4080 eiummnversationis,
483 4015 828 4087 hoeestperseveruntiam
839 4032 927 4086 usque
967 4003 1115 4079 stodimus,
1131 4011 1304 4067 custodimus
1318 4013 1394 4066 enirn
1409 4018 1438 4066 et
1458 4013 1659 4078 vehementius,
1675 4030 1766 4085 neque
1858 4036 1861 4041 ¹

134 4084 267 4169 innuen,
280 4103 414 4174 quoniam
428 4104 514 4157 linem
527 4102 632 4158 bonum
646 4104 744 4159 habult
750 4121 847 4158 eorum
860 4120 926 4158 con·
967 4101 1036 4172 Ipsis
1050 4100 1241 4156 sacerdotibus
1251 4118 1284 4155 ex
1291 4100 1336 4155 his
1346 4101 1524 4173 aliquatenus
1536 4101 1645 4155 dantes.
1661 4102 1767 4157 Deinde

133 4187 257 4246 lenaeo.
270 4191 426 4258 intuentes
442 4191 543 4263 inquit,
560 4193 762 4258 eorumdem,
779 4191 929 4246 imitamini
969 4190 1062 4244 aufert
1082 4190 1212 4261 adguris
1227 4190 1394 4245 sacrificium
1416 4197 1445 4245 et
1458 4192 1493 4246 ad
1506 4190 1689 4263 principalem
1709 4191 1765 4245 ior·

125 4260 212 4334 ⁸(lem
229 4299 236 4333 t
254 4280 359 4335 exvita
372 4281 478 4336 munda
493 4282 571 4336 fides.
599 4282 681 4336 Fides
707 4282 870 4336 firmitatem
884 4281 928 4335 di·
969 4294 1045 4332 mam
1068 4295 1227 4334 sermonem
1252 4296 1334 4335 suum
1353 4279 1456 4349 redigit
1468 4279 1583 4333 dicens:
1603 4297 1616 4329 n
1640 4279 1766 4342 Quorum

121 4353 176 4421 ”It-
192 4368 361 4434 Quomodo?
375 4371 508 4441 quoniam
523 4370 641 4425 credunt
663 4371 699 4425 de
720 4370 822 4425 suturis
843 4391 849 4425 :
870 4387 927 4426 non
971 4367 1075 4422 renim
1090 4369 1256 4424 animalium
1271 4369 1390 4422 insertur
1404 4368 1519 4438 sanguis
1538 4384 1589 4438 pro
1609 4371 1722 4436 peccato
1736 4367 1765 4421 iu

113 4452 203 4512 enim
224 4459 407 4513 ostenderent
426 4459 512 4513 ritem
527 4459 671 4523 mundam,
683 4459 707 4513 si
718 4459 883 4515 haesitarent
891 4461 926 4514 de
970 4462 1095 4511 «sancta
1108 4475 1159 4529 per
1171 4458 1342 4529 pontificem,
1353 4457 1455 4510 horum
1469 4471 1586 4526 corpora
1600 4459 1763 4510 cremantur

106 4522 240 4601 ffitnns.
264 4566 276 4599 s
292 4548 374 4602 Iesus
386 4548 515 4603 Christus
529 4548 590 4602 heri
604 4553 633 4602 et
648 4549 741 4616 bodie,
755 4547 816 4620 ipse
830 4550 860 4604 in
874 4566 926 4604 sae·
969 4563 983 4597 e
998 4551 1077 4600 extre
1090 4552 1183 4600 eostre
1205 4545 1280 4601 »Ille
1291 4546 1480 4616 itaquetypus
1489 4548 1571 4597 erant
1580 4543 1765 4611 istorum,etsi

99 4623 190 4690 Ἧι
202 4636 378 4691 seculorum.
396 4656 409 4689 o
425 4638 493 4692 Heri
507 4653 591 4692 omne
604 4637 927 4709 praeteritumsignisrcat
967 4641 1068 4689 cuncta
1076 4635 1203 4689 Christus
1218 4633 1344 4705 implevit
1357 4633 1436 4687 fortis
1444 4632 1586 4688 sustinens
1594 4633 1761 4705 passionem.

99 4700 248 4803 tPriapus,
276 4725 354 4779 bodie
380 4742 512 4796 praesens,
542 4729 672 4781 seculum
698 4743 764 4781 vero
799 4726 926 4782 futurum
967 4724 1000 4779 In
1009 4724 1062 4778 hoc
1071 4722 1156 4777 etiarn
1166 4721 1388 4792 illudsigniiicat,
1401 4722 1476 4792 qnod
1486 4722 1649 4794 sponbepati
1663 4721 1763 4792 digus·

99 4801 334 4881 ¹1laetermIno,
349 4819 484 4886 tanquam
505 4815 529 4870 si
541 4815 647 4870 diceret
659 4833 665 4870 :
678 4815 797 4870 audistis
810 4816 925 4887 pontili-
965 4816 1012 4866 tus
1026 4817 1077 4877 est,
1092 4810 1242 4865 ostendens
1255 4809 1387 4881 quoniam
1397 4811 1447 4864 illa
1462 4827 1519 4866 non
1534 4817 1615 4865 erant
1628 4810 1763 4883 simplici·

99 4890 197 4969 tem,
213 4901 264 4957 aed
278 4917 334 4956 non
348 4902 519 4973 pontificem,
537 4903 585 4974 qui
600 4903 712 4958 desinet
726 4920 796 4970 esse,
813 4920 926 4975 semper
966 4905 1011 4955 ter
1019 4900 1157 4964 Instituta,
1168 4899 1217 4954 sed
1223 4898 1291 4970 quia
1299 4898 1384 4953 etiarn
1390 4899 1439 4953 illa
1448 4899 1618 4971 dispensatio
1625 4899 1762 4970 passionis

99 4966 201 5044 ¹'Qut
215 4991 276 5062 ipse
286 4997 338 5045 est.
355 4989 450 5046 Veluti
464 4991 489 5045 si
502 4998 596 5047 essent
606 4992 719 5062 quidam
728 4993 777 5063 qui
787 4990 922 5059 dicerent,
965 4989 1050 5060 hujus
1065 4995 1125 5044 erat
1139 4987 1316 5059 significatio.
1335 5005 1348 5040 e
1365 4987 1485 5060 Propter
1497 4988 1571 5060 quod
1586 4994 1615 5043 et
1628 4989 1642 5043 J
1645 5005 1718 5054 esus,
1731 4995 1763 5044 ut

99 5069 260 5133 hostiam
275 5095 332 5134 non
346 5086 399 5147 est,
416 5081 465 5135 sed
480 5081 552 5135 alter
572 5087 706 5136 venturus
730 5088 789 5149 est,
812 5082 848 5136 ad
872 5082 924 5136 hoc
967 5097 980 5130 r
997 5079 1184 5133 sanctificaret
1199 5094 1250 5148 per
1264 5077 1523 5148 suumsanguinem
1531 5076 1666 5149 populum
1683 5081 1762 5132 extra

99 5158 279 5238 &pandit
293 5169 437 5240 quonium,
454 5169 502 5241 qui
516 5169 569 5223 luit
582 5169 654 5236 heri,
666 5170 726 5240 ipse
741 5170 826 5224 etiarn
841 5171 924 5226 bodie
967 5186 980 5221 t
995 5174 1106 5240 portam
1122 5183 1221 5238 passus
1238 5170 1290 5220 est.
1307 5165 1445 5220 Exeemus
1459 5165 1546 5235 Igitur
1559 5164 1670 5219 adeum
1683 5170 1763 5220 extra

99 5236 144 5298 ι
167 5255 195 5311 in
209 5257 343 5313 seculum
358 5277 364 5311 z
379 5274 445 5312 narn
460 5257 598 5329 hodieque
611 5259 700 5313 Judaei
717 5259 815 5313 dicunt
837 5260 923 5315 alium
965 5277 979 5311 s
994 5254 1296 5328 castraimproperium
1311 5255 1373 5324 ejus
1387 5260 1531 5326 portantes
1547 5270 1620 5308 :non
1630 5254 1764 5310 enimba-

99 5336 345 5400 *assensurum
358 5364 364 5412 ;
376 5347 674 5418 expertessemetipsos
684 5346 720 5400 ab
729 5364 762 5402 eo
775 5347 924 5402 reddentes
967 5367 979 5399 ι
995 5346 1094 5400 bemus
1107 5346 1152 5399 hic
1167 5349 1328 5399 manentem
1341 5344 1493 5409 civitatem,
1508 5343 1557 5397 sed
1572 5342 1699 5399 suturam
1721 5345 1763 5401 in·

99 5426 175 5486 ³01
185 5449 268 5487 verus
285 5438 330 5487 est
343 5433 475 5505 pontifex,
486 5434 697 5489 declinaverunt
706 5435 736 5489 ln
746 5451 881 5502 errorem,
892 5441 925 5489 ut
966 5435 1144 5508 tquirimus.
1163 5454 1175 5486 ›
1191 5433 1277 5488 Vides
1290 5433 1411 5505 liguram
1426 5448 1528 5504 magno
1542 5433 1689 5506 splendore
1710 5433 1763 5489 ful·

99 5510 330 5579 knmhnsmm
344 5527 477 5595 putarent
493 5539 554 5579 esse
568 5530 728 5580 venturum.
747 5543 760 5577 s
784 5523 924 5580 Doctrinis
963 5523 1096 5598 gentem?
1110 5523 1165 5578 Pro
1178 5523 1309 5595 peccatis,
1328 5521 1430 5594 inquit,
1447 5527 1526 5578 extra
1539 5528 1650 5595 portam
1662 5538 1762 5595 pessus

99 5608 111 5637 ι
168 5610 253 5666 urile
267 5616 298 5667 at
319 5611 475 5683 perminis
498 5612 586 5669 nolite
605 5611 715 5668 obduci.
741 5612 922 5679 »Docuinia
964 5617 1048 5683 σήμ
1063 5611 1243 5683 egrediamur
1256 5611 1758 5684 igitnrtdeumportsntesimprope-
