3772 6120
120 308 171 367 787
422 307 455 361 Β.
475 298 612 360 hasam
630 299 747 359 MAURl
767 296 926 358 ARCHIEP
944 296 1106 358 uocum.
1127 296 1277 358 OPERUM
1294 288 1387 355 PARS
1405 292 1456 355 m.

120 434 268 491 aconcilio
286 432 373 503 gavisi
397 430 555 501 suntquis
574 428 652 499 digni
672 426 848 482 habebantur
866 420 971 497 proh«
989 432 1150 481 manentem
1174 424 1371 480 substantiam.
1384 442 1398 476 r
1413 422 1501 478 Prout
1519 423 1628 479 diceret
1647 418 1665 481 1

120 525 233 580 nomine
248 524 313 577 lesu
328 519 512 575 contumelias
527 519 585 590 pati
601 519 669 584 (191.
685 522 721 586 vl.
740 537 752 567 ι
961 521 990 569 91
1001 515 1225 581 substantialem,
1239 532 1300 586 999
1315 514 1408 586 999199
1436 526 1492 568 999
1506 512 1595 585 possit
1616 512 1665 570 sict

157 613 404 682 «cognoscentes,
429 607 530 680 inquit,
547 623 594 661 999
610 607 755 661 meliorem
768 603 872 659 habere
892 607 972 658 ett
960 607 1074 658 terrena
1088 604 1181 677 periit.

116 686 1665 722 wan—ww

334 758 523 886 111Β1
519 758 600 885 Β
655 752 859 883 Vl(
815 755 1143 883 18111118
1068 748 1536 888 llVOlVUS.

438 962 556 1024 CAPUT
569 964 619 1022 xl
959 982 1053 1020 vocem
817 926 1322 1020 *desiderabilem
1342 961 1485 1029 «Venite,
1504 956 1648 1018 benedicti

117 1053 1024 1129 1999191999919911199191991991191919ς11919191991,
1042 1055 1175 1126 percipite
1192 1071 1320 1126 r,eguum
1338 1053 1412 1124 qnod
1427 1051 1504 1109 vobis
1518 1056 1653 1124 paratum

254 1132 384 1195 scribens,
398 1128 593 1198 multipliceter
602 1128 782 1182 commendat
959 1142 1066 1213 origine
1081 1144 1179 1197 mund,
1192 1146 1261 1209 (
1206 1144 1261 1198 ga
1264 1145 1301 1197 p,
1318 1146 1388 1210 m)
1406 1160 1419 1195 ‚

155 1234 273 1290 «Nolite
300 1235 406 1307 itaque,
426 1234 537 1301 fratres,
563 1233 693 1288 amittere
720 1226 917 1287 confidentiam
996 1230 1072 1287 «Est
1086 1238 1180 1287 autem
1189 1233 1257 1287 hdes
1268 1230 1471 1304 sperandarum
1486 1228 1665 1285 substantias

118 1328 278 1392 «vestram,
303 1323 351 1396 qui
384 1340 517 1395 magnam
551 1321 636 1376 habet
662 1320 918 1376 remunerationem
962 1317 1665 1393 ‹argumentumnonapparentium2inhacenimte

120 1435 131 1466 ι
149 1411 222 1486 9991
238 1412 461 1481 1999991111.)
478 1410 568 1476 Quam
583 1428 618 1465 ne
633 1411 798 1465 amitterent
812 1411 918 1464 instan·
961 1409 1665 1480 9919199999999119991999991(199910999999

116 1498 225 1558 tissime
240 1497 448 1568 99919919199;
464 1498 572 1554 facilius
586 1500 661 1554 enim
676 1500 787 1569 integra
804 1515 917 1553 999999-
959 1498 1278 1553 999199999991119999;
1297 1517 1309 1547 ι(
1320 1499 1463 1553 convictio
1471 1514 1569 1552 eorum
1581 1500 1665 1568 qumi

117 1595 229 1657 vantur,
241 1607 326 1662 quam
340 1591 445 1644 amissa
458 1594 669 1660 recuperentur.
677 1588 753 1642 Nihil
760 1586 918 1642 enimvobis
959 1586 1070 1642 dentur.
1081 1588 1349 1659 »Consistioquippe
1360 1588 1440 1641 estin
1451 1585 1534 1640 99199
1544 1578 1665 1641 admodo

117 1675 309 1734 necessarium
324 1685 376 1744 est,
393 1677 445 1732 nisi
466 1683 499 1733 ut
519 1677 599 1732 stetis
614 1677 743 1743 firmiter,
759 1680 788 1731 et
806 1693 918 1749 porma-
959 1676 1077 1731 91199119.
1090 1676 1171 1731 Fides
1187 1677 1273 1747 igitur
1287 1677 1356 1730 visio
1367 1680 1417 1742 991,
1435 1674 1536 1745 199911,
1554 1691 1665 1747 99999]

119 1768 210 1822 999119
226 1769 255 1822 19
270 1766 434 1822 tortitudine
448 1771 621 1836 vestraque
632 1782 762 1836 magnam
773 1763 858 1819 habet
874 1782 918 1818 re·
928 1765 1041 1845 Btium,
1059 1770 1087 1819 ot
1102 1766 1136 1820 ad
1151 1764 1278 1819 eamdem
1292 1764 1510 1818 satisfactionem
1525 1763 1613 1828 ducit,
1630 1762 1665 1819 ad

117 1856 342 1911 munerationem
359 1856 434 1928 apud
450 1856 548 1910 Deum.
563 1874 576 1906 ι
591 1852 732 1909 Patientia
756 1854 919 1908 enimvobis
960 1854 1044 1908 etiam
1059 1871 1121 1925 999
1135 1854 1273 1908 ridentur.
1292 1853 1412 1907 Proinde
1436 1870 1528 1923 neque
1549 1850 1626 1907 circa
1641 1868 1665 1907 er

120 1965 131 1999 ι
144 1946 304 2000 9999999919
315 1950 367 2011 est,
379 1951 411 1999 ut
423 1945 594 1998 voluntatem
609 1943 660 1997 Dei
675 1941 807 1997 incientes
821 1959 919 2014 repor·
960 1943 1090 1997 videntur
1104 1942 1255 1997 credulitas
1272 1942 1313 1996 rel
1327 1941 1508 1996 incredulitas
1523 1938 1577 1994 dici
1593 1946 1665 2013 potet

119 2055 131 2088 ι
147 2036 213 2090 19119
227 2032 451 2105 promissionem.
463 2053 474 2084 ι
486 2032 509 2087 O
522 2036 628 2104 quanta
642 2030 807 2102 magnitudo
818 2032 918 2085 exhor·
960 2049 1015 2104 que
1027 2031 1131 2086 iterum
1147 2032 1216 2086 tides
1231 2031 1285 2086 dici
1300 2035 1401 2102 potest,
1419 2029 1473 2085 nisi
1488 2046 1550 2084 curn
1566 2026 1665 2085 circae

116 2121 232 2178 tationis
247 2123 338 2189 istius,
361 2122 390 2176 et
403 2119 611 2182 consolationis,
628 2137 717 2175 unum
732 2120 835 2193 quippe
849 2136 919 2191 opus
960 2138 1017 2175 non
1033 2122 1172 2187 videntur,
1189 2120 1320 2192 amplius,
1328 2137 1412 2190 quam
1423 2120 1497 2174 circa
1506 2136 1539 2173 99
1549 2136 1612 2191 quae
1621 2117 1665 2174 rid

116 2211 236 2278 habetis,
251 2208 338 2267 idest
351 2211 383 2265 ut
398 2209 581 2282 perseveretis
604 2209 634 2262 in
659 2226 758 2280 agone,
775 2208 863 2263 donec
877 2226 920 2262 re·
960 2209 1180 2264 satisfactionem
1196 2208 1344 2281 quisquam
1359 2207 1665 2272 habueritQuoniame

117 2299 228 2374 cipiatis
243 2317 375 2355 coronam
390 2294 558 2371 condignam
570 2298 658 2352 labori
673 2299 774 2365 vestro,
786 2297 918 2369 quianon
960 2305 1027 2353 s'unt
1041 2299 1070 2353 in
1084 2317 1142 2370 spe,
1159 2299 1219 2352 sine
1235 2298 1393 2353 9919199119
1407 2315 1468 2351 9999
1483 2301 1632 2368 99199199,
1641 2292 1665 2352 dr

119 2389 166 2463 qui
180 2386 296 2463 coeperit
311 2387 500 2444 coronabitur.
512 2384 585 2442 sed«
598 2387 646 2458 qui
661 2387 880 2458 perseveraverit
889 2386 918 2442 in
960 2387 1060 2442 tribuit
1074 2388 1279 2454 substantiam,
1303 2386 1394 2458 magis
1409 2392 1503 2440 autem
1518 2403 1575 2440 non
1595 2380 1665 2441 9191

119 2477 272 2535 certamine
288 2495 377 2549 usque
400 2478 429 2530 in
454 2476 548 2539 finem,
564 2475 610 2529 hic
632 2476 725 2529 991999
740 2475 796 2531 erit
805 2474 916 2547 (119111.
960 2477 1126 2547 9911999991
1134 2476 1250 2530 99199119
1259 2493 1366 2530 eorum.
1384 2476 1505 2547 Utputa,
1516 2472 1665 2531 resurrecti

121 2567 237 2639 x).rn1n
251 2567 388 2638 patientia
397 2565 535 2636 siquidem
546 2563 732 2636 possidebitis,
749 2563 817 2619 dicit
826 2558 919 2618 Domi·
960 2566 1027 2619 dum
1038 2565 1112 2620 19919
1122 2570 1173 2632 991,
1183 2570 1211 2619 91
1224 2564 1343 2619 necdum
1358 2565 1443 2619 estin
1458 2562 1627 2632 substantia,
1640 2579 1665 2620 se

119 2670 183 2722 nus,
200 2656 308 2709 animas
322 2656 461 2708 vestras.»
479 2650 582 2721 (1999.)
601 2672 612 2703 ι
635 2652 792 2725 [deportetis
810 2653 915 2717 »dixit
960 2650 1026 2709 19911
1035 2672 1097 2709 eam
1106 2653 1496 2709 subsistereinanimanostra
1507 2654 1573 2706 :hoc
1582 2656 1665 2727 9919·

117 2731 145 2800 id
161 2747 205 2798 est
215 2742 358 2816 accipiatis
373 2742 572 2814 promissiones
586 2742 646 2797 Dei.
660 2742 827 2797 Consolatur
844 2743 919 2797 enim
960 2740 1454 2814 xit,substantia.Siitaqueconvictio
1470 2749 1513 2796 est
1523 2756 1665 2815 eorumqr

118 2850 176 2901 eos,
188 2828 275 2886 veluti
290 2830 388 2902 siquis
403 2828 515 2885 athletae
530 2831 582 2884 hoc
605 2830 718 2897 diceret,
735 2831 783 2902 qui
806 2835 920 2886 cunctos
960 2833 1100 2899 91199199,
1111 2829 1177 2905 quid
1192 2832 1317 2903 estquod
1329 2830 1456 2886 99991119
1463 2830 1522 2902 jam
1535 2830 1665 2899 9119999

120 2922 282 2995 superasset
296 2937 329 2976 ac
347 2917 503 2990 dejecisset,
518 2923 547 2973 91
561 2919 668 2974 nullum
685 2918 824 2990 reliquum
837 2919 920 2974 habe·
962 2922 1034 2976 datis
1046 2939 1064 2975 a
1076 2921 1141 2988 fide,
1156 2928 1185 2975 et
1198 2921 1333 2975 desinatis
1345 2920 1415 2991 justi
1426 2920 1508 2974 99991
1523 2919 1665 2990 siquidem

120 3017 164 3067 ret
175 3004 222 3082 qui
232 3008 285 3064 sibi
300 3013 483 3074 concertaret,
500 3004 600 3062 deiude
615 3007 741 3062 futurum
758 3013 790 3062 ut
808 3025 922 3063 corona·
963 3015 1023 3065 stus
1037 3026 1070 3064 ex
1083 3008 1222 3064 tidevivit.
1238 3031 1248 3061 ι
1265 3008 1321 3064 Vos
1335 3015 1428 3064 autem
1445 3008 1468 3063 si
1483 3008 1665 3065 volueritises

123 3103 212 3167 retur,
224 3104 253 3152 et
267 3092 430 3152 dilationem
442 3094 577 3168 temporis
592 3112 649 3150 non
659 3095 795 3150 ferentem
804 3098 870 3151 dum
880 3104 951 3164 arc
962 3116 1002 3165 re,
1018 3101 1078 3170 jam
1092 3117 1148 3153 non
1164 3099 1242 3153 eritis
1266 3098 1371 3153 1119199.
1385 3092 1555 3160 1919999119,
1571 3096 1665 3170 199911

121 3180 197 3243 11199
210 3185 372 3242 certaminis
387 3184 540 3251 adveniret,
558 3185 605 3255 qui
619 3201 750 3239 coronam
765 3183 863 3240 daret:
874 3186 921 3240 ille
961 3189 1071 3243 tarnina
1082 3189 1204 3260 plurima
1218 3185 1409 3242 sustinuistis:
1427 3186 1512 3240 etiam
1533 3203 1584 3258 ego
1608 3184 1663 3242 hoc

120 3280 215 3334 autem
230 3274 409 3348 impatienter
423 3272 515 3328 ferens
527 3274 611 3327 991191
624 3274 698 3328 exire
713 3278 741 3329 et
753 3270 850 3346 lugere
865 3292 922 3329 non
962 3277 1070 3349 inquit,
1086 3277 1134 3331 sed
1150 3283 1317 3348 exspectate,
1335 3276 1387 3330 hoc
1401 3280 1452 3339 991,
1469 3276 1556 3330 991119
1571 3274 1616 3330 hic
1634 3293 1665 3349 qt

119 3366 244 3422 tolerans
259 3363 335 3420 sitim
348 3358 514 3418 9111999999
528 3358 778 3418 aestuationis.Hoc
792 3362 879 3434 igitur
894 3370 923 3418 91
964 3384 1025 3438 qum
1032 3367 1160 3439 speratis.
1175 3364 1274 3435 (Grcp.)
1284 3364 1412 3437 Palpavit
1422 3362 1543 3420 Thomas
1558 3362 1632 3420 latus
1647 3364 1665 3422 1

120 3456 181 3528 ipse
193 3448 336 3525 siguificat
346 3448 461 3508 dicens:
480 3451 604 3506 «Adhuc
619 3452 694 3505 enim
711 3450 849 3507 modicum
872 3452 922 3507 ali·
962 3454 1173 3519 etexclamavit,
1192 3477 1202 3506 ι
1218 3452 1354 3509 Dominus
1369 3471 1449 3509 meus
1459 3461 1487 3507 ot
1500 3452 1576 3508 Deus
1585 3470 1665 3510 meus

123 3543 372 3616 «quantulumque
383 3541 754 3613 quirenturusestvenietct
767 3542 922 3596 nontarda·
962 3544 1001 3599 cit
1009 3543 1033 3599 ei
1045 3546 1142 3599 lesus:
1159 3544 1256 3608 «Quia
1279 3543 1371 3597 vidisti
1395 3560 1439 3596 me
1461 3549 1489 3595 91
1512 3542 1658 3598 credidisti

124 3631 197 3687 obit.
214 3630 322 3698 »(1111
339 3632 401 3686 Non
412 3630 529 3685 minima
539 3630 691 3683 9999919119
700 3636 744 3685 991
754 3627 857 3684 1919919
866 3630 922 3685 9119
963 3640 1021 3695 xv).
1039 3652 1050 3684 ι
1068 3629 1137 3687 Cum
1153 3633 1256 3686 Paulus
1267 3632 1409 3703 apostolus
1417 3628 1508 3685 dicat:
1524 3651 1535 3679 n
1549 3631 1598 3686 Est
1606 3628 1665 3687 9919

122 3718 813 3792 sperareventurumjudicemetremuneratorem,
826 3725 923 3774 etcon·
964 3722 1166 3794 sperandarum
1188 3720 1344 3775 substantia
1366 3738 1471 3788 rerum,
1488 3726 1665 3791 argumentur

123 3810 274 3864 solatorem
294 3811 540 3864 remuneraturum
558 3807 718 3862 certaminis
726 3808 921 3863 constantiam.
965 3810 1171 3882 apparentium,
1190 3830 1202 3860 «
1219 3810 1344 3863 Proiecto
1359 3809 1456 3881 liquet,
1474 3810 1541 3880 quia
1562 3810 1632 3865 11199
1651 3808 1665 3865 1

123 3892 321 3969 (1999111199
336 3897 407 3950 forte
417 3897 551 3962 dicerent,
561 3897 673 3966 999919
681 3896 794 3951 9991911
809 3913 842 3950 ex
853 3897 924 3951 Scri·
965 3917 1060 3954 rerum
1076 3904 1273 3970 argumentum
1285 3904 1327 3952 est
1337 3916 1398 3969 qum
1406 3914 1541 3971 apparere
1556 3915 1612 3953 non
1625 3914 1664 3972 po

124 3986 272 4060 pturiseos
288 3985 456 4040 consolatur.
470 3982 579 4038 Etenim
590 3983 691 4055 inquit,
705 4005 716 4035 ι
729 3986 819 4056 Prope
832 3990 925 4040 cstsa·
967 4006 1028 4060 qum
1043 3989 1146 4042 etenim
1162 3995 1309 4058 apparent,
1323 3986 1383 4058 jam
1402 3989 1486 4042 iidem
1507 4005 1562 4042 non
1586 3978 1665 4044 haber

124 4077 168 4130 lus
184 4076 289 4128 nostra.
302 4093 316 4125 9
329 4069 401 4143 Ergo
415 4072 576 4127 consolatur
591 4090 638 4127 999
656 4080 793 4144 tanquam
810 4092 925 4145 parrum
967 4076 1147 4148 agnitionem.
1164 4075 1236 4131 Dum
1257 4094 1323 4146 ergo
1346 4075 1416 4130 vidit
1440 4077 1571 4143 Thomas,
1588 4076 1658 4133 dum

125 4163 162 4218 sit
175 4164 287 4232 tempus
295 4161 369 4233 quod
387 4167 541 4216 remaneat.
560 4160 618 4216 Iloc
633 4179 689 4216 non
704 4180 736 4216 ex
746 4164 836 4235 seipso
847 4163 924 4230 dicit,
966 4165 1015 4232 911,
1035 4182 1085 4219 999
1099 4165 1125 4218 91
1146 4164 1257 4229 dicitur,
1276 4185 1288 4213 n
1311 4163 1377 4234 quia
1392 4164 1484 4217 vidisti
1506 4181 1550 4218 me
1569 4159 1665 4222 credid

125 4252 174 4306 sed
194 4268 227 4305 ex
241 4249 401 4322 Scripturis.
419 4250 448 4304 Si
463 4250 537 4303 enirn
548 4251 666 4320 jamdiu
680 4256 732 4317 991,
748 4268 780 4305 ex
791 4268 846 4322 quo
856 4250 926 4305 dici·
968 4254 1015 4308 sed
1032 4248 1279 4318 9119191111,91191
1295 4250 1455 4307 crediditll
1470 4253 1581 4307 mortali
1595 4252 1665 4328 quip

123 4346 190 4395 tur:
211 4359 223 4392 ι
240 4332 339 4393 Adhuc
354 4339 428 4392 enim
443 4337 585 4392 modicum
604 4339 781 4409 quantulum,
799 4334 846 4411 qui
860 4357 926 4394 ron·
967 4343 1044 4396 mine
1056 4341 1187 4395 divinitas
1204 4341 1291 4395 rideri
1312 4359 1368 4396 non
1392 4342 1493 4413 potuit.
1510 4338 1663 4399 Hominem

126 4436 206 4485 turus
221 4430 264 4483 991
283 4424 376 4482 999191
398 4432 426 4481 91
440 4444 496 4482 999
507 4427 631 4482 tardabit
646 4424 1044 4495 Lipara:»manile-Dvidit,
1069 4434 1098 4484 et
1120 4430 1209 4484 Deum
1232 4429 1372 4484 consessus
1397 4438 1448 4498 est,
1464 4432 1558 4487 diceus
1575 4451 1580 4486 :
1600 4452 1611 4483 ι
1629 4426 1665 4488 lt<

126 4521 201 4573 stum
210 4523 261 4583 est,
277 4515 344 4588 quia
355 4534 429 4571 9999
440 4517 528 4571 multo
542 4516 696 4588 proximior
704 4522 755 4571 est.
764 4518 884 4572 Proinde
898 4521 927 4572 ct
968 4539 1047 4575 meus
1057 4525 1085 4575 et
1099 4520 1174 4573 Deus
1188 4520 1285 4574 199991
1303 4539 1316 4571 ι
1333 4520 1458 4574 1119919
1476 4537 1541 4591 ergo
1556 4520 1664 4576 credidi

125 4623 305 4679 perseverare
321 4608 349 4660 et
363 4606 524 4677 exspectare
539 4623 596 4660 non
615 4606 732 4660 minima
747 4624 853 4661 merces
872 4608 923 4660 est.
953 4594 1168 4663 ¹considerando
1190 4626 1287 4663 rerum
1313 4609 1465 4674 hominem,
1481 4606 1555 4662 hunc
1572 4603 1665 4665 Deum

128 4716 140 4747 ι
158 4696 255 4749 199199
267 4700 361 4748 autem
378 4712 457 4749 meus
472 4712 504 4748 ex
521 4695 926 4765 1199191111191999111991
966 4696 1131 4753 911999999
1148 4703 1258 4768 poterat
1277 4696 1454 4751 exclamavit:
1474 4717 1484 4747 ι
1500 4697 1566 4753 Fide
1582 4694 1665 4755 intell

128 4802 142 4836 (ι
156 4783 180 4837 91
195 4778 365 4837 subtraxerit
387 4801 426 4849 99,
443 4801 498 4838 999
523 4784 644 4856 placebit
657 4784 758 4838 animae
773 4801 852 4839 meae.
869 4782 926 4840 Nos
967 4791 1063 4858 aptata
1091 4803 1152 4840 9999
1173 4784 1282 4852 saecula,
1314 4781 1472 4847 99919191,
1488 4785 1665 4842 9199199191

129 4877 419 4927 ι9919ι999999ι999
428 4872 718 4927 filiisubtractionisin
727 4873 924 4944 perditionem,
970 4874 1114 4928 «risibilia
1139 4875 1247 4929 1199991.
1268 4895 1280 4925 ι
1300 4874 1400 4941 (loon.)
1416 4868 1497 4928 Fides
1524 4874 1589 4929 forti
1620 4876 1665 4932 ani

128 4961 205 5016 «sed
229 4960 295 5015 iidei
318 4960 347 5015 in
376 4960 588 5033 acquisitionem
614 4960 725 5016 animae.
744 4963 850 5032 »(1111
867 4958 926 5017 1199
966 4960 1040 5017 virili
1055 4981 1125 5034 opus
1141 4960 1234 5029 19191,
1251 4970 1279 5017 et
1291 4963 1386 5017 omnia
1404 4963 1665 5035 supergredientes

125 5048 320 5123 propheticum
336 5049 431 5104 intulit
448 5044 598 5122 Apostolus
621 5051 813 5106 testimonium
828 5053 863 5106 ad
878 5069 925 5106 ex·
967 5054 1014 5117 lia,
1023 5052 1249 5107 etinsrrmitatem
1265 5050 1511 5107 ratiocinationum
1521 5049 1665 5119 hominum

126 5130 315 5194 hortationem
331 5138 396 5194 fidei
413 5159 418 5193 :
433 5139 507 5193 sicut
518 5136 676 5212 displicebit
688 5141 736 5212 qui
749 5132 868 5208 dubitat,
885 5143 926 5195 ita
968 5143 1127 5196 eunte.Non
1142 5138 1576 5212 9919991911911199991999919
1591 5136 1666 5199 fideli

127 5227 174 5299 qui
189 5225 338 5283 crediderit
352 5226 424 5282 viret
443 5227 471 5282 in
494 5229 549 5282 fide
572 5247 626 5285 sua
646 5234 732 5283 99919.
750 5230 926 5302 Quapropter
967 5231 1021 5286 nisi
1048 5231 1171 5302 seipsum
1198 5248 1214 5284 a
1242 5229 1443 5284 consuetudine
1472 5231 1614 5285 communi
1637 5231 1665 5287 al

127 5314 274 5370 credamus
295 5318 428 5371 velociter
456 5316 563 5372 venisse
588 5318 711 5388 judicem
728 5319 880 5381 Christum,
899 5326 928 5374 91
968 5318 1420 5390 (1919999999199911919999919
1433 5316 1665 5389 debileseraut,e

127 5420 315 5476 praeparemus
327 5423 376 5459 999
391 5406 499 5460 obviam
511 5406 538 5460 in
551 5407 631 5461 bonis
656 5408 772 5467 actibus.
787 5426 822 5463 ne
837 5410 925 5463 simus
968 5410 1081 5481 quidem
1097 5409 1209 5462 initium
1225 5416 1412 5479 sumpserant,
1434 5426 1465 5462 ex
1482 5408 1661 5479 passionibus

127 5493 323 5548 abstractionis
338 5495 388 5547 lilii
402 5513 418 5548 a
433 5485 493 5550 luce
505 5497 685 5568 sempiterna.
702 5498 750 5552 991
768 5498 926 5569 9999191119·
966 5498 1179 5552 tribulationum
1197 5497 1388 5569 pusillanimes
1408 5498 1613 5567 efficiebantur,
1634 5506 1664 5555 et

127 5575 172 5636 nis
186 5575 216 5637 in
229 5575 429 5670 gloriamcum
443 5585 547 5642 sanctis
561 5584 591 5641 19
604 5584 650 5642 die
665 5603 767 5656 magno
777 5584 922 5644 audientes
967 5589 1107 5658 patienter
1119 5584 1247 5642 serebant
1260 5592 1289 5640 et
1303 5586 1545 5655 concutiebantur,
1562 5587 1656 5659 primo
