3772 6120
106 332 172 391 att
335 337 624 395 mannariora!
641 340 681 395 tlt
699 339 776 397 BPP.
797 342 907 399 usulis
924 344 994 405 ΠΒ.
1013 343 1115 401 mit.
1136 362 1170 385 ὰ·
1189 343 1229 399 ΙΝ
1248 343 1359 405 ΕΡΙθῬ.
1380 343 1393 399 1
1409 342 1460 397 Ab
1476 342 1551 397 ΤΙΜ.
1713 341 1765 399 iffi

101 464 406 535 oeoeupiccicbomm
423 485 428 518 ι
447 465 543 519 docuit
552 465 628 519 enim
643 480 691 519 eos
703 466 818 521 interim
838 468 1116 536 sciremereniebat.
1140 470 1222 525 ldslti
1246 484 1311 523 vero
1336 478 1422 523 unam
1450 466 1607 536 legitirrtam
1628 466 1765 523 lubnter

101 553 258 623 quoniam
268 572 340 626 opus
354 556 539 626 episcopatus.
551 555 625 608 etad
636 572 706 625 opus
720 557 860 625 quoddam
878 574 924 611 vo-
963 574 1089 623 uxorem,
1105 575 1162 612 non
1185 565 1267 613 erant
1288 574 1322 611 ea
1343 556 1466 611 conwnti
1492 574 1498 609 :
1523 556 1765 626 peniteret-stur

102 647 200 696 atus
214 644 286 714 quia
299 645 336 698 ad
350 645 402 698 boc
416 651 539 709 vocatus,
550 645 662 713 etquod
673 660 786 699 rreoosse
801 652 844 701 est
857 664 923 701 cum
963 662 1028 717 vero
1042 654 1071 701 ct
1084 647 1158 709 aliis,
1174 648 1231 702 siro
1250 645 1358 701 ancillis
1373 646 1443 711 suis,
1454 645 1511 699 sive
1523 652 1552 699 et
1566 645 1629 700 aliis
1640 646 1766 701 mulieri·

105 744 183 787 mm
193 733 388 788 sollicitudine
404 734 532 803 implere.
549 734 581 787 ln
596 733 727 787 timorem
743 751 807 789 vero
821 736 924 806 redigit
963 735 1024 794 bus,
1037 735 1163 810 absolute
1171 735 1355 799 lascivientes,
1367 735 1442 805 quod
1452 742 1481 788 st
1489 751 1580 805 usque
1594 735 1630 789 ad
1640 750 1766 806 macaris

104 820 272 888 amtorem,
283 822 382 876 exiliis
397 822 549 892 dictisque
560 821 779 893 subsequuntur.
797 825 837 879 Eo
848 826 923 895 quod
964 825 1057 896 iitqui
1068 824 1208 895 pudicitiae
1218 823 1393 894 diligentiam
1402 823 1764 879 uullamvoluntsdbibere‘.

103 913 147 963 ά
159 909 333 979 singillatim
349 927 383 965 ea
396 911 541 982 expressit,
557 912 704 966 insinuans
723 912 824 983 quibus
838 915 926 969 virui-
963 914 1050 969 Aiunt
1065 929 1132 983 ergo
1147 914 1266 967 Paulum
1280 912 1309 967 id
1322 911 1434 980 dixisse,
1450 912 1492 967 ita
1503 918 1538 968 ut
1555 912 1604 967 ille
1623 913 1672 983 qui
1686 914 1764 984 sitis·

102 994 196 1054 tibin
210 1000 276 1055 visae
289 1006 405 1055 omatus
415 1000 499 1056 debet
512 1001 706 1071 concupiscere
719 1003 921 1073 episcopatum.
963 1003 1039 1057 modi
1053 1010 1097 1057 est
1114 1003 1151 1057 ad
1171 1002 1362 1073 episcopatum
1377 1002 1559 1072 producatur,
1575 1001 1624 1073 qui
1648 1014 1764 1056 morem

108 1082 179 1143 noc
192 1088 272 1143 enim
287 1094 349 1144 erat
369 1090 498 1153 suadere,
521 1095 554 1145 ut
572 1089 763 1159 intelligerent
785 1108 841 1147 non
862 1109 924 1147 esse
964 1092 1102 1162 accipiens
1115 1091 1218 1163 pudice
1231 1090 1341 1147 virebat
1353 1104 1419 1146 cum
1437 1107 1481 1155 ea,
1497 1096 1647 1145 conmotus
1658 1096 1765 1146 eatae·

110 1178 377 1247 mmuptccendum
390 1198 395 1232 :
408 1178 510 1233 debere
519 1195 586 1233 vero
599 1179 670 1233 scire
686 1181 924 1249 quemadmodum
963 1186 1025 1239 tum
1039 1185 1066 1235 et
1082 1194 1172 1251 usqua
1181 1180 1216 1235 ad
1225 1180 1304 1234 illam
1314 1185 1427 1235 nauscae
1433 1184 1527 1234 moues
1540 1180 1580 1233 sit
1592 1181 1664 1250 ejus,
1676 1179 1726 1251 qui
1738 1180 1764 1234 si

114 1266 270 1320 contentat
299 1268 494 1338 concupiscere
522 1285 571 1337 pro
598 1269 660 1337 ejus
688 1268 825 1323 doctrina.
850 1271 923 1334 Quid
963 1269 1003 1323 sic
1011 1270 1104 1323 vivens
1112 1269 1465 1340 postamissionemprimue
1475 1269 1627 1324 sermidam
1637 1269 1764 1339 lemine

121 1354 228 1421 argele
241 1355 361 1426 Oportet
370 1362 465 1411 autem
471 1357 639 1427 Episcopum
648 1357 923 1428 irreprehensibilem
963 1358 1103 1428 acceperit
1113 1359 1270 1428 eodemque
1284 1358 1369 1412 modo
1382 1364 1486 1414 etcum
1499 1359 1549 1413 illa
1559 1358 1653 1412 sivae
1663 1357 1763 1429 persti-

127 1456 194 1494 esse.
210 1462 224 1494 o
241 1444 362 1499 lividens
376 1446 508 1516 quoniam
526 1445 799 1517 irreprebensibilem
815 1448 921 1511 diceris,
963 1448 1041 1514 terit,
1060 1464 1117 1501 non
1141 1446 1242 1502 debere
1256 1445 1398 1518 protuberi
1421 1463 1488 1502 eum
1510 1446 1546 1501 ad
1570 1446 1762 1518 epboopatum

135 1532 223 1585 uouad
232 1534 469 1590 calumniatorum
483 1535 634 1605 respiciens
645 1536 832 1590 intentionem
841 1537 921 1603 dixit,
962 1537 1084 1591 transire
1093 1537 1249 1592 secundum
1257 1536 1338 1591 Pauli
1348 1535 1623 1590 diffinitionemlioc
1631 1536 1764 1591 dixerunt

139 1619 180 1673 ssd
198 1621 233 1675 ed
256 1624 318 1692 ejus
337 1624 451 1678 intuens
468 1624 564 1678 vitam.
581 1625 654 1678 Nam
668 1640 719 1679 nec
738 1625 799 1695 ipse
818 1626 923 1681 Paulus
963 1626 1079 1696 quidam
1090 1643 1108 1681 a
1121 1625 1205 1681 beato
1218 1626 1306 1681 Paulo
1328 1630 1357 1679 et
1371 1624 1520 1681 delinitum
1536 1641 1599 1679 esse
1622 1630 1651 1678 et
1669 1630 1760 1680 statu·

146 1708 360 1766 calumniatorum
375 1713 468 1783 potuit
482 1713 598 1767 eradere
614 1715 830 1769 accusationem.
962 1720 1034 1777 tum,
1051 1731 1171 1785 quorum
1185 1731 1237 1784 ego
1251 1715 1357 1770 dictum
1368 1715 1449 1769 valde
1462 1728 1565 1785 respuo
1574 1730 1626 1768 nec
1641 1714 1763 1768 medeor

175 1797 270 1853 «Unius
275 1801 370 1855 uxoris
375 1802 723 1857 virumoliocdiil'erentes
728 1804 842 1874 quidam
847 1803 997 1863 auce-Bab
1011 1803 1077 1871 illis,
1093 1804 1167 1874 quod
1181 1804 1206 1857 is
1217 1803 1410 1874 quisecuudat
1422 1803 1538 1874 nuptias
1550 1802 1680 1857 similiter
1689 1818 1761 1874 prss·

151 1896 243 1955 perum:
254 1889 404 1944 ridiculum
415 1891 621 1956 vereestillud,
633 1892 795 1963 quodquasi
807 1911 825 1947 a
837 1894 924 1964 pluri·
962 1892 1046 1963 cepit,
1058 1893 1139 1947 illum
1155 1892 1202 1963 qui
1217 1897 1281 1963 post
1299 1892 1481 1947 amissionem
1497 1892 1595 1962 primm
1609 1893 1761 1947 amodum

152 1973 354 2032 iusobserratm
369 1996 375 2031 :
392 1980 504 2033 sienim
520 1980 634 2050 quidam
651 1980 752 2050 pudice
769 1982 864 2036 visens
880 1998 922 2037 sc—
962 1994 1078 2037 uxorem
1091 1999 1142 2036 suo
1157 1981 1254 2036 ordine
1264 1981 1373 2051 accipit,
1390 1981 1426 2035 ed
1437 1980 1630 2052 episcopatum
1643 1981 1761 2052 produci

153 2064 244 2121 dudam
255 2068 396 2137 acceperit
409 2084 534 2126 uxorem.
550 2070 636 2123 talem
653 2070 682 2123 in
697 2070 772 2125 clero
786 2072 923 2126 nonreci·
962 2070 1119 2143 probibeat,
1135 2071 1185 2141 qui
1203 2070 1279 2125 onim
1290 2069 1391 2135 dicit«
1406 2069 1475 2125 Dico
1489 2074 1586 2124 autem
1595 2068 1722 2140 innuptis
1733 2075 1763 2123 et

153 2152 359 2221 piunt3siautem
369 2157 737 2227 quidamvirensluxurioso
752 2174 839 2213 unam
854 2161 922 2231 legi-
962 2159 1061 2225 viduis,
1075 2166 1130 2213 oet
1142 2160 1226 2213 simul
1246 2160 1428 2228 conjungens,
1444 2157 1593 2227 utriusque
1613 2172 1700 2211 uuam
1717 2158 1760 2211 le·

153 2240 199 2294 tine
213 2245 347 2314 acceperit
370 2262 495 2311 uxorem,
513 2247 536 2300 is
555 2247 585 2300 in
603 2247 678 2302 clero
700 2254 729 2302 et
743 2249 880 2319 recipitur
893 2257 922 2304 et
961 2265 1026 2319 geru
1052 2248 1128 2303 visus
1149 2252 1193 2302 est
1218 2245 1435 2318 depmmpsisse,
1464 2245 1585 2301 Eridane
1610 2252 1654 2300 est
1685 2246 1760 2316 quod

153 2330 296 2397 producitur,
307 2342 336 2387 et
346 2335 460 2404 quidem
470 2350 533 2389 cum
549 2335 578 2389 in
590 2336 698 2391 ceteris
707 2336 807 2392 beatus
817 2338 921 2394 Paulus
962 2336 1237 2409 unum,inquit,esse
1247 2335 1395 2406 utriusque
1405 2333 1593 2395 emstimabat,
1607 2333 1675 2405 quid
1684 2333 1761 2389 euim

153 2417 263 2475 tidenter
281 2424 417 2478 arrnuerit
434 2424 571 2478 secundas
590 2424 691 2479 debere
713 2427 826 2496 nuptias
848 2427 918 2481 lieri.
961 2426 1055 2481 ditiert
1067 2426 1223 2481 secundum
1237 2429 1461 2480 naturamotum
1474 2424 1568 2479 autad
1578 2424 1694 2494 plenum
1703 2438 1761 2477 non

153 2505 303 2565 trassero
324 2513 474 2581 permixtio
500 2530 562 2582 quse
585 2519 687 2583 prater
708 2514 848 2584 legitimas
870 2533 921 2571 nu·
961 2514 1103 2579 babuisse,
1119 2522 1169 2569 aut
1182 2513 1315 2569 babuisse
1329 2513 1443 2584 quidem
1462 2518 1492 2567 et
1509 2513 1637 2567 amisisse
1656 2519 1686 2566 et
1702 2524 1760 2566 uun

152 2594 331 2671 tiababemr,
344 2601 457 2655 evidens
470 2601 616 2657 fornicatio
628 2608 680 2667 est,
691 2609 721 2657 et
729 2603 843 2659 interim
851 2622 919 2675 pras-
959 2603 1086 2657 baberet
1101 2602 1164 2657 Non
1176 2602 1340 2673 hujusmodi
1352 2602 1426 2656 ratio
1440 2601 1571 2672 magisin
1580 2605 1682 2656 menni
1691 2616 1759 2655 con·

152 2685 246 2741 termino
259 2688 338 2753 illud,
357 2691 430 2759 quod
446 2698 475 2745 et
493 2697 557 2762 post
570 2691 640 2746 duas
657 2708 759 2746 uxores
778 2692 919 2763 legitimas
960 2692 1043 2758 siant,
1056 2706 1140 2762 quarn
1151 2692 1187 2746 ad
1196 2690 1372 2762 propositum
1381 2691 1496 2761 respicit
1506 2710 1513 2744 ε
1525 2690 1643 2745 nambis
1655 2689 1761 2761 quibs·
1778 2752 1781 2758 ‚

150 2771 214 2839 mian
234 2782 361 2848 acceptas
384 2785 413 2832 et
433 2779 576 2850 baptizant
594 2781 667 2835 etin
690 2782 763 2835 clero
784 2798 832 2836 eos
849 2783 920 2837 indi-
960 2781 1022 2835 buit
1031 2781 1119 2836 multo
1130 2779 1479 2851 tempore'oonvenientem
1490 2779 1544 2834 sibi
1554 2782 1680 2842 uxorem,
1691 2778 1762 2850 poti·
1809 2838 1813 2845 ι

150 2870 211 2916 aaa
222 2866 389 2935 producunt,
405 2875 433 2921 et
448 2869 562 2938 quidem
581 2886 645 2923 cum
664 2868 691 2923 in
706 2870 814 2924 ceteris
829 2871 857 2925 id
872 2871 920 2925 ob·
960 2875 1006 2925 tus
1020 2870 1117 2942 utique
1131 2875 1174 2924 est
1184 2886 1247 2925 eam
1260 2869 1291 2924 in
1301 2875 1439 2940 quantum
1452 2868 1602 2940 voluitqui
1612 2883 1678 2923 vero
1695 2870 1761 2939 post

150 2963 231 3007 enne
256 2955 462 3019 existimantur,
488 2958 569 3028 quasi
592 2959 660 3029 quia
679 2958 819 3029 baptisma
835 2960 920 3016 iaciat
960 2959 1092 3030 exiguum
1105 2964 1217 3030 tempus
1231 2958 1359 3013 eamdem
1376 2957 1481 3023 amisit,
1493 2956 1652 3012 uecesssrm
1664 2956 1701 3011 ad
1713 2972 1760 3011 se·

151 3051 193 3095 tun
204 3058 253 3098 non
268 3044 400 3099 babuisse
414 3047 484 3101 duas
505 3063 613 3101 uxores.
635 3048 810 3118 Frequenter
823 3056 919 3104 autem
959 3049 1065 3103 cundas
1075 3048 1183 3103 accedit
1193 3047 1316 3118 nuptias,
1331 3046 1463 3102 accidunt
1472 3051 1568 3101 autem
1586 3045 1643 3101 ista
1656 3050 1759 3100 eventu

151 3124 255 3187 bocidern
270 3142 370 3201 agium,
381 3142 410 3188 et
421 3135 455 3189 de
469 3136 534 3201 illis,
552 3136 600 3206 qui
618 3143 685 3191 sunt
704 3137 783 3208 pravi
797 3138 917 3199 arbitrii,
928 3116 1054 3208 Cpctim
1068 3154 1153 3207 quam
1174 3136 1327 3192 directione
1345 3135 1465 3201 arbitrii,
1481 3151 1543 3207 quae
1557 3134 1712 3190 discutlm
1722 3134 1766 3188 sd-

151 3215 309 3275 ttistimantes
326 3239 356 3276 se
370 3224 476 3293 optime
494 3224 585 3279 iacere
601 3225 624 3279 si
640 3224 813 3295 baptizantes
827 3227 918 3287 illum,
960 3226 1075 3298 plenum
1089 3226 1188 3281 beatus
1197 3227 1303 3281 Paulus
1317 3226 1364 3296 qui
1378 3225 1421 3281 vel
1436 3240 1559 3279 mammo
1573 3224 1604 3280 in
1616 3223 1760 3295 episcopa·
1859 3243 1862 3253 ·

150 3304 238 3372 quisita
250 3311 321 3366 uixit
342 3311 493 3378 luxuriosa,
522 3314 558 3367 ad
580 3313 752 3369 functionem
773 3316 920 3371 clericatus
959 3322 1021 3372 tum
1036 3315 1322 3386 producatur,detali
1335 3312 1641 3384 vitacognoscidebere
1651 3312 1758 3367 iutnb't

149 3395 309 3464 traduxerint,
338 3401 387 3471 qni
411 3402 489 3456 nulla
509 3419 560 3457 nec
578 3403 714 3459 virtutum
734 3421 787 3459 nec
807 3406 920 3475 pietatis
960 3406 1033 3461 Nam
1046 3412 1076 3460 et
1088 3404 1239 3459 ridiculum
1253 3401 1648 3472 estbeatumPaulumlegem
1658 3401 1760 3456 com

148 3478 264 3553 tidicentis
278 3489 412 3559 preditus
435 3506 560 3560 unquam
577 3491 664 3546 tuisse
678 3493 796 3549 videtur.
818 3495 856 3550 Ut
871 3511 919 3549 au·
960 3500 1051 3560 tuere,
1065 3510 1122 3547 non
1142 3493 1300 3553 arbitrium,
1322 3492 1365 3546 vel
1384 3490 1561 3562 propositum
1579 3489 1757 3561 probantem,

149 3575 304 3631 territando
319 3584 485 3648 preteream
500 3579 631 3650 baptismi
645 3594 768 3650 causam,
784 3583 819 3637 ob
833 3582 918 3654 quain
960 3583 1010 3637 sed
1024 3598 1057 3636 ex
1070 3588 1171 3637 eventu
1185 3587 1214 3636 et
1223 3596 1257 3637 ex
1271 3580 1414 3635 occidendi
1435 3579 1634 3636 dimretionem
1652 3579 1758 3634 auca

147 3654 212 3723 dtur,
227 3665 261 3719 ad
282 3683 369 3737 quam
382 3669 520 3722 rationem
541 3670 655 3740 plurimi
674 3684 766 3742 neque
780 3672 919 3745 inspicere
959 3677 1027 3726 tem
1043 3671 1073 3726 Sl
1088 3676 1184 3725 autem
1199 3670 1262 3740 quis
1276 3669 1360 3733 dicat,
1373 3667 1550 3739 quoniamde
1563 3673 1666 3722 eventu
1678 3673 1710 3722 ct
1722 3668 1758 3721 de

147 3747 221 3806 ttitud.
237 3755 308 3809 illud
330 3770 396 3809 vero
415 3757 597 3812 conveniebat
618 3759 659 3813 eis
679 3761 760 3821 scire,
784 3762 919 3830 quoniam
958 3760 1095 3815 accidenti
1110 3760 1242 3828 exiguum
1255 3757 1323 3828 quid
1337 3770 1439 3813 curans
1448 3755 1599 3826 Apostolus
1611 3772 1677 3811 cum
1696 3771 1757 3810 ma·

146 3829 216 3895 Mars
226 3843 330 3899 Paulus
340 3845 376 3899 de
390 3846 523 3902 civilitate
544 3847 594 3903 illa
606 3847 741 3918 disputat,
764 3851 917 3906 secundum
957 3864 1015 3921 gna
1026 3848 1173 3919 diligentia
1191 3852 1220 3902 et
1233 3846 1449 3916 scrupulositate
1469 3844 1505 3901 de
1519 3844 1657 3916 episcopis
1670 3844 1758 3901 voluit

146 3936 212 3991 utu,
226 3933 340 3987 otidem
353 3935 493 4005 opinetur,
507 3936 729 4006 oportetvixisse
743 3939 916 4009 episcopum,
959 3944 1093 4003 statuere,
1120 3936 1195 4007 quod
1220 3935 1355 3990 debeoem
1376 3935 1406 3988 in
1427 3940 1541 3993 tantum
1568 3933 1644 3990 cous
1665 3934 1756 3995 uxori,

145 4024 180 4069 tor
190 4018 220 4073 de
232 4024 413 4078 concessione
434 4031 614 4095 peccatorum
638 4025 773 4097 disputat,
791 4044 853 4097 qua
867 4045 918 4098 per
958 4027 1076 4082 audiant
1091 4025 1224 4096 quoniam
1238 4024 1395 4079 secundum
1416 4023 1490 4079 hauc
1504 4021 1643 4079 rationem
1666 4038 1758 4094 neque

144 4107 235 4168 putem
252 4111 381 4181 giguntur
403 4114 468 4180 illie,
491 4116 539 4184 qui
560 4114 700 4185 baptisma
718 4124 914 4187 perceperunt.
957 4122 1022 4188 post
1034 4115 1175 4186 baptisma
1187 4115 1268 4169 illum
1281 4113 1330 4184 qui
1346 4113 1412 4169 tulis
1426 4118 1469 4167 est
1483 4110 1600 4184 produci
1617 4113 1697 4182 justo
1714 4128 1765 4167 ru.

145 4186 198 4250 Sicu
209 4205 302 4255 autem
312 4202 366 4255 boc
381 4203 421 4256 ita
436 4204 497 4257 sieri
509 4205 648 4274 optimum
662 4221 723 4259 esse
743 4205 914 4273 existimant,
957 4204 1232 4277 tionepstietur.Nec
1239 4203 1314 4258 enim
1320 4201 1758 4274 baptismusacitiilumnondus·

144 4287 257 4351 aeruca
270 4296 315 4343 est
329 4292 421 4345 omnis
435 4293 573 4362 legislatio
581 4294 671 4357 Pauli,
682 4294 749 4347 dum
761 4310 806 4349 res
816 4295 917 4349 admit-
956 4293 1009 4349 bus
1018 4294 1106 4349 coisse
1117 4292 1258 4357 uxoribus,
1266 4298 1317 4346 aut
1325 4292 1401 4363 apud
1407 4291 1536 4346 homines
1544 4289 1758 4348 fucitesistims·

144 4371 257 4439 utillum,
265 4378 325 4447 qui,
335 4381 567 4451 qualitercunque
575 4382 650 4447 vixit,
661 4382 806 4453 baptisari,
816 4388 844 4437 et
854 4400 916 4454 pro·
956 4400 997 4450 re,
1008 4383 1089 4454 quasi
1099 4383 1147 4454 qui
1157 4397 1244 4437 unam
1255 4380 1387 4437 babuerit
1396 4392 1522 4441 uxorem
1533 4378 1624 4435 multo
1633 4378 1757 4448 amplius

143 4454 230 4518 busin
239 4467 347 4521 clerum
358 4470 482 4538 produci,
495 4471 568 4540 quod
582 4473 696 4525 suamc
712 4472 826 4542 quidem
835 4442 946 4527 abdi·D
955 4489 1021 4527 vero
1031 4488 1097 4527 eum
1107 4472 1155 4543 qui
1163 4486 1250 4527 unam
1260 4470 1417 4540 legitimam
1430 4467 1516 4522 babet
1529 4482 1646 4521 uxorem
1660 4467 1758 4522 multis

143 4552 211 4605 dtur
223 4562 275 4609 est.
290 4556 356 4611 Vult
367 4558 441 4611 enim
456 4566 489 4612 ut
500 4560 546 4613 ille
563 4560 611 4630 qui
625 4560 656 4615 in
666 4562 857 4632 episcopatum
867 4563 915 4617 ad·
956 4561 1019 4617 aliis
1029 4561 1171 4617 luxuriose
1177 4559 1294 4613 vivendo
1302 4557 1456 4629 permutas
1463 4561 1517 4622 est,
1525 4560 1555 4610 et
1561 4554 1758 4611 manifestatus

143 4630 237 4706 duitor,
265 4644 461 4700 testimonium
479 4665 537 4703 suae
560 4648 694 4704 bonitatis
715 4667 749 4702 ex
771 4651 916 4720 praeterite
957 4643 1642 4719 esttalisritaeiuisseadepiscopawmnondebere
1652 4644 1756 4715 perdu-

144 4720 434 4813 munerandam,
451 4737 499 4806 qul
519 4743 548 4791 ot
567 4754 617 4808 per
630 4754 713 4792 osone
727 4745 839 4808 tempus
852 4740 915 4794 ritu
956 4738 1218 4803 ci‚licetsecundum
1224 4732 1758 4805 eorumverbumbaptismatueritasse·

142 4818 320 4876 tteristratum
335 4824 436 4877 studiis
450 4824 570 4889 inhaesit,
587 4834 637 4881 aut
656 4833 732 4882 certe
749 4828 927 4897 penitentis·
956 4834 1038 4883 cutus
1055 4847 1063 4881 :
1083 4827 1109 4883 si
1131 4827 1207 4881 euim
1227 4826 1274 4881 ille
1292 4824 1342 4896 qui
1365 4823 1491 4894 legitime
1512 4822 1622 4881 duabus
1641 4824 1758 4894 junctus

142 4904 255 4964 odana
268 4912 393 4967 ostendit
404 4914 538 4982 quoniam
551 4932 569 4969 a
582 4915 714 4970 deteriori
733 4917 790 4970 sita
804 4917 840 4971 ad
854 4933 914 4971 me·
956 4915 1088 4970 uxoribus
1101 4922 1131 4970 et
1144 4914 1281 4985 propositi
1295 4914 1340 4968 sui
1351 4912 1468 4969 arbitrio
1487 4912 1589 4984 pudice
1612 4924 1678 4967 cum
1701 4911 1757 4968 illis

140 4986 214 5050 icen
225 5006 331 5056 statum
347 5003 469 5057 transiit.
489 5003 569 5066 Quod
583 5010 612 5058 et
625 5004 725 5059 melius
746 5022 915 5073 cognoscere
956 5005 1086 5071 convixit,
1101 5020 1158 5060 non
1173 5003 1257 5059 debet
1270 5003 1301 5059 in
1312 5003 1506 5074 episcopatum
1514 5001 1602 5073 redpi
1614 5018 1620 5053 ε
1631 4999 1667 5055 ob
1677 5016 1756 5056 sera·

139 5084 309 5147 tttcdnusex
318 5090 376 5145 illis
387 5109 448 5162 qua¹
459 5093 678 5164 subsequuntur.
691 5094 829 5149 Fitetiam
844 5095 871 5149 id
885 5102 915 5150 et
956 5094 1136 5165 pulositatem
1147 5109 1214 5149 vero
1222 5093 1296 5159 vitae,
1307 5093 1396 5149 multo
1407 5090 1528 5163 amplius
1537 5105 1604 5147 eum
1615 5087 1664 5159 qui
1674 5089 1756 5145 luxu·

137 5167 284 5240 “demens
309 5196 327 5232 a
345 5181 484 5250 plurimis,
509 5183 575 5253 quia
590 5183 618 5236 id
636 5182 750 5247 iaciunt,
771 5185 852 5253 quasi
865 5184 914 5254 qui
954 5183 1028 5238 riose
1038 5183 1106 5237 vixit
1115 5183 1248 5237 indecens
1266 5181 1356 5236 estad
1371 5181 1425 5236 boc
1441 5177 1557 5250 produci
1575 5190 1696 5241 summ
1709 5192 1756 5233 rs·

137 5270 246 5329 'mgnum
266 5268 383 5338 aliquod
404 5277 494 5341 egum
517 5271 630 5326 bonum.
651 5272 731 5336 Quod
755 5289 823 5343 ergo
844 5273 914 5327 dixit
955 5271 1249 5343 tionoquabaptisma
1257 5277 1402 5325 assecutus
1414 5273 1467 5324 est.
1480 5265 1670 5337 Hucquldem
1680 5266 1756 5325 dicta

134 5347 200 5406 ttius
212 5357 303 5411 uxoris
319 5358 420 5419 sirum.
437 5361 551 5429 quidam
565 5361 605 5415 sic
617 5361 825 5425 intellexerunt,
838 5362 913 5431 quod
955 5361 1140 5417 sufficiantde
1151 5360 1199 5416 illo
1211 5359 1285 5430 quod
1294 5359 1380 5413 dixit:
1396 5378 1408 5409 c
1421 5356 1511 5412 Unius
1522 5354 1618 5413 uxoria
1626 5356 1727 5415 vimen.
1740 5374 1755 5413 s

132 5444 208 5509 ²th
220 5446 310 5516 magis
323 5465 421 5503 verum
430 5451 545 5520 accipio,
558 5467 591 5504 eo
605 5451 679 5521 quod
692 5450 739 5505 illo
749 5451 777 5505 in
787 5459 914 5521 tempore
956 5451 1044 5521 Gsijus
1053 5446 1477 5521 interpretationemevidentius
1484 5445 1647 5517 dioereipsa
1656 5458 1761 5504 sumus.

129 5526 349 5607 nuldermtqui
369 5538 398 5591 in
421 5538 544 5610 idipsum
566 5540 635 5596 duas
655 5554 755 5595 uxores
773 5539 916 5595 habebant
955 5540 1122 5595 necessitate
1132 5539 1256 5610 impulsi,
1267 5536 1500 5594 cousuetudinem
1514 5535 1592 5591 illem
1602 5552 1665 5606 quse
1678 5535 1760 5606 apud.

128 5614 263 5691 ΨΜ,
278 5626 355 5696 quod
369 5634 399 5681 et
412 5628 622 5699 lloysaioalege
635 5629 727 5684 tacere
740 5646 789 5685 eos
799 5629 916 5685 licenter
956 5629 1094 5701 plurimos
1108 5634 1206 5685 tenere
1219 5627 1331 5683 videtur
1349 5624 1548 5697 despicientes.
1563 5625 1638 5683 Nm
1650 5622 1756 5694 plenio-
