3772 6120
120 331 173 390 59⁹
417 336 449 394 Β.
469 335 607 394 meam
624 336 741 394 mum
758 338 928 396 suumne.
946 338 1109 398 meatur.
1129 336 1280 394 creauit
1296 334 1390 391 PARS
1407 333 1459 391 111.
1707 337 1762 394 tot

23 516 30 523 ,
118 475 180 517 rem
192 476 307 519 sensum
322 461 449 535 Apostoli
464 462 495 518 in
508 461 743 535 subsequentibus
756 464 918 520 mannesta-
926 464 1007 537 Aqui
1021 463 1135 535 longam
1149 466 1243 535 potest
1260 459 1486 533 prosecutionem
1499 457 1650 515 verborum
1661 458 1694 515 in
1707 459 1763 516 ite-

119 548 212 604 bimus
223 566 257 604 ex
276 550 344 622 ipsis
366 551 551 619 sermonibus,
568 553 611 608 vel
634 554 755 609 maxime
778 554 917 610 dictorum
957 553 1042 608 clesia
1060 552 1164 618 iacere,
1180 552 1233 606 hoc
1252 554 1281 604 et
1300 548 1433 621 perpauci
1452 548 1544 603 solent
1561 548 1691 621 implere,
1711 549 1762 604 sed

119 636 253 694 incientes
273 638 476 710 probationem.
500 642 572 697 Narn
590 642 702 697 virtutis
725 648 754 697 et
776 642 917 715 requitatis
958 642 1006 713 qui
1020 647 1113 714 potest
1126 639 1315 712 qualicunque
1328 654 1458 693 sermone
1477 642 1507 692 et
1524 637 1554 692 in
1567 653 1719 692 commune
1733 643 1763 694 et

119 727 191 782 ratio
201 728 327 800 postulat
336 734 369 784 ut
382 729 407 784 is
420 730 469 801 qui
482 729 517 785 de
530 731 704 801 talinegotio
713 731 848 802 loquitur,
860 748 917 788 non
957 730 1122 802 singillatim
1148 743 1378 800 unumquemque
1409 727 1543 798 dogmata
1571 726 1688 799 pietatis
1715 727 1762 781 in-

119 817 352 872 consuetudinem
366 818 491 889 equitati
504 823 667 890 anteponat,
686 820 736 874 sed
749 820 830 875 Paulli
840 821 917 893 leges
957 825 1075 886 struere,
1095 825 1155 873 tam
1172 818 1316 890 pietatem,
1337 832 1422 887 quam
1440 815 1585 885 virtutem,
1606 821 1636 870 et
1660 814 1763 887 quibus

119 903 261 973 discutiat,
274 907 359 961 stilla
366 906 424 962 Deo
433 912 592 980 aptatque
607 908 633 963 ei
643 909 743 963 decent
754 910 855 982 aptari,
868 911 917 983 qui
957 908 1047 964 modia
1061 907 1179 980 implere
1193 905 1315 961 debeant
1328 905 1393 971 ista,
1409 903 1557 977 exquibus
1571 905 1616 959 vel
1639 904 1763 960 maxim

119 1008 231 1065 semper
244 1010 310 1049 cum
321 994 442 1066 justitia,
458 1004 489 1052 et
501 1013 558 1051 non
581 1001 682 1052 eventu
706 1004 755 1053 aut
779 999 916 1056 accidenti
956 1002 1141 1068 augmentum
1155 996 1205 1051 illa
1221 995 1333 1067 assequi
1347 998 1488 1066 poterant.
1499 994 1529 1050 Si
1542 994 1598 1049 ista
1611 996 1762 1066 episeopus

120 1081 251 1137 universa
259 1084 332 1138 solet
341 1083 470 1158 probare,
482 1086 532 1140 sed
541 1085 875 1159 seeundumpropositum
890 1095 919 1144 et
958 1086 1099 1153 nescierit,
1114 1084 1185 1140 nihil
1200 1084 1221 1139 it
1234 1084 1343 1139 ceteris
1365 1082 1478 1138 differre
1493 1083 1645 1151 ridebitur,
1660 1100 1762 1156 super-

81 1179 87 1187 ·
119 1169 269 1227 arbitrium
290 1173 438 1229 homiuum
457 1190 686 1248 unumquemque
706 1175 760 1231 scit
778 1176 916 1248 judicare.
960 1175 1046 1229 lluam
1060 1173 1183 1246 speeiem
1197 1172 1320 1227 doctoris
1335 1172 1365 1226 in
1383 1188 1413 1226 se
1428 1171 1576 1238 simulans,
1592 1172 1718 1244 denique
1732 1179 1764 1228 et

121 1259 194 1314 Nam
208 1266 238 1316 et
250 1261 300 1316 illa
314 1278 375 1334 qum
391 1261 523 1334 baptismi
536 1269 603 1319 sunt
618 1263 780 1336 frequenter
802 1271 918 1322 eventus
959 1264 1014 1318 cito
1027 1262 1152 1318 scribens
1165 1263 1240 1317 inter
1252 1267 1355 1316 caetera
1368 1277 1429 1332 quse
1443 1260 1479 1314 de
1494 1261 1624 1332 episeopo
1639 1260 1761 1329 dicebat,

121 1348 183 1403 lieri
193 1349 293 1418 solent,
301 1350 385 1406 aliter
394 1357 538 1407 amecutua
552 1351 588 1407 ob
602 1352 805 1421 infirmitatem,
821 1361 871 1411 aut
883 1355 918 1411 ob
958 1353 1000 1408 ait
1014 1370 1021 1407 ι
1037 1351 1176 1417 Quoniam
1189 1356 1301 1423 oportet
1313 1366 1379 1404 eum
1393 1350 1515 1404 retinere
1528 1349 1557 1404 id
1574 1349 1651 1421 quod
1660 1366 1763 1405 secun·

121 1436 207 1492 aliam
221 1439 372 1510 aliquando
390 1440 565 1496 occasionem
587 1441 623 1496 ab
645 1442 764 1498 imantia
786 1443 918 1515 baptismi
959 1441 1026 1497 dum
1042 1441 1199 1496 doctrinam
1212 1439 1295 1494 fidele
1309 1438 1434 1507 verbnm,
1447 1444 1479 1493 ut
1493 1444 1594 1510 potens
1607 1438 1647 1493 sit
1660 1439 1764 1494 exhor·

120 1526 258 1596 gratiam
271 1528 354 1583 aliter
363 1546 428 1584 vero
438 1535 502 1601 post
513 1536 686 1586 senectutem
695 1532 858 1603 longaevam,
870 1534 918 1604 qui
958 1530 1014 1585 tari
1028 1530 1060 1585 in
1073 1529 1202 1584 doctrina
1220 1544 1299 1594 sana,
1321 1533 1350 1581 et
1363 1544 1412 1582 eos
1428 1527 1476 1599 qui
1496 1526 1696 1582 contradicunt
1717 1543 1763 1582 ar·

121 1618 151 1668 et
164 1631 312 1686 peremne
327 1623 440 1689 tempus
453 1619 517 1674 uitae
532 1636 590 1674 suae
603 1620 671 1675 vixit
679 1621 830 1689 luxuriose,
845 1627 918 1677 tern-
958 1635 1054 1691 gnere,
1069 1617 1256 1674 sicvultnihil
1271 1616 1368 1671 deesse
1382 1616 1511 1688 episcopo
1525 1615 1640 1670 illorum
1654 1631 1719 1688 quae
1728 1616 1764 1671 ad

121 1718 190 1775 pore
203 1721 270 1759 vero
282 1707 383 1761 mortis
396 1705 528 1779 baptismi
545 1709 668 1780 gratiam
690 1716 854 1778 assecutus3
871 1711 918 1766 ille
958 1708 1116 1762 doctrinam
1129 1705 1280 1779 pertinent.
1299 1722 1313 1758 a
1333 1706 1397 1760 Non
1410 1704 1593 1760 vinolentum.
1613 1724 1627 1755 s
1649 1705 1721 1760 iure
1735 1705 1763 1760 id

121 1806 187 1845 uero
198 1793 246 1864 qui
253 1791 288 1848 ab
298 1794 418 1850 infanda
424 1794 565 1867 baptisma
574 1803 728 1864 assecutus,
743 1790 1033 1870 diligentiadeicit,
1049 1796 1072 1852 si
1087 1796 1163 1851 enirn
1177 1801 1207 1850 et
1221 1794 1298 1849 omni
1314 1794 1422 1848 homini
1436 1794 1488 1848 hoc
1499 1793 1694 1848 necessarium
1709 1800 1761 1861 est,

121 1879 272 1936 virtutibus
285 1882 414 1940 adhibuit
428 1885 591 1956 plurimam,
607 1886 726 1959 deliquit
743 1904 808 1942 vero
824 1894 853 1943 et
870 1889 920 1944 ali-
957 1885 1047 1940 multo
1061 1885 1152 1956 magis
1173 1884 1311 1956 episcopt),
1329 1885 1377 1955 (lui
1400 1883 1477 1938 ⁰¹1¹¹²l
1496 1889 1626 1954 Ῐιειῃ1)οΓθ
1645 1888 1761 1955 im'ntus

122 1985 187 2040 qua,
204 1975 303 2042 utpote
328 1972 423 2041 homo,
438 1980 468 2028 et
479 1979 513 2029 ut
526 1975 598 2030 solet
615 1974 677 2030 lieri
697 1976 815 2032 incurrit
833 1977 919 2033 etiam
960 1974 1043 2030 debet
1059 1991 1120 2030 esse
1134 1974 1169 2028 ad
1189 1978 1283 2028 aetum
1297 1972 1494 2043 illorumque
1507 1971 1759 2026 fiemconveniunt

121 2064 150 2112 ‘t
171 2059 201 2113 5¹¹
221 2075 307 2130 &mle
326 2068 483 2133 peccavim-
506 2063 672 2119 inflnniwbe
700 2065 790 2136 magis
822 2067 919 2138 lapsus
962 2064 1048 2119 (Non
1061 2079 1263 2135 percussorem,
1281 2080 1295 2115 ι
1312 2062 1354 2116 Ne
1368 2061 1506 2128 absolute,
1523 2065 1574 2115 aut
1588 2060 1650 2115 sine
1664 2076 1759 2129 musa,

121 2162 208 2218 quam
232 2149 333 2204 affectu
356 2152 466 2219 anima,
488 2152 639 2208 ridiculum
661 2154 716 2209 erit
737 2155 762 2209 si
785 2155 861 2210 idem
884 2172 918 2211 ex
957 2149 1760 2228 autassiduainerepationeferiatquemquam.Vulteum

10 2258 24 2285 ‚-
120 2242 222 2291 eventu
235 2241 490 2296 noceamrnnllum
502 2242 637 2313 juvamen
651 2242 918 2300 obbonorumasss·
956 2258 1022 2296 cum
1040 2240 1179 2296 modestia
1192 2240 1283 2311 magis
1298 2239 1333 2293 de
1353 2239 1471 2310 singulis
1486 2254 1582 2309 agere,
1600 2238 1677 2295 sieut
1691 2239 1760 2294 etin

41 2399 46 2406 .
120 2340 210 2396 quens
224 2326 409 2399 diligentiam,
425 2330 545 2402 eoquod
559 2331 589 2385 in
602 2331 722 2387 infantia
740 2330 916 2404 baptismatis
956 2330 1079 2385 secunda
1092 2328 1218 2401 Epistola
1231 2328 1308 2383 dicit.
1324 2328 1483 2382 Modestum
1498 2344 1563 2382 eum
1577 2333 1712 2399 oportere
1727 2327 1761 2382 sd

118 2414 240 2484 muham
261 2422 305 2471 est
325 2424 484 2474 assecutus:
504 2419 558 2474 iste
580 2437 645 2474 vero
664 2436 826 2492 quanquam
845 2423 916 2477 nihil
957 2435 1064 2486 omnes,
1074 2435 1130 2473 non
1140 2417 1334 2472 recordantem
1344 2416 1492 2480 malitiam,
1503 2416 1533 2471 in
1543 2416 1762 2471 mansuetudine

118 2504 295 2573 sustinuerit,
308 2523 359 2577 pro
375 2506 478 2578 quibus
491 2509 624 2581 peccavit,
639 2510 731 2565 adhuc
743 2516 772 2565 et
781 2511 873 2566 clarus
886 2512 916 2567 in
957 2509 1104 2563 docentem
1119 2524 1176 2573 cos,
1192 2506 1241 2578 qui
1256 2506 1403 2572 resistunt,
1419 2506 1486 2561 licet
1499 2505 1523 2559 si
1541 2505 1692 2576 increpare
1710 2507 1761 2561 ali·

119 2591 215 2647 futura
223 2593 917 2663 videbiturvita,ethoceumnullarnbonitatisha
957 2597 1069 2670 quando
1080 2597 1117 2651 sit
1126 2595 1326 2662 necessarium,
1336 2594 1467 2649 videatur
1477 2593 1512 2648 ab
1522 2594 1584 2666 ipsa
1594 2596 1762 2651 necessitate

118 2679 214 2736 buerit
223 2681 410 2753 diligentiam,
423 2685 490 2756 quia
504 2686 545 2740 ita
560 2687 662 2753 evenit,
671 2693 703 2742 ut
712 2688 742 2742 in
756 2689 842 2743 linem
853 2689 916 2744 vitae
956 2685 1026 2741 illud
1041 2686 1142 2751 iacere,
1159 2690 1187 2739 et
1200 2701 1256 2739 non
1274 2683 1384 2738 arbitrii
1399 2684 1444 2738 sui
1459 2683 1615 2738 ferocitate.
1634 2684 1762 2756 Denique

118 2784 177 2824 suae
190 2768 332 2841 baptisma
345 2780 544 2844 assequeretur
560 2792 566 2828 :
582 2775 631 2830 sed
645 2775 748 2831 haecsb
765 2777 821 2832 illis
832 2778 916 2832 intel·
957 2775 1033 2841 dicit,
1050 2775 1099 2829 sed
1113 2774 1273 2829 modestum
1292 2788 1363 2827 esse.
1381 2793 1393 2824 r
1414 2774 1478 2828 Non
1493 2772 1660 2843 litigiosum.
1684 2792 1697 2825 ι
1713 2774 1763 2828 liis

116 2857 167 2929 ligi
180 2857 293 2927 debent,
301 2861 349 2933 qui
360 2862 489 2918 nesciunt
498 2863 637 2919 mhoncm
645 2864 680 2919 ob
685 2881 770 2936 quam
775 2865 917 2938 baptisma
956 2863 1054 2935 adjicit
1065 2868 1095 2918 et
1108 2862 1194 2917 aliud.
1207 2882 1219 2913 r
1232 2862 1296 2916 Non
1310 2860 1443 2933 cupidum
1459 2861 1654 2933 pecuniarum.
1675 2880 1688 2913 ι
1704 2862 1763 2918 Hoc

119 2947 214 3023 datur,
224 2948 336 3005 sednec
345 2951 455 3006 dianas
465 2953 615 3008 voluerunt
625 2970 786 3009 examinare
795 2955 916 3028 seriptu-
956 2969 1014 3024 pra
1027 2949 1677 3023 eaetcmsomnibusneeessariumestepiseopo,
1688 2952 1763 3023 quod

120 3053 177 3104 ras,
186 3037 331 3111 exquibus
347 3040 454 3095 discere
470 3048 603 3113 poterant
618 3043 751 3114 quoniam
772 3044 915 3100 Simonem
956 3059 980 3096 ιι
972 3041 1032 3095 illi
1046 3041 1098 3095 hoc
1112 3056 1169 3095 non
1179 3039 1310 3107 adfuerit,
1325 3055 1472 3111 nunquam
1487 3039 1666 3110 diligentiam
1680 3040 1761 3095 adhi-

119 3125 190 3181 nihil
204 3127 349 3198 adjurabit
367 3128 499 3201 baptismi
518 3131 623 3186 donum
642 3139 762 3204 propter
781 3109 1005 3205 propositiflbet
1017 3129 1253 3195 conuenientium,
1274 3144 1307 3182 eo
1324 3127 1398 3199 quod
1412 3127 1551 3200 cupiditas
1569 3129 1757 3200 pecuniaria:

119 3215 288 3286 pravitatem
302 3217 410 3289 Spiritu
425 3220 544 3274 sancto
537 3236 567 3275 ru
581 3237 683 3276 eonon
702 3222 913 3293 requiescente;
956 3219 1046 3273 multa
1063 3218 1139 3273 enim
1157 3218 1249 3272 facere
1268 3217 1388 3287 impellit
1409 3233 1443 3270 ex
1466 3216 1522 3271 illis
1542 3234 1604 3288 quae
1624 3218 1688 3273 lieri
1703 3234 1761 3273 uon

119 3304 235 3360 Latum
248 3322 324 3372 vero,
339 3307 393 3362 ut
385 3324 415 3362 ιιι
424 3308 547 3380 paradisi
557 3308 761 3365 habitationem
770 3311 913 3379 usnairet,
956 3307 1134 3363 conveniunt.
1152 3325 1166 3359 u
1181 3306 1303 3361 Domum
1323 3305 1393 3360 bene
1417 3311 1575 3376 regentem.
1592 3325 1607 3359 ι
1632 3307 1695 3361 Hoc
1718 3314 1762 3362 est

119 3393 229 3448 nullum
244 3395 340 3464 attulit
348 3396 592 3468 impedimentum,
602 3398 637 3453 ob
646 3399 782 3471 propositi
793 3402 855 3471 ejus
864 3400 917 3454 vir-
956 3396 1165 3468 dispensantem
1180 3401 1209 3450 et
1231 3395 1406 3466 diligentiam
1430 3394 1621 3462 adhibentem,
1637 3395 1761 3469 denique

118 3486 219 3550 tutem,
236 3499 270 3538 ca
282 3484 392 3541 ratione
406 3503 462 3558 qua
475 3503 532 3542 non
546 3487 639 3542 fuerat
653 3487 794 3560 baptisma
808 3505 917 3545 assecu-
957 3492 986 3541 et
998 3486 1091 3558 ipsum
1101 3485 1228 3556 regimen
1241 3484 1392 3539 ostendens
1403 3484 1470 3556 quid
1480 3484 1549 3538 dicit
1561 3484 1675 3555 adjecit,
1688 3485 1761 3540 tilios

118 3575 175 3626 ms.
191 3571 259 3627 Dico
273 3578 369 3629 autem
383 3575 442 3630 brec
455 3592 511 3631 non
530 3577 566 3631 ad
587 3577 808 3632 destructionem
827 3577 916 3650 bapti·
956 3573 1106 3629 habentem
1120 3574 1150 3629 in
1158 3573 1341 3644 subjectione,
1354 3589 1418 3626 cum
1428 3572 1505 3627 omni
1515 3572 1662 3644 pudicitia,
1679 3574 1763 3629 ethis

118 3660 228 3729 ematis,
243 3663 293 3717 sed
307 3670 422 3736 propter
434 3682 482 3719 eos
506 3666 554 3737 qui
571 3665 624 3721 sub
644 3667 790 3722 occasione
813 3667 917 3740 baptis-
956 3669 1160 3736 consequenter
1178 3662 1283 3733 adjicit.
1299 3683 1311 3714 s
1336 3661 1365 3716 Si
1385 3661 1447 3732 quis
1466 3666 1562 3716 autem
1585 3661 1685 3718 domui
1704 3680 1763 3719 sua

119 3750 204 3805 matis
215 3751 353 3807 incuriam
360 3754 621 3810 multaminducere
631 3756 799 3811 annituntur
809 3757 917 3829 Judieio
957 3770 1076 3826 praeesse
1089 3753 1187 3820 nescit,
1203 3751 1342 3823 quomodo
1360 3750 1488 3806 Ecclesia
1506 3750 1557 3806 Dei
1581 3751 1763 3823 diligentiam

116 3839 188 3910 justi
202 3839 263 3895 Dei.
276 3842 349 3896 Nam
362 3848 392 3898 et
405 3842 546 3915 baptisma
556 3861 692 3915 magnum
701 3847 816 3917 eoquod
826 3852 918 3902 tanto-
958 3842 1090 3898 habebit?
1099 3842 1153 3907 Qui
1162 3858 1228 3897 suos
1240 3841 1438 3896 convenienter
1450 3856 1548 3912 regere
1559 3841 1661 3910 nescit,
1671 3842 1764 3897 multo

120 3940 184 3982 rum
199 3928 337 3984 bonorum
350 3932 475 3986 eontinet
497 3933 667 4004 largitatem,
693 3939 722 3989 et
742 3935 917 4007 propositum
958 3931 1048 4002 magis
1062 3930 1214 3987 Ecclesiam
1229 3947 1327 4001 regere
1343 3929 1386 3984 vel
1401 3929 1502 3984 docere
1516 3929 1635 3985 minime
1646 3932 1762 4003 poterit

120 4016 342 4089 uniuscuiusque
351 4021 509 4075 necessario
516 4022 661 4092 judicatur
669 4039 702 4078 ex
713 4023 832 4079 Domino
847 4024 916 4092 Deo,
958 4021 1031 4076 Nam
1044 4021 1119 4093 quod
1130 4020 1210 4087 dixit,
1223 4038 1237 4075 a
1254 4019 1326 4075 lilios
1341 4017 1492 4073 habentem
1505 4019 1536 4074 in
1548 4017 1738 4091 subjectione,
1749 4040 1761 4073 ι

121 4120 219 4176 aquo,
234 4106 277 4160 rel
290 4108 411 4162 maxime
424 4115 454 4164 et
463 4108 595 4180 baptismi
604 4111 718 4166 donatio
728 4113 849 4167 multum
858 4130 918 4168 sus-
958 4126 1015 4165 non
1028 4109 1064 4164 de
1077 4108 1194 4164 arbitrio
1209 4108 1332 4163 liliorum
1345 4107 1422 4174 dicit,
1442 4107 1490 4162 sed
1505 4107 1540 4163 de
1554 4108 1646 4180 patris
1661 4109 1765 4165 solliei-

121 4193 289 4265 cipientibus
304 4195 373 4251 illud
388 4203 481 4268 potest
491 4198 618 4254 conferre
624 4201 768 4271 juramen.
775 4201 833 4256 Nec
839 4218 919 4274 eques
959 4199 1067 4264 tudine,
1087 4198 1128 4252 ita
1144 4213 1177 4253 ut
1191 4198 1250 4268 ipse
1264 4197 1401 4252 acceleret
1414 4196 1514 4269 pudice
1529 4213 1577 4251 eos
1596 4197 1761 4263 instituere

121 4288 262 4352 amuram,
283 4286 332 4340 sed
354 4286 568 4359 suscipientium
592 4289 657 4343 fidei
685 4289 838 4361 perfectam
869 4291 919 4346 Dei
960 4293 989 4343 et
1001 4286 1128 4342 subdrtos
1142 4303 1190 4341 eos
1208 4285 1312 4340 habere
1331 4285 1558 4357 obtemperantes
1573 4286 1665 4353 sibi,
1657 4304 1687 4342 ιιι
1704 4288 1765 4360 qui·

121 4370 320 4430 liberalitatem
333 4374 513 4448 inbaptisma
526 4378 670 4432 attrahere
680 4378 760 4433 solet
767 4379 953 4493 VideamusD
959 4375 1011 4431 bus
1029 4376 1064 4431 de
1077 4374 1306 4431 conuenientibus
1320 4375 1369 4430 dat
1383 4375 1438 4429 illis
1452 4374 1610 4444 consilium,
1627 4376 1653 4430 si
1666 4382 1764 4432 autem

121 4468 218 4517 autem
233 4469 263 4519 et
274 4470 444 4536 caeteraque
454 4466 490 4521 de
500 4483 628 4539 eplseopo
637 4466 725 4523 dreit
737 4468 917 4524 uSobn'um.»
928 4433 1049 4538 Dpetris
1062 4465 1113 4520 tali
1129 4465 1264 4519 existente
1278 4463 1394 4519 arbitrio
1414 4464 1492 4518 filii
1485 4480 1514 4518 ιιι
1533 4464 1764 4537 deteriuspersi·

121 4550 166 4606 lta
188 4559 222 4607 ut
243 4570 308 4608 cum
330 4555 517 4611 sollicitudine
539 4556 690 4628 prospiciat
713 4557 763 4611 illa
780 4573 842 4629 qua
859 4558 920 4629 geri
960 4560 1034 4610 stere
1054 4553 1203 4621 voluerint,
1224 4553 1333 4609 arbitrii
1352 4555 1396 4608 sui
1419 4553 1566 4625 pravitate,
1586 4570 1644 4608 non
1674 4555 1765 4626 patris

122 4641 300 4697 conveniunt.
323 4663 336 4695 e
357 4645 503 4701 Pudieum.
525 4665 539 4698 ι
559 4645 733 4714 Necessario,
750 4664 783 4702 eo
797 4646 897 4718 quod
890 4664 920 4702 ιιι
961 4643 1043 4715 culpa
1056 4648 1108 4711 est,
1119 4660 1153 4699 eo
1167 4644 1242 4715 quod
1255 4643 1291 4697 ad
1304 4659 1426 4715 presens
1440 4642 1475 4696 de
1490 4643 1551 4713 ejus
1565 4644 1765 4714 propositolo-

122 4744 271 4784 commune
284 4737 314 4785 et
326 4733 451 4789 virorum
466 4740 495 4790 et
513 4735 665 4790 mulierum
679 4735 860 4792 constituitur
872 4736 921 4790 do·
961 4733 1067 4804 quitur,
1081 4733 1123 4787 ita
1135 4738 1168 4787 ut
1181 4749 1248 4804 erga
1258 4748 1324 4787 suos
1338 4731 1557 4786 sollicitudinem
1567 4733 1720 4803 expendat,
1732 4740 1766 4788 ut

121 4821 191 4871 etur.
214 4818 397 4875 «Ornatam.
419 4843 432 4876 a
453 4825 681 4892 conversatione,
704 4831 792 4892 motu,
816 4825 918 4897 specie,
960 4838 1024 4879 eum
1039 4821 1365 4892 modestiaetdiseiplina
1374 4827 1403 4875 et
1414 4819 1763 4891 gravitateinstitrantur:

122 4921 173 4976 per
187 4906 284 4961 omnia
301 4909 424 4964 ostendit
442 4914 554 4982 qualem
573 4914 720 4969 conveniat
738 4930 800 4968 esse
817 4914 921 4986 episco·
961 4928 994 4967 ex
1010 4912 1064 4966 hoc
1077 4911 1187 4967 ostendi
1199 4916 1300 4983 potest,
1318 4911 1452 4981 quoniam
1471 4911 1570 4965 eodem
1583 4911 1670 4966 modo
1685 4911 1765 4967 etde

123 5010 202 5065 pum.
215 5012 228 5047 e
244 4995 427 5068 Hospitalem.
443 5001 621 5058 »Conveniat
632 5018 693 5057 esse
703 5002 863 5075 episcopum
873 5003 922 5056 ho·
962 5001 1091 5056 omnibus
1106 5001 1161 5055 en't
1171 5000 1317 5055 sollicitus.
1329 5001 1402 5055 Nam
1409 5004 1438 5054 et
1446 4999 1497 5054 lilii
1507 4999 1648 5055 Samuelis
1657 4999 1765 5074 perspi·

74 5102 77 5109 ¹
122 5084 333 5156 spitalem,non
347 5085 474 5142 absolute
489 5088 542 5145 dici
557 5091 772 5165 peregrinorum
781 5092 918 5159 omnium,
962 5090 1075 5145 ciuntur
1084 5090 1159 5162 quod
1173 5104 1269 5144 amore
1282 5088 1406 5160 pecunia
1420 5088 1596 5160 perdiderint
1606 5089 1762 5160 justitiam,

123 5173 172 5227 sed
186 5173 300 5231 illorum
314 5177 362 5248 qui
380 5177 507 5260 ejusdem
522 5180 587 5235 fidei
606 5187 682 5249 sunt,
695 5197 765 5253 quos
779 5185 861 5235 notes
877 5198 922 5235 ex·
963 5184 992 5234 et
1005 5196 1061 5236 non
1080 5179 1178 5250 utique
1193 5178 1353 5233 Samuelem
1366 5178 1527 5232 incusamus
1538 5176 1574 5232 ob
1588 5194 1691 5233 eorum
1707 5179 1765 5234 tale

123 5266 230 5317 stantes
243 5263 297 5319 sibi
315 5270 349 5323 ut
369 5282 435 5321 suos
454 5268 597 5340 suscipere
616 5269 701 5325 debet
724 5286 788 5325 curn
811 5286 922 5325 summa
962 5268 1146 5341 propositum.
1161 5268 1248 5323 «Non
1262 5268 1444 5340 neophytum,
1463 5273 1495 5322 ut
1508 5284 1544 5321 nc
1558 5267 1588 5322 in
1599 5267 1764 5340 superbiam

123 5349 279 5420 diligentia.
295 5355 484 5410 «Docibilem.
499 5375 513 5409 ι
528 5357 587 5412 Hoc
601 5360 663 5430 eJ'us
683 5376 764 5432 opus,
777 5364 810 5413 ιιι
823 5359 922 5414 doceat
963 5359 1052 5413 elatus
1073 5357 1102 5412 in
1123 5357 1263 5429 judicium
1287 5357 1393 5411 incidat
1415 5355 1528 5411 diaboli.
1546 5373 1559 5409 ι
1582 5357 1672 5412 Valde
1686 5357 1765 5414 fatue

124 5438 262 5506 homines,
288 5448 316 5497 et
336 5444 469 5499 virtutem
492 5450 521 5500 et
542 5445 689 5517 pietatem;
711 5449 734 5504 si
748 5455 843 5504 autem
867 5448 922 5503 ista
963 5447 1075 5519 quidem
1088 5446 1183 5501 hocin
1198 5445 1258 5500 loeo
1282 5445 1510 5500 existimaverunt
1528 5445 1706 5518 neophytum
1720 5447 1764 5502 di-

124 5529 224 5583 docere
238 5529 379 5598 nescierit,
394 5533 525 5604 ignorare
538 5535 648 5591 videtur
669 5537 749 5604 illud,
765 5536 840 5609 quod
858 5553 922 5609 pro-
961 5553 1024 5590 eere
1043 5536 1208 5608 Apostolum
1226 5535 1316 5600 illum,
1340 5536 1388 5607 qui
1407 5534 1561 5589 secundum
1584 5541 1699 5592 atatem
1722 5542 1767 5592 est

124 5619 221 5674 netur
230 5618 356 5686 edcoere
368 5621 484 5679 sednon
493 5624 918 5692 solumillumdieitdocibilem,
958 5625 1080 5697 Juvenis,
1095 5641 1165 5697 quos
1186 5623 1368 5679 conveniebat
1387 5624 1484 5690 etiam,
1499 5623 1553 5679 etsi
1576 5625 1648 5680 nihil
1673 5626 1764 5693 aliud,
