3772 6120
183 285 234 342 383
476 283 509 339 Β.
529 281 666 338 RABANI
685 281 802 336 usual
820 279 989 336 ARCHIEP.
1009 278 1172 334 MOGUN'I'.
1192 277 1342 334 OPERUM
1365 276 1457 333 PARS
1475 279 1527 334 nr.
1772 280 1823 336 384

183 411 310 482 Denique
325 409 446 465 triennio
463 408 502 461 ibi
515 407 666 479 Apostolus
680 410 806 460 moratus
825 410 877 470 est,
900 405 1012 464 nocteA
1022 402 1167 474 probatur,
1179 403 1253 473 quod
1265 403 1338 457 sicut
1351 403 1365 457 J
1368 418 1473 458 oannes
1486 404 1654 476 mysterium
1667 406 1825 461 nativitatis

184 508 213 556 ct
234 501 280 554 die
299 498 478 568 Evangelium
500 496 662 567 predicans,
678 500 718 559 ut,
736 493 900 548 idololatria
919 509 982 546 arce
1023 492 1145 562 antiques
1159 491 1272 547 Domini
1286 492 1436 553 relaturus,
1452 492 1482 546 in
1496 499 1594 563 pectus
1609 495 1671 565 ejus
1684 494 1823 561 recubuit,

184 591 335 655 destructa,
351 587 430 640 facile
445 586 589 640 minorum
604 583 717 639 urbium
731 583 838 653 templa
852 598 984 652 caperen·
1024 587 1053 635 et
1066 581 1101 634 de
1116 579 1265 651 purissimo
1279 581 1356 635 fonte
1374 581 1470 635 hausit
1491 582 1612 636 rivulum
1633 584 1827 639 doctrinarum

113 654 121 671 ⁹
183 685 239 733 tur.
247 678 306 730 Hoc
315 676 407 747 ipsum
419 673 564 745 Scriptura
577 673 672 739 refert,
681 672 820 743 quomodo
830 670 935 725 Paulus
947 669 983 723 ad
1023 672 1111 738 (toan.
1127 685 1183 735 xnr,
1199 656 1269 739 aar),
1279 669 1319 723 ita
1343 676 1373 724 et
1387 670 1416 724 hi
1431 669 1460 723 in
1484 670 1614 726 abeuntis
1627 673 1710 726 Pauli
1724 674 1828 727 collum

183 765 318 837 Ephesios
332 763 537 818 sermocinetur
551 763 663 816 dicens:
676 764 847 830 Oeeapropter
860 762 980 827 cipitata,
1024 764 1139 812 ruentes
1151 759 1217 826 lnce.
1233 766 1290 826 xxl,
1302 758 1390 813 oculis
1404 764 1488 830 atque
1499 760 1674 831 amplexibus
1684 762 1744 816 suis
1754 761 1829 817 iudi·

182 856 356 909 recordantes
366 856 434 921 quia
445 855 692 906 triennioauetcac
701 852 807 904 dterron
816 851 984 903 cessaeicurn
1026 853 1160 901 caverunt
1173 863 1263 901 unum
1278 863 1308 901 se
1320 863 1387 903 crim
1400 864 1433 902 eo
1447 849 1571 904 scientiae
1591 849 1697 904 habere
1716 851 1828 905 thesau-

184 943 985 1012 tarrpnu'smonemunumqueenpuecestrurn,etaunccorn-
1026 934 1827 1010 rum,etmagistridesideriumlacrymiscontestatisunt.

183 1034 281 1086 rtiendo
294 1049 339 1085 uos
352 1033 405 1086 Deo
420 1035 444 1083 et
463 1031 542 1083 serbo
558 1031 656 1097 pratia
675 1031 741 1096 ejus,
768 1029 817 1096 aui
833 1031 928 1095 potens
948 1032 985 1080 est

147 1102 150 1106 Δ
184 1123 320 1189 rectificare
335 1125 359 1174 et
375 1121 442 1173 dara
454 1120 528 1172 uobis
546 1119 732 1171 hereditatem
751 1119 783 1169 e'n
808 1117 986 1182 sarsrtilicate's
1283 1079 1400 1134 CAPUT
1419 1079 1572 1135 PRIMUM·

185 1211 314 1264 ,mm-pm,
331 1210 339 1277 p
340 1208 400 1264 Ac,
412 1210 472 1275 xx„
485 1205 652 1276 Inffigebant
659 1205 734 1259 enim
742 1203 985 1258 commendatione
1025 1187 1832 1273 Perru'tmaliquorum.diuinapradestinatio,etrecoluntur

182 1298 309 1370 Amo„
331 1297 366 1350 ad
385 1298 485 1361 Deum,
502 1311 572 1366 quos
586 1300 667 1348 ,anto
683 1300 809 1364 ,empore
827 1293 985 1347 daemonum
1107 1259 1153 1311 Iler
1171 1259 1743 1330 bertefieeacultataapostolesetEphesus.

182 1404 262 1442 error
277 1392 415 1453 tenuerat,
434 1392 462 1439 et
475 1382 601 1438 sciebant
615 1400 675 1438 esse
701 1383 842 1454 spiritales
861 1382 896 1435 ed
917 1398 986 1452 quas
1062 1383 1167 1436 Paulus
1180 1384 1316 1451 apostotus
1332 1381 1437 1437 Christ-i
1446 1385 1509 1436 lesu
1519 1399 1568 1452 per
1582 1387 1756 1438 saturitatem
1770 1386 1830 1441 aei.

184 1477 316 1547 [aliquas]
325 1480 487 1546 potestates,
499 1480 528 1527 et
537 1473 567 1527 in
577 1472 646 1527 extis
656 1471 873 1544 atqueauguriis
879 1476 908 1525 et
915 1470 986 1524 divi·
1029 1468 1148 1540 (Amor.)
1161 1470 1249 1524 Solito
1262 1487 1340 1524 more
1350 1469 1464 1525 scribit:
1475 1472 1632 1542 apostolum
1642 1473 1718 1526 enim
1729 1489 1761 1527 se
1770 1489 1831 1527 esse.

183 1561 722 1634 nationibusquamdamsimilitudinem
732 1560 887 1614 divinitatis
898 1575 985 1629 agmo-
1028 1558 1132 1613 Christi
1147 1560 1214 1613 Jesu
1228 1559 1279 1612 Dei
1294 1558 1437 1613 voluntate
1456 1566 1585 1614 testatur.
1614 1563 1712 1628 mter.)
1738 1562 1768 1615 Si
1780 1578 1833 1631 per

183 1658 292 1708 verant.
306 1653 386 1708 Unde
396 1668 510 1706 rursum
521 1651 557 1706 ad
571 1668 618 1704 eos
633 1650 776 1721 loquitur:
789 1649 987 1718 Propterquod
1027 1647 1186 1718 praepositio
1212 1648 1399 1702 ministerium
1415 1650 1485 1719 ejus,
1501 1667 1552 1720 per
1566 1666 1650 1720 quom
1666 1667 1713 1703 res
1726 1650 1830 1720 agitur,

183 1745 421 1797 commeruerint
442 1743 485 1794 dic
507 1742 569 1809 liar,
589 1743 655 1808 quia
677 1740 798 1792 ineundus
816 1754 879 1791 sum
898 1753 944 1805 epo
967 1727 1160 1804 aBostendit,
1185 1736 1297 1790 ridetur
1316 1736 1385 1790 mihi
1404 1737 1525 1791 inillam
1543 1738 1714 1792 sententiam
1732 1756 1831 1793 sensus

184 1830 532 1899 sanquineorranr’urnA'on
543 1831 618 1883 eninr
631 1830 824 1896 serbtrase'‚quo
834 1829 986 1879 restriusan·
1026 1825 1079 1880 iste
1104 1842 1276 1896 congruere:
1296 1826 1380 1880 Νιηηο
1398 1830 1472 1880 uenit
1487 1828 1524 1880 ad
1536 1829 1657 1893 Patrem,
1675 1830 1734 1881 nisi
1748 1831 1830 1889 Pater

187 1923 352 1974 aarettarern
366 1920 558 1973 uobisornnenr
569 1921 739 1972 uoluntatem
750 1915 985 1983 asiaticarum
1025 1931 1102 1969 rneus
1116 1917 1264 1968 attraxerit
1281 1931 1344 1968 eura
1357 1917 1448 1982 (Joan.
1463 1919 1510 1984 vil:
1525 1922 1609 1986 atque
1621 1916 1660 1969 ita
1677 1917 1736 1983 siet,
1757 1924 1789 1972 ut
1803 1924 1832 1971 et

186 2009 284 2062 eodem
295 2009 355 2062 loco
364 2027 369 2062 :
379 2008 515 2076 Quomodo
530 2007 603 2060 nihil
618 2007 804 2059 subtraxerim
818 2021 914 2057 eorum
925 2021 984 2073 qtae
1025 2004 1106 2069 illud,
1119 2003 1193 2074 quod
1203 2004 1233 2057 in
1245 2004 1394 2074 Evangelio
1405 2004 1522 2058 loannis
1531 2004 1635 2074 legitur
1647 2024 1654 2059 ε
1668 2006 1772 2060 Omnia
1780 2022 1831 2075 per

184 2095 865 2166 anobisproderant,puinannuntiaremetdorerenr
876 2095 984 2161 publice
1026 2095 1110 2147 illicne
1125 2095 1199 2160 sacta
1218 2098 1284 2146 sarit
1299 2113 1305 2146 :
1323 2093 1398 2146 haud
1418 2092 1535 2147 dubium
1556 2094 1624 2164 quin
1641 2111 1693 2165 per
1713 2094 1828 2154 Filium.

185 2192 208 2240 et
232 2188 373 2240 donusn'ca
398 2187 505 2254 (thid).
528 2185 648 2254 Legerat
664 2183 693 2237 in
714 2182 856 2237 Ezechiele
878 2182 983 2249 (Erech.
1027 2199 1083 2236 non
1098 2182 1262 2253 praejudicet
1276 2182 1397 2236 Domino
1411 2187 1507 2236 nostro
1527 2183 1593 2236 Jesu
1609 2183 1733 2251 Christo,
1752 2185 1831 2256 quasi

184 2280 283 2342 xxxin)
308 2275 384 2346 quod
408 2273 567 2345 speculator
585 2273 633 2344 qui
655 2273 759 2344 populo
783 2271 906 2324 hostium
930 2287 987 2324 non
1028 2287 1060 2324 ex
1077 2288 1109 2324 co
1124 2271 1217 2325 minor
1230 2271 1276 2337 sit,
1290 2271 1364 2341 quod
1380 2271 1471 2324 Patris
1487 2270 1661 2342 obtemperet
1675 2273 1830 2328 voluntati:

186 2363 360 2434 predixisset
370 2363 530 2428 adventum,
542 2361 657 2431 sanguis
674 2361 775 2415 civium
786 2359 987 2430 exigereturde
1030 2359 1169 2431 quomodo
1184 2366 1213 2413 et
1226 2376 1301 2414 nunc
1324 2376 1381 2414 non
1402 2361 1568 2430 praejudicat
1587 2361 1674 2426 Pestri,
1691 2362 1766 2431 quod
1781 2378 1832 2433 per

185 2452 316 2507 inanibus
331 2454 401 2522 ejus,
419 2457 448 2505 et
463 2457 612 2523 propterea
625 2467 737 2505 omnem
760 2467 790 2503 se
815 2450 987 2503 voluntatem
1029 2450 1202 2503 voluntatem
1216 2449 1291 2503 illius
1307 2448 1411 2502 Paulus
1425 2450 1569 2519 apostolus
1583 2451 1649 2505 Jesu
1665 2451 1772 2505 Christi
1786 2451 1831 2505 sit.

186 2542 247 2605 Dei,
263 2547 292 2595 et
306 2541 434 2595 universo
451 2557 511 2612 quae
532 2540 587 2594 illis
607 2539 688 2593 utilia
701 2538 793 2592 forent
805 2537 988 2592 annuntiasse
1028 2538 1083 2592 Alii
1100 2554 1165 2591 sero
1189 2538 1229 2591 ita
1245 2538 1337 2591 locum
1360 2537 1446 2592 istum
1461 2538 1634 2608 intelligunt,
1656 2546 1689 2593 ut
1711 2540 1833 2594 Paulum

190 2630 365 2695 memoravit,
377 2636 408 2684 ut
424 2629 495 2683 liber
509 2635 583 2682 essct
597 2644 614 2681 a
627 2627 764 2697 sanguine
776 2643 883 2681 corum.
895 2627 932 2680 Ut
940 2643 989 2680 au·
1029 2626 1187 2698 apostolum
1198 2628 1212 2681 J
1215 2643 1264 2680 esu
1275 2626 1380 2680 Christi
1400 2643 1450 2697 per
1467 2628 1641 2681 voluntatem
1656 2628 1718 2692 Dei,
1734 2629 1783 2699 qui
1797 2628 1833 2683 sit

189 2718 350 2771 terasciatis
359 2717 463 2788 eosqui
472 2717 501 2771 in
513 2717 622 2787 Epheso
636 2716 823 2780 crediderant,
836 2715 988 2769 damonia·
1031 2716 1169 2783 Christus,
1180 2716 1290 2769 ostendi
1306 2720 1406 2786 putent
1419 2735 1425 2768 ι
1436 2722 1469 2769 ut
1478 2715 1550 2770 sicut
1560 2717 1708 2787 sapientia,
1722 2724 1752 2772 ct
1763 2719 1833 2772 Ver·

189 2807 230 2860 cis
254 2806 402 2876 prestigiis
422 2812 451 2859 ct
474 2806 589 2876 magicae
608 2805 694 2859 fuisse
715 2804 769 2858 arti
790 2803 936 2874 obligatos
959 2804 989 2857 in
1029 2803 1107 2869 bum,
1118 2810 1148 2857 et
1157 2803 1246 2858 virtus
1260 2804 1320 2867 Dei,
1332 2809 1360 2858 et
1370 2804 1482 2869 veritas,
1496 2811 1524 2858 et
1539 2807 1719 2872 resurrectio,
1732 2813 1761 2861 et
1775 2807 1833 2862 rita

189 2895 291 2949 iisdem
309 2896 501 2965 apostolorum
513 2893 630 2948 Actibus
643 2893 795 2964 replicatur
815 2898 844 2946 et
862 2892 967 2946 dicitur
980 2912 986 2946 :
1030 2893 1143 2960 dicitur,
1155 2893 1195 2947 ita
1206 2892 1291 2947 etiam
1302 2894 1431 2947 voluntas
1446 2895 1613 2965 appelletur.
1622 2895 1834 2951 Nonnullinihil

131 3049 136 3057 ⁸
187 2986 313 3039 Plurimi
321 2999 531 3052 quoqueeorum
542 2985 592 3052 qui
600 2985 710 3036 curiosa
719 2986 990 3050 pesserant,cornpor-
1030 2982 1143 3036 differre
1157 2982 1328 3047 existimant,
1349 2988 1445 3036 utrum
1459 2999 1509 3053 per
1530 2982 1705 3038 voluntatem
1721 2985 1783 3049 Dei,
1799 3001 1835 3040 an

188 3077 318 3126 taverunt
342 3074 436 3137 libros,
453 3077 477 3126 et
500 3073 706 3125 corrtbusseruat
730 3087 772 3123 eos
788 3086 882 3123 coram
902 3057 1020 3123 omrai-C
1031 3087 1064 3124 ex
1083 3071 1133 3125 Dei
1149 3070 1252 3124 dixerit
1266 3070 1418 3136 voluntate,
1444 3071 1510 3141 quia
1530 3072 1574 3125 his
1590 3072 1835 3145 praepositionibus

190 3160 990 3229 bus‚etcomputatopretioillorum,inueneruntquinqua·
1030 3159 1337 3226 indifferenterutatur,
1349 3166 1377 3213 et
1387 3160 1510 3231 idipsum
1519 3160 1837 3234 significarepervolun·

186 3253 267 3318 pinta
281 3252 376 3303 millia
394 3251 504 3317 arpenti
520 3251 581 3302 :sic
600 3252 725 3317 potenter
743 3249 856 3301 uerbum
875 3248 989 3301 donnini
1029 3253 1118 3304 tatem
1130 3249 1191 3314 Ilei,
1208 3250 1288 3320 quasi
1303 3249 1418 3303 dixisset
1432 3267 1465 3302 ex
1479 3251 1623 3305 voluntate
1637 3252 1705 3308 Ilei:
1722 3253 1835 3308 Sanctis

185 3340 318 3392 marcebat
324 3342 349 3392 et
356 3338 566 3406 confortabatur
575 3338 640 3407 (Act.
654 3340 722 3406 xix).
733 3337 798 3390 Haec
808 3336 910 3390 idcirco
922 3335 986 3389 uni·
1028 3339 1165 3403 oritaibus,
1177 3341 1228 3406 qui
1237 3344 1304 3392 suat
1314 3339 1423 3407 Ephesi,
1429 3343 1453 3391 et
1463 3340 1589 3406 fidelibus
1600 3343 1631 3393 in
1637 3341 1747 3396 Christo
1756 3344 1832 3398 Jrsu.

185 3443 266 3480 versa
280 3426 485 3497 replicavimus,
500 3432 532 3479 ut
546 3425 758 3479 ostenderemus
773 3425 987 3495 quareAposto·
1027 3426 1148 3489 Quidam
1163 3425 1301 3480 curiosius
1316 3443 1401 3496 quam
1422 3444 1536 3481 neeesse
1555 3435 1607 3495 est,
1631 3435 1735 3499 putant
1750 3447 1784 3485 ex
1799 3448 1830 3485 eo

185 3516 229 3570 lus
243 3516 272 3569 in
288 3516 341 3570 hac
354 3515 397 3569 rel
424 3515 601 3586 potissimum
624 3514 748 3585 Epistola
766 3513 899 3567 obscuros
921 3530 986 3567 sen·
1027 3516 1101 3586 quod
1115 3516 1204 3586 Moysi
1219 3515 1326 3569 dictum
1337 3516 1390 3568 sit:
1407 3518 1468 3570 Hae
1484 3519 1555 3570 elices
1572 3520 1639 3585 filiis
1649 3520 1760 3573 lsrael:
1777 3522 1830 3588 Oui

184 3621 233 3659 sus
248 3611 277 3659 et
291 3605 389 3675 ignota
401 3604 510 3659 saeculis
525 3610 700 3658 sacramenta
713 3603 892 3673 congesserit,
910 3602 985 3657 etde
1026 3609 1064 3658 est
1078 3603 1374 3675 rretsr'trne(and.111l‚
1389 3605 1475 3658 eboni
1498 3622 1554 3673 eos
1572 3607 1620 3676 qui
1629 3607 1734 3677 Ephesi
1743 3608 1832 3664 sancti

185 3698 348 3748 sanctarum
372 3693 582 3764 Scripturarum
605 3698 703 3747 contra
728 3709 836 3746 morem
859 3691 985 3746 docuerit
1026 3699 1093 3748 sunt
1112 3698 1142 3747 et
1166 3693 1263 3747 fideles
1284 3692 1417 3747 vocabulo
1439 3695 1567 3749 essentiae
1590 3703 1786 3767 nuncupatos:
1800 3703 1832 3753 ut

185 3788 347 3854 potestate·
363 3802 369 3836 :
388 3782 435 3853 qui
449 3782 508 3837 sint
521 3784 671 3849 deamones,
689 3781 755 3853 quid
774 3782 896 3848 valeant,
917 3780 984 3851 quid
1026 3782 1166 3854 quomodo
1182 3799 1200 3836 a
1223 3788 1320 3836 sancto
1334 3782 1433 3847 sancti,
1450 3785 1555 3852 ajusto
1568 3785 1649 3853 justi,
1669 3803 1687 3840 a
1701 3787 1829 3857 sapiente

186 3875 251 3925 ante
266 3871 380 3938 fuerint,
392 3877 421 3925 et
431 3871 570 3942 quomodo
580 3876 643 3942 post
652 3871 802 3925 adrentum
812 3869 915 3924 Christi
928 3869 985 3923 sint
1026 3871 1181 3941 sapientes;
1200 3871 1241 3924 ita
1250 3869 1285 3924 ab
1300 3888 1343 3937 eo,
1354 3870 1401 3941 qui
1413 3878 1464 3938 est,
1483 3872 1522 3938 hi,
1540 3873 1674 3943 quisunt,
1687 3876 1829 3946 appellen-

184 3960 271 4014 diruti
287 3965 371 4031 atque
386 3959 531 4014 destructi.
546 3960 586 4013 De
601 3958 702 4030 quibus
716 3959 770 4012 ait:
784 3959 845 4013 Non
859 3963 896 4012 est
909 3960 985 4012 nona
1025 3965 1082 4025 tur,
1098 3966 1127 4013 et
1139 3961 1222 4030 juxta
1236 3960 1367 4014 eumdem
1383 3961 1549 4030 Apostolum
1559 3963 1677 4031 elegisse
1690 3964 1782 4018 Deum
1795 3981 1830 4019 ea

181 4063 278 4117 pupna
291 4050 420 4101 adsersus
434 4064 546 4102 carnem
567 4052 590 4101 et
605 4051 781 4115 sariputneni,
796 4048 841 4100 sed
853 4050 983 4100 aduersus
1026 4066 1087 4119 quae
1101 4065 1157 4103 non
1172 4055 1262 4114 erant,
1280 4055 1312 4103 ut
1327 4049 1487 4103 destrueret
1501 4068 1534 4104 ea
1550 4068 1611 4120 qua
1626 4058 1718 4108 erant.
1738 4055 1831 4124 Ipsam

181 4139 360 4205 principatus
369 4140 546 4204 etpotestatcs,
559 4140 582 4188 et
592 4138 722 4189 artversus
734 4140 849 4189 rectores
861 4136 983 4188 tenebra·
1025 4137 1110 4192 etiam
1126 4137 1300 4208 Scriptorum
1316 4155 1377 4208 quae
1391 4138 1420 4192 in
1436 4139 1630 4194 testimonium
1642 4141 1766 4196 adducta
1777 4150 1829 4210 est,

184 4241 251 4278 rann
261 4228 392 4287 istarum,
401 4225 531 4277 adsersus
539 4226 682 4292 spiritalia
693 4225 822 4292 nequit-ia·
833 4226 863 4277 in
875 4227 983 4278 celesti·
1023 4226 1065 4281 ita
1074 4226 1241 4292 edisserunt,
1252 4233 1283 4281 ut
1294 4227 1618 4283 destructionemeorum
1629 4247 1691 4300 quee
1702 4237 1830 4297 crantor

185 4317 233 4369 bees
250 4314 354 4383 (Ephes.
371 4317 417 4383 rr).
435 4313 469 4367 Et
483 4313 511 4366 in
526 4312 580 4366 alio
604 4313 665 4366 loco
680 4330 685 4364 :
702 4314 868 4367 Permaneto
889 4317 982 4367 autern
1024 4316 1468 4387 consequentibusintelligamus:
1479 4318 1833 4390 b'tnon,inquit,ptorirtur

183 4404 282 4472 Ephesi
304 4419 388 4473 usqne
410 4404 446 4456 ad
478 4405 655 4457 Pentecosten.
682 4402 787 4456 Ostium
812 4405 887 4455 enim
913 4404 984 4455 ner'hi
991 4380 1187 4459 Dornrsisearo
1196 4409 1226 4459 ia
1236 4411 1378 4474 conspectu
1389 4408 1445 4459 Ilei.
1457 4406 1486 4460 Si
1496 4407 1678 4474 enimaiunt,
1688 4409 1830 4480 quispiam

183 4498 311 4562 apertum
327 4498 363 4546 est
379 4509 514 4561 resupnum
524 4497 547 4545 et
563 4493 668 4559 eftear,
680 4492 726 4544 sed
736 4492 984 4545 aduersarn'rnultr'
1024 4511 1058 4548 ex
1077 4511 1110 4548 eo
1130 4494 1205 4565 quod
1229 4511 1285 4548 non
1309 4499 1379 4560 erat,
1400 4493 1429 4548 in
1455 4495 1483 4548 id
1501 4496 1574 4566 quod
1598 4502 1642 4551 est
1665 4499 1754 4552 aDeo
1771 4515 1833 4554 esse

185 4583 210 4647 (I
219 4584 280 4635 Cor.
296 4585 359 4649 rvr).
370 4581 634 4636 Permansitautem
647 4579 748 4651 Ephesi
761 4596 850 4650 usquc
863 4580 899 4634 ad
910 4581 983 4634 Pen-
1026 4584 1184 4654 proficiens,
1203 4600 1259 4637 non
1274 4584 1365 4637 datori
1379 4584 1502 4651 gratiam
1518 4585 1630 4652 referat,
1646 4587 1696 4640 sed
1712 4588 1757 4641 sui
1773 4605 1831 4643 me-

183 4674 439 4740 tecosten,tcmpus
455 4671 558 4725 latitia
573 4669 797 4741 atquevictoriae,
812 4669 842 4723 in
857 4686 912 4740 quo
928 4686 984 4724 non
1024 4671 1073 4725 riti
1092 4672 1212 4726 aestimet
1232 4672 1306 4742 quod
1326 4669 1462 4736 subsistit,
1485 4673 1581 4726 statim
1603 4675 1677 4744 quod
1704 4683 1748 4730 cst
1772 4693 1834 4732 esse

184 4756 323 4809 flectimus
336 4773 438 4825 genua,
456 4775 506 4813 aec
519 4775 670 4813 curvamur
683 4759 713 4812 in
728 4765 844 4824 terram,
856 4759 905 4813 sed
921 4776 984 4813 cum
1026 4761 1189 4826 destruitur,
1207 4766 1236 4814 et
1249 4761 1349 4831 incipit
1359 4777 1416 4815 raon
1426 4762 1568 4831 essequod
1579 4762 1681 4816 fuerat.
1698 4764 1754 4818 Alii
1766 4782 1834 4820 xero

184 4843 304 4898 Domino
319 4851 498 4914 resurgentes
518 4848 553 4901 ad
569 4849 703 4903 coelorum
723 4849 782 4902 alta
799 4849 983 4902 sustollimur.
1026 4849 1202 4920 simpliciter,
1223 4866 1280 4904 non
1300 4851 1336 4903 ad
1359 4867 1406 4904 eos
1429 4851 1477 4920 qui
1497 4851 1563 4914 sint,
1585 4852 1634 4905 sed
1658 4853 1705 4923 qui
1727 4854 1833 4925 Ephesi

185 4933 220 4987 Et
233 4932 409 5002 permansit:
427 4934 493 5002 quia
509 4942 639 5005 apertum
654 4936 680 4990 ei
690 4943 752 4990 erat
763 4937 877 5003 ostium,
890 4943 919 4989 ct
929 4953 985 4990 non
1027 4938 1116 4992 sancti
1128 4945 1157 4992 et
1166 4939 1262 4992 fideles
1277 4939 1342 5005 sint,
1359 4939 1495 5009 seriptum
1511 4940 1694 4995 arbitrantur.
1710 4943 1747 4995 Et
1761 4943 1834 4998 Ade-

184 5022 288 5077 ostium
304 5021 455 5085 modicum,
468 5023 517 5075 sed
528 5039 672 5092 magnum,
684 5023 887 5079 utrinctoforti
901 5030 985 5095 atque
1026 5025 1100 5081 libus
1109 5027 1139 5081 in
1149 5029 1163 5081 J
1166 5044 1215 5081 esu
1230 5028 1351 5082 Christo.
1365 5028 1504 5091 Quoniam
1521 5030 1695 5085 sanctificata
1709 5038 1754 5085 est
1768 5049 1834 5088 mu-

183 5116 324 5183 superato,
337 5110 453 5164 domum
463 5110 523 5179 ejus
539 5111 692 5178 invaderet,
707 5112 841 5184 spoliaret
855 5119 884 5165 ct
905 5129 984 5165 erer-
1026 5115 1080 5169 lier
1088 5116 1209 5170 infidelis
1221 5117 1251 5169 in
1259 5117 1319 5169 siro
1330 5116 1415 5179 fideli,
1425 5124 1453 5170 ct
1460 5118 1501 5170 rir
1507 5117 1627 5172 infidelis
1637 5120 1834 5179 sanctificatus

182 5206 265 5265 teret,
282 5207 311 5254 et
323 5200 462 5270 captivam
471 5197 663 5269 captivitatem
673 5200 789 5255 duceret
798 5202 905 5268 (ltattb.
917 5204 981 5266 xul:
1026 5204 1108 5257 estin
1121 5205 1238 5259 muliere
1246 5205 1354 5272 fidelitl
1363 5206 1426 5259 Cor.
1443 5210 1491 5275 rn)
1505 5226 1510 5260 :
1524 5214 1552 5261 ot
1561 5213 1628 5261 sunt
1639 5226 1752 5279 quoquc
1765 5227 1836 5265 rasa

184 5288 233 5358 qui
246 5288 400 5342 satellitum
414 5304 529 5343 suorum
545 5287 705 5356 agminibus
720 5289 907 5360 congregatis,
923 5294 984 5344 tota
1024 5298 1130 5357 sancta,
1151 5302 1180 5348 et
1204 5300 1288 5347 mutae
1312 5292 1433 5362 pecudes
1457 5312 1518 5365 (luae
1544 5298 1602 5350 Deo
1621 5304 1785 5352 rriactantur
1803 5300 1834 5355 in

184 5381 282 5430 contra
296 5378 462 5446 Apostolum
480 5376 539 5431 acie
554 5375 706 5430 dimicavit.
724 5379 759 5432 Et
771 5379 812 5448 [et
825 5378 914 5433 victus
930 5384 981 5431 est.
1025 5383 1145 5452 templo;
1156 5388 1306 5453 propterea
1317 5397 1375 5448 eoa,
1388 5398 1457 5452 quos
1467 5392 1578 5439 sanictos
1590 5387 1709 5453 dixerat,
1719 5388 1835 5444 roravit

184 5465 238 5529 Qui
252 5464 310 5518 sint
324 5470 419 5518 autem
439 5466 552 5538 Ephesii
572 5469 601 5518 et
614 5464 690 5535 hinc]
705 5467 747 5519 rel
768 5466 889 5520 maxime
907 5483 984 5520 com·
1026 5476 1055 5524 et
1073 5471 1178 5539 fideles,
1203 5469 1269 5542 quia
1283 5470 1353 5523 sides
1369 5487 1402 5523 ex
1416 5474 1520 5528 silentis
1546 5476 1665 5545 propriae
1685 5475 1836 5533 deseendit

191 5605 194 5612 ·
218 5592 231 5618 ¹
245 5580 328 5653 Apud
343 5580 458 5636 Hieron.
472 5600 478 5636 :
495 5587 519 5637 et
533 5583 565 5636 de
579 5584 742 5634 sanctarum
755 5584 1021 5652 contrariarumque
1035 5588 1176 5640 uirtutum
1192 5587 1316 5640 docuerit
1331 5594 1468 5657 potestate.
