3772 6120
65 259 104 317 ttt
283 266 580 337 assentatorum
600 266 638 320 lh'
658 265 733 320 EPP.
755 265 861 321 PAULI
882 267 949 321 LIB.
971 267 1019 321 Xl.
1036 297 1068 306 -
1092 267 1131 320 ΙΝ
1151 267 1261 323 ΕΡΙὸΤ.
1284 270 1363 325 lllD
1383 270 1467 324 COR.
1546 247 1550 252 ι
1651 272 1706 330 lib

63 402 111 439 mer
127 387 195 441 Sara
212 385 278 442 rire
293 405 350 443 suo
365 395 428 443 erat
442 388 576 459 subjecta,
594 389 666 442 sieut
679 389 786 444 (lictum
803 395 890 458 est‚A
934 392 967 445 Et
977 394 1045 459 uscia
1056 395 1208 446 resurrexit
1220 397 1302 447 tertia
1312 394 1518 448 dissecandum
1529 393 1704 465 Scripturas.

62 476 166 545 mansis
179 493 240 530 una
250 494 325 531 caro
341 478 382 532 sit
398 497 404 530 :
420 478 469 532 sed
480 477 588 532 duabus
600 495 632 532 es
646 478 736 532 causis
745 478 862 549 jubetur
904 479 1006 533 Omnia
1020 480 1049 533 in
1068 480 1121 534 side
1132 481 1227 535 clausa
1241 488 1315 546 sunt,
1328 482 1391 536 ideo
1405 483 1457 536 sub
1473 499 1594 554 persona
1607 485 1705 557 populi

60 580 104 618 csse
119 564 258 635 subjecta,
287 567 364 637 quia
388 573 417 621 et
441 584 474 621 ex
488 567 547 621 siro
557 573 637 622 estet
648 583 698 637 per
712 568 802 638 ipsam
822 568 862 622 in·
904 569 1072 623 resurrectio
1088 569 1200 624 Domini
1210 570 1295 624 tertio
1311 570 1356 624 dic
1375 571 1472 626 futura
1490 572 1631 644 descripta
1645 579 1707 642 est3

58 653 294 725 tantpeccatum.
305 654 450 711 Siautcin
467 658 534 725 qtrid
550 659 645 710 uolunt
660 658 761 710 discere
776 659 860 722 chriti,
904 656 973 710 dicit
988 657 1063 711 enim
1081 658 1152 712 Osee
1167 660 1304 729 propheta
1317 677 1322 711 :
1337 661 1396 713 Post
1413 661 1528 715 biduum
1544 666 1569 715 ct
1582 665 1614 716 ia
1629 665 1710 717 tertio

57 746 176 796 tirussucs
187 747 383 813 interrogent
399 765 408 799 :
423 751 501 813 turpe
512 750 550 798 cst
560 748 634 799 eninr.
647 748 777 799 rrtrtlicrcs
788 748 864 814 loqui
904 747 948 799 dic
967 762 1152 813 resurgemus,
1178 752 1202 800 et
1219 750 1340 801 vilermis
1363 750 1394 801 in
1409 755 1549 816 conspectu
1565 753 1623 818 ejus
1637 750 1707 821 (Osa.

58 832 199 885 inlectcsr'a.
217 832 329 904 Turpe
348 840 405 895 est,
421 833 600 904 quiacontra
614 832 793 904 disciplinam
809 840 861 899 est,
905 840 953 896 si).
971 835 1002 888 ln
1018 835 1129 889 Christo
1155 836 1229 890 enim
1255 852 1352 890 omnes
1373 837 1569 904 resurrexisse,
1587 838 1660 893 sicut
1680 839 1710 894 in

58 920 204 974 utindomo
225 921 299 981 Dei,
326 923 381 994 qui
408 939 455 976 eas
470 922 610 992 subjectas
635 922 701 976 viris
721 923 779 978 suis
803 940 863 977 csse
906 923 997 976 Adam
1013 929 1139 977 mortuos
1156 941 1226 990 esse,
1240 941 1323 978 nemo
1335 924 1461 979 fidelium
1475 926 1605 997 denegat.
1619 926 1709 981 Simili

58 1009 169 1081 precepit,
195 1010 235 1063 de
264 1011 340 1082 lege
365 1012 447 1083 loqui
470 1016 651 1082 presumant,
673 1028 738 1065 cunt
765 1011 864 1078 seiaiit,
908 1012 991 1066 modo
1008 1019 1036 1066 et
1053 1013 1081 1065 in
1097 1013 1209 1067 Psalmo
1224 1013 1276 1066 sub
1292 1030 1412 1085 persona
1430 1014 1552 1069 hominis
1573 1016 1659 1070 etiam
1675 1016 1710 1072 dc

59 1097 170 1152 iiicrirm
179 1098 301 1154 habere
316 1100 492 1171 primatum,
505 1099 595 1154 etsibi
607 1099 697 1170 tnagis
708 1106 867 1171 competere
909 1100 1021 1155 Christo
1036 1101 1176 1171 significat
1188 1102 1283 1157 dicens
1295 1120 1301 1154 :
1315 1103 1416 1158 Ouinia
1429 1104 1568 1171 stcbjecisti
1581 1106 1630 1158 sub
1638 1107 1714 1174 pedi·

59 1187 191 1242 tthtdotno
203 1188 264 1242 Dei
282 1189 431 1261 precibus
443 1194 549 1254 vacent,
562 1189 690 1259 linguam
701 1189 866 1253 retinentia,
910 1192 960 1244 bras
974 1195 1040 1260 rjus,
1054 1194 1146 1258 picria
1160 1192 1296 1246 ethonore
1309 1195 1449 1245 coronasti
1462 1209 1524 1266 curn
1542 1195 1624 1262 (Psal.
1640 1196 1710 1263 snt).

58 1291 113 1332 tates
126 1277 278 1347 aperiant,
307 1284 351 1332 ut
372 1278 494 1332 audiant
516 1278 655 1349 quomodo
674 1277 870 1333 misericordia
946 1279 979 1333 lit
994 1282 1061 1348 qttia
1074 1282 1150 1333 uisus
1170 1285 1208 1333 cst
1223 1280 1323 1349 Capita,
1340 1279 1366 1332 id
1383 1285 1434 1346 est,
1451 1280 1545 1347 Petro,
1561 1280 1614 1336 hoc
1627 1282 1713 1337 etiam

58 1366 206 1420 heimortem
223 1367 306 1421 vicit
323 1384 384 1438 per
396 1367 551 1429 Christum,
566 1383 627 1438 quae
644 1383 696 1437 per
711 1384 759 1421 eas
771 1383 870 1439 regna·
912 1367 1049 1438 cleophas
1072 1372 1101 1422 et
1123 1368 1225 1422 Emaus
1246 1373 1388 1422 testantur
1411 1368 1440 1421 in
1462 1369 1613 1440 Evangelio
1633 1371 1715 1440 juxta

59 1455 89 1508 n't.
100 1454 162 1510 Natu
178 1455 203 1509 si
222 1456 377 1509 audeant
395 1456 426 1510 in
440 1455 563 1512 Ecclesia
577 1456 662 1526 loqui,
680 1456 800 1510 dedecus
818 1461 871 1525 est,
917 1457 1030 1522 Lucam,
1043 1456 1117 1527 quod
1133 1456 1263 1528 apparuit
1277 1457 1329 1510 soli
1341 1456 1433 1510 Petra.
1447 1457 1479 1511 Et
1488 1462 1548 1526 post
1561 1458 1615 1512 hac
1630 1459 1715 1513 uude-

62 1543 106 1615 qtit
117 1543 217 1598 idcirco
234 1545 396 1599 velantur
414 1551 447 1600 ut
463 1544 618 1599 humiliatae
638 1551 801 1616 appareant.
818 1545 874 1599 lllae
916 1547 980 1598 cius.
996 1545 1029 1599 Et
1044 1544 1095 1598 hoc
1111 1545 1139 1599 in
1161 1545 1310 1614 Evangelio
1329 1545 1498 1599 continetur.
1519 1547 1621 1600 Dciudc
1638 1549 1715 1602 uisus

63 1640 127 1687 tutem
139 1649 169 1686 se
186 1633 428 1688 inverecundas
445 1633 605 1699 ostendunt,
618 1634 693 1703 qnod
705 1638 733 1687 et
747 1634 814 1687 viris
828 1650 876 1704 op·
916 1639 953 1687 cst
959 1637 1024 1702 ptus
1032 1650 1115 1702 quarn
1123 1636 1280 1702 qtrinpentis
1285 1635 1424 1701 [ratribus
1433 1637 1519 1688 simul
1524 1673 1529 1688 .
1538 1634 1716 1690 Hocsuallde

61 1720 172 1793 putrium
190 1728 240 1777 cst
261 1742 268 1775 :
290 1723 329 1777 in
350 1722 507 1777 mulierum
525 1722 601 1777 enim
622 1721 772 1777 insolentia
785 1709 1048 1792 etiamBloquitur.
1060 1722 1211 1791 Ecquibus
1223 1725 1307 1776 retutti
1319 1727 1528 1791 mauretusque
1543 1724 1716 1794 adbuc,qui-

60 1811 125 1866 nanti
137 1817 305 1867 notantur.
913 1812 979 1865 darn
994 1816 1089 1865 atatem
1102 1812 1287 1864 dormierunt.
1304 1811 1344 1865 De
1360 1810 1404 1865 his
1420 1810 1521 1882 quibus
1541 1818 1606 1882 post
1623 1827 1716 1868 resur-

372 1952 493 2007 CAPUT
508 1954 556 2007 XV
913 1899 1068 1953 rectionem
1079 1898 1351 1970 apparuitDominus
1361 1905 1428 1953 tune
1440 1899 1544 1954 multos
1555 1900 1623 1956 dicit
1631 1900 1717 1956 tuisse

913 1988 943 2041 in
972 2004 1096 2059 corpore.
1121 1990 1223 2042 ltcindc
1243 1991 1323 2042 uisus
1347 1994 1384 2043 cst
1401 1990 1508 2043 tacebo.
1530 1988 1719 2059 Singularitcr

67 2061 147 2114 milii
160 2060 333 2130 ᾹΡθδῑθῖῑῑις
349 2059 502 2143 didisti&
519 2061 738 2143 millimit'fflll'i·
751 2060 872 2142 Primii·
913 2076 1015 2132 Jacoho
1038 2077 1171 2148 apparuit
1190 2077 1263 2132 sicut
1279 2082 1307 2131 et
1325 2079 1418 2145 Petro,
1433 2078 1507 2148 quod
1521 2077 1584 2132 ideo
1595 2085 1663 2149 puta
1679 2079 1719 2133 ia·

98 2133 164 2186 “M‘’
175 2131 479 2187 wmmmda‘wmm
498 2131 629 2184 ΜΨ
647 2134 817 2199 mmm·
914 2171 1003 2232 ctum,
1019 2173 1051 2220 ut
1066 2165 1221 2220 multifaria
1231 2166 1398 2236 apparentia
1408 2166 1493 2219 fidem
1506 2167 1721 2223 resurrectionis

85 2256 168 2312 b'etum
193 2260 311 2310 auum
335 2253 420 2307 cobis
445 2255 525 2322 facia,
549 2256 661 2322 tratres,
690 2255 872 2321 Euartpctium
916 2254 1052 2308 firmaret.
1075 2256 1177 2308 Deinde
1197 2257 1325 2322 apiostolis
1347 2255 1483 2307 anseribus.
1500 2254 1607 2308 lterum
1629 2255 1720 2310 omni·

63 2346 111 2414 ped
124 2347 293 2414 predicavi
315 2343 413 2407 vobis,
431 2343 503 2411 quod
516 2347 540 2396 ct
562 2345 711 2411 accepistis,
735 2344 765 2395 iu
782 2358 834 2410 quo
849 2346 874 2395 ct
915 2342 968 2397 bus
983 2342 1116 2414 apostolis
1130 2343 1204 2396 visus
1225 2347 1269 2395 cst
1292 2341 1321 2395 in
1341 2348 1446 2405 monte,
1463 2340 1509 2395 ubi
1533 2342 1720 2399 constituerat

63 2437 121 2498 suta,
132 2451 181 2503 prr
193 2433 283 2504 quod
299 2437 330 2487 ct
347 2433 507 2486 sato-amini
521 2450 529 2484 :
545 2447 601 2500 qua
616 2433 724 2485 ratione
737 2432 874 2498 pradica-
915 2431 971 2484 illis
987 2433 1079 2495 lesus,
1101 2430 1173 2484 sicut
1191 2430 1277 2484 relert
1292 2429 1429 2484 Mathaeus
1443 2430 1629 2499 Evangelista.
1645 2433 1719 2486 Ante

63 2526 123 2576 arira
130 2525 202 2577 cobis
211 2525 242 2577 si
255 2524 382 2586 tenetis,
397 2523 455 2574 nisi
464 2522 574 2586 frustra
583 2521 739 2574 credidistis
751 2517 870 2588 (Ambr.)
916 2519 945 2573 in
960 2520 1115 2574 Jerusalem
1131 2524 1194 2590 post
1216 2518 1275 2573 dies
1294 2524 1356 2573 octo
1371 2518 1583 2574 resurrectionis
1606 2536 1673 2586 suas,
1689 2520 1718 2576 id
1825 2571 1828 2575 .

24 2671 32 2685 ⁰
64 2609 164 2666 Ostendit
176 2612 253 2676 illis,
267 2610 352 2682 quia
367 2609 394 2662 si
404 2607 434 2662 in
449 2608 500 2662 hac
512 2623 667 2679 causaque
677 2606 803 2678 subjecta
817 2612 869 2674 est,
916 2614 968 2673 est,
981 2608 1128 2662 [lominica
1138 2607 1191 2673 die,
1201 2608 1298 2678 januis
1308 2607 1420 2674 clausis,
1429 2607 1717 2680 intravitaddiscipu·

63 2701 215 2756 thshtione
230 2702 308 2770 ejus
320 2698 440 2752 seducti
451 2703 525 2760 sunt,
538 2697 722 2768 perdiderunt
731 2697 805 2767 quod
815 2711 873 2750 cre·
916 2697 958 2751 los
977 2702 1009 2751 ut
1020 2698 1133 2751 Thomce
1144 2697 1255 2751 artimus
1270 2698 1440 2762 firmaretur,
1456 2696 1529 2750 sicut
1550 2697 1617 2751 dicit
1635 2699 1718 2753 loan-

65 2788 179 2844 ditlerunt.
190 2789 311 2846 Omnis
329 2787 413 2841 enim
428 2802 491 2857 spes
501 2786 677 2841 credentium
689 2786 717 2840 in
728 2785 781 2840 hoc
790 2802 873 2840 sensu
915 2803 966 2840 nos
981 2787 1123 2856 apostolus
1143 2804 1148 2839 :
1166 2788 1198 2841 ln
1209 2791 1304 2840 monte
1314 2785 1389 2839 enim
1402 2785 1571 2856 intelligitur
1585 2787 1719 2843 mandata

65 2880 172 2949 aquia
184 2877 311 2933 mortui
329 2882 495 2946 resurgent.
513 2875 592 2939 Quod
612 2873 800 2940 autemdicit,
816 2894 829 2925 c
845 2874 875 2928 in
915 2875 971 2929 illis
985 2875 1105 2929 dedisse.
1123 2876 1215 2944 (sictut
1231 2876 1293 2928 Non
1311 2873 1390 2940 dixit,
1408 2874 1499 2944 primo
1518 2875 1650 2946 apparuit
1668 2876 1719 2932 Ce-

64 2973 138 3037 quaet
150 2969 250 3029 statiS,
273 2987 288 3017 s
308 2965 352 3019 de
367 2964 415 3018 his
429 2964 505 3028 dicit,
522 2964 570 3035 qui
587 2965 661 3018 firmi
679 2969 760 3017 erant
776 2963 806 3017 in
820 2963 875 3017 side
917 2964 988 3036 pha,
1004 2981 1071 3018 narn
1081 2964 1347 3029 essetcontrarium,
1359 2963 1433 3034 quod
1447 2963 1537 3033 primo
1552 2964 1716 3020 mulieribus

63 3055 201 3111 traditionis
211 3057 333 3126 hujus:
347 3053 518 3124 promiscuis
527 3053 603 3107 enim
613 3052 747 3123 loquitur,
759 3058 791 3106 ut
805 3057 834 3105 et
847 3051 875 3106 hi
886 3025 1081 3123 Capparuisse
1094 3053 1123 3107 in
1135 3052 1283 3122 Evangelio
1294 3052 1406 3122 legitur.
1423 3053 1533 3119 Postea,
1549 3051 1650 3123 inquit,
1665 3068 1718 3107 un·

64 3145 100 3216 qui
113 3146 155 3200 lixi
169 3147 200 3201 in
220 3145 287 3200 lide
302 3148 380 3197 sunt
390 3143 542 3212 gaudeant,
558 3148 587 3196 et
600 3141 648 3212 qui
659 3146 762 3196 nutam
774 3141 876 3212 corripi
918 3143 1008 3197 decim
1019 3140 1199 3214 quibuslibet,
1213 3142 1346 3212 quahora
1356 3141 1433 3205 libet,
1447 3140 1509 3211 ipso
1519 3147 1614 3196 tamen
1625 3158 1716 3197 resur-

64 3232 199 3288 aboleant
209 3240 244 3289 et
253 3232 458 3302 corrigantur.
475 3232 591 3285 Tradidi
605 3233 679 3285 cuitu
693 3233 767 3284 vobis
777 3233 876 3299 impri·
918 3232 1049 3287 rectionis
1060 3231 1115 3285 dic.
1125 3231 1231 3285 Deinde
1241 3229 1443 3300 apsparuitplus
1453 3246 1538 3299 quam
1554 3231 1715 3301 quingentis

64 3324 114 3387 uis,
127 3325 196 3394 quud
213 3327 243 3377 ct
265 3323 379 3389 accepi,
396 3323 530 3389 quoniam
543 3321 670 3376 Christus
687 3324 815 3373 ruortuus
835 3326 873 3374 cst
917 3319 1050 3375 iratribus
1069 3320 1162 3386 simul,
1185 3318 1241 3373 sire
1263 3319 1309 3372 isti
1333 3334 1397 3371 cum
1419 3317 1475 3372 illis
1492 3319 1623 3374 undecim
1636 3326 1719 3375 erant

63 3414 224 3481 propeccatis
238 3412 356 3466 nostris
366 3409 519 3462 acciendum
529 3410 699 3476 Scripturas.
714 3407 873 3478 Scripturas
915 3409 1077 3481 congregati
1092 3408 1194 3463 clausis
1205 3407 1285 3462 ostiis
1298 3412 1412 3477 propter
1425 3412 1533 3461 metum
1543 3408 1714 3475 iudeorum,

64 3498 225 3556 Testamenti
240 3496 367 3553 Veteris
391 3503 615 3567 metueretque
629 3496 754 3550 suturam
770 3496 874 3566 passio-
916 3499 990 3553 unde
1004 3515 1068 3553 curn
1084 3497 1187 3552 exisset
1200 3497 1331 3559 Thomas,
1346 3495 1424 3549 venit
1440 3495 1476 3549 ad
1491 3513 1539 3550 eos
1552 3498 1643 3563 lesus,
1657 3497 1715 3552 sive

66 3601 118 3642 mm
127 3588 245 3644 mmihi
259 3587 450 3653 cecinerunt,
462 3584 530 3640 dicit
544 3585 621 3640 enim
635 3585 722 3640 lsaias
736 3585 875 3656 propheta
917 3593 980 3658 post
994 3593 1055 3641 octo
1070 3587 1132 3640 illos
1146 3586 1206 3640 dies
1221 3585 1332 3656 qnando
1342 3583 1412 3638 libet
1422 3584 1492 3638 nihil
1503 3584 1715 3641 hubetadvensi.

65 3677 118 3739 tlsa.
134 3680 186 3745 thil
205 3694 214 3729 :
240 3679 275 3732 tit
296 3678 358 3730 ouis
381 3675 420 3728 ad
443 3675 648 3729 intinctae-dunt
666 3675 765 3728 ductus
784 3679 829 3739 cst,
848 3679 877 3729 et
918 3677 1028 3741 Postea,
1039 3675 1140 3746 inquit,
1156 3673 1287 3745 apparuit
1302 3671 1413 3727 Jacobo.
1424 3673 1496 3727 Nam
1511 3679 1579 3727 tunc
1592 3674 1727 3745 primum*

64 3762 256 3831 intercalare,
276 3765 421 3831 Quoniam
437 3766 574 3817 tattctura
590 3757 664 3817 t'crra
678 3765 737 3816 vita
751 3766 825 3831 eius·
842 3764 876 3816 ab
918 3764 1041 3835 accipere
1062 3763 1197 3817 debemus
1220 3762 1310 3815 visum
1333 3776 1394 3814 esse
1417 3760 1529 3827 Jacobo,
1553 3762 1601 3815 sed
1622 3761 1717 3833 aliqua

64 3856 258 3924 impiitationis
263 3855 370 3922 pomuli
379 3854 432 3905 ntei
441 3852 540 3906 ductus
549 3856 586 3905 est
597 3853 634 3906 ast
643 3852 836 3906 risortunllaec
845 3851 874 3906 in
918 3853 1030 3924 propria
1041 3851 1267 3907 manifestatione
1282 3849 1473 3920 singulariter.
1487 3849 1595 3904 Deinde
1608 3855 1718 3922 aposta-

64 3940 166 3997 Christo
179 3946 305 4013 reperta
318 3946 476 3995 noscuntur
489 3959 496 3993 ε
511 3941 560 3994 sed
571 3939 638 4011 quia
651 3940 787 4012 praeteriti
804 3947 875 3995 tem-
916 3931 950 3995 lis
966 3940 1106 4005 omnibus,
1115 3957 1167 3995 nec
1177 3939 1232 3993 illis
1243 3944 1310 3993 tunc
1320 3939 1453 4010 primurn,
1465 3938 1515 3993 scd
1523 3939 1584 4010 jam
1594 3934 1626 3994 ht
1638 3936 1717 3995 tami-

63 4031 132 4099 potis
144 4029 326 4102 sigriihcatio
345 4029 466 4093 videtur,
488 4046 544 4083 non
564 4033 608 4083 est
629 4029 788 4097 adversum,
808 4030 875 4101 quia
916 4030 1014 4084 liarius
1025 4035 1237 4084 conversaretur
1246 4045 1311 4082 cum
1323 4028 1363 4082 eis
1377 4044 1466 4100 usque
1480 4028 1515 4082 ad
1528 4028 1603 4083 diem
1619 4044 1716 4084 ascen

64 4120 132 4190 apud
150 4120 259 4186 Deum,
276 4117 328 4191 qui
346 4118 475 4175 omnium
489 4118 622 4190 prescius
643 4124 698 4183 est,
713 4118 783 4172 nihil
804 4118 879 4173 futu·
919 4119 1006 4173 sionis
1017 4136 1083 4174 susc.
1097 4120 1248 4174 Notissima
1261 4124 1353 4172 autem
1368 4121 1506 4184 cranium,
1523 4123 1658 4188 wnqtcam
1673 4120 1719 4173 ab·

65 4215 203 4275 mmest3
225 4207 351 4262 ideosic
369 4206 447 4274 dicit,
468 4206 542 4279 quod
570 4206 697 4261 laturum
719 4212 762 4262 est
786 4205 876 4272 nobis,
920 4210 1186 4261 ortiooeisuscstrt
1208 4207 1290 4260 resilii.
1307 4204 1427 4274 (ambr.)
1450 4206 1590 4276 Apparuit
1605 4206 1646 4261 illi
1665 4206 1720 4278 pri·

67 4297 142 4368 qussi
156 4297 270 4352 metum
286 4296 333 4350 sit.
354 4296 428 4351 Nam
448 4295 478 4350 in
493 4295 662 4368 Apocalypsi
677 4295 792 4351 loannis
808 4311 910 4404 apo-D
921 4312 999 4349 mum
1013 4295 1042 4349 in
1058 4295 1136 4361 coelo,
1153 4301 1217 4367 post
1231 4293 1323 4348 oranti
1338 4293 1367 4348 in
1381 4293 1497 4365 templo.
1507 4292 1672 4348 abortivum
1688 4312 1719 4350 se

67 4385 127 4440 stoli
142 4385 253 4440 dicitur
268 4386 362 4454 (lpas.
378 4388 444 4454 xant)
460 4403 465 4438 :
482 4385 694 4455 ,lanuuinquih
708 4388 758 4453 qui
773 4387 875 4439 occisus
919 4384 998 4447 dixit,
1018 4384 1084 4454 quia
1096 4388 1175 4436 extra
1188 4389 1300 4454 tempus
1316 4387 1399 4436 natus
1414 4381 1442 4436 in
1454 4380 1565 4435 Christo
1581 4382 1718 4451 apostola-

68 4480 102 4527 cst
115 4490 134 4527 a
147 4477 350 4528 constitutione
359 4474 461 4528 trttcndi
472 4493 480 4528 :
492 4472 559 4546 quia
568 4473 644 4528 enirn
656 4473 739 4526 aliter
748 4488 804 4526 non
818 4473 875 4538 het,
919 4480 980 4528 tum
995 4472 1101 4544 accersit
1113 4473 1173 4542 jam
1189 4471 1299 4526 Christo
1314 4471 1343 4525 in
1358 4471 1441 4524 coelos
1453 4474 1565 4540 recepto
1578 4469 1607 4523 in
1622 4484 1716 4526 carne.

69 4578 152 4633 quam
161 4562 219 4616 scit
229 4561 318 4627 Deus,
333 4562 438 4616 iactum
452 4562 575 4617 dicitur:
592 4561 672 4616 nohis
686 4561 761 4616 enim
776 4563 809 4616 nt
821 4577 877 4615 non
920 4563 974 4631 Epo
986 4565 1058 4616 euim
1072 4578 1133 4615 sitin
1143 4563 1279 4617 mittimus
1289 4561 1483 4627 apostotorum.
1494 4557 1678 4626 Humiliatse,
1690 4565 1719 4615 et

68 4648 135 4718 neo,
153 4652 225 4724 quia
238 4650 316 4723 apud
324 4650 415 4705 Deum
425 4651 495 4705 nihil
507 4656 559 4716 est,
577 4650 652 4721 quod
665 4650 791 4704 futurum
804 4650 878 4705 dica·
919 4651 1056 4722 temporis
1070 4666 1183 4704 causam
1198 4647 1250 4702 sibi
1270 4644 1382 4700 ascribit
1398 4662 1404 4697 t
1420 4651 1548 4716 tempore
1569 4646 1644 4701 enim
1663 4647 1718 4703 mi-

70 4745 122 4794 tur.
139 4739 176 4794 Et
196 4739 229 4794 in
249 4739 359 4811 psalmo
381 4741 422 4795 ait
439 4758 444 4792 ε
467 4741 600 4794 donnaus
622 4741 748 4808 reperavit
767 4755 785 4792 a
801 4742 878 4806 lipno
920 4756 972 4794 nor
983 4744 1034 4804 est,
1050 4755 1107 4793 non
1121 4737 1267 4807 dignitate.
1281 4734 1333 4790 Sed
1350 4733 1417 4805 quia
1429 4740 1459 4788 et
1478 4740 1640 4806 persecutor
1655 4735 1718 4803 tuit,

72 4830 152 4892 (Psal.
166 4830 259 4898 xcv);
276 4832 306 4882 et
314 4828 424 4900 Moyses
438 4828 473 4884 de
488 4831 569 4883 cruce
584 4828 645 4898 ejus
659 4827 699 4881 ita
712 4827 880 4897 significavit
922 4828 1039 4881 inclinat
1052 4844 1082 4880 se
1097 4826 1201 4880 dicens.
1217 4826 1270 4892 Oui
1285 4840 1341 4879 nort
1354 4840 1417 4878 sunt
1431 4826 1533 4893 diguus
1547 4828 1642 4879 uocari
1657 4842 1720 4895 apo·

72 4914 180 4972 baecs:
192 4918 273 4971 lunc
283 4918 408 4972 meabitis
418 4920 504 4971 vitans
514 4923 634 4972 uestram
641 4917 804 4985 pendentem
815 4922 880 4971 unta
921 4920 1013 4981 status,
1025 4919 1387 4985 quoniam-persecutussitin
1395 4913 1719 4986 Ecclesiamltci.(Grcg.)

73 5010 159 5061 sartos
172 5011 289 5070 cestros,
304 5010 330 5059 et
346 5022 401 5060 riou
416 5007 528 5061 credetis
542 5004 635 5076 (beat.
652 5005 757 5073 surm).
774 5002 880 5062 Idcirco
922 5003 1198 5058 VideamusPaulum
1207 5001 1346 5073 quomodo
1356 5002 1546 5073 apostolorum
1555 5000 1607 5055 alis
1616 5008 1718 5069 tactus,

73 5108 136 5165 crgo
150 5095 182 5150 in
196 5093 301 5149 eadem
318 5110 413 5162 causa,
430 5101 461 5149 et
472 5094 560 5150 futuri
574 5094 710 5165 temporis
726 5093 877 5165 aliquando
923 5091 1250 5164 atqueadpoenitentiam
1260 5091 1395 5145 excitatus
1404 5090 1505 5153 suerat,
1514 5089 1561 5160 qui
1571 5090 1720 5161 malaprae·

73 5182 265 5255 dgmlimntia
277 5183 395 5255 ponitur
408 5200 444 5239 ne
457 5202 474 5239 a
486 5183 627 5256 perversis
645 5200 701 5238 non
716 5185 750 5239 de
766 5184 877 5238 Christo
920 5183 1010 5238 tacita
1020 5181 1222 5253 persecutionis
1233 5197 1299 5247 snae,
1310 5177 1534 5249 etapostolorum
1540 5177 1719 5236 innocentem

75 5271 176 5329 teum
189 5270 405 5340 defendentes
415 5279 506 5330 totum
516 5273 597 5345 quasi
608 5273 782 5346 preteritum
792 5273 877 5344 signi·
919 5272 1005 5326 sitam
1019 5268 1325 5338 considerans‚dicebat
1334 5286 1340 5321 :
1349 5269 1404 5336 h'po
1414 5267 1489 5321 enirn
1503 5282 1566 5320 sum
1582 5270 1719 5325 satuimus

76 5360 175 5419 ieret.
186 5362 305 5432 Etcuia
319 5365 441 5432 sepultus
455 5370 503 5418 cst.
519 5362 596 5419 Nulli
606 5362 724 5417 dubium
734 5368 876 5416 mortuum
924 5365 1118 5430 apamiarum,
1134 5363 1183 5429 (μα’
1199 5375 1252 5414 non
1268 5374 1332 5412 scrin
1349 5358 1451 5424 dipnus
1465 5358 1559 5409 vacari
1575 5362 1721 5425 apostotus,

76 5453 211 5523 sepultum
220 5465 298 5517 esse,
309 5448 384 5506 sicut
393 5450 462 5507 dicit
475 5451 563 5507 isaias
576 5450 716 5523 propheta
726 5452 790 5516 (isa.
807 5452 876 5519 tritt:
925 5453 991 5520 quia
1012 5455 1168 5519 persecutus
1193 5465 1255 5501 stant
1279 5448 1424 5502 Ecclesium
1448 5446 1506 5498 uer.
1531 5444 1725 5503 Consideravit

77 5538 103 5595 u
113 5543 183 5598 dabo
196 5543 293 5597 mdes
302 5555 356 5610 pra
365 5544 509 5610 sepultura
523 5544 592 5611 cjtts.
925 5539 1027 5612 quippe
1042 5539 1231 5611 apostolorum
1244 5534 1443 5601 innocentiam,
1458 5539 1488 5588 et
1495 5539 1610 5606 propter
1623 5552 1725 5607 praece·
1750 5595 1753 5601 ,

278 5639 419 5703 Purser..
435 5639 513 5702 0th
1546 5634 1566 5694 5
