3772 6120
417 281 634 337 ALLEGORIAE
653 283 692 336 IN
711 280 857 337 sacham
876 279 1115 335 sculpturam.
1533 288 1587 346 9:30

99 402 167 474 ruod
180 409 242 456 tum
255 403 333 457 illam
353 403 477 459 divinam
492 406 670 473 locutionem,
683 425 744 479 quae
753 416 777 473 Α
789 422 826 460 na
838 405 966 471 felicitas,
979 421 1040 476 quae
1050 421 1194 476 nunquam
1205 423 1256 478 per
1264 413 1384 464 mortem
1397 411 1499 466 delicit.
1508 415 1586 480 Fons,

99 491 237 545 oexeedit
250 491 433 558 intellectum,
449 495 538 547 sancti
552 501 704 565 utcumque
719 497 747 550 in
789 501 886 549 sancta
900 493 1030 557 Ecclesia,
1048 499 1081 548 ut
1091 493 1121 548 in
1136 495 1267 552 Cantico:
1282 517 1291 548 ι
1311 499 1416 554 Hortus
1430 502 1586 567 conclusus,

99 586 171 635 mter
185 581 314 646 audiunt,
330 581 496 652 semetipsos
512 583 541 636 in
555 584 747 638 omnibushu·
788 584 850 637 sons
864 583 991 653 signatus
1007 582 1039 645 11,
1058 602 1071 636 s
1087 585 1161 654 quod
1174 592 1270 640 sancta
1285 587 1407 643 Ecclesia
1415 592 1545 660 germina
1558 593 1588 648 in

99 670 152 727 .de
171 670 231 724 suis
245 671 396 724 virtutibus
415 689 471 725 non
486 679 667 743 presumunt.
685 674 748 727 Fir·
789 690 819 726 se
827 673 962 726 virtutum
972 672 1128 737 continens,
1136 673 1259 745 indignis
1267 678 1403 748 mysteria
1413 685 1521 734 secreta
1531 698 1588 736 non

99 775 133 826 m,
157 758 309 813 eminentia
339 760 474 825 Ecclesia,
502 767 534 815 ut
555 762 585 815 in
610 761 712 816 Genesi
739 780 745 815 :
789 762 993 826 revelatione,
1009 761 1105 815 anima
1119 763 1293 823 humanam
1307 766 1335 820 in
1348 768 1588 825 CanticonFons

99 847 235 902 ominaria
257 848 286 901 in
306 849 483 903 firmamento
503 851 564 904 coeli
579 850 599 911 ³,
622 875 632 898 υ
647 851 675 905 id
695 857 746 915 est,
789 851 945 917 hortorum,
962 856 1210 922 puteusaquarum
1224 853 1376 910 viventium
1390 856 1424 920 ²⁰,
1441 879 1453 909 ι
1470 860 1544 929 quod
1558 860 1586 914 in

99 943 107 992 t
126 937 254 992 homines
270 937 358 991 sancti
378 937 407 991 in
432 938 586 993 eminentia
608 940 745 994 Ecclesia.
790 939 885 993 anima
898 945 995 993 sancta
1007 939 1194 996 habitatioest
1207 942 1319 997 utilium
1332 952 1361 999 et
1370 945 1497 1000 vitalium
1510 948 1586 1019 eogi-

99 1026 252 1096 vtum,ipsa
263 1026 334 1080 ratio
346 1033 450 1089 nostra,
462 1033 495 1081 ut
503 1028 531 1082 in
541 1029 657 1083 Genesi:
668 1052 677 1080 ι
687 1029 749 1084 Fiat
789 1028 939 1082 tationem.
956 1030 1033 1094 Fons,
1053 1045 1137 1100 poena
1151 1031 1332 1087 mortalitatis
1357 1034 1496 1102 bumanae,
1512 1043 1544 1090 ut
1558 1037 1587 1092 in

99 1120 162 1170 tum
177 1115 206 1168 in
225 1115 318 1169 medio
336 1132 483 1186 aquarum,
500 1122 529 1171 et
542 1117 647 1172 dividat
661 1134 749 1190 aquas
790 1117 939 1188 Evangelio
955 1136 961 1171 ε
979 1136 993 1171 a
1008 1119 1089 1172 lesus
1105 1119 1239 1189 fatigatus
1254 1138 1288 1175 ex
1301 1122 1526 1180 itineresedebat
1539 1144 1587 1182 su·

99 1204 114 1271 ¹,
129 1222 144 1257 a
161 1204 235 1275 quod
254 1205 327 1258 ratio
346 1204 375 1258 in
394 1204 473 1259 nobis
498 1223 558 1260 esse
579 1206 670 1272 debet,
687 1223 748 1278 quae
789 1222 839 1277 per
851 1206 956 1261 fontem
970 1206 1003 1273 ¹¹,
1018 1231 1025 1252 ·
1040 1207 1113 1279 quod
1124 1208 1288 1264 infirmitate
1297 1218 1441 1284 assumpta
1454 1221 1586 1270 oneratus

99 1291 238 1363 ,iamnes
248 1309 265 1345 a
275 1291 355 1347 bonis
370 1293 498 1347 secernit.
515 1295 746 1357 Firmamentum,
790 1296 819 1349 in
834 1312 916 1366 poena
934 1297 1113 1352 mortalitatis
1128 1305 1229 1354 nostrae
1242 1316 1271 1354 se
1289 1301 1432 1356 humiliari
1448 1305 1584 1375 permisit.

109 1383 271 1454 tempomlev
296 1389 329 1437 ut
349 1382 378 1436 in
396 1383 516 1437 Psalmis
536 1402 541 1435 :
560 1401 574 1436 a
594 1384 683 1438 Omne
698 1385 747 1438 iir-
791 1386 867 1448 Fons,
883 1386 1167 1456 peccatumavaritiae‚
1176 1389 1241 1442 utin
1251 1389 1354 1444 Genesi
1367 1411 1373 1444 :
1387 1412 1398 1443 ι
1411 1393 1482 1447 Fons
1492 1410 1587 1448 ascen-

99 1488 124 1526 m
147 1472 229 1544 panis
252 1472 381 1526 contrivit
402 1472 423 1539 1,
440 1490 454 1525 s
469 1473 497 1526 id
522 1481 572 1538 cst,
591 1490 703 1528 ornnem
719 1474 748 1527 in
789 1473 873 1528 debat
884 1475 918 1529 de
928 1480 1013 1537 terra,
1026 1475 1147 1546 irrigans
1161 1477 1319 1532 universam
1340 1482 1516 1551 superficiem
1531 1490 1587 1538 ter·

99 1561 210 1624 rdinem,
227 1578 278 1632 per
292 1577 376 1631 quarn
389 1561 481 1631 juvari
493 1561 637 1628 deberent,
649 1562 745 1617 debili·
786 1580 823 1617 rae
837 1563 869 1628 11,
879 1586 890 1611 ι
902 1564 975 1634 quod
985 1564 1020 1619 de
1034 1570 1128 1620 mente
1141 1567 1218 1620 avari
1230 1568 1355 1638 procedit
1370 1570 1586 1643 cupiditasque

99 1650 147 1705 git.
786 1652 864 1705 radix
874 1658 918 1707 est
931 1654 1058 1707 omnium
1073 1655 1222 1716 malorum,
1231 1663 1259 1711 et
1271 1657 1411 1711 neminem
1423 1676 1494 1730 pene
1509 1661 1586 1731 quie-

105 1746 148 1795 est
165 1740 317 1809 suggestio,
333 1745 365 1793 ut
382 1739 411 1793 in
429 1739 563 1793 Daniele:
584 1761 597 1788 s
613 1741 683 1795 Curn
699 1722 777 1795 au·B
787 1746 847 1795 tum
863 1757 923 1796 esse
939 1741 1016 1796 sinit.
1028 1743 1393 1815 Persontespraedicatores,
1405 1754 1436 1802 ut
1452 1749 1481 1804 in
1492 1750 1584 1804 lsaia:

99 1829 196 1884 initum
212 1829 320 1892 fistulae,
337 1829 452 1882 adorate
469 1833 591 1883 statuam
603 1828 628 1889 ³:
646 1850 657 1878 v
672 1831 745 1901 quod
789 1850 803 1881 ι
824 1830 967 1885 llaurietis
988 1848 1076 1903 aquas
1098 1832 1127 1886 in
1143 1833 1248 1903 gaudio
1270 1835 1305 1888 de
1325 1834 1448 1891 fontibus
1464 1838 1587 1894 Salvato

99 1917 182 1973 abolo
197 1918 230 1970 ad
253 1919 314 1988 ejus
333 1917 541 1987 suggestionem
556 1919 743 1973 consentiunt.
786 1919 824 1974 ris
837 1919 870 1986 ³³,
885 1938 899 1972 ι
915 1920 1010 1985 idest,
1026 1921 1185 1991 percipietis
1199 1922 1283 1977 verba
1305 1925 1404 1978 salutis
1421 1926 1456 1979 de
1480 1944 1585 1997 preco·

99 2023 144 2073 vm,
161 2006 247 2060 rerba
261 2022 409 2076 pravorum
425 2007 581 2071 hominum,
593 2013 626 2060 ut
637 2007 666 2061 in
676 2007 742 2061 iob:
786 2009 868 2064 nibus
882 2009 1017 2063 veritatis.
1034 2010 1088 2063 Per
1106 2012 1194 2075 sorites
1209 2011 1342 2066 doctrinae
1367 2013 1536 2084 spirituales,
1554 2022 1587 2070 ut

99 2112 124 2151 ιε
137 2095 214 2150 velut
236 2095 335 2149 listulas
352 2095 413 2149 reris
427 2097 454 2162 ³3
478 2117 489 2142 ι
507 2096 582 2166 quod
595 2096 680 2150 verba
700 2113 744 2151 se·
786 2097 814 2150 in
830 2098 967 2152 Psalmis:
987 2096 1121 2152 «Emittis
1135 2097 1225 2153 sontes
1242 2099 1271 2154 in
1286 2102 1458 2156 convallibus
1473 2103 1505 2167 11,
1523 2124 1535 2154 s
1556 2104 1582 2157 id

99 2201 247 2249 navorum,
265 2200 319 2255 quo
330 2184 439 2238 dulcius
448 2190 559 2249 sonant,
573 2201 606 2238 eo
621 2185 745 2239 deterius
786 2193 838 2253 est,
865 2187 1007 2242 doctrinas
1030 2185 1190 2257 spirituales
1214 2188 1317 2243 tribuis
1340 2190 1501 2246 humilibus.
1532 2192 1586 2246 Per

786 2276 872 2341 sorites
882 2291 967 2329 sacrae
981 2275 1142 2345 Scriptura,
1160 2280 1191 2329 ut
1205 2275 1234 2329 in
1254 2276 1395 2331 Psalmis:
1416 2301 1423 2324 ι
1444 2279 1476 2332 ln
1489 2279 1583 2334 Eccle-

109 2368 153 2417 eet
166 2363 244 2432 virgo
263 2362 353 2416 blavia
369 2381 374 2414 :
394 2365 404 2385 ⁴
421 2381 434 2414 a
459 2362 586 2433 Sumpsit
610 2363 744 2416 fiscellam
785 2361 834 2416 siis
844 2364 855 2385 ¹
865 2361 1046 2418 benedicetur
1058 2362 1110 2416 tibi
1124 2363 1159 2417 de
1174 2363 1296 2418 sontibus
1309 2364 1396 2418 lsrael
1406 2365 1443 2429 ¹³,
1460 2384 1473 2419 ι
1487 2366 1514 2420 id
1530 2373 1582 2432 est,

99 2472 111 2518 ι,
124 2456 154 2506 et
168 2451 262 2522 posuit
272 2451 347 2504 intus
361 2451 556 2516 intantuluml,
567 2470 579 2502 n
590 2451 664 2521 quod
671 2452 745 2506 Deus
786 2451 855 2504 nihil
870 2451 1025 2522 praedicetis
1042 2452 1071 2505 in
1088 2452 1219 2518 Ecclesia,
1235 2452 1289 2506 nisi
1303 2453 1338 2506 de
1354 2453 1505 2524 Scripturis
1520 2472 1583 2510 san-

99 2539 129 2610 ,tt
144 2540 283 2610 virginem
301 2540 430 2601 Mariam,
447 2556 510 2611 quse
530 2540 559 2594 in
574 2557 603 2594 se
618 2539 745 2610 concepit
785 2544 893 2593 ctorum
909 2545 1031 2610 patrum.
1048 2541 1102 2594 Per
1115 2543 1203 2607 sontes
1213 2541 1288 2595 dona
1300 2542 1418 2597 interme
1431 2542 1539 2613 gratiae,
1552 2550 1585 2599 ut

99 2671 101 2681 .
785 2628 814 2681 in
833 2627 1027 2683 Paraboliszx
1052 2629 1220 2683 Derivcntur
1234 2630 1324 2684 tontes
1343 2631 1384 2685 tui
1404 2632 1436 2696 11,
1458 2653 1469 2682 ι
1489 2633 1517 2686 id
1530 2639 1584 2696 est,

102 2722 146 2773 est
159 2717 275 2771 verbum
290 2718 350 2783 Dei,
368 2724 399 2772 ut
414 2719 442 2772 in
463 2719 581 2773 Psalmis
599 2737 605 2771 :
620 2738 631 2768 ι
654 2719 690 2772 Et
702 2718 744 2772 to·
785 2717 858 2771 dona
880 2717 1046 2788 spiritualia,
1063 2735 1123 2790 quse
1145 2700 1304 2790 percepisti,
1324 2721 1399 2774 toras
1413 2721 1448 2775 ad
1463 2721 1584 2777 aedifica-

120 2824 178 2862 non
196 2806 308 2860 deficiat
321 2808 341 2871 1,
369 2826 382 2860 ιι
407 2808 481 2879 quod
505 2807 619 2862 verbum
641 2807 691 2863 Dei
714 2807 744 2860 in
784 2806 891 2860 tionem
904 2806 1095 2877 proximorum
1110 2808 1234 2861 ostende.
1252 2809 1306 2863 Per
1316 2812 1404 2876 sontes
1419 2816 1541 2880 peccata,
1553 2817 1586 2866 ut

104 2900 211 2951 manet.
233 2897 351 2958 Folium,
368 2897 426 2967 ipse
454 2898 547 2963 homo,
562 2904 595 2951 ut
618 2897 646 2951 in
670 2896 741 2951 Job:
785 2895 814 2949 in
827 2896 912 2951 Osca:
925 2896 1090 2951 «Desolabit
1098 2896 1173 2950 Deus
1188 2896 1279 2952 fontes
1291 2898 1352 2968 eJus
1365 2897 1396 2963 11,
1407 2919 1419 2948 ι
1429 2900 1503 2969 quod
1510 2899 1585 2954 Deus

99 2985 194 3050 illium,
211 2985 284 3056 quod
299 2990 382 3039 vento
396 2986 505 3056 rapitur
516 2986 537 3050 1,
552 3006 563 3036 ι
576 2986 603 3040 id
615 2992 666 3052 est,
675 3001 742 3039 oon-
784 2984 812 3038 in
828 2985 923 3039 electis
936 2985 994 3038 suis
1006 2990 1129 3055 peccata,
1141 2985 1243 3056 quibus
1252 3004 1300 3040 eos
1310 2986 1426 3041 hostes·
1438 2987 1582 3055 tenebant,

99 3090 149 3138 em,
157 3074 204 3145 qui
215 3079 293 3127 motu
305 3074 468 3128 tentationis
481 3074 598 3145 rapitur.
609 3075 742 3139 »Folium
754 3065 914 3128 Cdestmit.

99 3181 122 3230 s,
141 3170 174 3217 ut
192 3163 220 3216 in
236 3164 309 3217 lsaia
325 3182 331 3215 :
352 3163 536 3217 «Cecidimus
549 3163 629 3234 quasi
644 3162 742 3216 folium
821 3164 954 3217 Foramen
967 3167 1011 3216 est
1026 3162 1157 3232 angustia
1165 3162 1312 3234 passionis,
1332 3181 1382 3234 per
1396 3180 1480 3236 quam
1494 3182 1584 3220 caerre-

99 3253 146 3319 1,»
164 3252 256 3317 idest,
275 3258 306 3306 ut
329 3252 435 3305 infirmi
457 3258 485 3306 et
503 3251 648 3306 instabiles
666 3269 743 3323 pros·
785 3255 828 3306 tas
843 3257 966 3317 vocatur,
983 3250 1031 3322 qui
1050 3256 1083 3305 ut
1098 3257 1213 3321 peccata
1226 3257 1323 3306 nostra
1347 3253 1467 3319 tolleret,
1484 3259 1584 3325 sponte

99 3359 135 3396 vs.
679 3344 683 3350 '
717 3339 731 3355 ‘
784 3358 813 3394 se
826 3340 985 3394 humiliavit
995 3339 1028 3406 11,
1043 3340 1151 3394 facilius
1164 3341 1271 3395 intrare
1281 3341 1381 3411 potuit,
1393 3342 1428 3395 ad
1442 3343 1583 3397 coelestem

111 3430 248 3496 Christus,
266 3437 297 3483 ut
312 3431 340 3483 in
356 3430 491 3484 Cantico:
511 3432 592 3501 «Ego
603 3432 655 3485 ilos
666 3446 743 3484 cam-
783 3429 997 3495 beatitudinem,
1011 3446 1094 3500 quem
1109 3429 1206 3483 mundi
1231 3426 1371 3484 amatoies
1397 3431 1432 3484 ad
1456 3431 1583 3485 Ecclesia

104 3523 159 3585 est,
175 3536 227 3589 ego
241 3537 302 3573 sum
317 3519 408 3589 gloria
423 3519 560 3573 Ecclesiae.
579 3521 645 3574 Flos.
660 3519 744 3573 decor
785 3535 842 3572 suae
857 3519 1018 3572 societatem
1035 3517 1204 3588 pertingere.
1221 3518 1365 3583 l'oromen,
1380 3518 1491 3572 interna
1505 3535 1581 3573 com·

99 3609 142 3663 :in
161 3608 232 3662 libro
247 3608 411 3679 Sapientiae:
427 3626 439 3661 a
455 3609 516 3662 Non
527 3615 675 3679 praetereat
692 3625 743 3662 nos
784 3606 908 3677 punctio,
920 3611 953 3659 ut
963 3605 993 3659 in
1008 3605 1122 3660 Cantico
1139 3622 1144 3656 :
1164 3625 1174 3654 ι
1190 3604 1312 3658 Dilectus
1334 3622 1414 3660 meus
1434 3607 1511 3661 misit
1525 3623 1583 3660 ma-

99 3697 189 3760 rris¹³,
202 3715 215 3749 ι
226 3698 253 3750 id
264 3704 315 3759 est,
332 3715 387 3751 non
399 3697 564 3766 abjiciamus
575 3715 591 3750 a
602 3697 682 3751 nobis
697 3697 744 3750 de·
784 3712 852 3749 num
867 3711 946 3748 suam
962 3711 1013 3765 per
1035 3693 1161 3747 l'oramen
1176 3693 1209 3758 11,
1232 3715 1242 3742 ι
1260 3694 1335 3764 quod
1353 3694 1500 3765 inspiravit
1513 3695 1582 3750 mihi

99 3786 158 3841 mli.
177 3788 243 3851 Flos,
261 3787 420 3840 teneritudo
438 3787 535 3857 primae
550 3788 650 3852 atatis,
667 3786 743 3841 utin
784 3783 976 3855 opemtionem
1000 3800 1080 3836 suam
1104 3798 1155 3852 per
1169 3781 1305 3836 occultam
1328 3783 1579 3853 compunctionem.

99 3875 208 3946 iiquasi
219 3876 269 3929 llos
284 3875 426 3944 egreditur
441 3875 472 3935 ¹³,
488 3894 499 3926 s
517 3881 581 3938 etc,
599 3876 672 3946 quod
683 3876 741 3946 pri·
786 3893 797 3923 ι
821 3874 853 3928 Et
876 3878 973 3927 venter
995 3888 1075 3926 meus
1099 3870 1247 3925 intremuit
1266 3870 1302 3924 ad
1320 3876 1425 3925 tactum
1440 3871 1544 3940 ejusw.
1569 3895 1580 3923 ι

99 3964 206 4018 nominis
221 3964 256 4017 ad
272 3964 361 4017 instar
375 3963 432 4017 folii
444 3964 520 4018 lloris
535 3965 667 4035 erumpit.
684 3966 742 4020 Flos
784 3962 858 4032 quod
877 3978 925 4016 cor
936 3978 1031 4015 meum
1042 3977 1092 4032 per
1107 3960 1183 4014 illius
1197 3959 1410 4031 inspirationem
1426 3961 1544 4031 expavit,
1553 3978 1582 4016 se

99 4068 156 4108 rum
172 4054 241 4118 laus,
260 4060 291 4106 ut
308 4052 338 4107 in
352 4051 403 4106 lob
419 4071 424 4105 :
445 4072 456 4102 ι
472 4053 542 4106 Cum
557 4053 648 4108 adhuc
663 4054 699 4107 sit
713 4053 742 4107 in
785 4050 946 4105 noniecisse
961 4050 1104 4121 proximis,
1122 4049 1196 4121 quod
1210 4050 1287 4104 Deus
1306 4049 1371 4103 tecit
1385 4065 1436 4120 pro
1448 4048 1581 4114 inimicis,

99 4146 149 4197 icet
161 4141 193 4206 11,
213 4161 224 4193 ι
249 4142 322 4212 quod
344 4142 492 4196 simulator
510 4142 596 4195 etiam
619 4142 743 4213 quando·
784 4139 858 4211 quod
870 4156 934 4194 cum
951 4140 1025 4194 Deus
1044 4144 1127 4202 esset,
1144 4154 1194 4209 pro
1214 4139 1305 4193 salute
1325 4137 1472 4193 hominum
1494 4139 1583 4193 iactus

99 4231 209 4285 alaude
225 4230 327 4284 deficit.
346 4232 413 4294 l'tos,
429 4230 542 4284 initium
557 4229 623 4284 boni
639 4230 739 4300 operis,
783 4234 827 4282 est
838 4230 931 4283 homo.
949 4230 1092 4293 duramen,
1109 4243 1188 4282 mens
1202 4243 1296 4299 prava,
1311 4227 1382 4282 utin
1392 4228 1484 4283 isaia:
1503 4246 1516 4279 a
1533 4230 1584 4282 Su·

101 4337 108 4372 :
127 4339 140 4371 x
160 4319 288 4373 Ladetur
309 4319 390 4389 quasi
407 4319 496 4379 vinea,
514 4318 542 4372 in
562 4319 653 4389 primo
672 4320 741 4373 tiore
782 4335 833 4389 per
844 4319 969 4372 toramen
980 4316 1109 4388 aspidum
1118 4333 1321 4372 manumsuam
1337 4316 1431 4372 mittet
1439 4317 1471 4383 ³¹,
1488 4318 1581 4387 »quod

99 4424 121 4462 ts
136 4407 168 4472 ¹³,
187 4427 198 4458 ι
217 4408 289 4478 quod
304 4407 488 4479 hypocritam
502 4407 663 4477 primordiis
676 4383 1117 4478 honiDDeusitlinonnunquam
1126 4405 1214 4459 menti
1223 4406 1344 4476 gratiam
1360 4422 1440 4459 suam
1451 4404 1580 4471 infundit,

108 4496 261 4550 humanam
272 4496 382 4549 laudern
394 4495 656 4565 cormmpitur.Per
664 4499 742 4565 stores
784 4495 814 4549 in
829 4512 885 4567 qua
907 4495 984 4566 prius
1012 4494 1139 4549 diabolus
1164 4493 1339 4548 inhabitavit.
1366 4495 1420 4547 Per
1443 4496 1579 4561 foramen,
1683 4502 1689 4514 ·

99 4602 150 4657 que
166 4590 194 4639 et
205 4585 378 4655 insipientes
390 4591 422 4639 ut
435 4585 464 4638 in
480 4584 594 4638 Cantico
612 4601 619 4639 :
638 4605 648 4634 ι
666 4585 742 4639 Fulci
783 4583 858 4639 dona
870 4583 1037 4655 spiritualia,
1060 4588 1092 4637 ut
1114 4583 1143 4636 in
1163 4581 1324 4636 Ezechiele:
1341 4599 1355 4635 c
1371 4582 1520 4638 Foramina
1533 4589 1583 4638 tua

99 4675 162 4741 18¹³,
180 4696 192 4722 ι
210 4672 284 4744 quod
298 4674 361 4727 inde
373 4674 592 4727 consolationem
605 4673 701 4728 anima
713 4676 743 4728 li-
784 4674 813 4727 in
832 4674 887 4737 die,
911 4690 967 4744 qua
986 4672 1114 4726 conditus
1129 4688 1168 4737 es,
1190 4677 1347 4742 praeparata
1367 4677 1435 4726 sunt
1452 4672 1503 4728 tibi
1514 4672 1547 4740 11,
1568 4691 1580 4725 ι

99 4763 139 4828 iit,
155 4763 230 4834 quod
244 4763 292 4816 alii
304 4763 340 4816 ad
353 4764 442 4816 Deum
452 4768 661 4818 colivertuntur.
783 4762 856 4832 quod
870 4768 1000 4832 apostata
1012 4761 1129 4832 angelus
1143 4761 1171 4814 in
1181 4760 1273 4831 prima
1286 4760 1415 4816 claritate
1427 4777 1478 4815 sua
1492 4761 1582 4831 prima

99 4852 261 4909 tChristus.
272 4857 303 4905 ut
316 4852 342 4905 in
358 4852 492 4906 Zacharia
507 4870 513 4904 :
529 4853 627 4906 «Fons
642 4857 742 4924 patens
783 4851 856 4905 dona
866 4827 1024 4922 spiritualia
1031 4849 1172 4922 praecepit.
1184 4851 1255 4904 ltem
1265 4851 1470 4922 perForomino
1480 4848 1581 4903 intelli·

99 4940 150 4995 vvid
166 4941 196 5001 11,
215 4962 225 4990 ι
246 4941 274 4994 id
294 4947 345 5004 est,
363 4941 491 4996 Christus
506 4942 541 4996 de
556 4942 640 4996 donno
654 4941 741 4995 David
782 4946 888 5011 guntur
913 4940 1052 4996 Christi..
1071 4980 1100 5005 .,
1126 4939 1237 4994 dicente
1260 4955 1362 5010 sponso
1386 4939 1414 4993 in
1441 4937 1556 4992 cantico
1573 4957 1578 4991 :

99 5047 116 5084 s.
132 5031 210 5096 l'oas,
226 5035 331 5084 aeterna
345 5029 499 5097 beatitudo,
516 5037 546 5085 ut
560 5030 589 5085 in
602 5031 740 5086 Psalmis:
785 5048 799 5077 o
815 5030 913 5101 Surge,
930 5030 1022 5084 amica
1035 5046 1107 5096 mea,
1120 5045 1224 5100 sponsa
1237 5044 1308 5093 mea,
1323 5035 1352 5082 et
1365 5027 1436 5087 veni.
1453 5025 1582 5081 columba

112 5124 157 5174 est
167 5117 229 5172 sons
239 5118 301 5173 vitae
315 5119 346 5183 ¹⁸,
361 5120 460 5190 »quod
472 5137 535 5174 cum
544 5121 601 5175 Deo
612 5127 654 5174 est
664 5125 743 5174 aeter-
784 5136 855 5181 mea,
872 5120 902 5174 in
917 5119 1101 5175 feraminibus
1112 5123 1200 5190 petra
1218 5116 1257 5182 ³³3
1276 5134 1288 5168 ι
1307 5136 1318 5167 ι
1335 5132 1428 5187 surge,
1446 5134 1458 5166 ι
1480 5115 1581 5186 inquit,

99 5325 104 5335 .
122 5292 140 5339 ι.
157 5277 202 5334 ⁶25.
216 5277 307 5333 ¹Gen.
325 5294 343 5337 1.
360 5277 404 5334 li.
421 5279 432 5311 ³
448 5280 517 5331 Gen.
531 5293 549 5342 1,
565 5278 592 5331 6.
609 5277 707 5333 ¹Psal.
724 5293 779 5343 civ,
798 5274 841 5333 16.
856 5277 867 5311 ⁵
882 5278 953 5332 Dan.
971 5291 1012 5339 111,
1033 5276 1057 5330 5.
1074 5277 1147 5331 ¹iob.
1165 5271 1264 5339 calb
1277 5274 1287 5308 1
1300 5272 1383 5328 Exod.
1398 5288 1428 5337 ιι,
1445 5271 1470 5328 3.
1482 5273 1494 5307 1
1508 5272 1582 5327 Psal.

99 5366 113 5403 ι.
129 5362 190 5409 xm,
207 5348 252 5403 25.
266 5349 289 5384 ¹⁰
305 5351 357 5405 lsa.
374 5364 446 5411 cxix,
464 5349 489 5403 6.
507 5350 526 5384 11
539 5350 619 5404 Cant.
637 5365 667 5410 ιι,
686 5356 708 5405 t.
725 5349 746 5383 ¹²
761 5351 825 5421 Sap.
843 5365 872 5414 n,
889 5350 915 5402 7.
934 5348 955 5384 ¹³
969 5348 1029 5403 tob.
1047 5363 1103 5414 xvv,
1121 5351 1148 5402 ⁶2.
1164 5346 1186 5381 ¹¹
1200 5345 1262 5400 iob.
1279 5358 1338 5409 vni,
1359 5343 1398 5400 la.
1422 5343 1445 5378 ¹³
1458 5344 1520 5398 Job.
1538 5358 1582 5409 xv,

99 5426 124 5486 t,
136 5435 167 5484 n,
184 5420 211 5474 5.
228 5421 248 5455 11
263 5421 343 5475 Zach.
361 5436 402 5475 m.
421 5421 443 5455 11
455 5421 529 5474 Psal.
546 5435 627 5487 xxxv,
641 5419 685 5477 10.
702 5422 872 5486 ¹¹Cant.1v,
889 5423 933 5475 tr.
949 5420 973 5456 11
989 5419 1153 5475 lbid.o.15.
1168 5418 1189 5452 11
1203 5418 1283 5472 toan.
1300 5414 1371 5483 1v,6.
1388 5415 1412 5450 ¹¹
1425 5416 1495 5471 Gen.
1512 5430 1542 5481 u,
1555 5414 1582 5471 6.

99 5532 102 5555 ,
118 5489 146 5546 3.
157 5491 182 5526 ²⁴
192 5492 265 5547 Psal.
280 5506 340 5556 cru,
357 5492 401 5546 to.
415 5491 439 5526 ³³
453 5493 526 5546 Psal.
542 5506 627 5556 lxvii,
644 5492 689 5549 27.
702 5491 726 5527 ²³
739 5494 822 5548 Prov.
837 5508 863 5558 v,
885 5498 925 5548 tt.
937 5491 960 5529 11
973 5492 1038 5548 Ose.
1056 5506 1117 5555 x111,
1135 5489 1176 5547 15.
1192 5487 1216 5522 11
1230 5488 1330 5543 Matth.
1347 5502 1403 5555 xtx,
1425 5486 1480 5555 243
1496 5488 1582 5542 Marc.

99 5579 127 5617 re.
144 5577 224 5623 xvvu,
237 5563 282 5619 aa.
299 5563 323 5597 11
335 5564 415 5618 Cant.
434 5579 458 5619 v.
471 5564 497 5617 t.
514 5563 538 5598 ³⁰
550 5563 620 5618 lbid.
636 5564 657 5599 ³¹
673 5565 725 5619 lsa.
742 5579 780 5632 xx,
796 5563 823 5619 8.
839 5565 862 5600 ³¹
873 5565 970 5619 Ezech.
988 5578 1084 5630 xxvrn,
1101 5562 1146 5619 13.
1162 5560 1186 5597 ³³
1198 5561 1279 5616 eant.
1298 5573 1328 5627 ιι,
1344 5560 1387 5628 t3,
1405 5560 1450 5616 14.
