3772 6120
66 227 141 287 tate
543 226 591 283 DE
605 226 715 283 vmls
734 226 779 283 m·
797 223 1023 282 mamimus.
1039 252 1071 267 —
1090 224 1160 282 ΗΒ.
1180 225 1231 283 m.
1637 227 1708 289 {850

47 359 122 429 tur.
141 354 171 411 Si
186 360 282 411 autem
292 352 495 410 abrenuntians
516 351 578 425 quis
593 357 624 408 et
646 368 775 424 egressm
802 350 1049 420 indeAest3item
1065 349 1202 420 alioloco,
1217 367 1282 408 eam
1299 352 1338 408 sit
1364 352 1496 427 superbia
1527 353 1710 428 posterioria

58 444 176 517 per-Dei
189 444 311 517 gratiam
327 443 364 499 ad
382 458 510 499 eremum
522 442 681 515 peruenerit
700 440 865 514 spiritalem,
907 440 1005 497 ordine
1019 441 1212 509 conflictuum,
1227 441 1337 514 origine
1349 446 1446 499 tamen
1462 443 1633 503 anteriorem
1646 460 1709 503 este

60 532 99 589 de
126 533 338 606 impugnatione
358 532 445 588 trium
459 531 587 603 gentium
608 530 753 596 liberatur,
770 534 867 586 contra
907 529 1034 585 omnium
1061 534 1239 602 peccatorum
1263 537 1293 585 et
1317 530 1468 587 criminum
1490 532 1710 606 principium‚et

58 628 173 696 septem
182 627 294 677 tantum
303 639 422 695 quaeper
433 622 549 693 Moysen
563 620 785 675 denumerantur
794 618 869 675 bella
907 623 1072 673 cunctarum
1085 619 1302 675 interfectricem
1309 619 1711 697 virtutumllbhincquemad·

59 712 207 784 suscipiet.
220 711 427 767 llactenushaee
442 726 532 783 pauca
546 708 581 765 de
595 714 657 764 octo
665 707 867 781 principalibus
907 707 1022 763 modum
1029 707 1091 780 ipsa
1100 713 1164 764 octo
1175 708 1414 780 principaliavitia
1427 725 1583 784 eorumque
1599 711 1710 771 soboles

59 801 140 857 vitiis
159 801 286 857 cassiani
315 799 507 857 facundissimi
540 799 663 855 doctoris
689 803 756 854 sunt
780 797 864 865 diem,
907 795 1019 852 abesto
1031 797 1109 869 Papa
1122 798 1259 870 Gregorio
1270 799 1300 854 in
1313 799 1638 871 expositiouebeetilob,
1657 817 1710 874 po-

61 889 201 963 quaritur
213 895 309 945 autem
323 906 373 946 cur
387 889 538 945 Cassianus
550 893 579 943 et
594 887 748 960 Gregorius
769 887 799 943 in
815 886 866 943 Ca·
906 884 962 941 sita
971 885 1228 942 suntetordinatim
1234 888 1357 959 praelixa,
1365 889 1483 960 jurante
1501 889 1631 959 Domino,
1646 905 1711 964 pee-

61 979 160 1051 talugo
178 979 343 1034 eorumdem
366 977 563 1050 principalium
585 976 717 1032 vitiorum
740 976 814 1031 inter
835 991 866 1032 se
906 990 1067 1047 sequamur.
1084 975 1132 1030 nit
1146 976 1235 1031 enim:
1248 976 1433 1051 vitiaquippe
1446 981 1711 1053 tententiaquteia·

60 1067 244 1136 dissentiant,
262 1068 302 1124 ita
315 1073 348 1124 ut
357 1066 509 1123 Cassianus
523 1067 553 1122 in
563 1082 661 1121 eorum
674 1081 792 1121 numam
806 1065 867 1138 phi-
906 1062 1007 1119 risibili
1016 1068 1116 1120 contra
1133 1080 1184 1120 nos
1193 1066 1290 1137 prelio
1300 1072 1460 1138 repugnant
1472 1082 1559 1141 super
1571 1084 1602 1125 se
1612 1084 1722 1144 supen-

59 1157 218 1231 tngynam
231 1163 261 1212 et
278 1156 405 1213 acediam
424 1162 593 1212 annumeret
607 1160 738 1212 :econtra
759 1153 867 1226 Grego·
907 1150 960 1209 bia
974 1152 1107 1221 militant,
1117 1153 1174 1210 alia
1192 1170 1271 1210 more
1285 1154 1389 1212 ducum
1411 1163 1549 1229 preeunt,
1564 1157 1710 1216 themora

60 1246 123 1302 rius
133 1264 191 1302 noa
199 1246 259 1301 hec
266 1246 323 1301 duo
332 1245 409 1313 vitia,
416 1243 618 1318 philargyriam
634 1243 740 1299 scilicet
753 1247 783 1298 et
802 1258 867 1298 ace·
907 1240 1055 1309 exercitus,
1072 1241 1291 1315 subsequuntur,
1306 1243 1367 1317 ipsa
1375 1261 1499 1317 namque
1519 1246 1653 1304 vitiorum
1665 1238 1711 1304 re·

60 1334 284 1392 diamiueorum
298 1334 379 1406 ponit
393 1350 521 1402 numero,
538 1333 586 1388 sed
601 1331 732 1388 invidiam
748 1337 778 1386 et
800 1346 865 1387 ava·
905 1329 974 1402 gina
985 1330 1126 1403 superbia,
1146 1348 1210 1387 cum
1237 1332 1376 1388 devictum
1401 1333 1483 1406 plene
1510 1351 1559 1391 cor
1579 1333 1706 1410 caeperit,

58 1424 160 1481 titiam
168 1423 242 1480 inter
252 1424 349 1480 eadem
365 1421 617 1489 adnumeratvitia,
632 1420 706 1493 quod
715 1420 866 1477 Cassianus
906 1419 1045 1474 morillud
1060 1426 1168 1493 septem
1183 1420 1385 1493 principalibus
1406 1423 1482 1478 vitiis
1496 1424 1577 1497 quasi
1591 1423 1708 1497 quibus-

58 1514 226 1571 nullateuus
235 1513 316 1581 iacit3
332 1513 373 1567 ait
383 1511 457 1567 enim
472 1511 624 1566 Cassianus
644 1509 718 1583 quod
732 1511 866 1566 adrem
905 1507 971 1564 dam
983 1509 1042 1564 suis
1054 1508 1171 1565 ducibus
1194 1510 1398 1566 devastandum
1414 1511 1510 1578 tradit,
1526 1528 1597 1585 quos
1612 1512 1709 1571 uded-

59 1599 555 1675 octoprincipaliavitia,adJ‘urante
563 1596 867 1666 Domino,colluctatio·
906 1602 950 1653 cet
970 1597 1056 1654 duces
1081 1599 1220 1654 exercitus
1244 1599 1382 1672 sequitur,
1412 1599 1481 1672 quia
1501 1616 1535 1656 ex
1554 1602 1589 1657 iis
1610 1601 1709 1676 procul

58 1705 130 1748 aem
145 1691 280 1746 debemus
294 1690 428 1763 arripere.
446 1690 518 1745 Sunt
532 1694 628 1744 autem
647 1687 706 1744 bac
722 1706 728 1742 :
741 1686 863 1760 primum
875 1670 992 1743 Rdubio
1011 1686 1179 1759 importune
1195 1688 1328 1744 vitiorum
1357 1688 1553 1747 multitudines
1566 1691 1708 1763 emautur,

58 1780 270 1855 gastrimargiae
278 1779 385 1847 vitium,
394 1777 469 1851 quod
479 1776 757 1850 interpretaturgulae
767 1791 868 1831 concu-
906 1775 982 1848 quod
997 1775 1098 1831 melius
1112 1776 1296 1837 ostendimus,
1308 1777 1332 1832 sl
1347 1778 1422 1849 ipsos
1437 1779 1708 1852 ducesatqueeaen·

58 1868 202 1943 piscantia
213 1869 256 1923 rel
264 1867 401 1938 ingluvies
409 1866 516 1922 ventris
526 1886 532 1935 ;
543 1864 697 1921 secundum
709 1863 867 1919 fornicatio·
905 1865 979 1920 citus
992 1870 1026 1920 ut
1039 1881 1189 1938 possumus
1203 1867 1395 1922 enumerando
1414 1869 1602 1940 proteramus.
1618 1868 1710 1929 Radix
1799 1870 1803 1879 '

59 1956 254 2026 nis3tertium
269 1956 457 2029 philargyria,
472 1955 546 2026 quod
557 1952 725 2025 intelligitur
738 1952 865 2022 stantia,
906 1952 1009 2026 quippe
1023 1954 1115 2009 cuncti
1130 1954 1196 2009 mali
1209 1953 1341 2026 superbia
1360 1960 1412 2022 est,
1428 1955 1464 2011 de
1479 1973 1536 2029 qua
1563 1957 1709 2029 Scriptura
1769 2018 1778 2027 ,

58 2047 116 2113 rel,
127 2042 717 2119 utpropriusexprimatur,amorpecuniae.
727 2041 864 2107 Quartum
905 2046 1058 2098 attestante
1071 2042 1174 2098 dicitur
1190 2062 1195 2095 :
1216 2064 1227 2093 ι
1246 2041 1362 2100 Initium
1376 2044 1468 2100 omnis
1480 2045 1589 2117 peremi
1607 2062 1708 2121 super·

57 2133 122 2203 ira,
143 2135 275 2207 quintum
302 2134 433 2201 tristitiae,
454 2140 563 2189 sextum
587 2132 700 2199 acediae,
725 2130 798 2203 quod
822 2134 866 2187 est
905 2128 1055 2200 biaOEaclc.
1072 2146 1100 2197 x,
1117 2132 1172 2202 15).
1188 2151 1199 2184 s
1214 2133 1255 2188 De
1266 2132 1320 2188 hec
1329 2148 1440 2204 quoque
1459 2134 1598 2190 virulenta
1613 2135 1708 2193 mutes

58 2224 192 2281 anxietas
201 2224 258 2279 sive
273 2223 387 2278 taedium
395 2223 502 2291 cordis;
519 2221 670 2294 septimum
695 2219 864 2275 cenodoxia
904 2226 1013 2293 septem
1027 2220 1193 2293 principalia
1203 2222 1272 2277 vitia
1287 2221 1476 2292 proferuntur,
1491 2223 1598 2280 scilicet
1611 2223 1708 2281 inanis

59 2313 140 2385 quod
153 2313 357 2385 interpretatur
371 2328 444 2367 vana
455 2310 546 2382 gloria
557 2329 564 2378 ;
576 2315 704 2365 octartnn
715 2307 862 2381 superbia.
903 2308 1003 2381 gloria,
1017 2309 1131 2375 invidia,
1147 2310 1200 2372 ira,
1216 2310 1342 2378 tristitia,
1357 2311 1485 2380 eventia,
1501 2311 1706 2385 ventrisingla·

58 2402 169 2459 Beatus
184 2408 280 2458 autem
293 2403 370 2472 Papa
392 2399 544 2471 Gregorius
562 2399 603 2453 ita
619 2397 785 2470 principalia
797 2396 866 2451 vitia
904 2396 972 2465 ries,
987 2398 1107 2453 luxuria.
1122 2398 1195 2454 Nam
1211 2399 1277 2471 quia
1288 2399 1332 2454 his
1357 2404 1466 2472 septem
1478 2399 1616 2471 superbia
1629 2399 1706 2458 vitiis

58 2490 229 2547 dinumerat
239 2495 269 2546 et
281 2488 449 2545 describitis
457 2488 555 2543 ordine
566 2505 572 2540 ε
582 2487 708 2542 Primum
723 2484 865 2559 superbia,
907 2500 958 2541 uos
971 2491 1067 2558 captos
1074 2486 1173 2555 doluit,
1181 2486 1283 2544 idcirco
1302 2488 1473 2562 Redemptor
1491 2496 1588 2545 noster
1600 2490 1637 2547 ad
1650 2489 1707 2564 spi·

58 2579 219 2635 secundum
233 2574 864 2649 inanisgloria,tertiuminvidia,quartumira‚
906 2574 996 2630 nitelis
1010 2574 1184 2631 liberationis
1193 2576 1320 2648 praelium
1335 2577 1441 2650 Spiritu
1455 2578 1626 2649 septiformis
1639 2594 1707 2651 gra·

60 2667 330 2743 quintumtristitia,
345 2672 453 2722 sextum
464 2664 589 2731 avaritia,
600 2661 866 2736 septimumventris
906 2661 953 2717 tite
967 2663 1066 2735 plenus
1079 2665 1164 2719 venit.
1185 2665 1239 2720 Sed
1264 2665 1370 2721 habent
1396 2671 1495 2722 contra
1514 2666 1574 2722 luec
1595 2667 1707 2739 singuht

60 2756 344 2829 inglusiesmctatum
354 2754 574 2810 luxuriaSoluta
583 2751 867 2809 estautemreraciter
906 2751 1058 2807 exercitum
1072 2769 1165 2809 suum.
1180 2753 1253 2809 Nam
1261 2754 1295 2809 de
1305 2755 1382 2811 inani
1389 2755 1481 2827 gloria
1492 2755 1551 2812 haec
1558 2756 1706 2813 oriuntur:

61 2842 101 2901 ab
115 2844 236 2900 eruditis
248 2843 407 2900 doctoribus
421 2840 810 2915 itahaecqumstio:llvaritia,
820 2840 865 2896 in·
906 2840 1105 2909 inobedientia,
1125 2842 1273 2913 jactantia,
1308 2844 1471 2917 hypocrisis,
1501 2845 1705 2915 contentiones,

62 2934 179 3008 quiunt,
191 2951 253 3007 que
265 2934 295 2989 in
305 2932 401 2988 Graeco
416 2931 519 2987 dicitur
540 2929 722 3003 philargyria.
743 2928 824 2985 Unde
837 2932 867 2985 et
905 2929 1229 3001 pertinaciae,discordiae
1238 2938 1267 2987 et
1277 2933 1444 2988 nominatim
1460 2933 1704 3005 praesumptiones.

47 3022 304 3101 ,emanantes
315 3023 405 3077 solum
420 3038 483 3076 eam
504 3020 653 3092 Apostolus
667 3018 789 3073 radicem
803 2999 1071 3087 maechandum,
1085 3019 1192 3087 odium,
1208 3021 1374 3089 susurratio,
1391 3020 1538 3089 detractio,
1554 3021 1704 3080 exsultatio

38 3098 192 3169 'omnium
203 3111 352 3179 malorum,
360 3110 547 3165 verumetiam
556 3107 864 3164 idolorumsemritutem
905 3106 1071 3163 inadversis
1098 3108 1227 3179 pmximi,
1244 3110 1359 3166 alssictio
1386 3115 1482 3167 autem
1508 3110 1537 3166 in
1564 3110 1706 3184 prosperis

61 3199 380 3275 pronuntiavitdioens:
390 3200 425 3255 Et
437 3201 569 3265 avaritia,
582 3195 801 3270 quodinGrmco
819 3193 864 3250 di·
904 3195 1031 3252 nascitur
1044 3214 1051 3265 ;
1064 3196 1099 3252 de
1120 3197 1163 3251 ira
1176 3197 1251 3266 rixae,
1276 3204 1372 3254 tumor
1389 3200 1501 3266 mentis,
1518 3200 1705 3269 contumelia,

62 3290 141 3348 citur
153 3286 363 3363 philargyriae
384 3305 445 3361 quae
458 3292 501 3341 est
515 3286 729 3341 simulacrorum
744 3283 865 3340 servitus
905 3284 1019 3351 clamor,
1035 3285 1201 3357 indignatio,
1227 3286 1407 3358 blasphemie
1439 3288 1642 3359 proferentum
1671 3288 1708 3345 de

62 3380 136 3451 (dot.
153 3395 191 3446 m,
202 3378 239 3446 5).
268 3397 279 3429 ι
294 3377 388 3433 claret
410 3383 505 3431 autern
520 3375 587 3447 quia
600 3374 629 3429 hi
643 3372 699 3429 duo
726 3373 863 3438 doctores,
905 3373 1031 3441 tristitia,
1045 3374 1161 3437 malitia,
1169 3391 1279 3442 rancor,
1296 3377 1523 3447 pusillanimitas,
1535 3378 1705 3449 desperatio,

63 3467 220 3539 Gregorius
230 3472 260 3521 et
270 3467 430 3532 Cassianus,
455 3464 581 3537 quamvis
595 3479 668 3519 unus
683 3461 789 3518 diceret
801 3460 866 3534 phi·
905 3468 1003 3533 torpor
1012 3463 1087 3518 circa
1100 3469 1248 3535 praecepta,
1259 3464 1370 3535 vngatm
1390 3465 1494 3520 mentis
1516 3481 1585 3537 erga
1608 3466 1708 3524 illicita

63 3556 230 3629 largyriam,
246 3557 318 3610 alter
331 3555 488 3621 avaritiam,
505 3553 667 3608 nullatenus
687 3551 761 3605 inter
781 3566 811 3605 se
835 3549 867 3606 ia
905 3549 1040 3606 nascitur.
1056 3551 1096 3607 De
1112 3552 1239 3618 avaritia,
1251 3551 1381 3623 proditio,
1401 3553 1487 3621 fraus,
1504 3553 1625 3619 salucia,
1640 3570 1706 3625 pen·

64 3645 119 3703 hoc
130 3645 246 3701 nomine
258 3644 496 3716 discrepaverunt,
511 3642 578 3715 quie
593 3657 680 3697 unum
696 3638 866 3695 estnt'ntitia
903 3638 988 3712 Juria,
1004 3639 1190 3712 iniquietudo,
1212 3640 1360 3707 violentie,
1375 3646 1404 3696 et
1432 3648 1530 3697 contra
1544 3641 1706 3699 misericor-

64 3740 95 3791 et
106 3733 292 3807 philargyria.
307 3733 544 3789 Invidiamautem
560 3746 644 3802 quam
655 3729 806 3786 Cassianus
820 3728 864 3782 in-
905 3727 982 3785 diam
1001 3726 1199 3784 obdurationes
1213 3729 1305 3784 cordis
1325 3728 1472 3798 oriuntur3
1488 3728 1643 3787 daventria
1663 3731 1706 3788 iu·

63 3820 299 3879 tercaeteravitia
312 3837 369 3876 non
386 3820 583 3886 dinumeravit,
596 3817 753 3876 dicuntsub
780 3816 863 3873 titulo
902 3816 1005 3891 gluvie.
1021 3817 1116 3889 inepta
1130 3817 1237 3883 latitia,
1253 3817 1418 3886 scurrilitas,
1433 3817 1624 3885 immunditia,
1634 3818 1707 3876 mul-

63 3910 204 3986 auperbiae
217 3927 280 3967 eam
298 3909 478 3976 intellexisse,
495 3908 557 3964 ideo
572 3908 640 3982 quia
655 3906 785 3962 diabolus
812 3920 865 3979 per
903 3904 1314 3979 tiloquium,hebetndosensus
1327 3907 1402 3962 circa
1416 3906 1632 3978 intelligentiam
1643 3922 1708 3981 pro·

63 3999 227 4074 superbiam
238 3998 274 4054 de
284 3998 352 4054 celo
367 3998 526 4065 decidisset,
542 3997 692 4054 invidendo
706 4004 801 4052 autem
828 3993 864 4052 de
904 4001 1040 4069 pagatur3
1051 3995 1704 4065 deluxuria,cacitesmeutie,incousideraatia,

63 4087 320 4161 adibusparadisi,
335 4086 577 4160 primoshomines
591 4085 752 4159 expulisset,
764 4083 800 4140 ob
813 4083 865 4140 hoc
905 4083 1103 4152 inconstantia,
1116 4084 1628 4158 precipitatio,amorsui,odiumDei,
1642 4086 1708 4143 atte-

62 4194 154 4237 unum
168 4177 267 4232 colunt
279 4194 341 4233 esse
355 4176 484 4231 morbum
496 4195 503 4245 3
519 4174 594 4232 unde
617 4176 738 4247 Prosper
751 4173 792 4229 ait
808 4190 815 4227 :
832 4172 865 4228 In
905 4173 1119 4246 ctuspraesentis
1125 4174 1337 4242 saculi,horror
1349 4174 1708 4249 veldesperatiofuturige-

61 4272 178 4325 tautum
199 4282 288 4322 uuum
302 4269 345 4321 est
358 4265 464 4321 malum
479 4270 511 4320 ut
523 4280 575 4320 uec
587 4262 725 4336 superbus
738 4261 799 4317 sine
821 4260 865 4317 in·
906 4267 1032 4317 neratur.
1043 4261 1115 4327 Quia
1124 4278 1191 4334 ergo
1205 4269 1312 4335 septem
1327 4263 1493 4336 principalia
1506 4269 1615 4321 tantam
1628 4263 1665 4322 de
1675 4280 1708 4322 ae

62 4354 149 4424 vidia,
173 4370 225 4411 nec
251 4353 362 4410 invidus
384 4353 445 4410 sine
467 4352 598 4427 superbia
619 4351 708 4425 possit
721 4349 841 4407 inveniri
856 4314 1038 4407 :Danaam
1054 4351 1265 4407 multitudinem
1281 4352 1437 4423 proferunt,
1452 4369 1517 4409 cum
1529 4352 1566 4407 ad
1594 4368 1645 4409 cor
1657 4368 1707 4410 se·

61 4445 199 4502 acediam
226 4448 323 4500 autem
347 4443 423 4499 unde
448 4441 603 4514 Gregorius
624 4440 655 4497 in
683 4456 770 4513 supra
791 4439 867 4495 dicta
906 4440 999 4509 niunt,
1015 4440 1096 4513 quasi
1114 4440 1310 4513 subsequentis
1337 4440 1475 4496 exercitus
1498 4445 1624 4497 catervas
1645 4444 1707 4499 tre·

61 4532 264 4609 principalium
275 4530 407 4587 vitiorum
415 4529 686 4588 dinumerationem}
696 4529 777 4597 dixit,
786 4527 867 4585 aiunt
906 4530 987 4597 hunt,
998 4546 1032 4584 er
1047 4527 1282 4602 quibusvidelicet
1295 4534 1404 4602 septem
1419 4530 1543 4603 quinque
1556 4528 1707 4604 spiritalis,

62 4638 127 4680 eam
140 4620 194 4679 sub
208 4618 455 4677 tristitiaenomine
473 4618 630 4691 intelligere
645 4618 774 4685 voluisse,
791 4618 866 4675 unde
906 4618 1018 4690 duoque
1037 4617 1164 4673 carnalia
1184 4624 1261 4685 sunt,
1286 4618 1336 4674 sad
1360 4619 1582 4692 unumquodque
1608 4634 1708 4678 eorum

63 4718 94 4769 et
114 4709 291 4769 cassianus:
311 4709 425 4778 acedia,
442 4725 527 4782 qaam
555 4724 616 4776 nos,
631 4706 733 4779 inquit,
750 4706 865 4765 ἰωάῑυω
905 4712 986 4763 tanta
998 4705 1051 4762 sibi
1060 4706 1227 4778 cognatione
1234 4707 1366 4779 jungitur
1379 4712 1476 4764 utnon
1490 4708 1546 4764 uisi
1558 4724 1648 4766 unum
1671 4709 1708 4766 de

62 4800 304 4859 sireanxietatem
321 4798 413 4855 cordis
426 4813 575 4871 possumus
589 4812 752 4869 nuncupare
773 4793 866 4853 affinis
906 4796 995 4851 altero
1009 4795 1187 4868 proferatur;
1202 4796 1294 4869 prima
1309 4812 1431 4869 namque
1445 4796 1584 4871 superbiae
1598 4798 1708 4857 soboles

64 4895 109 4947 est
120 4888 254 4945 tristitia
270 4888 321 4943 llis
335 4893 431 4944 autem
444 4885 591 4943 sententiis
606 4886 753 4942 manifeste
767 4883 868 4958 proba·
905 4885 999 4942 inanis
1010 4889 1053 4941 est
1066 4884 1166 4957 gloria,
1183 4901 1246 4958 quae
1259 4884 1327 4941 dum
1338 4903 1501 4959 oppressam
1516 4894 1639 4944 mentem
1648 4904 1709 4945 con·

64 4978 191 5051 turquia
209 4976 361 5048 Gregorius
376 4982 405 5031 et
416 4975 566 5031 Cassianus
578 4975 614 5030 de
628 4980 691 5030 octo
705 4973 866 5047 principali·
907 4974 1025 5046 ruperit,
1035 4991 1098 5029 mox
1112 4974 1248 5030 invidiam
1260 4974 1361 5046 gignit,
1386 4975 1454 5049 quia
1478 4976 1613 5032 nimirum
1638 4977 1706 5034 dum

65 5066 119 5123 bus
132 5067 209 5123 titiis
224 5065 401 5121 uniformiter
415 5070 572 5121 senserunt.
603 5064 745 5130 Quaeritur
759 5067 788 5119 et
799 5061 868 5117 illud
908 5064 973 5118 vani
988 5063 1111 5119 nominis
1119 5063 1273 5136 potentiam
1289 5064 1406 5137 appetit,
1417 5081 1454 5122 ne
1472 5066 1536 5138 quis
1549 5066 1622 5123 hanc
1635 5066 1708 5124 alius

66 5172 117 5213 sur·
127 5154 318 5227 Gregoriusin
337 5155 399 5227 ipsa
418 5154 550 5209 vitiorum
561 5153 795 5209 adnumeratione
810 5150 869 5225 pri·
909 5152 1027 5226 adipisci
1041 5152 1134 5208 valeat
1147 5151 1274 5207 tabescit.
1289 5156 1402 5209 Iamdiu
1416 5171 1527 5227 quoque
1535 5155 1608 5211 bam
1614 5172 1707 5229 geae-

66 5244 253 5301 mumsitium
262 5242 517 5316 superbiamponit,
527 5247 556 5297 et
565 5242 716 5297 Cassianus
726 5241 868 5309 ultimum,
910 5245 965 5308 rat,
994 5240 1060 5312 quia
1079 5245 1184 5311 quanto
1208 5240 1321 5296 interno
1342 5241 1437 5297 livoris
1460 5242 1576 5301 vulnere
1595 5247 1707 5313 animas

67 5332 212 5409 ipseenim
225 5331 393 5388 dicit:licet
407 5330 522 5387 morbus
542 5329 681 5404 superbia
700 5334 814 5386 octavus
841 5334 869 5384 et
909 5329 1062 5398 sauciatur,
1089 5334 1169 5384 tanto
1197 5329 1282 5385 etiam
1305 5332 1502 5401 mansuetudo,
1517 5336 1709 5409 tranquillitas

67 5422 187 5480 altimus
213 5421 260 5488 sit,
283 5420 314 5476 in
328 5421 460 5476 conflictu
481 5419 612 5476 vitiomm
627 5424 712 5491 atque
725 5418 754 5474 in
770 5418 869 5474 ordine
909 5417 1059 5486 amittitur,
1077 5423 1106 5475 et
1117 5418 1184 5492 quia
1192 5418 1272 5490 quasi
1281 5417 1378 5474 dolens
1397 5420 1555 5480 membrum
1568 5429 1706 5502 ungine,

61 5516 350 5586 ‘ponaturextremua
366 5509 473 5582 origine
486 5514 583 5566 tamen
591 5513 753 5580 attempore
758 5507 868 5580 primm
909 5505 1153 5579 ideimoopposite
1159 5506 1279 5564 emonis
1291 5523 1392 5567 manus
1404 5511 1602 5586 relutgrariua
1610 5534 1708 5595 prosa
