3772 6120
118 244 186 321 tuilf
418 257 449 312 B.
471 256 607 313 RABANl
626 256 742 314 MAURI
762 258 929 313 ARCllIEP.
950 258 1111 313 MOGUNT.
1133 255 1281 312 OPERUM
1301 252 1393 310 PARS
1410 254 1461 310 lll.
1693 254 1774 314 lost:

118 386 189 442 lucis
204 385 233 439 in
248 381 371 441 tenebris
386 387 569 443 memoratur,
586 379 620 437 in‘
631 384 777 438 matutinis
792 383 922 438 laudibus
931 384 1031 443 Asaraei
1047 383 1225 453 baptismatis
1241 386 1350 435 erutam
1365 386 1394 434 et
1407 396 1457 451 per
1473 377 1687 434 renovationem
1702 381 1757 453 Spi-

118 476 294 537 dccantetur,
307 477 336 525 et
345 471 486 526 cauticum
494 472 590 527 Mariae
601 472 651 528 Dei
659 472 813 544 genitricis,
826 473 855 526 in
866 489 920 544 quo
962 472 1032 525 ritus
1046 473 1135 526 sancti
1157 472 1185 526 in
1211 472 1363 525 electorum
1380 474 1484 523 sortem
1501 469 1670 524 translatam
1686 487 1759 542 spem

118 580 169 637 per
181 561 328 616 brachium
343 560 455 615 Domini
469 560 607 632 dispersio
626 561 812 633 superborum
829 570 858 617 et
870 577 921 633 po·
961 560 1067 617 habens
1082 561 1144 615 vitae
1156 562 1256 615 futurae
1271 565 1300 613 et
1308 558 1405 631 gaudii
1420 558 1597 630 sempiterni.
1615 559 1671 614 Sed
1688 558 1757 615 unde

118 652 242 707 teutium
248 649 598 722 depositiohumiliumque
604 651 735 706 exaltatio
743 651 919 722 praedicatur,
962 651 1021 704 haec
1031 649 1181 721 gratiasihi
1197 648 1355 722 provenerit
1369 648 1492 702 ostendit
1506 647 1618 703 diceus:

118 746 194 797 recte
209 740 238 795 in
250 739 507 811 vespertinoofficio
517 740 669 795 novissime
682 740 802 795 canitur.
813 740 922 804 Quiain
999 758 1012 791 a
1039 740 1107 795 Ecce
1129 741 1204 795 Deus
1219 738 1347 794 Salvator
1362 752 1460 791 meus:
1480 736 1653 792 fiducialiter
1670 754 1756 809 agam

117 846 232 902 vespere
244 824 352 895 mundi,
362 828 416 883 hoc
428 833 479 893 est,
490 829 518 883 in
533 829 689 884 tinesaeculi
704 846 754 901 per
769 829 921 883 adventum
964 846 977 879 a
997 834 1027 882 et
1043 845 1100 883 non
1115 827 1252 882 timebo.»
1270 826 1369 882 Omnis
1384 826 1459 879 enim
1475 832 1581 880 nostrae
1596 825 1760 898 redemptio·

119 917 281 986 salvatoris,
300 916 413 988 superbi
427 918 457 973 in
471 918 566 990 mnam
577 916 759 990 pmjicicntur
768 917 920 981 inferni,et
962 917 1006 971 nis
1015 922 1044 971 et
1056 917 1156 972 salutis
1168 932 1254 972 causa
1268 916 1298 970 in
1311 914 1584 971 incamatioueJesu
1596 916 1703 970 Christi
1712 916 1759 971 Do·

120 1008 242 1065 humiles
252 1007 281 1062 in
290 1006 411 1077 gloriam
420 1005 618 1062 exaltabuntur
626 1008 844 1062 stemamllaec
854 1023 922 1077 ergo
963 1006 1032 1060 mini
1041 1005 1129 1060 nostri
1138 1004 1275 1069 consistit,
1293 1004 1428 1075 quianon
1447 1008 1492 1057 est
1505 1004 1583 1057 aliud
1599 1020 1703 1059 nomen
1716 1020 1759 1060 su·

37 1124 47 1143 ι
116 1099 199 1168 juxta
221 1096 249 1150 id
271 1095 346 1167 quod
365 1095 505 1150 sensimus
530 1102 558 1150 et
583 1095 762 1166 amagistris
784 1095 924 1149 traditum
964 1102 1133 1166 perterram
1156 1095 1253 1149 datum
1278 1092 1446 1159 hominibus,
1463 1097 1587 1148 testante
1602 1093 1688 1147 Petro
1701 1110 1760 1166 apo-

123 1187 291 1258 acecpimus,
307 1185 379 1256 stylo
394 1185 572 1256 protulimus,
588 1202 644 1240 non
659 1185 873 1257 praejudicantes
880 1185 925 1239 his
966 1184 1047 1250 stolo,
1059 1185 1088 1238 in
1102 1201 1156 1255 quo
1167 1188 1296 1254 oporteat
1310 1183 1400 1236 salvos
1418 1181 1490 1248 ficri,
1502 1182 1602 1253 dequo
1623 1183 1759 1239 etPaulus

121 1276 170 1348 qui
185 1276 286 1330 melius
309 1274 423 1345 sapiunt
442 1290 475 1328 ac
489 1274 589 1328 melius
603 1274 780 1329 sermonibus
799 1275 924 1346 proferre
965 1274 1017 1327 ait:
1037 1291 1049 1325 a
1076 1274 1175 1328 Gratia
1189 1271 1264 1327 enim
1279 1288 1375 1327 sumus
1399 1271 1496 1325 salvati
1525 1271 1712 1341 (Ephes.11).s
1729 1273 1759 1328 Et

120 1370 235 1421 norunt.
263 1364 305 1419 Tu
330 1368 434 1429 autem,
450 1363 656 1435 sapientissime
676 1380 733 1429 rex,
749 1363 778 1417 in
793 1363 923 1418 omnibus
964 1364 1046 1418 item:
1064 1383 1075 1412 ι
1097 1362 1166 1427 Quis
1176 1379 1231 1429 mc,
1242 1361 1343 1432 inquit,
1354 1359 1485 1414 liberabit
1493 1360 1528 1414 de
1538 1376 1658 1432 corpore
1667 1362 1757 1417 mortis

119 1454 191 1510 bene
204 1453 340 1518 eruditus,
358 1468 392 1507 ea
405 1467 467 1523 quas
479 1452 531 1506 tibi
545 1469 563 1506 a
583 1453 682 1506 devoto
697 1451 802 1506 famulo
820 1452 922 1506 collata
962 1452 1046 1523 hujus
1061 1451 1184 1507 iGratia
1203 1451 1254 1506 Dei
1279 1467 1328 1522 per
1342 1450 1438 1503 lesum
1453 1449 1600 1504 Christum
1615 1450 1758 1506 Dominum

120 1550 196 1610 sunt,
206 1542 427 1613 benignamcnte
436 1541 921 1613 suscipe,illisqaeuteresecundum
962 1547 1090 1597 nostrum
1107 1543 1191 1605 (Rem.
1219 1544 1277 1609 vu).
1295 1560 1306 1590 s
1322 1539 1362 1593 De
1390 1554 1445 1610 quo
1459 1554 1574 1594 rursum
1589 1538 1630 1593 ait
1646 1556 1652 1592 :
1670 1558 1683 1591 s
1698 1539 1759 1595 Drs-

121 1630 196 1705 quod
210 1631 384 1705 perspexeris
397 1629 448 1686 tibi
462 1631 575 1702 tuisqne
593 1632 736 1703 prodesse.
755 1632 812 1700 Ego
826 1636 922 1686 eutem
962 1631 1016 1686 tias
1027 1632 1138 1700 agimus
1149 1631 1215 1692 Deo,
1225 1628 1273 1700 qui
1293 1628 1394 1698 dignos
1402 1643 1454 1682 uos
1462 1627 1530 1681 fecit
1543 1626 1572 1681 in
1592 1633 1675 1698 parte
1681 1629 1757 1684 sortis

122 1720 258 1794 quidquid
273 1719 380 1774 servitii
395 1735 511 1791 possum
532 1719 583 1775 tibi
608 1720 727 1774 libenter
748 1690 1124 1790 impendam,¹³sanctorum
1136 1719 1164 1773 in
1187 1717 1303 1783 lamine,
1325 1717 1373 1788 qui
1391 1716 1494 1787 eripuit
1508 1716 1609 1771 nosde
1627 1723 1757 1789 potestate

121 1810 238 1881 insuper
252 1809 353 1880 etipse
369 1808 526 1881 impendar,
541 1810 632 1864 Deum
647 1808 753 1864 orando
772 1814 857 1880 atque
871 1806 922 1862 ob·
963 1808 1153 1869 tenebrarum,
1170 1814 1199 1862 et
1210 1805 1356 1862 transtulit
1366 1806 1395 1860 in
1408 1821 1528 1877 reguum
1545 1806 1596 1860 filii
1608 1806 1755 1863 dilectionis

120 1899 314 1971 sacrandopro
322 1898 413 1952 salute
419 1903 566 1970 tua‚etpro
574 1897 815 1968 stabilitaterogni
826 1897 878 1963 tui,
890 1902 923 1951 ut
963 1914 1030 1963 suae,
1045 1899 1073 1951 in
1084 1896 1280 1969 quohabemus
1296 1896 1519 1966 redemptionem
1530 1899 1559 1949 et
1568 1896 1754 1952 remissionem

123 1988 168 2042 hic
175 1987 224 2042 diu
235 2002 331 2058 sospes
340 1985 458 2051 vivas,et
464 1991 528 2057 post
536 1990 689 2041 terminum
703 1986 848 2057 praesentis
858 1985 922 2040 vita
962 1991 1151 2059 peccaterum,
1170 1985 1218 2057 qui
1228 1985 1373 2054 estimago
1392 1984 1444 2038 Dei
1457 1983 1616 2051 invisibilis,
1628 1985 1754 2057 primoge·

122 2075 268 2132 in‘coelesti
290 2089 379 2146 regno
395 2074 451 2129 viia
465 2074 568 2130 fruaris
582 2081 698 2130 aeterna.
714 2074 850 2130 Divinitas
864 2074 922 2128 Do·
962 2078 1038 2131 nitus
1048 2076 1139 2130 omnis
1148 2081 1293 2141 creatura,
1307 2073 1373 2145 quia
1383 2073 1412 2127 in
1423 2073 1485 2146 ipso
1493 2074 1611 2129 condita
1620 2080 1688 2129 sunt
1702 2074 1753 2130 uni

122 2163 192 2220 mini
205 2165 294 2219 nostri
307 2165 373 2218 lesu
388 2164 494 2219 Christi
507 2164 553 2218 hic
563 2169 592 2218 et
599 2163 713 2236 ubique,
722 2179 797 2218 nunc
807 2169 836 2217 et
845 2179 922 2218 sem·
961 2182 1042 2221 versa
1055 2165 1084 2219 in
1099 2163 1176 2219 coelis
1189 2169 1218 2219 et
1231 2165 1260 2218 in
1275 2170 1352 2217 terra
1367 2164 1432 2231 (Gal.
1449 2168 1476 2228 rt.
1498 2182 1510 2214 s
1525 2163 1558 2217 In
1575 2163 1638 2233 ipse
1652 2179 1752 2236 quoqne

120 2270 171 2327 per
183 2268 285 2310 mnam
295 2258 324 2309 et
335 2252 506 2309 incolumem
519 2257 548 2308 te
560 2269 724 2309 conservare
738 2253 879 2324 dignetur.
962 2254 1130 2309 fiducialiter
1147 2254 1207 2326 agit
1230 2253 1322 2308 omnis
1336 2252 1384 2324 qui
1401 2256 1478 2306 recte
1495 2252 1586 2307 credit
1601 2252 1631 2307 in
1645 2252 1752 2310 Domino

962 2350 991 2399 et
1004 2349 1100 2416 sperat
1117 2344 1146 2399 in
1170 2358 1213 2410 eo,
1231 2343 1322 2398 sciens
1349 2342 1415 2413 quia
1428 2342 1488 2413 ipse
1516 2347 1621 2413 petens
1642 2346 1685 2397 est
1696 2340 1752 2397 libs·

962 2449 1025 2488 rare
1039 2438 1068 2487 et
1081 2432 1231 2487 defendere
1247 2448 1295 2486 eos
1312 2430 1360 2503 qui
1375 2431 1404 2485 in
1419 2432 1481 2501 ejus
1496 2431 1674 2502 protectione
1685 2444 1751 2487 vem·

961 2522 1030 2578 citer
1043 2522 1197 2589 confidunt,
1223 2524 1252 2575 et
1269 2519 1371 2575 abhoc
1390 2536 1446 2574 non
1460 2521 1545 2574 timet
1558 2520 1749 2588 adversarium,

252 2583 439 2642 CANTICUM
457 2584 564 2640 ΜΕ
582 2582 792 2639 PROPHETAE·
961 2611 1028 2683 quia
1047 2627 1147 2666 nocere
1169 2609 1208 2665 illi
1231 2626 1287 2664 non
1311 2615 1412 2680 potest,
1428 2609 1482 2663 nisi
1497 2609 1664 2681 permissus.
1682 2608 1749 2666 Unde

473 2493 577 2533 lucrm.

157 2698 245 2757 lsaias
254 2700 392 2773 propheta
401 2704 551 2770 postquam
561 2699 596 2754 de
604 2700 796 2754 incarnatione
807 2698 920 2755 Domini
961 2701 1111 2755 Psalmista
1125 2701 1165 2755 ait
1181 2718 1186 2752 :
1206 2719 1217 2751 s
1235 2700 1370 2754 Dominus
1385 2698 1454 2752 mihi
1469 2698 1586 2769 adjutor
1599 2704 1654 2767 est,
1670 2704 1748 2770 stege

123 2796 150 2845 et
163 2788 198 2844 de
212 2788 409 2844 convocatione
424 2787 553 2843 Ecclesiae
566 2794 650 2860 atque
664 2788 853 2844 destructione
863 2788 922 2843 ido·
961 2788 1059 2845 videbo
1081 2789 1208 2844 inimicos
1223 2804 1301 2843 meos
1325 2790 1407 2856 (Psoi.
1426 2787 1520 2856 cxvii).
1548 2807 1560 2838 s
1589 2786 1748 2843 Subauditm

123 2876 242 2933 lolatrite
253 2875 380 2948 mysticis
393 2875 552 2947 disputaret
561 2876 688 2948 eloquiis,
706 2877 747 2930 ita
759 2881 792 2931 ut
805 2876 921 2932 dellore
960 2878 1088 2935 infirmos
1106 2879 1178 2945 fieri,
1203 2882 1232 2933 et
1254 2878 1433 2949 impotentes,
1463 2877 1607 2947 spiritales
1625 2878 1698 2932 enim
1711 2890 1747 2931 ns·

123 2966 218 3037 virgae,
234 2964 268 3021 de
282 2964 377 3020 radice
390 2966 467 3020 lesse
481 2965 659 3032 ascendente,
683 2981 865 3037 superquam
880 2982 922 3021 se·
962 2968 1065 3040 quitias
1079 2968 1139 3022 vult
1158 2966 1287 3037 intelligi,
1305 2983 1375 3038 quas
1389 2966 1418 3020 in
1433 2966 1481 3020 illo
1497 2966 1606 3037 judicio
1619 2966 1687 3021 dicit
1698 2980 1745 3022 sam

122 3053 280 3126 ptemplicis
294 3053 416 3125 Spiritus
424 3054 517 3123 gratia
528 3053 716 3126 requiesceret
725 3054 846 3125 primum
857 3070 920 3109 nar·
961 3057 1103 3121 videndas,
1125 3055 1172 3112 ubi
1184 3057 1245 3128 jam
1268 3055 1396 3111 diabolus
1418 3072 1483 3110 cum
1502 3056 1612 3111 caeteris
1625 3054 1744 3111 minisei·

123 3148 209 3208 raret,
226 3148 324 3214 postea
337 3143 373 3197 de
385 3142 535 3198 concordia
549 3148 578 3199 et
595 3142 802 3198 cohabitatione
816 3143 920 3198 bestia·
961 3147 1019 3202 suis
1028 3147 1187 3201 destructus
1200 3150 1285 3217 atque
1296 3145 1445 3199 damnatus
1460 3146 1595 3200 humanis
1608 3143 1743 3217 conspecti·

122 3248 186 3288 rum
201 3247 265 3287 cum
290 3231 444 3303 pecudibus
463 3230 516 3286 hoc
531 3237 583 3299 est,
600 3232 718 3287 divitum
739 3248 803 3287 cum
817 3248 921 3304 paupe-
960 3237 1014 3292 bus
1023 3234 1178 3308 apparebit.

125 3320 203 3376 ribus
213 3325 243 3376 et
251 3319 388 3376 ferocium
399 3325 485 3391 atque
495 3319 679 3394 superborum
693 3337 758 3376 eum
765 3322 920 3376 mansuetis
995 3342 1009 3379 a
1029 3325 1102 3390 Quia
1123 3324 1259 3379 fortitudo
1282 3340 1346 3378 mea
1372 3328 1400 3378 et
1416 3324 1476 3378 laus
1491 3340 1555 3379 mea
1570 3323 1742 3383 Dominuset

122 3416 152 3464 et
172 3408 326 3465 humilibus
344 3409 522 3464 concordiam
545 3410 575 3464 in
599 3409 723 3465 Ecclesia
745 3411 919 3482 praedicaret,
963 3414 1080 3469 «famus
1094 3419 1138 3469 est
1149 3414 1255 3469 mihiin
1268 3413 1399 3467 salutem.
1417 3414 1609 3485 sNonpotest
1623 3412 1742 3486 impulsus

122 3506 150 3555 et
164 3499 277 3571 signum
293 3499 383 3554 crucis
395 3498 519 3571 undique
530 3504 629 3570 gentes
643 3516 794 3555 convocare
806 3501 841 3555 ad
855 3501 920 3556 uni·
961 3504 1070 3569 cadere,
1086 3504 1131 3559 eui
1145 3503 1280 3558 auxilium
1296 3503 1407 3557 Domini
1417 3502 1529 3557 videtur
1541 3502 1678 3558 fortitudo
1691 3516 1743 3573 pre·

121 3594 208 3644 tatem
235 3588 301 3643 adei
314 3593 475 3654 testaretur,
493 3588 529 3643 ad
545 3595 701 3643 extremum
718 3588 920 3645 desolationem
961 3593 1154 3664 stare3sedne
1166 3598 1314 3664 putaretur
1321 3592 1380 3646 sola
1391 3591 1516 3662 pericula
1525 3592 1668 3647 declinare
1676 3603 1742 3664 quen

123 3678 248 3733 fluminis
262 3677 385 3749 AEgypti,
400 3678 453 3732 hoc
467 3683 519 3743 est,
535 3694 660 3732 errorem
672 3679 809 3748 gentium,
829 3680 876 3751 qui
891 3680 920 3734 in
961 3681 1073 3737 Domini
1087 3681 1161 3737 dona
1173 3681 1331 3747 servabant,
1347 3680 1459 3751 adJecit,
1479 3704 1489 3727 s
1519 3680 1611 3735 faetus
1626 3688 1668 3736 est
1689 3676 1742 3735 mili

121 3766 245 3822 tenebris
257 3765 433 3821 infidelitatis
448 3765 622 3827 habitabant,
639 3767 845 3823 dissolvendum
858 3785 920 3823 esse
961 3773 990 3827 in
1002 3772 1131 3836 salutem,
1150 3790 1161 3822 s
1178 3771 1244 3842 quia
1254 3788 1304 3842 per
1319 3771 1410 3841 ipsum
1428 3774 1564 3824 aeternam
1575 3771 1661 3825 vitam
1676 3766 1742 3824 suad·

122 3854 428 3925 manifestandamque
447 3855 575 3910 Ecclesia
589 3856 708 3927 plebem,
725 3857 782 3911 sire
796 3848 926 3912 animam⁸
961 3862 1051 3932 piant,
1065 3876 1211 3932 perquem
1225 3864 1253 3914 et
1263 3860 1356 3914 sacculi
1368 3861 1452 3930 hujus
1462 3860 1561 3913 ruinas
1571 3860 1688 3915 evadere
1697 3872 1744 3931 pro·

121 3945 233 4000 fidelem
256 3944 291 3999 ed
310 3944 480 3999 laudandum
502 3945 591 3999 Deum
615 3951 756 4017 prosecat,
780 3945 920 4018 quatenus
961 3956 1114 4005 merentur.
1137 3951 1200 4021 lpse
1219 3949 1294 4003 enim
1323 3955 1367 4001 cst
1391 3955 1419 4003 et
1444 3948 1580 4004 fortitudo
1593 3955 1622 4004 et
1636 3945 1743 4004 laudabo

120 4034 182 4105 ejus
195 4032 294 4104 gratiae
309 4032 362 4087 hoc
376 4033 500 4104 deputet,
517 4034 590 4104 quod
605 4033 640 4087 ab
653 4034 774 4091 inimicis
789 4035 914 4104 liberat-t,
959 4044 1064 4095 aeterna
1077 4039 1233 4093 beatorum.
1243 4038 1347 4093 flucliat
1360 4038 1578 4093 sceleratissima
1593 4038 1705 4093 haeresis
1714 4035 1745 4091 fs·

121 4127 151 4177 et
164 4121 262 4177 sfiliis
276 4121 325 4175 irae
341 4128 481 4192 separata,
504 4122 562 4177 filia
576 4125 810 4180 reconciliationis
824 4132 852 4180 et
866 4127 917 4181 mi·
957 4135 1032 4185 ctum
1047 4129 1198 4183 Dominum
1213 4128 1256 4182 his
1271 4128 1318 4198 qui
1333 4128 1485 4193 salvantur,
1498 4132 1527 4182 ct
1547 4143 1669 4198 quorum
1683 4125 1745 4199 pn‘ut

120 4208 278 4266 se'ricoffiiae
294 4209 332 4264 sit
347 4210 454 4264 effecta·
470 4211 549 4266 Unde
562 4212 648 4267 dicll:
958 4219 1093 4275 Dominus
1112 4234 1170 4273 non
1188 4224 1259 4283 erat,
1276 4224 1308 4271 ut
1321 4218 1491 4272 creationem
1505 4216 1534 4271 in
1550 4217 1704 4289 Scripturis
1715 4220 1747 4269 at·

159 4318 171 4352 s
192 4298 354 4355 confitebor
371 4298 433 4365 tibi,
460 4300 588 4365 Domine,
613 4303 747 4373 quoniam
775 4304 862 4360 iratus
887 4322 1012 4395 cquue
1026 4308 1164 4362 facturam
1177 4322 1233 4361 non
1248 4322 1360 4377 semper
1380 4305 1571 4361 conditionem
1585 4323 1684 4361 eorum
1698 4320 1748 4378 que

123 4408 134 4441 ι
156 4386 236 4444 mihi.
253 4389 411 4445 Conversus
425 4395 468 4443 est
484 4389 563 4444 furor
585 4396 650 4446 tuus
664 4398 693 4446 et
715 4394 874 4448 consolatus
889 4410 918 4449 cs
959 4414 1015 4452 nou
1039 4402 1120 4451 erant
1147 4396 1195 4450 sed
1213 4395 1354 4450 interdum
1378 4395 1499 4465 gratiam
1515 4395 1546 4450 in
1567 4412 1616 4450 eos
1641 4396 1689 4468 qui
1702 4408 1749 4449 me·

121 4492 206 4533 me.»
235 4477 378 4533 Confessio
397 4494 474 4549 ergo,
501 4479 574 4534 sicut
588 4486 661 4553 saepe
678 4481 808 4546 diximus,
835 4483 918 4554 seqni-
959 4486 1068 4541 raerint
1088 4485 1140 4539 sibi
1164 4485 1253 4541 Deum
1277 4485 1348 4547 fieri,
1374 4484 1579 4554 intelligamus
1606 4485 1675 4540 Post
1701 4486 1750 4540 hae

120 4582 220 4622 vocum
235 4582 339 4623 nomen
354 4572 406 4634 est,
422 4573 450 4622 et
465 4585 516 4639 pro
529 4569 656 4625 locorum
676 4571 837 4626 diversitate
855 4589 918 4626 sus·
960 4575 1099 4647 Propheta
1111 4573 1163 4628 sub
1178 4576 1270 4646 sigum
1290 4575 1455 4629 exhortatur
1473 4590 1522 4629 eos
1536 4574 1586 4646 qui
1599 4573 1752 4629 creduntin

121 4655 233 4727 cipitur.
250 4656 428 4711 Confitentur
438 4657 515 4713 enim
529 4664 558 4712 et
568 4659 615 4730 qui
632 4668 745 4731 peccata
759 4661 915 4733 deplorant,
958 4665 1058 4731 Deum,
1074 4669 1106 4718 ut
1120 4666 1182 4735 ejus
1196 4663 1352 4718 doctrinam
1370 4663 1477 4718 intente
1493 4663 1602 4718 discere
1616 4664 1751 4727 studeant,

120 4745 150 4799 id
165 4749 218 4812 est,
235 4743 283 4816 qui
297 4761 348 4816 pro
360 4745 428 4818 ipsis
443 4745 557 4817 dignam
568 4750 761 4820 paenitentiam
771 4756 868 4822 agunt,
889 4755 918 4806 et
959 4754 1006 4826 qui
1021 4754 1082 4824 ejus
1094 4753 1185 4808 sortiti
1196 4758 1263 4808 sunt
1276 4759 1305 4808 et
1319 4753 1413 4818 frdcm,
1430 4758 1459 4807 et
1471 4753 1540 4808 dicit
1555 4773 1561 4807 ε

122 4832 170 4907 qni
184 4832 305 4889 Domino
319 4834 426 4905 gratias
436 4835 563 4894 referunt
585 4839 769 4895 confitentur:
784 4840 833 4894 sed
848 4839 917 4895 illud
996 4841 1396 4913 «Haurietisaquasingaudie
1406 4842 1440 4897 de
1450 4842 1754 4902 fontibusSalvatoris.s

120 4922 150 4979 in
160 4921 302 4997 lacrymis,
323 4921 398 4979 istud
411 4924 552 4995 ingaudio
562 4933 618 4982 est:
637 4926 705 4983 illud
716 4928 745 4983 in
757 4927 916 4997 afflictione,
959 4930 1755 5005 QucmsupraEmmanuel,ethcceleraspoliadetrahere,

120 5010 196 5069 ishad
211 5012 240 5070 in
253 5017 351 5070 sancta
362 5013 466 5071 mentis
479 5014 624 5074 alacritate
647 5018 774 5074 noscitur
786 5020 920 5077 constitu·
959 5021 1072 5077 Festina
1082 5021 1210 5093 pradari,
1218 5026 1246 5076 et
1254 5022 1371 5093 reliquis
1380 5022 1536 5094 appellaret
1550 5024 1759 5091 nominibus,ns

120 5098 198 5157 tum(
207 5100 288 5158 Unda
301 5102 348 5157 hic
364 5103 479 5175 profusa
499 5104 595 5159 laetitia
616 5108 738 5162 exsultat
751 5109 870 5180 populus
886 5108 919 5163 fi-
960 5110 1102 5166 videretur
1113 5112 1184 5165 alter
1197 5126 1257 5165 esse
1273 5115 1455 5182 praeteream
1470 5129 1556 5183 quem
1571 5113 1687 5170 Gabriel
1701 5115 1761 5171 Vir·

123 5191 194 5246 delis
209 5191 360 5265 quamdam
375 5192 527 5263 imaginem
549 5193 637 5250 futuri
651 5197 743 5252 saculi
758 5198 918 5268 designans,
960 5199 1017 5269 gini
1029 5198 1170 5254 nuntiavit
1178 5198 1273 5253 dicens
1286 5218 1291 5252 :
1307 5225 1315 5248 ι
1339 5196 1456 5254 Vecahis
1465 5217 1569 5257 nomen
1580 5204 1645 5274 ejus
1653 5204 1758 5270 lesum,

122 5280 260 5335 ubivoc‘es
273 5280 335 5336 istm
347 5281 485 5336 concinne
505 5288 571 5339 sunt
585 5290 613 5339 et
631 5286 729 5341 laudes
749 5287 859 5343 Domini
874 5288 921 5343 de·
962 5289 1024 5359 lpse
1034 5288 1109 5343 cuim
1120 5287 1228 5342 salvum
1242 5286 1326 5343 faciet
1341 5289 1474 5360 populum
1485 5290 1687 5361 suumlrllattlr.
1702 5296 1760 5361 1),-

122 5373 188 5422 vota
200 5372 295 5424 mente
316 5369 522 5427 concelebrant.
546 5373 667 5429 Grandis
682 5375 757 5431 enim
767 5375 862 5431 laetitia
878 5382 922 5433 est
960 5393 1035 5431 nunc
1057 5381 1137 5432 vocat
1161 5376 1345 5445 Salvaterem,
1361 5382 1390 5431 et
1413 5378 1449 5433 de
1461 5380 1523 5450 ejus
1534 5379 1663 5437 fontibus
1674 5400 1762 5455 aquas

121 5456 285 5530 peccatricis
302 5459 444 5530 quondam
463 5460 574 5530 animm
602 5479 666 5520 cum
681 5482 711 5520 se
726 5466 920 5522 remrdaiara
961 5467 1095 5539 predicat
1108 5467 1287 5533 hauriendas,
1298 5469 1521 5540 nequaquamde
1536 5470 1620 5543 aquis
1634 5472 1764 5530 fluminis

123 5543 240 5602 vinculis
250 5552 427 5616 peccatorum
441 5553 470 5603 at
478 5549 586 5621 laqueis
595 5568 723 5609 erromm
735 5570 785 5626 per
798 5556 919 5625 gratiam
960 5556 1082 5628 AEgypti,
1097 5572 1159 5627 que
1169 5572 1307 5627 percussa
1317 5563 1488 5628 suntneque
1497 5558 1532 5614 de
1542 5560 1627 5632 aquis
1636 5560 1764 5617 fluminis
