3772 6120
117 294 168 350 ele
411 297 442 352 Β.
464 296 599 354 eneam
618 295 734 353 Meum
752 295 919 352 ARCHIEP.
940 294 1101 353 MOGUNT.
1123 292 1272 351 OPERUM
1290 290 1382 349 PARS
1401 291 1450 350 111.
1700 287 1752 344 320

117 426 193 477 vant.
210 423 349 493 Tempora
363 439 474 494 quoque
492 424 598 489 colunt,
616 422 663 493 qui
686 427 731 476 ter
755 439 805 494 per
827 423 985 484 annosAin
998 424 1089 493 legem
1104 422 1184 476 facile
1198 421 1374 475 declinarant
1381 422 1415 474 ad
1426 418 1633 475 observantiam
1642 417 1754 471 dierum

117 511 242 581 singulos
254 511 476 581 Hierosolymam
489 512 641 577 venientes,
655 516 755 582 putant
765 528 795 565 se
806 511 917 586 Domini
958 520 987 566 et
995 511 1145 577 mensium,
1154 509 1262 563 sabbati
1273 510 1348 563 enim
1361 509 1536 563 observantia
1546 513 1574 562 et
1591 506 1755 561 neomenia-

117 600 235 671 implere
242 605 412 670 preceptum
424 600 555 654 dicentis:
568 603 665 655 Tribus
674 603 919 670 tenporibusanni
959 617 1022 655 rum
1032 600 1276 654 attraxeruntillos
1284 600 1319 652 ad
1325 595 1755 669 heee:ideoque,«time0,inquit,

119 689 192 743 diem
205 690 305 754 fertum
319 692 405 756 apriis
419 690 500 754 inibi,
516 692 719 743 solemnitatem
742 705 917 757 azymorum,
959 687 1393 743 vosnesineeausalaboraverim
1405 688 1434 741 in
1446 686 1538 754 robis3
1553 706 1566 738 a
1578 686 1618 739 sic
1628 685 1704 739 enim
1719 684 1757 736 η’-

118 783 143 831 et
156 780 357 831 solemnitatem
371 781 465 832 tuearis
479 782 700 847 primitivorum,
719 784 743 832 et
757 781 918 833 sotenmite-
959 778 1043 833 debat
1054 796 1101 833 eos
1111 779 1140 832 in
1149 779 1230 849 pejus
1238 779 1383 848 proficere,
1394 782 1426 831 ut
1437 781 1551 847 possent
1560 773 1756 829 etiamaChri·

120 871 172 919 ima
187 869 434 920 eornmnmationir
449 870 481 920 in
495 870 569 920 eeitu
585 870 658 920 areni
673 869 767 934 (Troe.
781 872 872 935 xxm).
886 868 920 921 Et
959 873 1003 922 sto
1013 869 1125 938 penitus
1136 867 1274 921 recedere.
1293 868 1392 934 (Hie-r.)
1408 866 1484 919 Satis
1497 881 1562 918 vero
1581 869 1663 917 caute
1683 862 1758 916 iuter

120 953 185 1008 alibi
203 973 208 1006 ι
229 955 327 1008 Tribus
342 957 507 1024 tremoribus
522 959 594 1010 antei
612 957 754 1026 apparebit
768 973 847 1010 eritne
862 973 920 1010 mo·
960 957 1157 1011 auetoritatem
1171 955 1298 1028 Apostoli
1312 961 1341 1010 et
1355 955 1444 1009 sancti
1458 954 1581 1008 hominis
1599 953 1755 1011 lenitatem.

120 1046 264 1098 sentinam
280 1049 360 1097 turim
376 1046 408 1099 ia
422 1050 562 1113 eornpeetu
580 1046 694 1099 Domini
708 1048 757 1100 Ilei
771 1049 813 1099 tui
825 1046 917 1114 (deod.
960 1044 1044 1100 verba
1062 1046 1223 1100 moderatus
1237 1050 1288 1109 est,
1304 1044 1427 1098 inserens
1444 1062 1450 1095 :
1468 1045 1557 1096 Timeo
1571 1059 1625 1110 vos,
1642 1043 1758 1108 nefarie

121 1136 225 1201 xxxiv).
243 1133 323 1197 Quod
337 1139 433 1187 autem
447 1135 495 1199 ait,
512 1140 535 1188 et
550 1149 649 1201 annos,
667 1141 735 1205 puto
750 1135 784 1188 de
800 1135 919 1205 septimo
961 1138 1020 1189 siue
1034 1151 1118 1189 eurise
1133 1137 1316 1188 laboraverim
1336 1137 1366 1186 in
1385 1134 1477 1196 uobis,
1494 1131 1517 1184 si
1542 1131 1618 1184 enim
1641 1129 1760 1200 abrupte

122 1221 296 1276 remissionis
311 1238 385 1276 anno
398 1221 463 1287 dici,
479 1229 508 1277 et
520 1223 555 1277 de
579 1222 820 1294 quinquagesima,
837 1239 920 1295 quem
962 1224 1149 1279 condemnare
1170 1222 1313 1288 voluisset,
1329 1221 1446 1275 dixisset
1461 1221 1558 1293 utiquc
1574 1239 1580 1272 :
1600 1221 1690 1274 Timeo
1704 1235 1759 1285 eos,

121 1310 162 1366 illi
169 1310 316 1381 jubilaeum
326 1316 435 1365 vocant.
447 1312 528 1366 Dicat
538 1312 653 1383 aliquis:
666 1313 695 1367 Si
705 1313 764 1366 dies
774 1311 921 1367 observare
961 1317 1021 1368 sine
1036 1329 1118 1367 carisa
1134 1316 1211 1367 enim
1222 1313 1346 1366 taboreei
1361 1314 1393 1365 in
1408 1311 1490 1364 vobis.
1506 1311 1586 1364 Nunc
1610 1316 1706 1362 autem
1719 1308 1762 1360 vi-

121 1416 178 1454 non
192 1399 267 1466 lieet,
280 1404 308 1454 et
317 1417 437 1467 menseS,
450 1406 479 1455 et
493 1408 629 1472 tempora,
642 1406 671 1456 et
682 1418 779 1465 annos,
793 1419 844 1456 nos
854 1418 922 1473 quo·
962 1402 1032 1457 dens
1044 1419 1092 1457 eos
1101 1402 1191 1456 zelum
1199 1401 1250 1455 Dei
1259 1398 1429 1465 habere,sed
1441 1415 1497 1453 non
1507 1398 1660 1452 secundum
1670 1398 1761 1450 scien·

123 1505 177 1560 que
192 1488 284 1543 simile
294 1488 400 1544 crimen
415 1490 594 1556 incurrimus,
611 1496 741 1562 quartam
752 1490 865 1546 Sabbati
875 1490 922 1545 ob-
962 1491 1030 1546 tiam
1039 1491 1172 1561 (Romu),
1184 1507 1234 1544 nec
1241 1486 1760 1561 penituseorumdesperavitsalutem.

122 1583 277 1643 servantes,
290 1583 320 1631 et
334 1579 517 1643 Parasceren,
529 1579 641 1634 etdicm
653 1579 922 1650 Dominicam‚etje·
962 1580 1010 1651 qui
1025 1579 1070 1651 pio
1093 1580 1205 1634 suerunt
1223 1595 1317 1632 errore
1339 1576 1448 1648 decepti
1465 1595 1470 1629 :
1489 1593 1540 1629 nee
1563 1592 1675 1630 rursum
1690 1574 1761 1627 irre-

100 1704 104 1711 ·
120 1666 233 1738 junium
249 1667 479 1740 quadragesima,
502 1674 530 1722 et
553 1669 665 1723 Pasehae
687 1669 877 1735 festivitatem,
894 1675 923 1724 et
963 1670 1115 1741 prehensos
1129 1668 1252 1738 reliquit,
1269 1684 1305 1721 ne
1319 1675 1347 1720 et
1362 1667 1429 1737 ipsis
1442 1665 1637 1736 perseverandi
1662 1664 1691 1717 in
1716 1680 1761 1716 er-

124 1756 304 1810 Penteeostes
319 1744 1036 1828 letitiam,etprovarietateregionum,di-Br01·e,
1053 1765 1083 1812 et
1095 1758 1203 1812 eamus
1218 1755 1391 1810 occasionem
1407 1754 1537 1809 similiter
1556 1753 1695 1807 tribueret
1717 1769 1762 1806 er·

123 1862 203 1899 versa
226 1845 255 1899 in
283 1846 389 1900 honore
418 1852 575 1919 martyrum
602 1852 730 1919 tempora
760 1848 921 1902 constituta.
964 1846 1055 1902 randi.
1075 1849 1167 1901 Timeo
1183 1851 1279 1900 autem
1291 1862 1345 1909 eos,
1358 1844 1452 1916 posuit
1462 1860 1512 1915 pro
1523 1860 1555 1896 eo
1566 1843 1640 1913 quod
1651 1849 1703 1908 est,
1725 1843 1762 1895 ti-

124 1934 166 1988 hd
183 1934 257 2005 quod
272 1935 319 2006 qui
329 1935 494 2006 simpliciter
502 1936 690 2007 respondebit,
703 1936 786 2002 dicet,
798 1953 854 1991 non
865 1952 924 1990 eos·
964 1953 1027 1991 meo
1048 1936 1083 1989 de
1106 1934 1192 1989 robis.
1209 1935 1275 1989 Sine
1292 1950 1377 1988 causa
1398 1933 1507 1987 laborat
1528 1932 1672 2002 magister,
1698 1947 1763 1984 eum

125 2022 189 2077 dem
205 2022 328 2077 ludaicea
343 2021 544 2078 observationis
559 2025 619 2078 dies
629 2040 699 2091 esse,
716 2041 786 2096 quos
800 2030 919 2080 nostros.
964 2027 1024 2098 ipsc
1037 2030 1169 2096 provocat
1178 2025 1212 2077 ad
1221 2025 1329 2094 majora
1338 2022 1498 2093 discipulos,
1511 2021 1587 2074 etilli
1598 2020 1757 2090 retrolapsi.

125 2112 184 2166 Nes
198 2111 273 2165 enim
288 2129 344 2167 non
368 2129 529 2184 azymorum
552 2114 655 2184 pascha
674 2114 857 2181 celebramus,
873 2115 922 2169 sed
963 2115 998 2169 ad
1024 2115 1135 2169 minora
1156 2119 1186 2167 et
1205 2113 1323 2167 humilia
1346 2112 1535 2165 revolvuntur.
1555 2112 1648 2179 (dire.)
1673 2109 1760 2163 Plena

125 2201 340 2256 resurrectionis
353 2208 383 2256 et
395 2203 495 2256 crucis.
511 2203 569 2257 Nec
589 2208 697 2274 septem
713 2205 794 2273 juxta
815 2220 922 2258 morem
963 2208 1030 2257 sunt
1043 2199 1761 2270 conventiculanostrahominibusquitemporare·

126 2290 213 2367 Isrml
228 2307 409 2346 numeramus
424 2291 613 2346 hebdomadas
633 2293 663 2347 in
685 2293 858 2359 Pentecoste,
874 2293 923 2347 sed
965 2309 1028 2347 rum
1035 2291 1208 2362 agendarum
1219 2289 1450 2345 amathematicis
1460 2288 1609 2360 accipiunt.
1622 2289 1685 2341 lam
1696 2304 1761 2340 rere

128 2379 249 2450 Spiritus
264 2379 353 2433 saneti
368 2397 536 2434 veneramur
549 2383 709 2436 adventum.
723 2382 757 2436 Et
771 2398 806 2436 ne
821 2381 925 2436 inordi-
965 2398 1000 2435 ne
1009 2381 1113 2451 aliquid
1128 2379 1284 2446 inchoetur,
1296 2379 1591 2433 autaedisrciorumaut
1600 2376 1762 2447 hujusmodi

128 2475 195 2522 nata
209 2469 388 2539 congregatio
399 2470 504 2540 populi,
513 2471 597 2524 iidem
607 2470 791 2548 annueret-in
802 2471 922 2538 Christo,
966 2470 1155 2542 quorumlibet
1170 2462 1297 2540 operum,
1314 2468 1422 2533 diebus,
1441 2484 1510 2538 quos
1522 2466 1763 2538 AEgyptiaeosvo-

127 2562 277 2627 propterea
285 2556 344 2611 dics
352 2558 439 2628 aliqui
450 2559 595 2612 constituti
603 2566 678 2625 sunt,
690 2564 722 2613 ut
730 2559 758 2613 in
769 2576 856 2613 unum
867 2576 925 2614 om·
967 2565 1040 2626 cant,
1051 2576 1124 2630 saepe
1135 2558 1220 2613 etiem
1231 2574 1281 2612 nos
1293 2574 1407 2612 monere
1417 2573 1473 2611 non
1483 2555 1623 2619 dubitant,
1641 2556 1765 2609 nescien-

127 2660 178 2698 nes
190 2645 297 2715 pariter
306 2646 479 2714 veniremus;
491 2664 547 2701 non
562 2647 635 2718 quod
651 2647 787 2702 celebrior
805 2650 842 2702 sit
865 2648 925 2703 dies
966 2654 1019 2716 tes,
1029 2655 1060 2703 ut
1068 2649 1178 2713 dicitur,
1188 2646 1236 2702 ubi
1248 2646 1488 2710 ambulant.Quod
1499 2645 1523 2699 si
1533 2646 1609 2713 locus
1618 2644 1671 2698 iste
1679 2644 1765 2698 delu-

127 2731 177 2785 illa
191 2749 247 2802 qua
261 2735 440 2789 convenimus
452 2754 458 2802 3
475 2736 522 2789 sed
538 2736 612 2806 quod
626 2752 792 2807 quacunque
806 2736 851 2791 die
862 2754 926 2791 con·
967 2740 1090 2793 derorum
1102 2734 1701 2808 superstitiosaobservationeintelligendus
1712 2742 1762 2799 est,

129 2821 297 2876 veniendum
310 2823 357 2889 sit,
368 2830 397 2877 et
410 2830 525 2895 aspectu
536 2831 634 2879 mutuo
644 2825 742 2879 laetitia
751 2827 841 2896 major
852 2826 925 2881 oria·
968 2845 1052 2899 quarn
1065 2843 1144 2898 spem
1155 2825 1260 2880 habent
1269 2841 1333 2879 eum
1344 2824 1517 2879 Christianos
1527 2840 1557 2877 se
1567 2823 1724 2886 dicivelint,
1733 2839 1764 2876 ex

129 2916 185 2963 tur.
203 2911 257 2974 Qui
280 2927 345 2965 vero
369 2913 503 2984 oppositae
522 2914 669 2984 quaestioni
687 2914 795 2968 acutius
810 2931 925 2986 respon·
967 2915 1154 2987 ephemeridis
1170 2916 1256 2969 vitam
1266 2914 1431 2984 naufragam
1440 2912 1640 2983 gubernantes,
1652 2911 1765 2983 quaudo

130 2999 196 3053 dere
211 3005 339 3065 conatur,
357 3001 426 3055 illud
441 3001 564 3056 affirmat
579 3021 585 3055 :
602 3004 708 3058 Omnes
721 3003 781 3058 dies
805 3005 926 3075 aequales
967 3004 1001 3060 de
1016 3004 1117 3059 divinis
1138 3003 1227 3059 Libris
1246 3019 1315 3074 quos
1329 3003 1404 3057 Deus
1424 3003 1516 3056 adhuc
1535 3001 1642 3055 carnali
1662 3000 1765 3071 populo

130 3104 200 3154 esse,
218 3106 269 3143 nee
283 3105 335 3161 per
352 3107 519 3160 parasceven
539 3096 650 3146 tantum
671 3092 813 3147 Christum
836 3094 956 3164 eruci-fl
967 3094 1053 3160 dedit,
1071 3095 1094 3148 si
1109 3110 1187 3147 more
1201 3093 1360 3148 ludaeorum
1375 3099 1504 3163 tempora
1519 3091 1709 3154 observarent,
1726 3089 1765 3143 di·

131 3177 188 3247 tigi,
206 3184 234 3232 et
248 3177 293 3231 die
307 3178 453 3234 Dominiea
467 3197 624 3251 resurgere,
640 3181 688 3235 sed
703 3198 814 3252 semper
824 3188 927 3237 sancte
968 3189 1044 3238 eeret
1058 3183 1098 3237 eis
1110 3182 1260 3254 Apostolus
1278 3199 1282 3234 :
1304 3183 1393 3235 Timeo
1407 3198 1461 3246 ros,
1479 3197 1511 3234 ne
1525 3182 1595 3248 sorte
1605 3183 1665 3233 sine
1681 3194 1764 3233 carisa

130 3266 343 3321 resurrectionis
351 3285 411 3322 esse
422 3269 544 3331 diem,et
553 3287 665 3341 semper
674 3287 740 3325 eum
757 3287 840 3325 carne
853 3272 927 3326 vesci
969 3274 1154 3329 loboraverim
1169 3275 1200 3325 in
1220 3272 1312 3332 eobis;
1333 3276 1362 3324 et
1380 3277 1474 3325 tamen
1495 3269 1518 3322 si
1539 3268 1766 3339 deprehendatur

130 3355 497 3428 Dominiea:jejuniaautem
505 3360 769 3430 etcongregationes
776 3360 850 3414 inter
856 3361 925 3426 dies,
969 3362 1118 3433 quisquam
1129 3362 1171 3414 vel
1182 3361 1399 3414 catechumenus
1414 3361 1427 3414 J
1431 3359 1528 3412 udaico
1543 3358 1600 3412 ritu
1611 3356 1764 3412 Sabbatum

130 3449 311 3514 preptereoS,
327 3462 345 3499 a
357 3447 423 3500 viris
437 3447 615 3502 credentibus
629 3448 792 3513 constituta,
804 3450 852 3520 qui
866 3467 926 3504 ma·
968 3450 1127 3515 observans,
1144 3451 1335 3527 tumultuatur
1357 3448 1487 3503 Ecclesia.
1504 3449 1585 3502 Nunc
1608 3452 1705 3501 autem
1723 3447 1765 3499 in·

130 3532 173 3603 gis
184 3534 285 3588 saeculo
296 3541 404 3602 vacant,
417 3552 501 3607 quam
511 3537 580 3602 Deo,
597 3553 648 3591 nec
662 3543 789 3608 possunt,
806 3538 861 3592 imo
877 3556 927 3592 no·
969 3539 1160 3595 numerabiles
1171 3540 1205 3593 de
1221 3539 1473 3594 numeralidelium
1488 3555 1551 3591 cum
1567 3553 1671 3606 magrm
1683 3537 1767 3589 conti·

132 3622 194 3675 lunt
207 3627 266 3677 toto
277 3623 306 3676 in
314 3624 464 3679 Ecclesiam
474 3626 537 3680 vitre
547 3643 604 3681 sure
612 3631 739 3698 tempore
749 3628 926 3698 congregari:
970 3629 1066 3683 deutia
1079 3629 1109 3682 in
1123 3628 1222 3682 faciem
1243 3628 1323 3682 nobis
1346 3628 1444 3681 dicunt
1461 3646 1466 3679 :
1482 3627 1533 3680 Die
1556 3632 1619 3696 post
1637 3624 1767 3679 calendas

132 3716 160 3764 et
174 3717 240 3765 ante
254 3711 393 3767 humanos
403 3719 482 3768 aetus
496 3715 554 3768 Deo
569 3715 728 3770 orationum
753 3733 868 3771 suarum
888 3717 928 3771 oi·
969 3734 1027 3772 non
1042 3717 1215 3789 proficiscen
1232 3723 1261 3771 ct
1272 3717 1318 3770 rix
1333 3717 1407 3771 lente
1422 3716 1477 3770 ista
1490 3715 1679 3786 prohibemus,
1696 3713 1767 3768 arri-

131 3799 204 3853 ferre
219 3800 396 3856 sacrificium.
408 3803 516 3867 Quotus
527 3805 603 3858 enim
613 3805 732 3876 quisque
745 3811 797 3867 cst,
811 3806 859 3877 qui
873 3805 929 3859 sal·
971 3807 1077 3874 dentes,
1094 3824 1129 3861 ne
1144 3806 1310 3871 irascantur,
1323 3812 1352 3860 ct
1367 3806 1500 3860 timentes
1512 3822 1547 3859 ue
1565 3804 1646 3875 quasi
1666 3819 1769 3858 norum

131 3895 190 3944 tem
200 3891 258 3944 haec
268 3907 365 3961 pauca,
375 3908 437 3962 quae
448 3896 555 3947 statuta
564 3895 689 3961 sunt,vel
699 3895 931 3966 oranditempora
974 3896 1080 3968 aliquid
1092 3896 1239 3950 mirentur.
1255 3897 1304 3950 Vae
1328 3896 1448 3966 peccatis
1469 3894 1615 3949 hominum
1634 3910 1695 3964 qua
1715 3892 1773 3946 sola

132 3977 174 4030 vel
182 3978 331 4047 jejunandi
344 3996 456 4050 semper
465 3983 611 4036 exerceat?
622 3984 720 4055 Itaque
728 3984 889 4038 sicutnobis
899 3983 931 4037 li·
973 3987 1109 4042 inusitata
1127 3985 1368 4052 exhorrescimus3
1384 3985 1488 4038 usitata
1513 4000 1577 4038 roro
1602 3999 1652 4055 pro
1673 3981 1774 4053 quibus

133 4070 178 4117 cet
192 4065 235 4117 rel
248 4066 378 4135 jejunare
388 4084 499 4139 semper
509 4071 551 4123 rel
566 4086 678 4141 semper
697 4089 787 4137 orare,
804 4079 833 4126 et
856 4073 931 4127 diem
972 4075 1118 4129 abluendis
1129 4074 1192 4128 Filii
1204 4074 1255 4128 Dei
1266 4075 1380 4144 sanguis
1388 4075 1493 4128 ellusus
1501 4072 1774 4144 est,quamlibetma·

133 4153 308 4207 Dominieam
319 4161 431 4224 accepto
441 4157 552 4223 Domini
563 4175 678 4230 corpore
690 4160 881 4215 indesinenter
889 4178 932 4215 ce·
971 4181 1028 4232 una
1049 4164 1116 4229 sint,
1140 4170 1168 4218 et
1191 4163 1305 4217 omnino
1326 4163 1418 4218 claudi
1441 4170 1539 4216 contra
1563 4181 1593 4216 se
1607 4161 1712 4216 faciant
1726 4176 1772 4215 re-

133 4239 242 4294 lebrare
255 4242 462 4313 gaudentibus,
480 4262 535 4299 nou
546 4246 736 4302 itaetJudaeis
748 4249 789 4302 ias
804 4256 847 4303 est
855 4252 931 4305 omni
972 4270 1059 4323 gnum
1073 4253 1134 4319 Dei,
1151 4269 1224 4323 seepe
1239 4253 1358 4307 ridendo
1380 4252 1476 4307 omnia
1492 4253 1623 4320 tolerare,
1639 4269 1713 4322 saepe
1727 4259 1771 4306 to-

132 4331 728 4403 temporeimmolareagrium,Pentccostem
739 4339 932 4407 agerataber-
973 4341 1098 4409 larundo,
1109 4341 1245 4396 nonnulla
1254 4341 1339 4395 etiarn
1353 4342 1445 4396 facere
1460 4343 1603 4412 cogimur3
1619 4349 1705 4413 atque
1718 4341 1772 4396 uti·

133 4419 232 4474 nacula
252 4421 346 4491 figere.
362 4423 492 4492 jejunare
507 4423 640 4493 quotidie.
657 4423 749 4496 (due.)
767 4427 839 4481 Sunt
854 4445 929 4498 quar·
941 4421 1048 4496 Dnam,
1064 4447 1080 4483 0
1095 4431 1223 4497 Domine,
1241 4447 1296 4484 nou
1317 4432 1413 4485 onnria
1434 4432 1507 4502 quod
1524 4448 1579 4485 non
1595 4432 1772 4501 potuerimus

132 4509 198 4563 dam
216 4526 278 4580 quae
302 4510 444 4566 levissima
461 4519 638 4584 putarentur,
659 4513 713 4568 nisi
730 4516 760 4569 in
780 4516 931 4587 Scripturis
972 4520 1130 4591 prohibere,
1152 4520 1304 4573 iaciamus!
1322 4521 1376 4575 Sed
1398 4522 1458 4591 jam
1481 4520 1625 4575 rideamus
1644 4537 1707 4591 qnee
1726 4538 1771 4575 se·

132 4598 395 4655 demonstrarentur
407 4601 538 4672 opinione
546 4603 684 4672 graviora.
697 4604 764 4668 Quis
775 4606 850 4659 enim
860 4607 931 4660 resti·
972 4615 1108 4680 quuntur‚
1135 4625 1202 4662 sane
1225 4610 1451 4680 praeterieramus
1473 4610 1547 4681 quod
1576 4610 1683 4664 dictum
1706 4616 1770 4664 est:

132 4692 268 4752 meretur,
276 4704 360 4758 quam
371 4707 505 4761 magnum
514 4698 659 4762 peccatum
670 4693 708 4747 sit
714 4693 773 4748 dies
784 4694 931 4749 observare
972 4699 1053 4752 lianc
1067 4703 1160 4751 etitem
1175 4705 1357 4765 capitose-entes
1367 4701 1463 4764 Deum,
1480 4702 1535 4753 imo
1558 4703 1661 4767 couniti
1675 4715 1693 4753 a
1708 4702 1772 4754 Deo.

133 4778 162 4828 et
175 4791 286 4828 menses
298 4782 327 4830 et
335 4793 424 4832 annos
438 4786 467 4832 et
480 4787 618 4852 tempora,
630 4781 703 4836 sieut
712 4781 870 4849 observant,
883 4785 930 4854 qui
973 4785 1090 4840 Videtur
1105 4787 1180 4841 enim
1189 4795 1264 4840 certe
1278 4788 1330 4841 hoc
1345 4789 1404 4841 loeo
1419 4789 1504 4842 etiam
1518 4788 1680 4860 Apostolica
1695 4791 1773 4844 locu·

133 4863 217 4917 certis
232 4862 341 4930 diebus,
360 4865 417 4920 sive
432 4869 584 4934 mensibus,
596 4871 654 4924 sire
670 4872 760 4939 anniS,
777 4873 874 4927 reluat
888 4873 930 4927 vel
973 4875 1013 4929 tio
1024 4892 1178 4945 congruere
1186 4876 1255 4930 velle
1266 4876 1422 4931 infirmitati
1432 4877 1593 4945 heminumg
1608 4894 1700 4949 neque
1713 4885 1775 4934 tan-

134 4953 234 5006 nolunt
248 4952 354 5023 aliquid
369 4954 511 5021 inchoare,
527 4975 559 5012 eo
582 4961 656 5030 quod
677 4962 831 5015 secundum
847 4978 932 5016 vanas
973 4965 1119 5018 tummedo
1127 4964 1155 5018 in
1167 4965 1277 5018 Veteris
1284 4966 1457 5020 Testamenti
1470 4967 1557 5032 libris,
1570 4984 1659 5038 usque
1670 4969 1707 5022 ad
1718 4975 1775 5023 ter·

134 5042 275 5097 doctrinas
289 5042 435 5096 hominum
449 5044 542 5099 fausta
561 5049 604 5100 rel
629 5048 752 5103 infausta
773 5051 934 5106 existiment
974 5070 1057 5107 renas
1072 5053 1217 5107 homiuum
1232 5054 1424 5123 cogitationes,
1442 5057 1542 5109 modus
1560 5056 1646 5110 divini
1669 5058 1774 5128 eloquii

134 5131 282 5202 tempera?
296 5131 352 5185 nisi
366 5131 451 5202 hujus
465 5133 532 5186 mali
543 5137 768 5204 magnitudinem
784 5155 816 5191 ex
831 5139 932 5194 timore
974 5141 1149 5196 descendisse
1164 5142 1300 5196 videatur.
1317 5143 1388 5197 Nam
1415 5145 1548 5215 quoniam
1562 5145 1684 5200 correxit
1699 5148 1774 5216 quod

136 5219 262 5290 Apostoli
277 5236 470 5291 pensaremus,
487 5223 536 5292 qui
548 5225 653 5280 talibus
668 5227 708 5280 ait
721 5246 726 5278 :
973 5230 1091 5295 dixerat,
1101 5232 1290 5298 denuost-entes
1299 5234 1393 5296 iteum,
1407 5233 1477 5287 nihil
1490 5251 1540 5288 nos
1553 5235 1771 5289 moveredebet:

173 5309 262 5362 Timeo
270 5325 324 5369 vos,
336 5312 445 5375 nefarie
455 5312 514 5364 sine
523 5327 606 5367 eurise
617 5316 800 5369 laboraverim
808 5321 837 5369 in
849 5319 929 5370 cobis.
975 5318 1154 5374 manifestum
1169 5326 1212 5374 cst
1227 5321 1301 5373 enim
1318 5322 1443 5392 quandiu
1468 5340 1519 5393 per
1540 5323 1624 5376 fidem
1647 5324 1775 5379 ambula-

134 5394 251 5463 (hmbrl
267 5397 377 5468 Duplici
391 5415 494 5469 genere
508 5399 632 5457 subversi
646 5403 759 5458 fuerant
773 5406 888 5471 Galate,
901 5411 933 5460 ut
974 5424 1046 5476 mus,
1071 5426 1126 5462 non
1149 5426 1200 5480 per
1223 5411 1354 5481 speciem,
1381 5413 1505 5466 nondum
1530 5430 1581 5466 uos
1608 5414 1774 5483 cognovisse

135 5489 198 5556 post
212 5483 263 5538 Dei
274 5485 406 5555 gratiam,
415 5505 472 5543 non
482 5489 573 5544 solum
583 5491 619 5545 ad
633 5491 725 5565 legem
738 5501 932 5550 converteren-
973 5497 1073 5564 Deum,
1090 5498 1139 5553 sed
1154 5499 1255 5553 enfide
1279 5501 1403 5570 purgari,
1420 5508 1451 5555 ut
1469 5507 1627 5573 opportuno
1643 5509 1773 5575 tempore

134 5580 191 5641 tur,
203 5573 413 5631 sedaderroree
424 5578 567 5653 pristinos.
575 5579 685 5636 Inducti
694 5583 769 5640 enim
780 5583 821 5639 vel
831 5585 929 5650 eversi,
973 5602 1140 5656 cognoscere
1151 5588 1303 5643 valeamus.
1320 5589 1375 5644 Sed
1391 5592 1465 5661 quod
1479 5591 1509 5645 in
1522 5592 1584 5662 ipsa
1598 5577 1773 5655 correctione
