3772 6120
251 317 436 375 colamur.
457 317 497 373 ru
516 316 672 372 curruca
691 316 773 381 euru
791 302 839 373 uo
858 317 998 374 mouns
1017 317 1212 375 urcuuruu.
1480 318 1550 376 usa

104 442 190 498 rerba
199 442 344 503 courertit,
361 449 393 496 ut
407 443 459 496 boc
480 457 590 512 quoque
604 440 708 494 benefi·
718 443 742 500 Α
752 440 813 501 bus,
827 442 907 513 quasi
933 461 950 497 e
964 459 995 498 se
1009 443 1068 497 luec
1093 449 1195 508 essent,
1215 442 1329 509 extulit,
1354 441 1402 495 sed
1413 448 1445 496 ut
1459 443 1550 514 magis

99 532 210 588 Domini
235 532 440 601 designaretur.
457 531 562 584 l'erum
577 529 712 601 quaeritur
754 531 899 602 magisque
913 532 994 587 donis
1008 538 1083 587 esset
1093 539 1159 604 apta
1168 531 1279 598 divinis,
1292 532 1320 585 in
1331 531 1486 586 custodiam
1499 531 1551 585 hu-

99 621 240 676 bodieruru
256 621 417 690 alloquatur
431 620 586 673 inlautum?
601 620 646 672 sed
657 635 713 689 qua
754 621 882 675 militatis
892 621 995 676 urentis
1002 638 1059 676 suae
1068 620 1274 692 gressumllxit,
1284 637 1393 675 memor
1400 621 1550 692 Scriptura

99 728 126 765 m
137 709 225 782 patris
235 727 291 762 uon
308 709 428 763 audierit
444 715 536 769 uatus,
549 707 596 778 qui
610 708 713 760 saluta·
754 710 977 780 praecipienten
989 710 1100 775 Quanto
1113 727 1233 780 magnus
1246 709 1411 775 es‚humilia
1420 715 1448 763 te
1459 709 1551 763 inom-

99 815 125 852 ¹ae
134 798 225 851 alhuc
235 804 315 851 utero
326 796 567 850 claususaudiritl
577 795 631 847 nisi
643 794 714 848 forte
754 798 836 852 uibus
852 800 944 866 (dccli.
960 802 1012 869 ur),
1035 816 1154 871 moxque
1169 805 1201 854 ut
1224 799 1341 869 angelus
1356 798 1404 869 qui
1425 798 1551 853 divinum

99 886 266 942 tZarharias
281 892 395 957 propter
406 903 453 938 eos
468 884 570 955 potius,
586 884 632 953 qui
647 883 713 936 ade·
755 888 780 940 ei
799 894 912 958 partum
939 887 1088 942 nuntiabat
1101 888 1136 942 ad
1151 888 1275 942 coelestia
1290 888 1382 954 rediit,
1399 889 1498 959 surgit,
1515 888 1551 942 ed

99 975 176 1030 rudos
184 976 279 1028 sutura
290 974 332 1027 sui
347 975 396 1027 filii
407 989 598 1042 muneraque
608 972 713 1025 dudum
757 982 889 1030 montana
898 977 1067 1042 conscendit,
1076 982 1246 1049 gestansque
1254 977 1283 1031 iu
1291 978 1479 1044 uteroDeum,
1491 995 1551 1032 ser-

100 1083 109 1118 1
124 1064 269 1128 didicerat,
289 1080 362 1119 mox.
379 1070 411 1116 ut
430 1062 505 1132 loqui
525 1061 624 1132 potuit,
643 1078 714 1131 pue-
756 1082 852 1119 rorum
863 1064 1081 1120 Deihabitaeula
1091 1066 1180 1138 petiit,
1197 1084 1229 1121 ae
1243 1067 1363 1138 requirit
1376 1067 1508 1138 alloquia,
1523 1067 1553 1121 in

99 1170 152 1208 sse.
170 1153 294 1207 lludiaut
306 1169 373 1205 sune
383 1151 480 1204 Ariani
497 1156 525 1203 et
539 1150 713 1212 erubescant,
756 1156 835 1224 euius
845 1154 967 1208 adventu
976 1154 1117 1209 Elisabeth
1127 1156 1324 1210 salutationem
1336 1156 1552 1211 matrisDomiui

99 1242 185 1297 nsueti
197 1242 374 1306 etlaeteulur,
386 1239 716 1311 quodCbristumDomi-
757 1243 883 1304 audieus,
903 1243 1012 1297 moxde
1026 1261 1060 1298 ea
1074 1245 1249 1316 prophetavit
1264 1251 1293 1299 et
1309 1251 1428 1300 matrem
1438 1245 1551 1300 Domini

99 1332 243 1385 iloanues
259 1329 453 1401 prophetando
468 1328 594 1399 praeibat,
613 1327 715 1381 altissi-
757 1332 837 1386 adse
860 1333 968 1387 venisse
993 1338 1098 1387 testata
1116 1339 1168 1399 est,
1185 1349 1269 1405 quam
1290 1333 1464 1388 benedictam
1478 1334 1554 1389 iuter

110 1421 192 1491 juxta
208 1420 280 1489 quod
296 1418 544 1472 PsalmistaDeuru
559 1416 717 1470 homiuem·
757 1421 890 1475 mulieres
912 1438 972 1476 esse
991 1426 1019 1475 et
1033 1421 1209 1476 benedictum
1229 1421 1350 1476 fructum
1372 1422 1478 1477 ventris
1492 1424 1553 1493 ejus

99 1526 144 1565 um
160 1510 188 1563 iu
200 1525 253 1562 una
263 1525 383 1579 persona
393 1507 554 1560 collaudans
569 1506 621 1559 ait:
637 1526 648 1555 a
662 1506 718 1559 Ma·
758 1509 958 1580 pronuntiarit,
975 1509 1090 1580 insuper
1104 1515 1133 1564 et
1146 1511 1182 1564 ad
1196 1527 1291 1565 vocem
1306 1512 1367 1582 ejus
1380 1512 1554 1566 narraritiu-

99 1604 122 1653 et
139 1617 144 1650 :
161 1599 245 1652 homo
260 1605 287 1650 et
307 1598 389 1650 bomo
414 1597 503 1650 faetus
518 1595 546 1648 iu
562 1613 603 1656 err,
616 1599 644 1647 et
659 1595 718 1664 ipse
759 1599 863 1651 fantem
877 1598 993 1653 iuutcro
1009 1616 1060 1653 suo
1076 1599 1228 1653 exsultasse
1240 1600 1345 1671 Spiritu
1360 1601 1553 1671 sanctoreple·

99 1687 369 1748 uAltissimusll’scl.
382 1689 505 1752 cxxxii),
519 1704 532 1735 a
545 1683 718 1738 eurufactum
759 1693 829 1741 tum.
847 1688 912 1741 Haec
926 1704 1037 1758 quoque
1051 1688 1168 1743 audiens
1187 1689 1284 1754 Maria,
1302 1706 1358 1744 nou
1373 1670 1403 1743 se
1415 1691 1555 1760 jactanter

99 1777 117 1830 it
137 1777 268 1831 eumdem
283 1775 425 1829 homiuem
443 1790 526 1844 quem
550 1771 835 1843 altissiruurussiuani
848 1777 938 1847 gloria
953 1777 1061 1843 extulit,
1070 1777 1119 1832 sed
1129 1779 1218 1849 inagis
1234 1794 1284 1849 per
1299 1778 1487 1833 humilitatem
1495 1783 1556 1833 tota

760 1865 916 1920 intentione
929 1865 1017 1920 animi
1030 1866 1137 1937 gratias
1151 1867 1208 1921 Deo
1223 1867 1321 1922 retulit
1335 1868 1430 1923 dicens
1445 1887 1451 1922 :

99 1955 152 2008 lam
164 1953 312 2007 scientiam
320 1952 419 2006 salutis
425 1951 498 2022 plebi
508 1952 568 2020 rJ'us
579 1950 609 2003 in
618 1949 719 2002 remis·
797 1955 1557 2029 ublaguisreatauimameaDominumetexsultavitspi-

99 2048 214 2096 latorum
224 2038 719 2104 00r11111·»QUssSiJeSUSidemacssal·
760 2045 831 2098 ritus
847 2061 926 2099 meus
941 2044 970 2098 iu
984 2044 1042 2100 Deo
1057 2045 1174 2099 salutari
1183 2062 1255 2099 meo.
1271 2065 1283 2097 u
1292 2045 1391 2111 Tanto,
1402 2045 1502 2117 iuquit,
1510 2063 1556 2100 me

99 2148 142 2187 ren
151 2148 289 2202 exponere
303 2147 334 2183 ac
344 2130 507 2199 diligentius
522 2127 719 2181 commendare
760 2134 906 2200 Dominus,
917 2134 1289 2205 tamqueiuauditomunere
1299 2133 1468 2200 sublimarit,
1481 2135 1554 2206 quod

101 2220 200 2275 salutis
208 2220 379 2273 mentionem
387 2220 623 2288 frequentat,cum
632 2232 718 2270 eomu
760 2222 881 2276 nonullo
893 2223 996 2293 liuguae
1010 2222 1100 2277 officio
1112 2208 1253 2293 explicari,
1265 2222 1312 2277 sed
1327 2224 1388 2295 ipso
1402 2223 1445 2277 vix
1455 2222 1556 2277 intimo

99 2310 224 2380 gendum,
251 2309 370 2361 salutem
395 2325 427 2360 ex
447 2306 568 2360 inimicis
583 2307 716 2363 futuram.
761 2311 881 2381 pectoris
900 2311 1001 2365 affectu
1013 2311 1106 2372 valeat
1124 2310 1332 2382 comprehendi,
1355 2316 1384 2364 et
1405 2310 1468 2365 ideo
1482 2315 1556 2365 totas

99 2399 186 2453 alatis
201 2397 275 2468 plebi
291 2397 412 2450 dandam
428 2401 647 2452 commemorat:
672 2393 720 2447 sed
761 2398 861 2453 auiurae
876 2399 947 2453 vires
957 2398 986 2453 in
1002 2399 1118 2470 agendis
1136 2399 1292 2469 gratiarum
1311 2399 1440 2453 laudibus
1459 2399 1554 2465 offero,

101 2487 156 2542 lem
167 2487 364 2556 carnalemque
374 2485 500 2555 promitti
510 2485 629 2538 salutem
641 2487 721 2554 puta·
761 2494 851 2542 totum
867 2488 895 2541 iu
903 2488 1119 2560 contemplanda
1130 2488 1322 2558 magnitudine
1331 2490 1392 2558 eius
1402 2489 1558 2543 euinonest

99 2577 271 2631 missionem.
285 2575 385 2645 inquit,
398 2582 574 2645 peccatorum
586 2590 692 2627 eorum.
706 2592 718 2622 u
762 2576 1045 2648 sruisquidquidriro,
1055 2577 1155 2641 sentio,
1164 2577 1303 2644 discerno,
1317 2577 1494 2648 gratulanter
1503 2577 1557 2632 im·

99 2666 144 2720 lai
167 2683 223 2719 nou
253 2665 314 2717 ideo
342 2666 437 2718 lesum
467 2664 609 2718 Cluustum
638 2661 722 2715 susci·
763 2666 863 2737 pendo,
876 2666 942 2736 quia
956 2666 1244 2735 et·ejusdemlesu,id
1258 2671 1310 2731 est,
1323 2665 1462 2732 salutaris,
1475 2666 1558 2738 spiri·

99 2755 274 2810 utiehristum
283 2755 572 2823 maluutcxspeetare;
586 2751 651 2823 quia
666 2767 722 2804 non
763 2761 808 2809 tus
827 2772 905 2809 rueus
919 2760 1024 2812 aterna
1039 2754 1184 2809 divinitate
1204 2755 1324 2820 laetatur,
1339 2757 1419 2825 cuius
1435 2772 1479 2810 me
1495 2772 1559 2810 caro

99 2844 157 2899 bris
172 2845 283 2904 salvari,
304 2860 360 2896 nou
376 2861 393 2895 a
408 2842 512 2913 peccaui
528 2840 661 2898 dominio,
674 2839 722 2893 sod
763 2844 912 2914 temporali
922 2844 1102 2915 conceptione
1118 2844 1247 2911 laetatur,
1263 2844 1308 2899 cui
1327 2844 1419 2899 simile
1434 2851 1477 2899 est
1489 2844 1559 2899 illud

99 2934 256 2988 rserritutis
268 2933 384 3002 cupiunt
397 2934 466 3001 jugo
477 2931 600 2984 liberari.
763 2933 936 2987 Psalmist‘e:
957 2933 1086 2987 «Anima
1100 2939 1195 2987 autem
1209 2949 1273 2987 mea
1286 2932 1438 2988 exsultabit
1457 2933 1486 2988 in
1501 2934 1558 2989 Do·
1597 2985 1601 2988 .

99 3021 373 3076 ceramisericordire
389 3021 438 3074 Dei
455 3021 552 3083 nostri,
572 3020 601 3073 iu
621 3019 721 3090 quibus
764 3023 850 3087 mino,
876 3027 904 3075 et
929 3022 1114 3076 delectabitur
1142 3039 1227 3093 super
1252 3022 1375 3076 salutare
1392 3023 1453 3093 ejus
1476 3025 1558 3086 (Psol.

99 3128 135 3166 ros
150 3111 243 3165 oriens
259 3129 290 3164 ex
306 3111 372 3163 alto.
391 3134 401 3157 a
421 3111 454 3163 Et
468 3110 604 3180 propheta
618 3109 653 3162 de
666 3109 721 3162 Do·
763 3115 880 3176 arura»
897 3116 925 3165 et
938 3111 997 3182 ipse
1007 3112 1081 3165 euim
1105 3110 1216 3165 Patrem
1228 3111 1386 3183 Filiumque
1400 3111 1462 3183 pari
1476 3126 1561 3165 rene·

99 3218 144 3255 us:
164 3220 176 3249 a
192 3200 319 3262 Ecrerir,
337 3199 533 3270 iuquit,orieus
546 3215 648 3251 nomeu
663 3198 723 3266 ejus
764 3200 880 3254 rabatnr
893 3217 998 3254 amore.

99 3310 106 3343 r
123 3290 170 3362 qui
187 3290 249 3343 idco
261 3289 437 3342 recteerieus
454 3296 575 3351 recator,
593 3286 659 3357 quia
672 3303 724 3340 uo·
803 3310 814 3340 a
831 3290 903 3353 Quia
924 3289 1048 3360 respexit
1069 3288 1257 3344 humilitatem
1280 3289 1387 3344 ancillae
1403 3306 1470 3355 sue,
1498 3307 1561 3344 ecce

99 3395 163 3433 :erae
183 3379 251 3432 lucis
273 3378 401 3449 apericus
416 3378 488 3431 filios
504 3375 592 3430 uectis
608 3382 637 3429 et
646 3382 724 3429 teue—
768 3378 867 3431 acirim
886 3395 918 3432 er
933 3379 985 3433 hoc
1000 3377 1111 3431 beatam
1126 3394 1171 3430 me
1186 3378 1279 3432 dicent
1294 3395 1390 3433 omnes
1404 3378 1561 3449 generatio-

99 3468 128 3522 :is
141 3468 233 3522 effecit
248 3468 329 3520 lilios.
345 3468 425 3535 ⁴juxta
435 3466 508 3536 quad
518 3464 725 3518 beatusZacba-
768 3486 780 3520 a
796 3485 855 3520 ues.
871 3487 881 3517 ι
900 3467 987 3537 Cujus
1001 3465 1146 3520 humilitas
1161 3466 1311 3536 respicitur
1331 3473 1416 3532 recte,
1427 3465 1511 3521 beata
1527 3467 1562 3520 ab

99 3562 194 3612 uenter
209 3557 321 3627 exponit
331 3557 425 3609 (licens
441 3574 446 3608 :
767 3556 895 3609 erunibus
906 3553 1129 3625 cognominanda
1140 3555 1309 3625 gratulatur,
1325 3555 1398 3610 sieut
1405 3555 1562 3610 econtrario

99 3664 156 3701 rare
168 3646 208 3698 bis
223 3646 269 3716 qui
286 3646 313 3698 iu
333 3645 455 3699 tenebris
471 3651 499 3697 et
514 3643 614 3697 umbra
626 3641 724 3695 mortis
765 3646 845 3715 euJus
858 3642 989 3715 superbia
1001 3643 1351 3714 despectaeondemuatur,
1366 3644 1448 3710 AEvre‚
1470 3644 1560 3707 idest,

99 3736 273 3805 ‚dirigendus
283 3735 483 3805 praedesuostros
495 3734 523 3786 iu
536 3730 722 3802 rumperis.»
766 3752 805 3787 rae
820 3733 876 3787 sire
888 3731 1065 3796 calamitatis,
1078 3732 1191 3786 nornine
1206 3733 1326 3786 multata
1335 3732 1462 3787 tabescit.
1479 3733 1563 3787 Dece·

109 3825 213 3896 quippe
229 3826 257 3878 iu
273 3824 396 3877 teueluis
411 3829 439 3875 et
450 3821 549 3875 umbra
558 3821 656 3874 mortis
673 3820 726 3873 De·
766 3823 814 3877 bat
828 3823 903 3876 e'uim
918 3827 950 3876 ut
962 3821 1035 3876 sieut
1048 3838 1099 3892 per
1113 3821 1274 3893 superbiam
1286 3822 1383 3893 primae
1394 3828 1497 3876 nostra
1511 3839 1563 3894 pa-

99 3914 190 3975 iuare,
205 3921 247 3967 est
257 3913 300 3965 bis
316 3911 398 3981 quim
413 3911 533 3981 peccatis
550 3916 578 3963 et
592 3909 725 3980 igneran-
767 3912 853 3965 rentis
863 3928 939 3965 mors
954 3911 982 3965 in
1002 3910 1138 3965 muudum
1153 3910 1277 3972 intrarit,
1289 3911 1330 3965 ita
1349 3928 1399 3983 per
1418 3911 1562 3966 humilita-

99 4004 233 4058 rriueriut
247 4001 398 4070 agnitionis
408 4000 567 4070 alitorisque
579 3998 623 4051 sui
633 3997 726 4051 radios
767 4006 823 4053 tem
840 3999 1002 4055 llariaeritae
1013 3999 1145 4053 introitus
1162 4000 1342 4071 panderetur.

106 4091 235 4163 qualibus
260 4090 327 4143 dicit
358 4090 507 4160 Apostolus
531 4089 637 4156 (Eplrrs.
667 4091 693 4155 r)
718 4105 724 4138 :
805 4107 817 4140 a
834 4089 1220 4161 Quialecitmihimagnaqui
1229 4095 1329 4161 potens
1339 4095 1391 4157 est,
1403 4095 1565 4146 etsouetum

101 4181 223 4252 iquando
235 4179 366 4239 teuebrae,
381 4195 454 4231 uuna
468 4184 562 4232 autem
575 4177 620 4229 lux
632 4176 660 4229 in
675 4176 727 4229 Do·
770 4196 783 4229 c
800 4195 902 4231 nomeu
927 4179 998 4248 aJ'us.
1017 4198 1030 4232 n
1047 4178 1089 4232 ud
1105 4178 1216 4233 initium
1231 4179 1363 4234 carminis
1378 4178 1500 4253 respicit,
1517 4179 1566 4234 ubi

99 4271 248 4325 lesautem
260 4266 724 4338 nostriiuriampaeisdiriguutur,
769 4266 873 4320 dictum
891 4268 1152 4336 est:‹Magnis1cat
1169 4268 1265 4323 anima
1278 4286 1340 4323 mea
1358 4269 1532 4324 Dominum:
1550 4288 1563 4321 u

100 4377 147 4414 um
163 4366 324 4413 uestrarum
340 4358 393 4411 iter
403 4375 452 4427 per
462 4355 729 4425 omnialiederupto-
769 4357 828 4410 sola
842 4356 944 4428 quippe
959 4357 1054 4411 anima
1065 4355 1122 4423 illa,
1140 4358 1185 4411 eui
1200 4357 1336 4412 Dominus
1359 4374 1461 4429 magna
1474 4357 1565 4413 facere

99 4448 236 4518 ttorisque
261 4447 349 4500 uestri
363 4447 461 4515 gratiae
476 4444 640 4504 concordam
663 4461 726 4497 ceu·
739 4439 758 4494 ll
769 4445 912 4515 dignatur,
929 4445 1023 4516 dignis
1038 4462 1102 4499 eum
1118 4445 1263 4516 praeconiis
1278 4445 1468 4516 magnificare,
1486 4451 1514 4500 et
1529 4445 1565 4501 ad

101 4539 200 4593 ordine
214 4539 304 4608 primo
322 4536 505 4589 illuminanda
521 4535 604 4588 cruda
619 4541 646 4587 et
668 4540 727 4605 past
769 4542 912 4589 consortes
928 4534 1053 4605 ejusdem
1069 4534 1124 4588 voti
1144 4551 1177 4588 ae
1201 4534 1336 4606 propositi
1358 4539 1450 4606 potest
1464 4535 1565 4589 cohor·

99 4627 169 4682 enda
181 4633 309 4689 testatur,
321 4624 385 4695 quia
397 4641 489 4685 neruo,
502 4640 584 4693 quam
600 4628 728 4676 ururuute
768 4624 854 4677 tundo
865 4622 970 4676 dicere:
980 4622 1566 4694 «MagnificateDominummeeum,etexal·

99 4733 169 4771 reem
182 4714 381 4785 raletoperari.
395 4714 473 4767 Unde
485 4720 557 4766 reete
569 4710 725 4765 Psalruistu:
769 4718 861 4766 temus
872 4712 1041 4782 nomenejus
1051 4711 1081 4765 in
1090 4711 1208 4765 invicem
1219 4731 1224 4778 ;
1236 4731 1247 4762 ι
1268 4729 1332 4766 nam
1344 4713 1504 4785 quicunque
1513 4730 1565 4768 no·

99 4805 593 4876 aquitanamassequeremurarur.
609 4803 726 4869 usuratu
770 4808 858 4855 strum
875 4818 958 4871 quem
973 4800 1110 4871 cognovit,
1129 4801 1311 4871 quantumin
1326 4807 1420 4868 seest,
1438 4803 1567 4873 magnifi-

99 4911 167 4958 cere,
178 4894 348 4956 illuminare,
364 4893 410 4962 qui
429 4893 456 4945 iu
467 4890 590 4945 tenebris
601 4889 726 4955 sedebas
770 4908 833 4945 care
845 4897 873 4943 et
890 4906 993 4944 nomen
1016 4891 1077 4959 ejus
1096 4889 1271 4944 sanctificare
1286 4891 1495 4962 contempserit,
1511 4891 1565 4944 mi-

99 4984 136 5052 :is,
145 5001 162 5037 a
171 5001 225 5053 qua
236 4981 505 5047 diutiusexsulabas,
519 4980 673 5050 ingredere.
772 4981 865 5035 rriuius
879 4979 1022 5033 rorabitur
1031 4979 1059 5033 in
1074 4995 1160 5050 regno
1170 4979 1313 5034 coelorum.
1322 4980 1455 5035 Sanctum
1464 4995 1566 5035 nomen

99 5089 732 5111 -—-———---
772 5071 832 5140 ejus
847 5074 971 5134 vocatur,
988 5068 1035 5139 qui
1050 5066 1201 5139 singularis
1213 5069 1334 5123 culnrine
1345 5069 1475 5140 potentiae
1487 5074 1566 5124 tran·

282 5179 378 5218 rucrrrr
772 5157 881 5212 scandit
894 5173 1007 5211 omnem
1021 5163 1178 5211 ereaturam
1203 5163 1287 5228 atque
1306 5157 1340 5212 ab
1354 5156 1491 5212 universis
1505 5175 1566 5228 quae

161 5280 346 5338 CAYTICUM
373 5280 462 5334 MARI
470 5277 497 5332 Ε
769 5247 835 5301 fecit
849 5247 930 5316 louge
940 5252 1113 5316 segregatur,
1122 5245 1195 5317 quod
1210 5246 1306 5300 Graeco
1315 5245 1454 5301 locutione
1467 5246 1567 5301 melius

210 5322 218 5336 ⁴
464 5320 473 5332 ⁴
771 5325 1566 5407 intelligitur,inqueipsumverbum,quoddiciturdpnv,

211 5398 308 5450 Mam
323 5397 445 5449 'mmm'
774 5424 853 5496 quasi
864 5430 943 5482 extra
960 5428 1065 5478 terram
1080 5439 1141 5477 esse
1157 5423 1306 5494 significat,
1322 5424 1403 5494 cujus
1417 5424 1503 5479 etiam
1517 5441 1568 5480 uos

99 5539 135 5578 na
144 5520 223 5593 virgo
233 5521 323 5576 llario
333 5526 481 5592 postquam
491 5536 521 5572 se
534 5516 639 5572 caelesti
650 5520 732 5587 partu
773 5513 929 5568 imitatione
944 5511 1118 5584 promodulo
1131 5519 1228 5566 nostro
1238 5512 1380 5584 segregari
1392 5513 1569 5586 praecipimur

99 5611 226 5685 eguerit,
243 5627 421 5683 nequaquam
432 5626 461 5663 se
476 5609 511 5662 de
526 5604 733 5661 douiscoelesti-
774 5602 809 5657 ab
824 5600 954 5657 omnibus
972 5599 1021 5672 qui
1034 5617 1091 5657 non
1111 5608 1177 5657 sunt
1192 5601 1281 5657 sancti
1296 5618 1347 5657 uec
1364 5602 1422 5658 Deo
1436 5600 1568 5671 dedicati,

99 5727 188 5775 anon.
205 5710 296 5774 Gllll.
1413 5699 1452 5765 37
