3772 6120
117 267 168 324 807
413 264 445 318 Β.
466 262 602 318 RABANI
621 262 736 317 unum
755 262 923 319 Ancurae.
944 264 1107 319 MOGUNT.
1129 264 1278 320 OPERUM
1295 262 1388 320 Pras
1405 262 1457 320 m.

120 409 133 442 r
149 387 404 461 repromissionem,
416 385 530 456 Deopro
539 383 729 439 nobismelius
739 384 842 455 aliquid
853 385 1024 455 pro-Aerat.
1033 384 1153 440 Proinde
1163 386 1193 440 in
1200 385 1300 457 majori
1310 403 1362 440 nos
1372 385 1504 441 fiduciam
1512 384 1591 441 esset

120 498 133 531 o
148 479 268 542 vidente,
281 480 357 529 utne
366 475 426 528 sine
437 472 517 529 nobis
526 478 798 527 consummarentur.
812 491 824 524 n
838 473 915 528 Sicut
954 475 1069 529 testium
1084 481 1112 529 et
1126 476 1223 529 moles.
1240 476 1275 530 Et
1293 475 1394 531 merito
1408 480 1495 529 testes
1508 490 1557 529 eos
1578 490 1591 529 r

116 567 227 640 profugi
242 570 270 618 et
279 564 411 635 perfuga,
423 562 524 634 inquit,
536 562 609 615 sicut
618 562 666 632 qui
680 561 709 615 in
724 561 853 633 turpibus
867 562 914 616 de-
954 580 1011 618 uon
1026 581 1072 618 eos
1092 564 1179 634 quiin
1209 581 1280 618 novo
1306 565 1486 618 Testamenta
1500 563 1591 619 fuerat

117 655 282 726 prehensus
297 652 369 706 sicut
383 651 491 722 indigni
505 651 596 704 solent
606 649 704 704 videri.
715 649 813 720 Neque
828 649 857 704 in
868 666 914 703 so·
955 653 1003 706 sed
1030 653 1115 707 etiam
1145 653 1208 706 illos
1223 653 1271 723 qui
1298 653 1327 707 in
1359 652 1453 706 Veteri
1468 656 1550 706 eraut
1574 667 1591 706 s

117 742 283 797 litudinibus
293 739 472 795 inveniebant
481 739 630 810 refugium,
646 738 695 792 sed
705 754 816 809 semper
829 738 916 808 fugie-
956 740 1066 794 Etenim
1079 741 1146 811 quia
1159 741 1245 795 etiam
1259 740 1300 794 illi
1312 740 1456 795 testificati
1478 745 1547 794 sunt
1558 755 1591 794 ur

117 832 195 897 bant,
212 829 383 885 diversiones
397 829 506 900 aliquas
521 827 692 898 quaerebant,
713 827 789 881 viros
809 826 915 896 seipsos
956 828 1036 895 vinae,
1051 830 1124 883 sicut
1135 835 1195 883 tres
1209 830 1299 901 pueri,
1312 829 1386 883 sicut
1399 828 1591 896 Elias,sicutu

118 921 237 975 obruere
251 917 389 981 volebant,
405 933 517 988 semper
525 917 554 970 in
564 916 665 970 timore
679 921 768 970 erant.
786 916 852 980 Quae
873 921 917 968 est
956 917 1056 987 pheta.
1069 919 1279 990 «Deponentes
1294 917 1396 989 inquit,
1412 916 1517 971 omnia.
1536 915 1591 973 »0

119 1027 185 1080 crgo
196 1025 312 1073 merces,
329 1008 441 1078 velquae
455 1011 535 1060 tanta
544 1004 725 1060 retributioet
732 1004 914 1059 vicissitudo?
956 1005 1044 1061 dicit?
1067 1007 1125 1060 Hoc
1148 1011 1200 1070 est,
1216 1022 1357 1071 somnum,
1378 1004 1559 1070 anxietatem,
1571 1018 1591 1058 α

119 1095 388 1168 «Necduminquit,
397 1094 734 1166 receperuntmercedem,
745 1114 758 1147 u
768 1093 916 1148 sedadhuc
955 1094 1319 1159 infimasomniahumana:
1333 1093 1591 1149 ‹Etcircumstauat

118 1182 914 1260 permanent3itamortui,etintantattibulationenecdum
957 1190 1111 1256 peccatum.
1126 1202 1139 1237 l>
1167 1183 1388 1238 ‹Circumstans
1415 1182 1524 1249 »dixit
1548 1180 1591 1236 siv

118 1271 912 1346 receperuntztentumtempushabent:exquovicerunt,
956 1273 1036 1328 facile
1044 1272 1253 1338 circumveniat,
1269 1272 1326 1326 sive
1347 1271 1422 1343 quod
1445 1270 1540 1341 ipsum
1560 1268 1591 1325 cil

119 1372 148 1420 ot
157 1365 277 1419 necdum
287 1367 462 1433 receperunt.
472 1361 529 1415 Vos
542 1366 637 1414 autem
645 1361 673 1414 in
681 1360 834 1415 certamine
848 1376 915 1414 con·
956 1362 1038 1417 facile
1050 1361 1154 1433 possit:
1166 1360 1256 1430 magis
1270 1366 1364 1414 autem
1374 1360 1428 1414 hoc
1443 1357 1591 1415 arbitmrl

119 1454 220 1520 stituti,
232 1468 351 1506 moerorc
358 1450 511 1504 afficimini.
523 1449 675 1520 Intelligite
690 1449 786 1519 itaque
798 1449 917 1519 qualest
957 1451 1042 1514 enim,
1055 1450 1079 1503 si
1093 1449 1218 1515 velimus,
1235 1449 1418 1520 praralernus
1438 1451 1563 1518 peccato.
1580 1464 1591 1498 r

119 1539 454 1614 quantumestAbraham
467 1539 565 1593 sedere
576 1544 605 1592 et
616 1538 774 1609 apostolum
785 1537 913 1602 Paulum,
956 1537 1095 1605 tientiam,
1119 1539 1220 1609 inquit,
1243 1553 1391 1591 curramus
1410 1535 1587 1607 propositum

118 1636 311 1704 exspectantes
339 1627 451 1699 quando
469 1627 641 1699 perficiatur,
659 1631 692 1680 ut
715 1625 824 1698 possint
848 1631 917 1680 tuuc
957 1634 1092 1681 tamen.»
1124 1628 1186 1681 Non
1210 1626 1288 1692 dixit,
1311 1625 1434 1680 cestibus
1461 1624 1591 1679 dimicem

119 1720 277 1775 mercedem
293 1700 1077 1789 recipereNisienimetiamnosillucvene1·i·Bathalico
1100 1732 1178 1770 more
1206 1732 1373 1786 pugnemus,
1400 1729 1492 1784 neque
1517 1711 1591 1768 betta

119 1826 192 1875 unus,
208 1814 276 1862 tunc
290 1805 466 1878 prmdixiteis
480 1805 564 1859 Pater
581 1821 638 1858 uon
665 1804 733 1858 dare
748 1804 914 1866 mercedem,
958 1805 1016 1870 sed,
1031 1805 1104 1876 quod
1120 1803 1250 1859 omnibus
1265 1809 1308 1857 est
1321 1803 1419 1869 levius,
1435 1803 1489 1856 hoc
1502 1799 1591 1856 nomin

119 1898 192 1953 siout
200 1902 281 1970 pater
289 1895 386 1960 bonus
396 1893 645 1959 amatorfrliorum,
653 1891 843 1964 probabilibus
853 1892 917 1945 filiis
958 1911 1020 1948 sum
1031 1894 1184 1965 appellans.
1197 1894 1294 1964 Neque
1302 1892 1380 1958 dixit,
1391 1892 1536 1946 Addamus
1546 1905 1591 1945 cut

119 1994 231 2058 etopus
247 1984 456 2057 perficientibus
470 1981 539 2036 dicit
552 1999 608 2036 non
623 1999 653 2035 se
676 1981 809 2036 daturum
824 1997 917 2035 come·
958 1983 1007 2036 sed
1022 1982 1051 2036 in
1062 1983 1160 2037 eodem
1173 1983 1233 2053 ipso
1248 1997 1474 2054 permaneamus,
1488 1996 1546 2034 nou
1560 1979 1589 2034 di

119 2077 195 2141 dere,
212 2074 266 2128 nisi
279 2072 408 2128 venerint
421 2072 507 2126 etiam
526 2071 574 2125 alii
587 2071 697 2124 fratres.
709 2071 751 2125 Tu
761 2075 855 2124 autem
870 2085 918 2123 au·
961 2090 974 2124 r
990 2072 1152 2137 Curramus,
1170 2071 1271 2143 inquit,
1286 2070 1461 2142 propositum
1478 2067 1591 2123 nobiae

119 2164 180 2218 rius
196 2181 235 2228 ee,
249 2162 316 2234 quia
330 2161 450 2216 necdum
464 2159 623 2214 mercedem
638 2158 750 2231 accipis.
775 2157 848 2222 Quid
863 2158 917 2212 ita·
959 2160 1067 2214 Deinde
1103 2160 1232 2232 adjungit
1261 2175 1401 2213 summani
1427 2164 1456 2212 et
1492 2160 1579 2229 caput

119 2270 173 2323 que
187 2252 270 2306 faciet
283 2250 361 2317 Abel,
375 2248 422 2321 qui
437 2254 503 2303 ante
514 2265 611 2302 omnes
624 2247 698 2314 vicit,
715 2252 745 2301 et
754 2246 845 2301 adhuc
858 2246 918 2301 sine
959 2249 1137 2319 quodetiam
1153 2249 1242 2320 primo
1258 2253 1398 2318 posuerat,
1421 2247 1473 2300 hoc
1493 2246 1581 2300 etiam

119 2337 489 2402 coronasedet‘lQuidNoel
504 2335 791 2408 quidcaeteriillorum
806 2339 916 2406 tempo·
956 2338 1046 2409 ponit,
1063 2338 1116 2391 hoc
1136 2343 1180 2392 est
1194 2336 1346 2391 Christum.
1380 2335 1585 2405 ‹Aspicientes

119 2426 487 2500 rumlquiaecce[quiettc]
504 2429 727 2496 expectaverunt,
743 2428 772 2478 et
787 2424 857 2478 alios
872 2440 916 2477 ex·
959 2444 972 2478 u
988 2443 1047 2480 rem
1061 2425 1126 2480 fidei
1135 2434 1163 2480 et
1172 2430 1428 2480 consummatorem
1437 2425 1545 2489 lesum,
1554 2438 1591 2495 qu

118 2516 306 2588 spectant,qui
315 2521 378 2586 post
386 2520 415 2568 te
425 2514 512 2568 futuri
519 2513 753 2584 sunt.Videsquia
762 2529 813 2567 nos
825 2511 856 2568 in
864 2512 916 2566 hoc
959 2533 972 2566 d
988 2515 1038 2569 sibl
1052 2516 1155 2585 gaudio
1170 2513 1304 2569 sustinuit
1316 2530 1437 2575 crucem,
1453 2510 1591 2567 confusior

119 2621 338 2677 superamuseos
348 2622 353 2656 :
363 2604 397 2656 de
408 2602 569 2657 nobisenim
577 2601 661 2656 dixit:
676 2620 689 2654 a
700 2601 801 2656 Melius
810 2601 916 2672 aliquid
960 2623 971 2656 u
981 2609 1039 2676 pta,
1051 2610 1135 2676 atque
1143 2604 1172 2659 in
1182 2605 1297 2658 dextera
1305 2602 1357 2657 Dei
1367 2602 1441 2656 sedis
1451 2601 1539 2655 sedet.
1550 2600 1591 2657 »A

121 2693 371 2764 provideratDeus.
386 2711 397 2742 n
407 2690 585 2761 Nealiquida
597 2690 748 2761 nobisplus
767 2688 870 2743 habere
883 2689 920 2742 vi·
960 2693 1061 2764 inquit,
1077 2693 1130 2746 hoc
1143 2698 1193 2757 est,
1213 2691 1520 2747 utdiscamuscurrere.
1537 2688 1591 2744 Sia

119 2780 289 2847 derentur,si
297 2779 379 2850 primi
389 2795 476 2849 quarn
488 2795 538 2832 nos
553 2782 855 2844 coronarentur,unum
870 2778 919 2831 de·
960 2787 1099 2853 parentes,
1117 2788 1145 2835 et
1158 2780 1287 2851 discipuli
1298 2781 1327 2834 in
1338 2777 1539 2834 certaminibus
1551 2792 1591 2832 mr

121 2868 211 2922 linivit
224 2873 335 2938 tempus
346 2866 472 2921 omnium
482 2882 649 2920 coronarum
661 2885 668 2934 3
678 2872 707 2920 et
717 2866 764 2937 qui
780 2873 845 2920 ante
859 2871 920 2920 tan-
959 2870 1088 2936 tendunt,
1105 2868 1288 2923 informantes
1311 2874 1434 2922 mentem
1452 2884 1486 2921 ex
1510 2865 1572 2921 a'rte

123 2963 167 3012 tos
183 2957 249 3010 vicit
262 2972 360 3016 annos,
377 2961 470 3009 tecum
489 2954 608 3024 accipiet
629 2971 770 3008 coronam.
786 2956 919 3009 Contcm·
959 2958 1108 3030 pervisum
1122 2958 1234 3028 regorius
1244 2958 1379 3028 quasdam
1390 2960 1542 3022 sumentes,
1557 2952 1591 3010 sir

123 3045 209 3117 piaris
219 3061 315 3098 curaui
332 3049 361 3097 et
373 3043 551 3122 dilectionem
565 3043 707 3097 divinam?
721 3044 756 3097 Et
768 3060 824 3097 non
834 3043 913 3109 dixit,
929 3022 984 3100 Csi
1000 3048 1127 3101 volumus
1143 3063 1254 3100 currere
1269 3052 1298 3100 et
1311 3046 1417 3100 discere
1432 3051 1464 3098 ut
1477 3044 1548 3098 be‘ne
1559 3059 1591 3099 cu

120 3136 162 3189 Ne
175 3132 512 3197 sinenobiscorouentur,
529 3132 578 3186 sed
599 3122 670 3186 c'Ne
684 3131 833 3187 sinenobis
848 3148 915 3186 con·
957 3135 1111 3201 Christum,
1139 3135 1350 3191 attendamus«
1382 3139 1536 3200 auctorem,
1561 3131 1591 3186 in

121 3228 307 3278 sumrnentur.
325 3241 337 3273 n
355 3221 476 3275 Proinde
495 3220 599 3275 etenim
620 3219 734 3291 perfecti
755 3226 823 3274 tunc
838 3237 916 3291 pare·
956 3230 1059 3279 nostra
1075 3230 1103 3278 et
1113 3229 1370 3278 consummatorem
1384 3223 1491 3277 lesum.
1506 3242 1518 3275 ι
1538 3220 1591 3286 Qui

120 3310 198 3365 bunt.
226 3312 485 3365 Prmveneruntnos
499 3308 528 3363 in
555 3308 765 3375 certaminibus,
782 3309 832 3362 sed
860 3325 915 3362 nou
958 3314 1017 3367 Hoc
1031 3319 1081 3377 est,
1100 3313 1232 3384 quiaipse
1247 3310 1581 3366 nobisfideminfundit:

120 3399 294 3471 praeveniunt
306 3398 336 3452 in
350 3414 462 3452 corona.
474 3398 536 3452 Non
547 3398 622 3452 enim
635 3397 699 3451 illos
711 3397 791 3462 laesit,
803 3396 851 3451 sed
865 3413 917 3451 nos
957 3402 1107 3472 discipulos
1121 3418 1186 3456 suos
1199 3401 1311 3455 dicebat
1326 3421 1331 3454 :
1354 3401 1438 3454 «Non
1453 3416 1501 3454 vos
1516 3414 1563 3454 mc
1577 3414 1591 3454 e

119 3487 274 3543 honorarit.
295 3488 367 3541 Nam
393 3493 422 3541 et
439 3487 493 3558 ipsi
513 3485 615 3541 fratres
628 3502 677 3541 vos
691 3485 812 3540 libenter
822 3503 917 3557 exspe·
958 3506 1009 3560 ego
1019 3490 1239 3562 eliglros(doan.
1249 3486 1591 3544 xn.«EtPau1usiuemdi

119 3583 206 3631 etant.
228 3577 258 3632 Si
272 3576 347 3630 enim
361 3592 449 3630 unum
465 3592 565 3646 corpus
579 3592 677 3630 ornnes
690 3592 797 3641 sumus,
826 3576 917 3646 major
957 3595 1131 3649 cognoscam,
1145 3579 1218 3633 sicut
1234 3584 1263 3632 et
1273 3578 1401 3648 cognitus
1415 3595 1478 3632 sum
1494 3578 1520 3645 (l
1537 3578 1591 3632 θον

120 3672 149 3720 et
163 3666 215 3720 hoc
230 3665 350 3720 eflicitur
376 3664 485 3737 corpori
511 3664 683 3734 jucunditas,
700 3681 765 3720 cum
784 3664 867 3718 simul
889 3668 918 3717 et
957 3667 1069 3721 initium
1078 3667 1158 3722 nobis
1168 3667 1374 3739 imposuit,ipse
1385 3667 1471 3721 etiam
1483 3668 1591 3738 finem}

118 3754 306 3809 communiter
324 3758 475 3808 coronatur
488 3758 517 3806 et
530 3770 585 3807 non
611 3770 662 3825 per
685 3758 788 3824 patres.
806 3752 916 3806 Etenim
957 3756 1060 3826 gaudio
1074 3755 1126 3810 sibi
1151 3756 1292 3827 proposito
1306 3755 1442 3810 sustinuit
1459 3770 1581 3823 crucem,

115 3843 186 3914 justi
201 3843 287 3897 etiam
296 3842 326 3896 iu
340 3843 392 3896 hoc
402 3847 468 3896 sunt
482 3841 633 3908 mirabiles,
646 3841 791 3913 quiasicut
805 3841 839 3896 de
854 3857 918 3912 pro·
958 3850 1127 3915 contempta.
1140 3846 1219 3899 »Hoc
1229 3851 1281 3910 est,
1294 3844 1397 3898 licebat
1404 3843 1528 3910 illi,nihil
1537 3843 1591 3915 pati

118 3931 187 4002 priis
209 3930 299 3997 bonis,
311 3931 351 3985 sic
364 3931 490 4001 gaudent
508 3931 542 3985 de
556 3930 636 3985 bonis
650 3929 778 3986 fratrum.
795 3930 916 3985 Proinde
959 3933 1131 3987 «nonenim
1156 3933 1221 3987 fecit
1235 3939 1390 4004 peccatum,
1407 3949 1499 4003 neque
1523 3931 1591 3989 dola

118 4020 205 4073 ctiam
215 4019 270 4073 illis
283 4019 336 4072 hoc
346 4019 429 4088 juxta
442 4024 536 4074 votum
553 4019 687 4091 procedit,
701 4024 734 4074 ut
746 4034 810 4074 cum
820 4018 915 4073 fratri·
960 4042 971 4073 ι
985 4028 1027 4076 est
1038 4022 1067 4077 in
1077 4039 1125 4077 ore
1140 4022 1262 4094 ipsiusll
1275 4025 1348 4077 Petr.
1360 4023 1389 4090 11)
1402 4040 1432 4089 »3
1449 4021 1522 4076 sicut
1535 4021 1591 4094 eti}

117 4106 171 4162 bus
184 4112 362 4173 coronentur,
377 4111 409 4162 ut
422 4107 507 4161 simul
520 4107 722 4178 glorificentur.
960 4111 1110 4182 Evangelio
1128 4131 1133 4164 :
1149 4131 1160 4162 ι
1175 4111 1261 4165 Venit
1271 4111 1346 4165 enim
1360 4111 1489 4181 princeps
1509 4110 1591 4182 hujm

956 4199 1591 4360 udr.deludendum2

118 4365 229 4420 Inducit
246 4365 389 4432 Apostolus
403 4379 465 4416 suos
476 4365 514 4417 ad
529 4368 605 4420 malo
619 4381 702 4436 pone
713 4366 866 4429 toleranda,
883 4335 1014 4431 acorem
1024 4376 1340 4449 quippehabeQinqujt,
1350 4376 1591 4448 ponendjanjmffl

155 4439 231 4490 anolo
245 4437 329 4503 culpa
355 4435 478 4499 uitanda,
506 4440 646 4492 ostendam
659 4437 828 4490 conditiones
850 4439 915 4504 lepis

155 4509 253 4560 „pteris
262 4521 295 4560 ac
304 4521 389 4560 now,
957 4472 1124 4538 potestatem
1136 4466 1226 4520 habeo
1238 4467 1342 4520 iterum
1355 4466 1484 4520 sumendi
1497 4466 1591 4535 eam(l

957 4555 1044 4625 igitur
1058 4556 1104 4627 qui
1117 4557 1224 4610 nullam
1236 4556 1336 4609 habuit
1347 4555 1555 4623 necessitatem,
1570 4570 1591 4611 u

155 4657 167 4690 ι
187 4638 310 4709 ideoque
324 4643 353 4692 et
363 4655 413 4692 nos
425 4643 534 4693 tantam
550 4638 685 4694 habentes
694 4639 855 4711 impositam
862 4657 915 4694 nu·
958 4648 1044 4710 retur,
1057 4645 1204 4698 crucifixus
1218 4650 1261 4698 est
1274 4650 1390 4716 propter
1402 4660 1454 4698 nos
1469 4649 1591 4715 :quanto

115 4745 128 4776 u
143 4725 207 4780 bem
224 4726 352 4791 testium,
361 4728 535 4798 deponentes
550 4745 632 4782 omne
642 4729 752 4800 pondus
763 4734 792 4783 et
800 4730 917 4784 eircum—
955 4733 1065 4802 justum
1075 4734 1221 4788 estomnia
1234 4733 1471 4787 fortitertolerare
1482 4734 1494 4786 l
1507 4751 1518 4784 ι
1531 4732 1586 4798 Qui

121 4820 223 4869 «stans
236 4830 287 4869 nos
302 4822 457 4886 peccatum,
469 4834 520 4888 per
534 4817 698 4888 patientiam
721 4834 868 4873 curramus
882 4819 917 4873 ad
959 4823 1110 4893 proposito,
1126 4823 1227 4893 inquit,
1245 4822 1505 4888 sustinuitcrucem,
1517 4820 1591 4877 confr

120 4902 322 4976 «propositum
336 4904 416 4959 nobis
443 4912 625 4960 certamen.»
652 4907 754 4976 (deon.)
778 4908 811 4962 In
820 4908 916 4962 multis
956 4916 1073 4983 tempta.
1090 4910 1184 4976 »Quid
1197 4916 1241 4964 cst
1261 4911 1422 4965 confusione
1436 4915 1591 4983 contempta

118 4993 264 5065 Scriptura
272 4993 492 5048 consolationem
506 4995 659 5065 assumpsit
672 4997 811 5066 majorum
831 5014 862 5050 ex
873 5014 917 5050 ac·
957 5017 1027 5066 sam,
1039 4999 1139 5071 inquit,
1148 4999 1282 5054 sustinuit
1296 5005 1424 5054 mortem.
1442 5000 1509 5054 Esto
1518 4999 1591 5071 igitu

118 5081 281 5136 cedentibus
294 5081 392 5137 rebus:
403 5082 475 5137 sicut
487 5084 726 5155 solentprophetae
738 5104 752 5138 c
765 5103 798 5138 ex
808 5092 877 5140 aestu
889 5092 917 5140 et
957 5094 1003 5143 tur
1020 5107 1025 5141 :
1039 5089 1105 5160 quid
1121 5089 1215 5154 etiam,
1233 5094 1266 5142 ut
1277 5087 1409 5160 probrose
1419 5093 1591 5145 moreretur*

118 5170 232 5239 duritia,
249 5190 282 5227 ex
295 5170 440 5239 imbribus,
458 5177 533 5227 etc...
552 5193 564 5225 n
580 5173 639 5227 Hoc
653 5173 740 5246 igitur
754 5174 839 5229 etiam
850 5175 917 5229 dicit
957 5177 1014 5231 alia
1027 5195 1120 5244 causa,
1133 5178 1187 5232 nisi
1202 5183 1234 5232 ut
1247 5194 1299 5232 nos
1313 5177 1427 5232 doceret
1439 5178 1511 5232 nihil
1526 5177 1591 5234 exist

120 5258 174 5324 hie,
191 5261 257 5331 quia
267 5260 433 5316 memoriam
449 5263 738 5328 sanctorumillorum,
749 5263 916 5319 sicutnubes
958 5266 1028 5320 riam
1044 5284 1104 5338 quae
1119 5266 1154 5320 ab
1165 5266 1325 5321 hominibus
1339 5266 1473 5321 defertur.
1490 5266 1591 5323 Idcirco

119 5345 299 5404 inflammans
315 5367 347 5404 ex
362 5350 440 5404 radio
450 5349 564 5422 igneo,
581 5352 620 5406 sie
635 5354 759 5407 animam
772 5352 854 5407 malis
868 5370 916 5424 op·
954 5356 1046 5425 jectus
1054 5355 1138 5410 morti
1147 5356 1270 5426 suscepit
1280 5356 1516 5422 mortem,docens
1524 5372 1591 5429 noa]

120 5449 246 5504 pressam
259 5439 361 5493 excitat
375 5444 403 5493 et
417 5446 534 5495 recreat.
551 5441 586 5495 Et
604 5459 660 5496 non
675 5441 753 5509 dixit,
766 5443 856 5512 Super
866 5459 917 5497 nos
957 5451 1055 5498 contra
1061 5451 1190 5510 mortem,
1201 5451 1230 5498 et
1239 5461 1301 5498 eam
1312 5444 1417 5498 nullius
1431 5444 1591 5502 existimare

122 5529 313 5592 apparentem,
324 5527 372 5581 sed
389 5528 570 5600 «impositam
581 5529 678 5585 nobis:
695 5531 915 5603 ›quodamplius
958 5533 1050 5598 Quare
1058 5550 1113 5588 non
1128 5533 1586 5605 dixit,tristitiaconbempta,sedr
