3772 6120
131 274 183 336 tta
424 271 456 328 B.
476 268 614 326 annam
633 269 749 326 unum
768 268 939 324 asculus.
957 267 1120 325 MOGUNT.
1141 270 1289 327 OPERUM
1314 271 1408 329 PARS
1426 272 1479 331 111.
1721 271 1774 328 tot

130 416 203 468 mm,
219 401 270 457 coz·
282 405 321 457 cst
333 400 427 469 oloris
441 411 502 451 mco
518 400 530 449 t
543 400 568 449 et
576 396 601 448 si
612 396 747 449 Dominus
758 410 829 458 sum,
843 395 892 447 ribi
900 393 1777 466 ti-Arereperversum,adjunxitinnomin0,Poecatumauoem

133 497 197 548 mor
215 504 292 545 meus
312 493 324 542 t
346 484 516 557 (Monens.)
537 483 664 538 Alteram
685 499 760 547 vero,
778 499 839 553 quae
855 480 930 552 apud
971 488 1119 552 parentum
1134 489 1184 548 est,
1197 485 1651 559 parvulosliliosatquelectantes
1665 486 1773 540 adira·

131 571 929 652 philosophosuominaturcdliiru,etapudnos,licetnon
970 571 1101 625 cundiam
1115 589 1275 643 provocare,
1286 580 1337 628 aut
1346 581 1422 629 certe
1433 576 1495 646 jam
1505 573 1731 629 adolescentibus
1744 582 1775 629 et

131 668 213 741 plene
225 669 315 732 sonet,
326 666 481 719 reuerentia
491 662 545 717 dici
561 666 662 733 potest.
684 661 763 715 Sicut
776 674 888 731 quoque
901 663 930 712 et
970 659 1132 715 maturioris
1145 662 1236 715 aetatis
1247 679 1280 716 ea
1290 662 1430 734 imperare
1444 681 1508 735 quae
1516 663 1700 734 gravissunt.
1716 663 1775 718 Sic

131 755 270 829 propheta
282 752 470 827 perfectorum
483 752 625 817 timorem,
637 749 776 821 quemqui
790 747 927 807 timuerit,
971 756 1003 802 ut
1017 748 1105 817 igitur
1117 749 1146 802 in
1163 750 1233 804 tiliis¹
1245 751 1374 822 obsequii
1389 758 1419 806 et
1432 752 1616 823 subjectionis
1633 758 1678 806 est
1690 769 1773 806 mon·

131 842 272 916 perfectus
285 849 337 911 est,
353 843 382 897 in
390 841 533 897 tricesimo
541 839 626 895 tertio
637 837 929 910 psalmodicens:lt'on
970 843 1060 891 stratu
1073 854 1190 903 merces,
1205 839 1247 893 ita
1261 840 1291 893 in
1305 841 1469 911 parentibus
1488 841 1668 896 moderatum
1688 839 1773 912 jube·

130 937 170 988 cst
177 935 273 1003 inopia
283 933 444 987 timentibus
455 946 518 985 euin
530 931 613 996 (Psoi.
621 930 729 994 xxxm).
740 926 836 981 Potest
842 925 930 995 igitur
969 932 1017 981 tur
1031 926 1191 997 imperium,
1209 933 1310 983 utnon
1325 930 1406 1000 quasi
1421 930 1517 996 servis,
1536 929 1586 984 sed
1612 931 1694 1004 quasi
1709 930 1773 985 tiliis

129 1020 210 1078 uxori
224 1020 391 1093 simpliciter
403 1019 552 1075 intellectae
567 1016 612 1071 hic
630 1015 764 1088 imperari
779 1021 880 1081 metus,
897 1017 930 1068 ut
970 1021 1064 1086 patres
1074 1032 1193 1086 praeesse
1204 1017 1344 1085 noverint,
1352 1035 1388 1072 ne
1398 1020 1556 1090 exasperati
1563 1036 1615 1091 per
1624 1019 1775 1091 impatien-

129 1109 239 1178 timeat,
250 1111 304 1166 hoc
316 1115 360 1167 est
373 1113 536 1165 revereatur
547 1107 638 1161 virum
647 1121 741 1160 suum.
969 1102 1039 1158 tiam
1050 1109 1172 1181 vestram
1182 1105 1292 1175 pejores
1309 1107 1387 1172 liant,
1410 1107 1458 1178 qui
1473 1109 1600 1179 exemplo
1614 1112 1709 1163 vestro
1723 1124 1774 1180 pa.

64 1186 67 1191 Ι
439 1214 558 1271 CAPUT
574 1213 623 1269 pp,
970 1192 1101 1246 tientiam
1114 1192 1222 1248 discere
1246 1193 1412 1250 debuerant.
1437 1196 1556 1262 (Amici
1573 1198 1606 1251 ln
1629 1197 1674 1251 ira
1697 1198 1774 1252 enim

132 1307 362 1377 Docetdpostotus
373 1309 525 1374 parentum
539 1319 571 1358 uc
580 1304 707 1370 liliorum
722 1305 852 1354 orirituorn
867 1315 929 1353 con·
970 1297 1053 1335 ¹¹⁰¹¹¹0
1063 1283 1191 1351 281¹⁰⁸⁰lt
1204 1282 1271 1353 quid
1283 1283 1321 1338 ⁸st
1333 1284 1404 1338 utile
1418 1301 1426 1335 ··
1438 1284 1541 1339 idcirco
1551 1286 1773 1358 temperantiam

167 1380 358 1442 versationem,
374 1381 399 1431 et
414 1376 533 1430 reditod
548 1374 745 1428 instruendum
758 1371 882 1440 Eplnsios
896 1371 929 1425 oie
970 1374 1119 1439 parentum
1134 1370 1370 1441 exemplodebent
1385 1373 1540 1440 addiscere,
1558 1379 1599 1439 ut,
1613 1391 1677 1446 quse
1692 1375 1774 1429 utilia

167 1449 295 1504 ‘’mulli“
310 1448 462 1502 ”mutim
471 1448 646 1515 immutes·
969 1464 1045 1523 sunt,
1056 1463 1207 1513 sectentur.
1222 1460 1384 1515 Meminisse
1398 1462 1474 1515 enim
1490 1462 1594 1517 debent
1604 1465 1774 1535 patresquia

167 1556 243 1621 Filii,
269 1554 371 1608 obedite
390 1553 553 1622 parentibus
566 1552 663 1606 uestris
677 1551 711 1604 r'n
724 1551 841 1604 Dorrrino
857 1564 865 1600 .·
881 1548 929 1602 boc
969 1552 999 1600 et
1012 1547 1065 1618 ipsi
1080 1547 1195 1602 fuerunt
1208 1548 1268 1613 tilii,
1284 1554 1314 1602 et
1327 1551 1481 1605 noluerunt
1492 1551 1590 1623 utique
1610 1552 1773 1607 exacerbari

132 1644 208 1698 onim
220 1645 330 1711 jectum
346 1645 394 1696 est.
409 1641 521 1696 Honora
537 1645 649 1709 putrem
663 1644 744 1693 tuum
756 1643 780 1692 ct
799 1643 926 1692 isiotrem.
970 1651 988 1688 a
1002 1635 1137 1707 patribus.
1155 1636 1218 1690 Filii
1228 1653 1340 1708 quoque
1349 1654 1516 1708 cognoscere
1527 1639 1722 1711 debent,quod
1734 1642 1774 1695 t'u-

129 1729 252 1800 (ambr.)
267 1730 324 1785 Lex
341 1729 427 1784 datur
439 1734 469 1783 et
487 1727 562 1793 tiliis,
577 1733 609 1783 ut
626 1727 693 1798 quia
708 1724 870 1797 parentibus
882 1710 1026 1779 au-Bturi
1037 1731 1104 1779 sunt
1114 1730 1209 1796 patres
1220 1731 1249 1780 et
1263 1727 1371 1781 nollent
1381 1727 1545 1782 inhonorari
1554 1727 1589 1782 ab
1599 1728 1641 1783 eis
1654 1729 1773 1784 :idcirco

131 1818 255 1874 uteribus
267 1823 405 1883 constant,
421 1817 555 1872 obediant
564 1816 604 1870 eis
614 1834 619 1869 :
628 1817 738 1887 justum
752 1821 796 1869 est
809 1814 883 1867 enim
897 1821 930 1868 ut
970 1813 1083 1885 utrique
1096 1814 1246 1870 exhibeant
1255 1814 1384 1881 invicem,
1398 1818 1472 1886 quod
1488 1817 1641 1888 exquirunt
1655 1818 1690 1873 ab
1706 1819 1773 1874 invi-

130 1907 317 1964 rererentiam
331 1905 530 1962 exhibeanteis
541 1921 591 1977 per
600 1921 671 1977 quos
680 1909 755 1958 sunt.
772 1903 930 1973 (Albinm-
969 1904 1040 1955 cem.
1059 1902 1139 1972 tillo.)
1155 1903 1209 1956 Sed
1229 1903 1330 1957 melius
1350 1903 1380 1958 in
1395 1905 1491 1959 Graeco
1504 1904 1609 1975 legitur
1628 1911 1770 1976 correptio,

129 1994 215 2068 bigne
229 1997 336 2051 dictum
350 2001 511 2059 asternunt
525 1993 555 2048 in
569 1991 928 2064 Dominoparentibussuis
971 1990 1046 2060 quod
1070 1991 1290 2046 admonitionem
1313 1999 1342 2046 et
1369 1993 1557 2048 eruditionem
1582 1995 1676 2065 nragis
1689 2011 1772 2066 quam

129 2083 182 2140 dlii
199 2084 321 2140 debeant
334 2084 456 2150 obedire,
464 2082 513 2155 qui
524 2099 573 2136 eos
588 2081 618 2136 in
632 2080 752 2137 Domino
759 2086 928 2149 genuerunt,
971 2079 1167 2134 austeritatem
1181 2086 1272 2135 sonat.
1290 2081 1353 2135 Heli
1369 2083 1498 2136 sacerdos
1512 2082 1572 2153 ipse
1586 2084 1770 2152 sanctusfuit,

129 2173 204 2229 sicut
217 2173 322 2229 Paulus
337 2173 481 2245 Ephesios,
498 2189 535 2226 an
547 2170 710 2242 parentibus
725 2168 894 2232 carnalibus,
906 2168 929 2221 si
971 2169 1020 2222 sed
1034 2169 1100 2238 quia
1115 2169 1187 2223 tilios
1197 2187 1263 2225 suos
1272 2185 1329 2224 non
1339 2169 1582 2225 crudiritinomni
1590 2172 1773 2244 disciplinam

129 2259 196 2317 boni
209 2261 268 2316 sint
282 2267 311 2315 et
329 2265 427 2315 contra
441 2259 492 2314 Dei
512 2259 685 2313 voluntatem
699 2257 771 2312 tilios
786 2274 852 2311 suos
873 2273 930 2311 non
971 2258 1639 2332 correptione,supinusceciditetmortuusest(I
1651 2263 1715 2330 lieo.
1731 2264 1771 2334 n).

129 2349 277 2404 erudiant:
289 2348 364 2420 quod
376 2353 529 2419 utrumque
544 2347 704 2401 faciendum
720 2362 781 2400 esse
795 2344 929 2415 intelligi·
1006 2346 1092 2411 Serui,
1111 2349 1212 2401 obedite
1232 2349 1354 2402 dominis
1368 2351 1532 2402 carnotibus
1551 2366 1616 2404 cuns
1631 2353 1732 2405 timore
1748 2356 1772 2406 et

59 2466 66 2476 ·
130 2444 188 2504 tur,
198 2443 227 2494 et
235 2437 395 2492 carnalibus
404 2437 434 2491 in
443 2434 556 2491 Domini
563 2437 707 2490 voluntate
717 2441 746 2489 et
756 2433 929 2505 spiritalibus
970 2438 1088 2489 tremore
1101 2438 1133 2489 in
1147 2437 1325 2504 arrepticitotc
1340 2439 1430 2491 cordis
1451 2439 1543 2502 uestri,
1560 2441 1632 2492 sicut
1654 2439 1772 2495 cbristo.

30 2588 37 2597 ,
128 2522 929 2598 pmentibusobtemperarejubcmur.Qrsodestinondotum
971 2521 1242 2591 (Ambr.)Qu0niam
1256 2525 1383 2579 omnium
1399 2523 1546 2579 sublimior
1558 2531 1588 2580 et
1597 2528 1657 2581 sola
1672 2534 1773 2600 potens

127 2604 256 2684 primunr
270 2617 304 2669 in
319 2617 504 2683 promissione
515 2618 562 2666 :rr-t
575 2616 639 2668 berre
652 2616 689 2666 sit
705 2613 764 2679 tibi,
780 2616 805 2665 et
819 2615 856 2665 sis
872 2615 930 2666 ion·
971 2617 1014 2666 cst
1023 2612 1121 2682 religio
1137 2619 1242 2678 nostra,
1258 2618 1287 2667 et
1305 2629 1367 2684 quae
1389 2613 1568 2669 credentibus
1581 2616 1718 2671 coelorum
1731 2633 1774 2672 re·

131 2718 221 2772 perus
243 2717 326 2771 super
348 2707 463 2756 terram.
488 2701 607 2770 (Ambe.)
637 2699 789 2755 Promissio
813 2700 871 2754 haec
899 2700 929 2754 in
970 2717 1027 2770 gna
1040 2701 1187 2771 pollicetur
1203 2719 1209 2754 ε
1225 2718 1261 2756 ne
1275 2701 1328 2755 hac
1338 2702 1426 2772 igitur
1439 2719 1524 2757 causa
1533 2704 1668 2775 superbia
1677 2722 1774 2761 nasce·

131 2789 226 2845 Exodo
238 2788 400 2845 continetur
412 2790 508 2857 (Ecod.
525 2793 582 2858 xx),
598 2793 632 2843 ut
650 2787 796 2842 honorifici
811 2787 868 2842 sint
881 2804 929 2858 pa·
968 2794 1049 2843 retur
1062 2789 1232 2852 bominibus,
1244 2806 1342 2845 omnes
1352 2789 1447 2845 debita
1456 2791 1648 2847 conditionum
1660 2795 1771 2850 veloffi·

130 2883 235 2944 rentes,
247 2882 281 2933 ut
293 2877 365 2933 bene
378 2882 473 2932 essent
483 2883 512 2932 et
523 2876 812 2949 provectiorissrerent
825 2877 925 2931 atatis.
968 2877 1075 2932 ciorum
1088 2878 1268 2950 presentium
1275 2878 1412 2949 jubentur
1421 2881 1571 2946 exsolvere,
1583 2886 1616 2936 nt
1625 2884 1718 2954 magis
1728 2883 1771 2939 in·

128 2967 274 3033 Quomodo
287 2972 384 3022 tamen
398 2966 585 3038 hocprimum
599 2965 763 3020 mandatum
774 2964 853 3028 dixit,
863 2981 926 3020 cum
967 2966 1056 3020 citent
1068 2966 1241 3037 perfidorum
1256 2967 1365 3021 animos
1384 2969 1420 3022 ad
1437 2968 1578 3023 culturam
1601 2970 1662 3037 Dei,
1680 2988 1768 3043 quam

128 3060 240 3113 constet
261 3056 386 3129 primum
402 3055 567 3109 mandatum
582 3054 622 3109 itu
632 3053 771 3109 contineri
783 3071 789 3106 :
801 3055 957 3126 donsintc
967 3054 1063 3109 vident
1077 3060 1106 3108 et
1116 3056 1224 3125 justam
1237 3060 1266 3109 et
1285 3056 1430 3110 humilem.
1446 3057 1581 3112 videntes
1595 3064 1695 3114 autem
1712 3060 1766 3116 do·

128 3147 238 3200 tiliolii
246 3145 290 3198 dii
296 3150 447 3214 preterme
453 3163 462 3210 ‚·
471 3143 572 3198 deinde
583 3160 589 3196 :
601 3144 662 3199 Non
672 3145 760 3212 tomos
768 3145 820 3197 tibi
834 3146 923 3198 rollone
964 3143 1033 3196 mirri
1047 3143 1209 3198 meliorasse
1223 3160 1327 3211 servos,
1343 3150 1372 3199 et
1384 3144 1564 3200 inrcddentis
1577 3145 1724 3219 obsequiis
1734 3149 1773 3204 u-

127 3234 344 3289 similitudinarie
351 3248 446 3287 corum
461 3250 521 3302 qun
530 3237 597 3286 seint
610 3236 644 3287 in
651 3236 714 3287 colo
723 3237 884 3301 sursurn,ct
892 3235 924 3286 in
964 3231 1065 3286 daliter
1074 3232 1232 3303 proiecisse,
1250 3234 1324 3303 quod
1344 3241 1490 3288 tuerentur
1507 3236 1665 3291 cumomni
1681 3237 1770 3293 libcr-

127 3327 204 3378 terro
215 3322 487 3387 demeum5tertium
504 3340 510 3376 :
527 3322 689 3376 Norrsurnes
707 3322 925 3376 nomenllornini
965 3324 1024 3375 tote
1038 3323 1192 3376 exsolvunt.
1217 3322 1296 3377 Servi
1315 3339 1435 3394 quoque,
1457 3323 1525 3377 dum
1543 3331 1664 3380 cernunt
1681 3342 1768 3383 man·

125 3411 177 3466 un
194 3413 239 3465 tui
257 3413 291 3465 in
312 3427 440 3476 oonum;
457 3416 590 3482 quartum
606 3428 614 3464 ι
630 3411 796 3473 obseruatis,
820 3407 922 3480 inquit,
965 3410 1773 3486 suetudinemdominorunr,omniaviditateconcupiscunt

125 3499 234 3553 meloto
247 3515 331 3565 meo,·
351 3499 483 3571 quintum
502 3504 597 3554 autem
620 3516 626 3553 :
646 3499 759 3553 Honore
776 3504 886 3568 putrem
900 3503 924 3552 et
968 3498 1061 3563 fidem,
1073 3499 1154 3569 cujus
1168 3504 1292 3570 potestus
1302 3504 1361 3554 tam
1371 3499 1487 3570 placidis
1494 3501 1659 3557 retinaculis
1666 3503 1772 3573 guber·

126 3591 255 3654 neutram,
272 3588 345 3643 etc?
357 3588 411 3644 Sed
425 3588 492 3660 quia
505 3587 597 3659 prima
611 3592 732 3658 quatuor
746 3586 879 3641 mandatu
892 3588 927 3641 ad
968 3592 1018 3641 nat
1030 3588 1155 3641 humana
1169 3588 1270 3642 otllcia.
1294 3588 1367 3643 Nam
1382 3592 1411 3642 et
1426 3589 1473 3659 qui
1492 3589 1523 3642 in
1536 3589 1699 3647 conditione
1711 3599 1766 3659 est,

126 3674 281 3732 Dominum
297 3676 450 3749 pertinent,
468 3677 526 3731 haec
535 3676 564 3730 in
580 3673 775 3748 primatibula
790 3675 927 3730 contineri
967 3675 991 3729 si
1007 3675 1108 3730 habeat
1121 3675 1269 3743 famulum,
1280 3693 1337 3730 non
1350 3677 1410 3730 sun
1423 3677 1564 3731 contemni
1573 3677 1610 3731 ab
1622 3694 1676 3733 eo:
1690 3681 1772 3744 ideo-

126 3763 490 3837 subintelliguntur,ceetera
497 3765 692 3831 adhominem,
703 3769 736 3819 ut
745 3764 865 3818 honoret
874 3781 924 3835 ps·
967 3780 1021 3834 que
1037 3780 1088 3818 nec
1101 3765 1161 3835 ipse
1180 3764 1264 3819 debet
1273 3771 1452 3821 contemnere
1467 3765 1613 3821 dominum
1627 3783 1725 3837 suum,
1741 3775 1772 3826 et

126 3859 232 3920 rentes,
249 3870 306 3909 non
330 3854 448 3922 occidat,
465 3871 521 3909 non
545 3854 708 3921 fornicetur,
730 3870 787 3908 non
803 3852 921 3920 furetur,
967 3852 1040 3907 sicut
1051 3854 1112 3909 vult
1125 3871 1208 3925 agere
1223 3871 1317 3908 secum
1332 3854 1478 3910 dominum
1497 3872 1589 3921 suum,
1607 3856 1694 3912 itaet
1711 3858 1772 3930 ipse

125 3958 183 3997 non
194 3941 497 3998 talsumtestimonium
508 3943 592 4010 dicat,
601 3958 692 4013 neque
702 3941 856 4013 quidquam
862 3959 925 4014 pro-
967 3958 1051 4012 agere
1066 3942 1226 3998 debetcum
1240 3959 1320 3997 servo
1345 3960 1406 4008 suo,
1424 3948 1453 3998 et
1475 3943 1516 3998 sic
1530 3942 1634 4016 poterit
1658 3947 1772 4018 placere

125 4026 446 4102 ximisuiconcupiscat.
466 4032 590 4087 llaecsex
611 4031 745 4086 mandata
758 4030 787 4085 in
802 4030 926 4085 secunda
965 4031 1033 4085 Deo.
1067 4032 1162 4099 (Hiemi
1182 4032 1225 4086 nd
1254 4032 1465 4086 distinctionem
1485 4033 1597 4087 Domini
1620 4034 1770 4107 spiritalis,

123 4116 221 4172 tabula
239 4118 371 4173 videntur
391 4120 504 4191 scripta,
521 4136 641 4191 quorum
660 4120 783 4190 primum
797 4125 858 4174 est:
874 4121 926 4175 lio·
965 4134 1041 4172 nunc
1053 4120 1173 4173 carnalis
1183 4119 1314 4174 dominus
1328 4120 1496 4191 appellatur,
1511 4121 1553 4175 ita
1565 4126 1599 4176 ut
1608 4137 1691 4178 servo
1705 4123 1769 4196 qui·

123 4221 195 4262 nora
202 4212 347 4276 potrernet
358 4212 487 4263 snutrein.
505 4208 564 4263 Hac
575 4225 661 4262 causa
675 4224 742 4278 ergo
757 4208 837 4275 dixit,
853 4210 925 4277 quod
964 4223 1075 4278 cunque
1089 4208 1240 4262 crediderit
1253 4209 1283 4263 in
1298 4209 1388 4263 Deum
1412 4214 1441 4263 et
1454 4209 1574 4264 necdum
1591 4210 1628 4265 ad
1642 4210 1770 4270 scientia

122 4300 161 4351 est
167 4297 334 4350 nsonduturn
338 4299 467 4366 primurn
479 4300 511 4351 in
519 4301 747 4366 promissionem
753 4296 925 4353 discerneret
964 4313 1104 4351 summam
1117 4297 1284 4368 pervenerit,
1304 4315 1360 4351 non
1375 4297 1507 4353 indecens
1521 4298 1559 4352 sit
1575 4298 1692 4356 domino
1706 4317 1767 4357 ser·

121 4384 197 4441 inter
211 4385 345 4440 mandata
358 4403 420 4458 quse
441 4386 478 4440 ad
492 4386 593 4453 Deum,
620 4391 649 4440 et
667 4385 742 4440 inter
759 4401 793 4440 ea
807 4403 868 4458 qum
887 4385 1021 4447 udeire
1036 4385 1142 4440 carnali
1157 4402 1221 4440 cum
1235 4387 1337 4441 timore
1354 4395 1383 4440 et
1396 4391 1519 4441 tremore
1533 4387 1563 4442 in
1585 4387 1768 4461 simplicitate

121 4474 266 4529 hominem
282 4475 434 4547 pertinent.
452 4475 533 4544 (ιιι.)
550 4475 689 4529 Fortassis
702 4475 762 4530 haec
775 4475 923 4546 promissio
963 4475 1057 4528 cordis
1072 4475 1126 4542 sui,
1144 4475 1225 4529 etsie
1241 4475 1266 4529 ei
1274 4476 1379 4530 servire
1389 4476 1510 4530 fideliter
1519 4481 1552 4530 ut
1564 4476 1697 4547 Christo;
1710 4495 1767 4536 non

120 4562 224 4619 ludaeis
238 4565 390 4619 carnaliter
399 4564 467 4619 data
480 4570 533 4630 est,
544 4563 625 4618 nobis
634 4580 699 4619 uero
710 4563 924 4635 spiritaliterdi-
963 4563 999 4617 ad
1014 4564 1124 4618 oculum
1140 4565 1273 4630 serviens,
1299 4570 1332 4618 ut
1353 4565 1382 4619 hi
1403 4564 1518 4629 iaciunt,
1536 4565 1584 4636 qui
1602 4566 1767 4625 hominibus

120 4650 210 4704 citur:
224 4653 301 4705 Beati
310 4656 398 4719 mites,
415 4657 551 4723 ursoniam
562 4655 617 4722 ipsi
628 4653 805 4722 possidebunt
817 4657 923 4708 terrum
951 4653 1074 4723 ‚placere
1089 4653 1259 4718 desidemnt,
1283 4654 1333 4707 sed
1352 4660 1384 4708 ut
1404 4654 1602 4711 necessitatem
1621 4655 1653 4710 in
1669 4657 1767 4713 volun·

120 4738 229 4803 (Mettis.
251 4738 291 4808 v),
307 4756 364 4794 nou
389 4741 461 4797 hanc
475 4748 592 4809 terram,
610 4741 640 4796 in
667 4759 723 4813 qua
740 4742 826 4796 etiam
842 4740 922 4813 impii
962 4745 1051 4795 tatem
1061 4746 1160 4808 vertat,
1177 4748 1207 4795 et
1219 4742 1303 4796 saciat
1313 4743 1348 4797 de
1358 4742 1493 4796 servitute
1503 4742 1663 4798 mercedem
1681 4760 1688 4797 ε
1703 4761 1766 4801 ma·

120 4841 323 4896 nonnunquam
332 4828 606 4899 etinparentessunt
619 4831 728 4885 scelesti
740 4835 923 4885 etsenescunt
962 4830 1037 4883 xime
1052 4846 1116 4884 cum
1131 4830 1262 4885 dominus
1283 4831 1376 4885 carnis
1402 4832 1556 4886 aDomiuo
1585 4831 1704 4903 spiritus
1721 4833 1765 4889 di·

118 4920 225 4982 tamen,
236 4915 285 4969 sed
296 4930 381 4986 super
390 4916 468 4971 illam
477 4925 593 4985 terram,
606 4936 691 4991 quam
701 4919 838 4974 Dominus
848 4919 922 4974 miti·
962 4934 1042 4973 versa
1055 4936 1111 4973 non
1123 4919 1252 4991 imperet.
1265 4921 1325 4974 Hoc
1339 4927 1381 4974 est
1391 4921 1467 4974 enim
1482 4920 1557 4992 quod
1571 4921 1613 4975 ait
1631 4940 1637 4975 :
1654 4922 1718 4978 Non
1727 4925 1766 4979 ud

118 5001 171 5059 bus
180 5003 352 5076 repromittit
368 5009 398 5059 et
407 5005 436 5059 in
452 5024 507 5077 qua
513 5010 583 5079 Justi
596 5007 921 5079 inhabitabuntetcujus
961 5011 1072 5062 oculum
1093 5012 1247 5074 scrutantes,
1274 5014 1305 5063 nt
1321 5010 1481 5064 horninibus
1500 5013 1647 5079 placentes,
1663 5012 1712 5066 sed
1733 5016 1766 5067 ut

118 5090 193 5149 bona
201 5092 483 5149 Psalmistavisurum
491 5113 590 5152 essese
604 5098 694 5152 credit
705 5097 801 5152 dicens
814 5115 821 5150 :
836 5098 920 5152 Credo
960 5100 1034 5152 serui
1047 5098 1152 5154 Christi
1175 5099 1306 5166 facientes
1329 5102 1500 5153 voluntatens
1513 5100 1637 5154 Domini.
1666 5100 1766 5156 Sedet

118 5184 292 5239 rideretono
304 5184 420 5238 domini
434 5185 465 5237 in
480 5188 815 5249 terrocinentiemtl'sol.
832 5189 918 5255 xxvi).
960 5185 1052 5257 ipsam
1067 5187 1233 5242 fidelitatem
1255 5204 1311 5241 non
1326 5191 1452 5242 coactam
1469 5204 1566 5242 seruus
1583 5187 1696 5256 habeat,
1713 5189 1765 5245 scd

153 5270 198 5335 m,
211 5277 314 5340 potres,
331 5274 416 5328 nolite
428 5271 468 5326 od
490 5275 672 5330 iracundiam
685 5291 834 5345 prouocare
848 5277 919 5344 filios
959 5280 1146 5346 spontaneam
1153 5277 1328 5332 etexunimo:
1337 5276 1505 5332 sicserviens
1511 5277 1766 5335 dominosuosicut

117 5363 226 5425 uestros,
241 5361 287 5414 sed
299 5362 410 5416 educate
425 5363 488 5415 ilios
503 5361 536 5414 in
549 5363 699 5432 disciplina
709 5369 734 5418 et
749 5367 919 5434 correptione
960 5363 1081 5431 Christo,
1090 5381 1170 5437 aquo
1179 5372 1344 5437 recepturus
1360 5371 1404 5421 est
1414 5366 1506 5422 fidelis
1517 5366 1667 5439 praemium
1676 5366 1766 5424 serri-

117 5447 241 5502 llorninr'.
257 5446 340 5517 (Alb.)
356 5450 507 5504 Peccatum
521 5449 646 5506 filiorum
666 5459 709 5508 est
724 5469 780 5508 non
802 5451 917 5508 obedire
958 5453 1037 5518 tutis,
1053 5470 1110 5508 non
1124 5455 1218 5509 minus
1239 5455 1363 5525 quamsi
1378 5454 1602 5510 libervoluntste
1616 5455 1763 5513 servisset.

116 5532 290 5607 pmentibus,
304 5541 335 5590 et
348 5536 415 5608 quia
422 5542 555 5610 poterant
564 5545 697 5611 parenms
702 5540 811 5614 aliquid
823 5541 915 5614 impe·
958 5542 1182 5600 donodoculuru
1187 5547 1342 5613 servientes,
1353 5548 1435 5616 prosi
1445 5545 1761 5617 tonsinitosptoosntea
