3772 6120
70 326 143 386 isos
308 310 317 330 “
586 330 632 388 os
650 330 759 390 unu
777 330 825 390 os
843 332 1115 390 viemannus...
1136 330 1203 386 us
1651 324 1720 381 noo

65 453 216 527 quodlibet
225 460 370 527 peecatum
381 465 543 531 perpetrare
553 471 611 514 non
621 460 797 531 possumnisl
804 476 873 517 mere
882 467 905 524 Α
916 468 1029 516 serrant
1042 461 1168 530 inquam,
1185 456 1315 511 custodes
1331 468 1397 524 orgo
1423 452 1540 509 dixerim
1565 453 1635 508 istos
1658 466 1720 506 esse

66 543 251 599 delectationi
266 546 451 614 consentiam,
468 544 542 618 quod
564 546 725 618 cupiditatis
741 556 785 603 est
807 565 873 621 pro·
916 550 1003 621 [ltro-te
1016 547 1249 617 interponendum
1259 544 1326 613 non]
1342 543 1481 608 dominos,
1497 542 1658 597 etalienum
1674 547 1720 596 at·

67 634 175 705 prium.
193 632 280 690 ctDei
289 642 430 707 praecepte
443 640 630 703 contemnam,
644 636 769 710 quodcst
779 654 880 710 snper·
914 629 1717 706 tenderedittgenternoopropriumerrarenientersxpen·

67 721 124 777 bite
140 724 257 789 malum,
274 726 413 796 quomodo
426 740 484 781 non
509 742 541 780 cx
564 724 718 798 cupiditate
745 744 807 797 qum
831 732 874 782 est
915 727 998 782 dere:
1016 742 1117 781 avarus
1132 726 1206 779 enim
1222 722 1359 777 sollicitus
1372 726 1466 776 seruat
1482 735 1567 792 quem
1582 720 1715 791 acquirit,

68 811 152 867 radix
167 812 317 880 malorum,
335 814 461 870 omnium
478 821 507 870 et
518 828 550 870 ex
560 815 701 888 superbia,
717 830 778 887 quer
795 836 808 866 ι
823 816 875 872 ini·
916 815 1061 871 molestius
1071 814 1194 869 custodit
1206 827 1290 884 quam
1304 812 1415 882 rapuit:
1431 810 1553 882 suspirat
1565 810 1641 865 enirn
1652 809 1719 880 vigi·

68 902 145 955 tium
160 902 252 956 omnis
266 898 476 973 peccatlldroii.
490 918 518 969 x,
536 902 576 969 iil
592 923 606 957 r
621 904 733 971 dicitur,
749 904 875 976 procedit
916 908 977 960 lans
992 905 1171 977 acquirendo,
1188 903 1312 973 suspirat
1326 899 1654 965 dormiensresersaudo,
1666 912 1718 952 nec

68 1004 156 1044 (ΜΕ
176 990 343 1061 limatum?
915 995 1006 1065 vigile
1019 993 1098 1057 lacte,
1115 1008 1166 1047 nec
1190 1006 1305 1046 somnus
1318 1004 1443 1055 securus,
1470 1002 1523 1042 nec
1543 989 1603 1042 dies
1625 989 1715 1049 latus,

916 1100 967 1139 nec
980 1100 1034 1138 rrox
1049 1081 1146 1154 quiete
1156 1086 1207 1146 est,
1225 1079 1368 1143 discurrit,
1379 1082 1529 1148 torquetur
1541 1077 1677 1147 etgesuit,
1687 1080 1718 1132 et

916 1167 1717 1249 quasiilllli.nil]proficiatquodacquiritQuipossessio·

102 1256 205 1329 (Cora.)
225 1259 349 1314 Avaritia
371 1259 447 1314 enim
473 1261 608 1331 quosdam
632 1266 784 1317 sectatores
807 1276 873 1317 suos
914 1254 1716 1333 nibuslongelntequedlllusisinconlinioaliumpossideru

66 1348 192 1402 vexatio
206 1348 405 1403 acclamatione
420 1356 449 1403 et
462 1346 544 1403 laude
567 1348 632 1403 boni
655 1348 778 1404 nominis
800 1350 873 1403 fincta
914 1368 970 1408 non
985 1351 1102 1424 patitur,
1117 1351 1185 1405 dum
1198 1349 1335 1404 terminos
1352 1349 1456 1420 jungit,
1484 1349 1554 1402 lines
1572 1345 1712 1418 producit,

65 1436 211 1508 populari,
227 1436 363 1508 quosdam
374 1438 409 1492 de
420 1436 592 1493 sublimitate
601 1436 725 1504 honoris,
735 1439 872 1511 quosdam
914 1442 1102 1498 calumniatur
1120 1439 1247 1512 pauperi,
1264 1438 1434 1493 mediocrem
1454 1436 1566 1509 premit,
1590 1435 1712 1489 vicinum

34 1544 43 1555 ·
66 1523 104 1579 de
122 1525 304 1597 acquirendis
318 1526 401 1581 rebus
416 1527 584 1599 superfluis3
601 1526 751 1582 nonnullos
771 1524 805 1582 de
825 1542 872 1582 ra-
914 1527 1044 1595 excludit,
1061 1534 1193 1583 etomnes
1203 1527 1383 1582 circumcirca
1395 1526 1501 1597 positos
1512 1524 1670 1579 infestando
1680 1538 1714 1576 ac

67 1608 183 1685 plendls
197 1614 316 1670 aliorum
331 1614 520 1683 facultatibus,
536 1615 685 1671 nonnullos
699 1619 732 1671 ut
744 1617 872 1689 proprius
913 1618 1106 1691 persequendo
1120 1616 1243 1690 depellit,
1256 1616 1304 1687 qui
1314 1630 1370 1669 non
1380 1613 1509 1684 acquirit,
1521 1612 1575 1666 nisi
1585 1611 1713 1666 aliosde·

67 1701 214 1759 retineant
227 1704 365 1760 inutiliter
375 1704 485 1760 diuitias
497 1706 651 1777 propulsat.
664 1704 741 1761 Solet
750 1719 872 1777 nomque
913 1709 993 1775 uerit,
1008 1708 1087 1762 lucra
1107 1720 1163 1761 non
1189 1706 1293 1770 condit,
1318 1704 1371 1758 nisl
1395 1702 1469 1758 elius
1494 1705 1641 1772 genuani:
1666 1700 1713 1754 cui

67 1806 173 1847 avarus
183 1792 305 1866 cogitare
311 1795 353 1849 rel
362 1792 466 1849 dicere:
475 1795 498 1849 sl
508 1794 640 1866 pecunias
646 1793 804 1849 reconditas
813 1812 870 1850 non
879 1782 902 1842 B
911 1797 963 1853 soli
972 1797 1076 1851 bonum
1091 1801 1143 1863 est,
1159 1796 1232 1866 quod
1245 1794 1386 1865 publicum
1396 1793 1503 1846 malum
1514 1796 1565 1851 est,
1577 1790 1644 1844 dum
1663 1792 1714 1843 sut

105 1135 174 1188 Car.
192 1135 300 1189 XXXV.
314 1164 345 1175 -
362 1138 487 1202 occider
502 1140 624 1191 etrier-itio
638 1145 715 1192 cerat
729 1154 837 1193 odoros.

67 1876 206 1947 habuero,
223 1882 290 1953 quid
306 1882 356 1936 lilii
365 1882 420 1937 mei
434 1888 497 1954 post
512 1887 631 1937 mortem
646 1882 757 1949 sacient,
769 1884 835 1955 quid
847 1884 870 1938 si
910 1889 1017 1943 tructus
1032 1888 1133 1951 servat,
1151 1886 1200 1938 out
1213 1898 1355 1936 annonam
1370 1886 1474 1952 captat,
1491 1888 1542 1934 aut
1555 1880 1637 1933 intlst
1649 1893 1712 1949 pre·

67 1968 222 2026 infirmitas
237 1970 360 2044 corporis
371 1971 426 2026 mei
436 1972 568 2038 evenerit,
585 1970 683 2043 quidsi
699 1971 783 2044 longa
792 1986 870 2028 sene-
910 1975 960 2042 tia,
976 1982 1025 2031 aut
1038 1974 1118 2030 lenus
1133 1978 1293 2044 exaggeret,
1308 1972 1377 2026 dum
1392 1968 1555 2041 acquirendi
1568 1967 1647 2021 lucra
1660 1976 1712 2038 per

66 2062 131 2114 ctus
147 2060 356 2131 prolongaverit
368 2062 503 2130 (Jcrcrod)
514 2059 578 2116 llaec
592 2060 685 2115 etalio
700 2060 744 2115 his
765 2060 869 2116 similia
911 2062 1028 2121 nocendi
1043 2064 1164 2136 exquirit
1178 2063 1301 2131 ingenia,
1319 2062 1364 2115 cui
1376 2059 1547 2132 pupillorum
1562 2056 1652 2110 dulcis
1666 2060 1711 2123 est

65 2154 225 2203 tractantes
253 2150 329 2203 avari
361 2149 494 2221 pecunias
506 2156 648 2222 utcunque
672 2151 868 2222 conquirentes
909 2155 1040 2225 gemitus,
1058 2160 1086 2208 et
1099 2150 1347 2208 viduarumsuavis
1357 2155 1400 2203 est
1413 2150 1505 2212 lletus,
1521 2147 1588 2201 dum
1602 2143 1707 2216 prada·

66 2252 202 2292 nummos
215 2252 266 2309 per
278 2237 320 2292 ias
331 2242 359 2292 et
368 2237 446 2293 nolim
454 2239 557 2293 habere
566 2238 736 2306 desiderant,
748 2246 776 2295 et
787 2240 868 2312 pleno
910 2242 1071 2314 hujusmodi
1081 2240 1213 2314 pascitur,
1221 2246 1251 2294 ot
1259 2239 1356 2311 spoliis
1369 2237 1468 2291 talium
1476 2235 1641 2289 delectatur.
1653 2231 1708 2296 Qui

64 2325 362 2393 sacellodelectantur,
371 2328 569 2383 curruntenim
579 2326 782 2391 ctdiscutrunt,
792 2341 867 2383 nunc
911 2332 987 2387 dives
1002 2338 1045 2386 est
1059 2347 1133 2397 arca,
1147 2345 1204 2385 non
1212 2329 1322 2393 merito,
1333 2325 1507 2399 possessione
1520 2337 1577 2377 non
1591 2334 1705 2392 genere,

62 2415 130 2479 huc,
149 2430 224 2470 nunc
237 2414 313 2481 illuc,
328 2416 508 2488 negotiando,
530 2418 675 2488 rapiendo,
692 2417 862 2485 mentiendo,
909 2420 1022 2476 nonrlnc
1036 2436 1093 2475 non
1109 2418 1255 2491 dignitate,
1271 2419 1351 2488 cujus
1366 2415 1487 2471 avaritie
1500 2410 1706 2483 nccproprium

59 2505 196 2575 jurando,
211 2506 335 2571 rixando,
354 2512 421 2560 tunc
436 2504 511 2560 enirn
525 2512 606 2577 putat
617 2505 721 2561 bonurn
735 2503 864 2561 habuisse
908 2510 1020 2573 collisit,
1037 2525 1088 2564 nec
1102 2509 1217 2564 modum
1229 2506 1350 2578 imponit
1358 2506 1491 2563 alienum,
1501 2503 1573 2556 solet
1582 2512 1705 2569 namquo

61 2610 93 2649 se
104 2595 191 2660 diem,
208 2596 320 2666 quaudo
331 2596 476 2651 denarium
494 2596 604 2667 reponit
614 2612 714 2650 avaros
726 2597 752 2649 in
768 2602 866 2650 menet
907 2595 1395 2666 arantisdeuictumanimumqussi
1405 2587 1705 2648 errationesxhonari

63 2682 129 2737 ideo
142 2683 311 2738 insatiabilis
321 2691 349 2738 et
362 2684 537 2756 inexplebilis
547 2702 599 2756 per
608 2685 703 2739 omrda
717 2682 866 2756 turpitudi-
906 2688 972 2742 dum
985 2685 1069 2742 dicit:
1087 2685 1166 2742 ualde
1181 2687 1242 2740 sinc
1256 2685 1339 2756 culpa
1353 2687 1407 2752 est,
1422 2681 1495 2754 quod
1510 2676 1639 2752 qondam
1652 2677 1704 2731 he·

64 2788 135 2826 uum
145 2789 251 2843 genera
266 2773 440 2844 lasciviaque
454 2773 603 2828 discurrit:
621 2773 669 2828 ubi
684 2774 865 2845 pecuniusre·
908 2775 996 2830 benda
1010 2776 1190 2848 concupiscis,
1217 2774 1284 2846 quia
1303 2788 1358 2828 non
1378 2768 1559 2842 multiplicari
1582 2765 1702 2838 appetit·

64 2863 162 2933 ponat,
179 2859 224 2917 cul
239 2878 286 2917 ess
300 2863 395 2917 credat
409 2859 566 2933 ambiguus,
584 2860 684 2917 deinde
703 2859 769 2934 quid
784 2878 816 2916 ex
831 2862 864 2917 iis
905 2866 953 2919 sed
962 2880 1044 2936 egere
1051 2864 1234 2937 pertimescis,
1243 2868 1272 2918 et
1280 2863 1354 2934 quod
1366 2862 1439 2915 male
1448 2860 1521 2914 alius
1529 2857 1634 2912 retinet
1642 2855 1703 2925 ipse

64 2964 203 3017 coemere,
226 2953 363 3023 qualeque
388 2949 587 3007 commercium
610 2952 701 3006 ualeat
723 2950 864 3023 duplicare
904 2953 1004 3010 medus
1018 2952 1159 3026 expendis.

64 3054 132 3094 ⁰¹¹OE
146 3040 269 3111 glfll'iffl'l
283 3040 453 3096 distenditur
455 3083 462 3107 ι
478 3054 597 3112 cumque
607 3039 647 3094 5¹¹5
657 3046 685 3095 lt
700 3055 733 3097 0¹
742 3038 863 3096 h⁰⁰i⁰2⁰
905 3058 1100 3118 Cealllllllll.
1111 3093 1142 3103 -
1155 3063 1258 3133 Quibus
1267 3061 1378 3116 iudiciis
1389 3052 1699 3126 renitescituroooritio.

63 3128 104 3199 [et
116 3129 171 3183 hoc
183 3144 216 3183 ex
230 3128 305 3202 roto]
314 3131 437 3197 cesserit,
449 3128 556 3185 avidior
565 3127 647 3184 famis
655 3130 788 3185 accrescit
797 3100 895 3185 ara-C

62 3216 143 3285 ritltc,
152 3223 289 3290 tantoque
298 3218 656 3282 uehementiorsuscitutur,
664 3218 861 3291 quantoetiam

60 3322 175 3362 summa
188 3308 258 3362 lucri
270 3310 359 3380 maloi·
370 3310 529 3381 apponitur.
544 3308 637 3380 (Cossi
651 3309 721 3364 Cum
737 3307 860 3381 pecunie

59 3397 166 3451 etenim
181 3396 353 3453 incremento
368 3396 460 3453 rabies
473 3396 634 3469 cupiditatis
647 3403 775 3470 augetur,
789 3400 861 3455 sicut
901 3453 969 3490 aum
983 3440 1073 3490 ,ems
1093 3441 1122 3490 et
1146 3435 1295 3490 olosericas
1318 3438 1408 3487 ,estes
1431 3424 1590 3485 considerat
1613 3436 1699 3495 quam

57 3485 134 3586 enim
151 3486 321 3558 hydropicus
332 3488 511 3559 quantoplus
525 3484 603 3554 bibit,
616 3492 696 3543 tanto
710 3489 774 3560 plus
789 3487 857 3555 sitit,
900 3526 1001 3580 animm
1015 3540 1072 3579 Μ
1084 3523 1210 3586 virtutes,
1236 3520 1324 3591 magis
1348 3518 1495 3573 denarium
1517 3521 1595 3570 amat
1613 3528 1698 3584 qum

56 3580 97 3631 Μ
110 3589 214 3630 ”Vams
230 3583 334 3677 quanm
345 3576 434 3648 magis
446 3575 539 3643 haba*
555 3583 636 3633 ‘³¹¹⁹'
651 3577 741 3649 magis
755 3577 859 3632 *where
900 3630 1061 3687 pauperem,
1079 3610 1169 3683 magis
1184 3611 1268 3681 hujus
1284 3610 1345 3664 rita
1362 3609 1481 3663 lucrum.
1496 3618 1582 3676 quam
1596 3601 1697 3657 anime

54 3662 209 3723 desiderat.
222 3665 764 3738 mhilquealiudrespicitcordisintnitu,
775 3681 859 3741 quarn
900 3718 957 3758 5⁰ae
975 3701 1140 3763 remedium,
1158 3700 1247 3771 magis
1262 3710 1458 3767 ,umquam
1467 3695 1557 3749 Deum
1571 3707 1577 3745 2
1591 3689 1698 3746 ,mum

55 3753 132 3809 unde
141 3753 290 3825 pecuniam
297 3770 395 3825 petrano
403 3755 502 3817 soleat,
510 3757 808 3828 procreatrixnamque
817 3762 860 3811 est
900 3794 975 3847 enim
985 3789 1183 3854 mmmmm,
1193 3788 1299 3843 nullam
1309 3784 1507 3849 obedientium,
1518 3783 1626 3837 nullam
1634 3780 1699 3835 aba.

55 3842 187 3897 ‘mlum
200 3841 338 3898 mmmm
354 3843 481 3911 ‘wamia‘
498 3858 559 3916 ‘1¹¹ae
574 3860 707 3916 sequaces
727 3860 792 3901 ⁸u⁰⁸
811 3845 858 3900 ubi
899 3880 1021 3941 ritatem
1035 3878 1140 3934 nullam
1155 3876 1350 3940 reverentiam,
1360 3874 1466 3929 nullam
1476 3856 1609 3927 vinitam
1624 3868 1699 3924 exhi·

55 3946 123 4003 spes
138 3932 643 4005 nummialiquapotueritrefulgere,
659 3933 858 3990 nullarnildem
900 3969 956 4035 bet,
977 3967 1025 4024 sed
1040 3967 1204 4038 indignam,
1213 3965 1248 4021 ad
1264 3965 1367 4029 omnia,
1382 3969 1410 4018 e,
1424 3963 1459 4017 gd
1480 3960 1591 4032 singul„
1613 3970 1700 4032 opopa

54 4018 190 4076 “hibere
206 4021 355 4122 pemfmt',
369 4037 418 4094 pm
431 4022 482 4077 ¹¹⁰⁰
493 4038 548 4078 ⁰⁰¹¹
563 4022 711 4123 m⁰nd⁵f⁰ih
726 4040 782 4078 ¹¹⁰⁰
795 4042 859 4096 Μ’
900 4064 1059 4112 murmurat
1073 4062 1157 4128 utque
1166 4055 1297 4128 suspirat,
1310 4052 1424 4109 etvelut
1433 4064 1523 4124 equus
1534 4050 1699 4106 durissimus

51 4110 136 4185 jurii,
154 4124 210 4164 non
224 4110 291 4165 iuris
305 4109 412 4166 lbenms
426 4112 623 4183 perhorrescit.
633 4112 733 4184 Fitque
741 4129 791 4184 per
801 4128 859 4168 om·
901 4149 936 4205 ad
950 4146 1134 4222 precipitium
1148 4147 1238 4204 semu,
1250 4145 1376 4202 infrenis!

56 4200 107 4254 niu
121 4202 155 4254 ut
166 4198 228 4253 aliis
242 4206 347 4263 ventor,
359 4200 400 4255 ita
409 4219 492 4256 avaro
507 4216 608 4256 aurum
618 4208 647 4256 et
657 4219 720 4273 spes
730 4202 799 4256 lucri
810 4218 860 4274 pro

56 4284 128 4343 Deo.
143 4287 223 4343 Unde
237 4286 336 4343 beatus
345 4288 495 4362 Apostolus
511 4289 683 4345 «avaritiam
695 4290 860 4347 simulacro·
902 4278 967 4332 Oti·
979 4275 1116 4330 XXXVII·
1132 4304 1153 4315 ··
1167 4272 1563 4342 llicitiffllwwilliwaldi&
1571 4289 1578 4330 ἕ
1592 4268 1701 4323 ‘mma

58 4386 125 4431 rum
135 4377 301 4432 seruitutem
310 4379 375 4447 (Col.
393 4390 430 4441 ιιι,
448 4380 475 4447 b)
496 4400 506 4430 ι
524 4378 725 4452 pronuntiauit,
745 4379 894 4482 eoquodD
1133 4379 1215 4431 tulit?
1234 4364 1283 4417 ¹³⁰⁶
1303 4363 1469 4417 ‘lilimffl’l'a-

60 4466 155 4539 ligura
164 4466 216 4520 Dei
226 4471 255 4521 el
265 4466 387 4539 imagine
396 4467 593 4543 praetermissa,
606 4484 689 4540 quarn
698 4468 797 4524 devote
806 4485 863 4523 ser·
939 4470 962 4525 0
978 4468 1104 4540 quisquis
1118 4485 1157 4534 es,
1173 4484 1255 4522 auare
1268 4467 1415 4539 etcopidc,
1432 4466 1498 4522 audi
1512 4465 1662 4521 Dominum
1671 4464 1701 4520 in

61 4551 140 4608 tiens
155 4548 213 4609 Deo
227 4554 436 4611 immaculatam
452 4555 482 4611 ln
496 4556 646 4629 semetipso
662 4556 757 4612 debuit
773 4562 863 4612 custo·
904 4558 1053 4629 Everrgelio
1067 4573 1118 4612 suo
1130 4557 1288 4612 dicentem:
1304 4557 1429 4611 «Coreto
1443 4555 1478 4609 ab
1491 4555 1567 4610 omni
1584 4555 1702 4610 avaritia

62 4640 133 4705 dire,
150 4638 298 4697 hominum
314 4646 417 4715 ilguras
432 4644 583 4716 impressas
598 4660 666 4701 auro
681 4646 797 4716 diligero
813 4662 863 4717 pro
902 4649 978 4717 (troo.
1007 4660 1054 4709 sn,
1090 4644 1150 4713 15),
1176 4662 1190 4698 a
1220 4653 1249 4700 et
1272 4646 1437 4716 Apostolum
1459 4645 1701 4701 comminantem:

63 4730 122 4787 Deo
138 4729 239 4786 maluit
253 4734 281 4787 et
295 4733 377 4787 tueri.
391 4734 512 4789 Cunctos
521 4733 608 4805 igitur
618 4750 689 4807 punc
699 4750 797 4789 omncs
807 4736 865 4806 agi·
907 4754 920 4788 s
936 4735 1033 4806 Neque
1049 4734 1135 4799 everi,
1149 4751 1240 4806 noque
1254 4750 1378 4806 rapaces,
1388 4751 1505 4804 regnum
1515 4735 1567 4790 Dei
1579 4735 1704 4806 posside-

63 4827 106 4875 tat
120 4819 249 4887 avaritia,
266 4822 374 4877 nullum
385 4824 418 4877 de
434 4822 477 4877 his
493 4822 619 4894 quletum
630 4839 691 4879 esse
705 4823 861 4895 permittit:
905 4825 977 4879 bunt
989 4825 1012 4894 (Ι
1026 4825 1086 4879 Cor.
1105 4838 1141 4889 ιι,
1157 4824 1212 4893 10).
1227 4844 1237 4875 ι
1261 4824 1334 4879 Audi
1356 4831 1384 4878 ot
1407 4824 1586 4880 Salomonem
1608 4823 1704 4879 ‹liceu-

65 4911 112 4981 qul
128 4909 199 4965 nihil
217 4908 482 4984 habentcupiditete
494 4918 670 4983 torquentur,
687 4911 727 4967 illl
738 4910 865 4984 quidivl-
906 4919 979 4967 tenu
999 4932 1011 4964 s
1028 4914 1161 4969 Fructum
1173 4931 1229 4969 non
1245 4913 1384 4984 copiates
1400 4914 1440 4967 eis
1462 4914 1553 4979 (iderti.
1578 4930 1603 4975 ι,
1626 4910 1671 4981 9);
1689 4930 1702 4967 a

65 4996 119 5054 tias
143 4998 288 5075 possident
312 5000 499 5055 sollicitudine
519 4998 690 5055 cruciantur.
717 5000 774 5056 Nec
797 5001 865 5073 ipsis
906 5001 993 5057 item:
1009 5022 1020 5054 r
1037 5004 1128 5058 Arare
1142 5003 1211 5059 nihil
1226 5009 1268 5058 ost
1283 5002 1427 5056 scelestius
1443 5003 1536 5069 (tiocli.
1551 5018 1579 5068 x,
1595 5000 1635 5072 913
1649 5020 1660 5053 ι
1677 5005 1706 5056 ot

66 5088 141 5144 enirn
155 5089 227 5144 bene
237 5096 289 5153 est,
306 5088 353 5161 qui
369 5089 511 5145 recondito
523 5104 592 5145 auro
603 5086 746 5157 incubant,
759 5091 816 5146 imo
826 5088 867 5162 ip·
907 5091 975 5146 item
987 5092 1045 5146 alio
1060 5091 1090 5145 in
1105 5092 1164 5147 loco
1175 5092 1243 5147 dicit
1254 5091 1411 5162 Scriptura:
1427 5109 1440 5142 o
1457 5091 1565 5145 Avarus
1580 5089 1705 5162 pecuniis

67 5176 104 5232 sis
120 5180 165 5234 est
177 5179 299 5249 gravius,
317 5194 428 5253 semper
438 5178 511 5234 enirn
528 5178 801 5243 suntanxii,1noestl,
814 5180 867 5234 sol·
908 5196 963 5235 non
978 5179 1142 5252 implebitur
1158 5182 1251 5249 (Eroti.
1269 5194 1294 5246 v,
1312 5178 1349 5249 9).
1364 5200 1376 5231 a
1392 5179 1704 5246 pertimesceremus,

67 5264 145 5327 liciti,
162 5284 198 5323 ne
213 5267 265 5322 hoc
282 5282 378 5324 seruus
393 5268 510 5329 nul'erut,
528 5283 563 5323 ne
578 5268 624 5324 lur
638 5266 760 5330 effodiat,
784 5275 868 5340 atquo
909 5269 960 5323 hos
974 5269 1133 5324 divinarum
1145 5270 1353 5340 scripturarum
1365 5267 1531 5336 sententias,
1548 5273 1576 5322 et
1597 5268 1654 5323 noli
1677 5269 1706 5324 in

67 5354 129 5410 ideo
146 5357 324 5411 retrudentes
339 5355 407 5412 illud
419 5355 552 5424 tenebris,
571 5358 611 5412 ita
630 5357 812 5424 abscondunt,
837 5364 870 5413 ut
909 5374 974 5412 arei
999 5357 1118 5412 cubiculi
1144 5358 1248 5412 terreni
1267 5363 1331 5412 tuas
1356 5373 1492 5429 reponere
1516 5356 1637 5421 divitias,
1658 5358 1707 5412 sed

21 5490 32 5513 ,
68 5443 194 5501 omnium
202 5442 389 5518 subterfugiat
397 5444 551 5509 notionem,
562 5447 632 5502 nihil
643 5463 675 5501 es
685 5462 717 5501 eo
727 5447 869 5520 profereu-
910 5464 957 5502 eas
966 5442 1058 5519 potius
1069 5462 1119 5520 per
1129 5462 1228 5503 nrunus
1236 5458 1393 5519 pauperum
1402 5443 1603 5517 orphanorum,
1614 5444 1708 5502 vidua·

67 5540 109 5588 tes
126 5532 278 5607 aliquando
291 5534 326 5589 ad
339 5550 432 5602 usuro,
444 5553 479 5591 ne
498 5536 606 5608 apertio
628 5532 810 5591 tenebrarum
832 5532 871 5594 tlt
910 5552 1040 5608 rumque,
1054 5532 1083 5591 in
1095 5535 1253 5591 scelestibus
1263 5536 1424 5589 transmitte
1432 5532 1582 5590 thesonis.
1598 5535 1708 5599 Audio

69 5632 154 5678 musa
168 5620 313 5695 perdendi,
330 5630 441 5681 servant
452 5621 625 5681 autemillud
639 5630 868 5695 anonumum,
911 5638 1003 5694 amre,
1014 5622 1147 5699 stupide,
1160 5622 1426 5681 Paulumdioentem
1435 5625 1606 5697 apostolum
1618 5624 1711 5680 onva-

942 3169 1037 3240 (uass.)
1053 3170 1143 3234 Quem
1155 3170 1229 3226 enim
1240 3165 1357 3224 avaritia
1366 3162 1500 3238 possidet,
1512 3160 1602 3233 magis
1612 3157 1647 3213 ad
1658 3154 1700 3212 lo·

903 3276 966 3313 rum
983 3260 1114 3331 quemad
1128 3259 1279 3315 Ecclesiam
1287 3253 1431 3331 properari
1440 3251 1551 3317 suadet,
1562 3248 1652 3321 magis
1660 3241 1701 3302 in·

901 3348 987 3403 tentis
998 3348 1085 3402 oculis
1100 3347 1234 3420 perspicit
1248 3362 1348 3400 aurum
1364 3359 1448 3414 quam
1472 3339 1583 3403 coelum,
1609 3334 1699 3406 magis
