3772 6120
102 111 152 168 oso
268 164 277 171 ,
315 74 605 169 summnomm
622 110 662 167 rs
680 109 757 166 ser.
777 109 886 168 rrum
904 111 974 169 ars.
995 111 1080 167 xxv.
1108 140 1142 153 -
1160 111 1200 167 ru
1218 110 1332 169 arrsr.
1344 113 1372 171 rr
1389 113 1438 170 no
1456 115 1525 171 nr.
1688 112 1741 179 sco

101 236 270 308 questiones
278 238 439 310 putantium
446 238 536 294 Deum
545 238 676 293 humanis
686 238 814 293 sensibus
820 255 902 312 posse
910 240 1038 312 Aturpia
1051 245 1193 295 sectamur
1205 240 1293 295 lucre.
1309 239 1417 298 Deinde
1432 240 1606 312 genualitar
1626 243 1744 301 instruit

99 325 310 397 comprehendi.
322 327 620 398 AbhisigiturPaulus
635 344 685 382 nos
696 335 808 383 revocat
826 344 900 400 qua-
940 329 1045 385 diceus:

100 415 238 471 stionibus
250 424 396 487 materam
405 417 441 472 ad
456 417 605 488 sapientes,
622 423 651 470 et
664 434 725 488 quse
740 418 899 490 Scriptura·
978 420 1169 475 «Haereticum
1178 421 1322 476 hominem
1328 422 1744 493 postunametsccundamcor·

100 506 503 574 mmauctoritatesuntfultae,
514 508 604 578 magis
616 508 780 563 cohortatur
793 513 822 562 et
833 525 899 580 pro-
942 509 1121 580 «reptionem
1141 510 1247 578 devite,
1262 511 1353 566 aciem
1367 511 1442 582 quod
1457 511 1742 584 subversusestejus-

99 599 183 661 vocat,
195 600 404 666 praceptorum
419 612 475 650 non
486 595 596 650 nescius
611 596 772 664 salvatoris,
788 596 818 651 in
834 596 896 669 qui·
940 598 1050 665 smodi,
1064 599 1232 671 etdeliqurt,
1246 600 1295 672 qui
1305 605 1372 655 esta
1384 601 1536 673 semetipso
1548 601 1708 658 damnatus.
1726 620 1739 655 o

100 681 145 737 bus
160 683 221 738 ait:
237 703 251 737 a
268 685 400 752 Quaerite,
411 693 440 740 et
449 685 596 740 invenietis
605 703 611 739 :
621 686 739 756 pulsate,
752 691 781 740 et
791 686 898 757 aperie·
940 687 1252 759 (AmblEtadplenum,
1262 688 1364 761 inquit,
1375 687 1564 758 illumdovita,
1571 689 1620 762 qui
1632 705 1667 745 es
1678 705 1741 763 que

98 784 140 826 tur
159 773 240 828 robis
252 775 365 846 ,petita
377 781 405 830 et
419 773 625 830 dabiturvobis.
641 774 739 830 Omnis
759 776 834 830 enim
849 775 897 847 qui
938 777 1152 832 mnirariasuut
1157 777 1256 849 pietati
1262 777 1740 849 praelegitmuuceuimbmreticum

100 862 337 931 quaritinveniet,
352 868 382 918 ct
388 864 436 935 qui
444 864 545 935 quaerit
553 863 681 935 accipiet,
698 865 788 936 etqui
804 864 899 935 pulsat
939 871 1028 920 vocat.
1034 864 1187 937 Postquam
1195 867 1271 922 enim
1277 866 1589 923 semeletbiseumdum
1599 867 1739 924 instmxe·

99 951 423 1021 uperieturei(hrrc.x1);
437 974 449 1001 o
462 953 898 1024 modononsitcorpusnostrum
938 953 978 1007 ris
998 959 1027 1008 et
1038 953 1194 1011 ostenderis
1208 956 1233 1011 ei
1245 956 1294 1011 illa
1305 973 1368 1028 quse
1376 957 1547 1012 conveniunt
1560 957 1623 1029 ejus
1641 957 1737 1025 saluti,
1809 1023 1811 1027 Α

98 1038 240 1094 subditum
253 1041 426 1113 peccasset
447 1042 625 1112 ingredietur
638 1042 668 1096 in
681 1058 733 1097 nos
747 1043 895 1115 sapientia.
937 1044 1113 1115 superfluum
1119 1051 1163 1100 est
1177 1044 1284 1102 diutius
1295 1061 1360 1101 cum
1367 1046 1506 1117 ejusmodi
1516 1047 1739 1119 disputare,cum

98 1128 266 1184 Exemeatur
275 1147 384 1197 sensus,
397 1147 476 1184 mens
485 1131 610 1201 quotidie
620 1131 714 1186 divina
720 1131 840 1186 lectione
850 1148 898 1203 pa·
937 1132 977 1185 sit
985 1132 1167 1188 manifestum
1182 1133 1314 1205 quoniam
1333 1135 1441 1190 nullam
1459 1135 1577 1207 percipit
1591 1135 1740 1192 comoedu-

96 1226 194 1286 satur,
213 1226 246 1274 et
253 1220 422 1292 questiones
430 1226 534 1275 nostrae
545 1221 638 1275 stultae
651 1235 708 1275 non
722 1226 806 1275 erunt
819 1237 896 1292 quss-
937 1236 1013 1288 nem,
1024 1238 1057 1277 ex
1072 1222 1173 1294 quibus
1179 1224 1266 1279 semel
1271 1229 1302 1278 et
1307 1223 1351 1278 bis
1358 1224 1407 1278 ills
1412 1223 1739 1296 quaconveuiebantsibi

94 1308 205 1363 stiones.
219 1310 303 1374 Quod
311 1314 406 1364 autem
420 1310 470 1376 ait,
487 1309 690 1380 «genealogias
698 1315 727 1364 et
743 1311 898 1366 contentio·
938 1310 1066 1379 audiens,
1076 1327 1244 1383 cognoscere
1253 1312 1344 1367 noluit
1354 1312 1513 1368 veritatem.
1522 1312 1661 1387 Relinque
1670 1329 1738 1386 ergo

91 1411 132 1451 res
146 1404 179 1452 et
194 1398 285 1466 rixas,
297 1415 358 1470 quae
379 1399 495 1455 veniunt
511 1416 545 1453 ex
563 1400 625 1469 lege
639 1399 767 1466 devitas
784 1399 897 1471 proprie
938 1414 1004 1453 eum
1012 1399 1059 1470 qui
1068 1400 1133 1455 talis
1151 1407 1204 1470 est,
1220 1407 1252 1456 ut
1264 1402 1373 1473 justam
1389 1407 1554 1474 exspectata
1564 1401 1661 1474 judica
1673 1418 1737 1476 pus-

87 1487 182 1555 pulsat
193 1488 209 1543 J
213 1487 322 1554 udreos,
330 1487 413 1559 quiin
421 1505 454 1544 eo
469 1506 499 1542 se
510 1488 644 1559 jactitant
656 1493 685 1543 et
711 1492 812 1559 putant
828 1487 897 1558 legis
938 1503 1014 1555 nam,
1030 1505 1064 1543 eo
1078 1491 1152 1560 quod
1162 1489 1541 1547 nullumexinstructionein
1550 1491 1595 1546 his
1609 1506 1741 1547 consum·

81 1572 191 1630 habere
203 1577 351 1644 notitiam,
360 1577 382 1631 si
392 1577 895 1648 nominateneantsingulorumzquae
905 1585 928 1645 Β
938 1592 1019 1631 mans
1041 1578 1201 1649 plenarium
1223 1580 1372 1635 consilium
1392 1596 1486 1635 suum.
1499 1580 1599 1653 (Hier.)
1614 1579 1737 1636 Heresis

76 1665 145 1734 quia
162 1663 297 1719 barbara
307 1671 373 1720 sunt
387 1672 417 1720 et
430 1666 615 1738 etymologias
630 1682 728 1720 eorum
743 1681 800 1720 nou
819 1665 896 1719 novi·
936 1665 1031 1721 Graece
1041 1666 1076 1721 ab
1088 1667 1224 1723 electione
1233 1668 1346 1737 dicitm,
1362 1669 1438 1741 quod
1455 1668 1562 1725 scilicet
1587 1668 1738 1742 unusquis·

70 1768 153 1822 mua
162 1755 343 1826 plerumque
352 1761 483 1828 corrupto
498 1755 680 1826 proferuntur
693 1771 710 1808 a
725 1752 805 1809 nobis
818 1770 824 1808 :
837 1753 895 1808 etsi
936 1770 990 1825 que
1004 1754 1033 1809 id
1048 1755 1101 1811 sibi
1116 1756 1211 1827 eligat,
1228 1757 1444 1828 quodeimelius
1458 1756 1736 1814 murmannu-

63 1842 150 1899 forte
163 1845 364 1899 erraverimus
372 1845 403 1899 in
417 1850 543 1910 accentu,
559 1845 588 1898 in
612 1844 773 1899 extensione
788 1849 816 1897 et
830 1843 895 1898 bre-
935 1843 1045 1916 losophi
1060 1861 1172 1917 quoque
1190 1846 1288 1912 Stoici,
1309 1847 1498 1919 Peripatetici,
1520 1846 1681 1902 Academici
1708 1852 1738 1903 ct

60 1933 168 1987 vitate
180 1933 314 2005 syllaba,
328 1934 371 1987 vel
382 1934 477 1988 brevia
490 1934 685 2005 producentes,
702 1932 746 1988 rel
760 1933 897 2006 producta
937 1934 1076 2006 Epicurei,
1087 1934 1164 1989 illius
1177 1935 1221 1989 vel
1230 1935 1306 1990 illius
1328 1936 1466 1991 umeseos
1483 1935 1671 2007 appellantur.
1687 1936 1739 1992 Su·

55 2021 261 2088 breviantes,
285 2023 376 2078 solent
389 2023 508 2078 irridere
527 2040 579 2078 nos
603 2023 762 2095 Imperitia,
773 2022 895 2077 maxime
936 2023 1077 2095 perfluum
1083 2029 1126 2078 est
1142 2023 1184 2078 ire
1194 2040 1246 2096 per
1255 2024 1376 2095 singula,
1386 2028 1416 2079 et
1429 2023 1738 2091 Marcionemvalenti-

51 2113 93 2167 in
118 2111 361 2183 aspirationibus
388 2118 417 2166 et
445 2111 613 2184 quibusdam
631 2129 695 2167 curn
709 2112 895 2182 rasuragulre
936 2111 1737 2184 num,hpcllen,Hebionem,llontanumetlfauichseum
1845 2136 1848 2141 ¹

51 2201 188 2258 litteris
194 2201 385 2273 proferendis.
397 2202 545 2267 Quomodo
558 2218 619 2268 nos,
637 2202 685 2272 qui
694 2202 775 2256 latini
785 2217 892 2269 sumus,
935 2202 1067 2257 cumsuis
1080 2219 1248 2257 enumerare
1270 2201 1458 2273 dogmatibus,
1470 2218 1534 2257 cum
1552 2198 1684 2273 perfacile
1698 2201 1738 2257 sit

50 2291 173 2348 latina
184 2291 310 2346 nomina
324 2297 352 2345 et
362 2291 485 2362 origines
501 2292 535 2346 dc
544 2292 642 2363 lingua
656 2297 753 2347 nostra
761 2291 895 2346 habentia
934 2291 1085 2362 uuicuique
1096 2307 1274 2362 cognoscere,
1286 2289 1497 2363 quibussinguli
1507 2289 1647 2346 ducauurr
1659 2306 1737 2346 erro·

49 2380 195 2438 facilius
211 2381 359 2435 memoriae
369 2381 611 2447 tradimus,itailli
621 2398 639 2435 a
648 2397 735 2452 parva
744 2385 894 2435 aetatever-
934 2378 1022 2435 ribus,
1037 2380 1121 2436 Arius
1135 2385 1164 2436 et
1181 2381 1334 2436 Eunomius
1344 2385 1459 2437 ctnovae
1472 2385 1571 2435 aanor
1586 2379 1735 2449 boemseos,

49 2471 186 2528 nacula
197 2470 262 2524 suis
282 2470 419 2524 sermonis
431 2470 568 2525 vocabula
581 2470 751 2542 plenissimis
764 2469 893 2526 sensibus
934 2469 1044 2523 utinam
1057 2473 1118 2524 tam
1128 2469 1188 2525 noti
1212 2486 1270 2525 non
1288 2474 1391 2537 essent,
1408 2469 1502 2524 minus
1515 2468 1633 2523 forsitan
1646 2467 1734 2540 pluri·

50 2558 275 2621 imbiberunt,
292 2566 321 2613 et
334 2560 368 2613 ah
390 2559 502 2614 exordio
525 2560 616 2614 Adam
639 2559 778 2632 usquead
803 2564 894 2614 exue-
933 2573 995 2612 mos
1008 2558 1382 2631 decepissentlllereticum
1399 2558 1487 2629 igitur
1513 2557 1658 2613 hominem
1671 2562 1737 2631 post

54 2663 161 2705 mum
173 2646 335 2701 zorobabel
344 2648 470 2702 omnium
476 2651 673 2720 generationes
681 2648 720 2701 ita
730 2647 894 2702 memoriter
932 2663 1019 2702 unam
1031 2648 1246 2720 correptionem,
1262 2648 1321 2703 sive
1338 2652 1372 2703 ut
1381 2648 1411 2703 in
1423 2647 1520 2702 Graeco
1533 2646 1635 2702 melius
1646 2645 1735 2703 habs·
1767 2706 1777 2719 ,

57 2736 283 2807 velociterque
293 2742 470 2809 perennant,
489 2742 521 2791 ut
537 2752 585 2791 eos
599 2753 682 2792 suum
691 2741 774 2808 putes
786 2736 893 2792 referre
932 2741 989 2803 tur,
1000 2739 1146 2804 νωθισίαν,
1164 2737 1275 2793 devita:
1288 2737 1410 2799 modesta
1427 2742 1523 2792 autem
1538 2736 1736 2793 commonitio·

57 2841 202 2882 nomen.
220 2825 282 2879 Hoc
296 2840 357 2891 nos,
378 2826 445 2896 quia
459 2831 510 2880 aut
530 2825 599 2880 alias
613 2826 722 2880 litteras
732 2825 890 2894 didicimus,
933 2828 1094 2898 nemmagis
1109 2832 1139 2881 et
1152 2827 1309 2882 doctrinam
1327 2827 1434 2899 absque
1443 2825 1636 2899 increpatione
1648 2824 1735 2897 signi·

60 2920 129 2969 aut
141 2918 229 2968 certe
242 2929 304 2968 sero
311 2913 482 2968 credidimus
497 2914 526 2968 in
536 2914 690 2980 Christum,
707 2913 855 2968 autetiam
868 2914 894 2969 si
903 2905 926 2967 G
934 2915 1008 2969 licat.
1025 2915 1178 2986 legiturin
1186 2915 1283 2971 latinis
1293 2914 1443 2984 codicibus,
1455 2914 1530 2988 quod
1539 2930 1638 2970 rerum
1656 2913 1734 2987 Papa

64 3003 213 3056 infantes
228 3018 328 3056 sumus
342 3002 471 3057 Ecclesia
485 3003 648 3075 mancipati,
666 3004 757 3075 magis
771 3003 893 3075 scriptu·
934 3019 1045 3075 quoque
1063 3003 1235 3060 Athanasius
1263 3004 1446 3076 approbabat,
1473 3022 1486 3057 r
1511 3008 1575 3075 post
1597 3019 1685 3059 unam
1703 3007 1734 3059 et

65 3108 185 3146 rarum
207 3107 324 3146 sensum
343 3108 428 3163 quam
450 3091 536 3147 verba
561 3099 713 3147 sectamur.
737 3092 890 3159 Dialectici,
934 3092 1053 3148 alteram
1066 3095 1305 3166 correptionem»
1321 3094 1397 3165 quod
1408 3092 1584 3148 scilicetnon
1611 3090 1734 3148 sufficiat

68 3196 210 3250 quorum
226 3181 391 3236 Aristoteles
407 3182 595 3254 princepsest,
608 3183 891 3252 solentargumenta·
933 3187 1045 3237 tanturn
1060 3182 1147 3237 semel
1160 3198 1226 3236 eum
1247 3182 1348 3254 corripi
1371 3183 1414 3237 rel
1428 3181 1601 3237 commoneri
1614 3181 1664 3254 qui
1681 3180 1733 3236 ali·

67 3267 199 3323 tiorum
213 3269 423 3336 retiatendere,
439 3278 469 3325 ct
488 3286 588 3341 vagam
606 3270 752 3325 rhetorica
780 3269 892 3326 liberto·
934 3287 989 3342 quo
1009 3271 1047 3325 sit
1067 3270 1235 3342 depravatus
1263 3287 1358 3326 errore
1379 3291 1386 3339 ;
1405 3271 1499 3326 sedet
1518 3269 1734 3327 secundeeisit

71 3360 186 3414 temin
215 3359 443 3431 syllogismorum
457 3361 569 3433 spineta
583 3359 759 3415 concludere.
776 3360 891 3431 iliergo
932 3359 1237 3427 adhibendadoctrina,
1251 3360 1319 3415 utin
1333 3376 1381 3414 ore
1396 3359 1674 3415 duorumauttrium
1687 3365 1731 3414 te·

73 3449 171 3516 quiin
189 3448 375 3503 eototosdies
396 3454 425 3503 et
434 3455 529 3504 noctes
539 3455 644 3516 terunt,
666 3454 698 3504 ut
706 3450 748 3503 vel
768 3449 890 3504 interro·
932 3449 1018 3503 stium
1028 3448 1303 3503 stetomneverhnm.
1317 3449 1411 3513 Quare
1423 3452 1520 3504 autem
1534 3447 1733 3521 postprimam

73 3543 162 3603 gent,
181 3537 228 3591 rel
246 3538 444 3608 respondeant,
460 3539 502 3592 vel
518 3538 586 3592 dent
600 3537 831 3610 propositionem,
847 3538 890 3593 vel
932 3544 961 3591 et
977 3539 1128 3593 secundam
1152 3537 1356 3609 correptionem
1376 3536 1542 3592 devitandus
1569 3536 1618 3605 sit,
1637 3535 1731 3591 reddit

75 3626 240 3698 accipient,
255 3636 411 3693 assumant,
428 3628 597 3681 confirment
612 3632 697 3698 atque
711 3626 889 3696 concludant,
931 3643 1030 3682 causas
1041 3626 1156 3681 dicens:
1174 3646 1187 3679 a
1204 3626 1278 3700 quod
1291 3626 1443 3681 subversus
1467 3631 1511 3680 est
1524 3625 1675 3698 ejusmodi,
1700 3630 1730 3680 et

76 3716 229 3782 quosdam
240 3716 430 3771 contentiosos
437 3721 545 3783 vocant,
558 3717 606 3787 qui
616 3722 648 3771 ut
655 3716 732 3782 libet,
741 3733 799 3771 non
806 3716 891 3771 ratio-
931 3720 1028 3788 peccat
1041 3732 1105 3771 curn
1118 3716 1157 3770 sit
1169 3732 1187 3771 a
1201 3716 1352 3788 semetipso
1371 3715 1531 3770 damnatus.
1552 3712 1637 3780 »uui
1652 3713 1729 3769 enirn

75 3813 126 3873 ne,
138 3804 195 3860 sed
204 3805 350 3860 stomacho
364 3805 509 3876 disputent
522 3804 703 3876 litigantium.
717 3805 746 3860 Si
758 3804 890 3875 igiturilli
931 3806 1018 3860 semel
1027 3805 1125 3878 bisque
1141 3811 1296 3877 correptus,
1307 3804 1404 3860 audito
1418 3819 1513 3859 errore
1526 3818 1589 3873 mo,
1600 3817 1658 3858 non
1671 3802 1733 3859 vau

75 3886 134 3949 hoc
151 3894 264 3949 faciunt
279 3911 399 3965 quorum
412 3895 524 3967 proprie
539 3912 585 3949 ars
599 3895 741 3949 contentio
756 3900 808 3961 est,
823 3894 891 3965 quid
931 3895 1043 3967 corrigi,
1050 3911 1145 3950 errare
1159 3893 1281 3950 estimat
1292 3893 1490 3966 corrigentem,
1516 3897 1546 3948 ct
1558 3908 1574 3947 e
1587 3891 1731 3947 annana

74 3978 170 4039 debet
186 3983 281 4038 facere
301 3983 486 4049 Christianus,
507 3984 561 4038 nisi
574 3985 689 4038 omnino
702 3984 799 4054 fugere
823 4000 890 4038 con·
931 3998 962 4036 se
976 3983 1012 4037 ad
1026 3982 1440 4055 pugnasetjurgn'averborum
1455 3996 1649 4055 pesenacum
1670 3979 1732 4036 vult

73 4071 359 4129 tentionemruixae
368 4090 479 4144 quoque
489 4074 593 4144 legales
603 4074 714 4145 penitus
726 4073 891 4145 respuendae
931 4070 1188 4143 lucrifacereaquo
1212 4073 1339 4128 docetur.
1357 4073 1510 4144 Propterea
1518 4086 1612 4128 veroa
1625 4074 1730 4127 ames

71 4170 161 4223 sunt,
175 4168 206 4217 et
215 4162 230 4217 J
234 4163 376 4217 udreorunr
388 4162 514 4217 stultitiae
524 4162 715 4234 relinquendae
727 4182 732 4216 :
743 4162 891 4218 suntenim
931 4160 1103 4232 ipsodicitur
1113 4161 1416 4234 essedamnatus,quia
1429 4162 1590 4228 fornicator,
1607 4159 1729 4227 adulter,

70 4243 202 4307 inutiles
217 4258 248 4305 et
261 4267 347 4317 vanae,
365 4269 426 4323 quos
440 4257 553 4307 tantum
566 4252 687 4323 speciem
701 4251 824 4306 scientia
838 4223 1081 4318 ha-Dhomicida,
1093 4255 1123 4305 et
1129 4255 1232 4306 catera
1239 4251 1316 4319 vitia,
1324 4268 1375 4323 per
1387 4251 1546 4305 sacerdotes
1562 4248 1597 4303 de
1606 4247 1731 4304 Ecclesia

68 4328 162 4407 beno,
175 4346 311 4395 caeterum
320 4357 370 4395 nec
391 4340 558 4396 dicentibus.
570 4357 621 4395 nec
635 4339 814 4395 audientibus
828 4357 891 4412 pro·
931 4340 1135 4412 propelluntur.
1146 4339 1276 4395 Haeretici
1287 4345 1382 4394 autem
1396 4339 1427 4393 in
1437 4338 1544 4409 seipsos
1558 4335 1730 4392 mutantium

64 4436 161 4484 sunt.
173 4429 332 4494 Quidenim
347 4430 415 4483 mihi
426 4429 540 4501 prodest
549 4429 621 4484 scire
631 4435 699 4501 quot
713 4445 801 4485 annos
812 4429 887 4485 vixe-
931 4429 1025 4483 ferunt
1037 4445 1089 4483 suo
1103 4427 1219 4483 arbitrio
1232 4426 1399 4483 deEcclesia
1419 4425 1596 4493 recedentes,
1608 4439 1728 4496 quam·

59 4514 301 4585 ‘ititfatbusala
314 4524 399 4590 quoto
419 4519 510 4573 aetatis
525 4536 582 4574 suae
596 4535 670 4573 anno
684 4519 815 4575 Salomon
831 4536 889 4575 sor
929 4517 1016 4571 cessio
1030 4517 1150 4588 proprie
1165 4515 1340 4573 conscientie
1361 4515 1550 4570 videturesse
1571 4511 1726 4569 damnatio.

53 4600 154 4663 titus
169 4614 215 4662 est
229 4609 387 4678 conjugem,
409 4625 445 4663 ne
458 4609 575 4663 forsitan
590 4608 717 4663 Roboarn
740 4609 887 4663 undecimo
928 4608 1007 4662 Inter
1016 4606 1145 4661 haeresim
1155 4609 1185 4660 et
1197 4605 1320 4660 schisma
1328 4605 1447 4660 hocesse
1455 4603 1640 4672 arbitrantur,
1652 4603 1728 4675 quod

48 4699 178 4753 Qualis
192 4696 270 4752 illius
293 4714 367 4752 anno
395 4704 478 4752 natus
498 4715 558 4753 esse
584 4698 715 4752 credatur
729 4699 741 4751 l
755 4704 784 4752 et
797 4697 888 4753 multa
928 4695 1042 4751 heresis
1051 4711 1213 4767 perversum
1227 4694 1331 4765 dogma
1346 4692 1458 4762 habeat,
1474 4693 1597 4750 schisma
1611 4696 1727 4766 propter

46 4770 255 4853 hnusmodi,
271 4803 333 4857 quae
347 4791 397 4841 aut
420 4784 533 4842 difficile
557 4793 601 4842 est
623 4787 750 4842 invenire
774 4793 888 4859 propter
928 4784 1115 4857 episcopalem
1139 4784 1343 4839 dissensionem
1363 4783 1399 4838 ab
1429 4783 1554 4839 Ecclesia
1567 4787 1724 4855 separetur.

39 4856 222 4931 librorum
233 4876 408 4942 renotatam,
430 4882 459 4930 et
473 4877 550 4943 (dum
565 4877 702 4948 paulatim
712 4877 747 4930 dc
759 4877 887 4931 inernen-
928 4874 1131 4946 quodquidam
1153 4874 1182 4928 in
1195 4872 1333 4945 principio
1350 4871 1444 4945 aliqua
1457 4888 1490 4928 ex
1512 4877 1593 4944 parte
1606 4869 1727 4942 intelligi

36 4950 158 5020 datis
172 4965 355 5020 inemendata
379 4965 549 5034 scribuntur)
566 4982 676 5019 errores
698 4966 825 5034 inolit0s3
838 4972 889 5020 aut
927 4969 1029 5036 potest.
1045 4964 1186 5019 Ceterum
1201 4962 1312 5018 nullum
1329 4961 1519 5018 schismsnon
1532 4958 1586 5015 sibi
1599 4958 1725 5031 aliquam

35 5052 169 5109 etiam
184 5055 210 5108 si
225 5053 416 5108 inveniremus
431 5071 533 5125 magno
549 5054 641 5108 studio
649 5060 678 5107 ct
693 5054 798 5121 labore,
816 5054 888 5109 nihil
928 5053 1242 5125 confingithaeresimut
1256 5057 1332 5108 recte
1346 5051 1382 5107 ab
1395 5047 1725 5107 Ecclesiamcessissevi·

36 5136 429 5213 Dtofuturacognovimus.
440 5143 614 5213 Frequenter
622 5143 725 5198 accidit
738 5148 771 5197 ut
782 5141 887 5197 habea·
928 5143 1036 5197 deatur.

40 5225 269 5305 ¹'zuspngnas
280 5232 358 5302 legis,
374 5248 431 5286 non
442 5231 477 5285 ob
503 5231 674 5286 desiderium
687 5232 823 5299 veritatis,
838 5231 887 5287 sed
965 5249 979 5283 s
994 5231 1066 5286 Cum
1079 5231 1184 5286 misero
1195 5231 1332 5287 Artemm
1341 5231 1377 5286 ad
1390 5235 1419 5285 te
1434 5230 1479 5285 vel
1491 5228 1654 5302 Tycbicum,
1683 5229 1725 5286 fe·

50 5312 120 5373 Ob
126 5320 296 5391 jactantiam
324 5320 431 5391 gloria,
447 5321 515 5375 durn
539 5321 614 5392 apud
625 5337 673 5375 eos
688 5320 736 5392 qui
757 5321 886 5389 audiunt,
930 5319 1140 5375 «stinavenire
1153 5318 1190 5374 ad
1205 5336 1251 5374 me
1261 5318 1427 5391 Nicopolim,
1441 5318 1481 5375 ibi
1491 5318 1567 5375 enim
1576 5318 1727 5376 sanius

60 5396 453 5466 Goetivolumrrsaessimari:
464 5416 515 5465 aut
528 5415 604 5464 certe
617 5427 650 5465 ex
664 5410 716 5465 hoc
726 5410 887 5465 rumusculo
930 5429 944 5463 a
959 5425 1047 5464 mare.
1059 5428 1072 5462 o
1082 5409 1180 5479 (Hier.)
1196 5409 1328 5477 Legimus
1343 5409 1374 5462 in
1388 5408 1591 5466 exordioistius
1614 5408 1727 5482 Episto-
