3772 6120
116 275 166 331 393
325 272 616 330 assuatrlosuu
635 271 673 325 IN
693 271 769 324 EPP.
791 270 897 324 PAULI
918 270 977 325 LIB
1008 271 1094 325 XVII.
1112 301 1144 312 -
1160 272 1199 327 IN
1218 272 1329 328 EPIST.
1349 275 1398 329 AD
1418 276 1541 333 EPHES.
1705 281 1756 340 tut

117 410 282 472 gementum
296 400 397 454 datur:
409 400 512 471 pignus
520 416 594 463 vero,
610 400 663 454 hoc
676 406 719 453 est
731 400 918 478 guipupuupro
923 397 948 456 A
959 400 999 450 tre·
1002 439 1007 449 .
1026 397 1102 451 Licet
1117 398 1191 451 verbi
1202 399 1237 452 ad
1247 399 1362 455 verbum
1373 419 1503 473 expressa
1512 408 1660 462 translatio
1670 410 1758 480 possit

118 496 212 543 mutua
222 489 519 570 pecuniaoppooitur:
534 496 637 542 utrum
649 490 812 543 illareddita
823 489 914 543 fuerit.
959 486 1124 555 Apostolum
1138 487 1265 556 diligenti
1282 507 1412 543 excusare
1429 492 1534 559 lectori,
1546 497 1619 566 quod
1630 496 1758 553 videatur

118 576 248 631 reddendi
264 578 394 631 debitum
408 579 681 648 pigriusaereditore
692 580 835 633 reddatur.
853 578 918 642 Qui-
960 574 1051 627 onmis
1076 576 1216 629 sententia
1238 585 1345 631 seuere
1363 587 1517 647 contextus,
1534 590 1564 637 ot
1585 585 1758 641 soloecismus

118 683 233 736 cumque.
248 666 340 734 iuitur
353 684 409 720 non
430 673 541 720 tontum
558 667 694 738 Spiritum
714 678 841 721 sam-tum
858 667 917 736 {sed
960 663 1039 729 tieri;
1055 672 1149 717 tamen
1167 671 1197 717 ut
1211 665 1239 718 iu
1255 669 1349 720 thmco
1366 667 1463 721 sitium
1474 677 1565 724 sonat.
1572 673 1652 727 Unde
1666 680 1693 727 et
1707 691 1758 729 nos

120 754 252 825 Spiritum
269 758 413 825 sanctum]
430 755 654 826 repromissionis
671 756 818 826 arrepserit.
835 756 918 809 sinnii
960 752 1209 805 calumniatoribus
1224 756 1424 824 respondentes
1439 759 1612 825 conabimur,
1630 761 1760 831 itajuxtu

121 851 323 913 consequenter
336 845 546 914 [eonsetpreturl
562 852 589 896 et
604 845 790 897 arrlmbouem
802 845 918 898 haeredi·
961 857 1074 893 sensum
1088 846 1246 911 temperare
1261 844 1387 898 ordinem
1406 846 1541 911 iectionis
1562 854 1594 903 ut
1609 848 1735 904 dicamus
1752 869 1757 902 ε

121 932 177 986 tatis
192 950 258 1002 qua
273 933 426 986 hareditas
441 933 496 985 rit-i
511 940 646 1003 perpetim
666 940 717 986 est.
731 935 765 987 Et.
780 933 919 1004 quornodo
960 930 1085 983 Audiens
1095 931 1177 983 tidem
1189 932 1346 987 restrarniu
1357 935 1477 989 Domino
1490 938 1557 990 lesu
1567 938 1679 993 Christo
1690 947 1719 993 et
1731 940 1760 994 in

122 1038 150 1073 ex
156 1021 319 1073 arrhabone
333 1021 491 1075 :estimatur
505 1021 595 1090 qualis
610 1022 715 1092 emptio
731 1023 768 1075 sit
783 1022 878 1076 futuru
893 1028 920 1075 et
962 1026 1174 1073 omnessanetos
1188 1021 1412 1093 opturatumque
1424 1024 1612 1080 differentiam
1625 1027 1758 1082 fideiuss-

123 1127 175 1181 qua
190 1110 345 1180 possessio.
355 1109 428 1163 rerbi
440 1126 533 1163 (eausa.
550 1127 582 1162 er
596 1110 691 1164 decem
704 1111 800 1164 solidis
809 1119 920 1164 eentum
962 1115 1012 1162 trae
1026 1108 1054 1161 in
1071 1108 1222 1162 Iloininum
1233 1116 1261 1162 et
1271 1110 1299 1163 iu
1313 1128 1409 1165 ornnes
1418 1120 1529 1167 sanctos
1543 1116 1673 1184 ejus,n0n
1683 1133 1760 1172 cesso

125 1199 271 1252 solidorum
282 1199 359 1254 silla.
368 1206 398 1252 et
412 1216 443 1251 ex
454 1204 567 1251 eentum
577 1200 674 1252 solidis
682 1200 757 1252 mille
768 1200 921 1253 solidorum
962 1197 1068 1266 gratias
1076 1215 1159 1265 rigere
1167 1203 1195 1249 et
1205 1198 1369 1253 memorium
1385 1202 1469 1254 restri
1483 1201 1574 1256 tacere
1586 1204 1613 1257 in
1625 1205 1760 1259 orationi-

125 1286 272 1357 posscssi03
293 1285 331 1339 ita
352 1304 385 1340 ex
408 1287 542 1340 varietate
558 1287 732 1341 arrhabonis.
750 1288 922 1341 Irmreditatis
964 1286 1015 1341 bus
1030 1286 1144 1350 meis‚ut
1157 1287 1269 1340 Domini
1284 1289 1371 1341 nostri
1387 1290 1453 1343 Jesu
1468 1289 1572 1345 Christi
1583 1293 1666 1358 Deus,
1681 1301 1762 1365 pater

125 1390 227 1446 quoque
248 1382 350 1445 posteo
378 1382 515 1429 secutura
544 1377 708 1443 magnitudo
735 1377 919 1445 cognoscitur.
963 1376 1762 1450 autemglor·ia,detrolrisspiritumsapientiaeetrevela·

125 1464 249 1528 Quamris
261 1472 482 1518 auternsanetus
493 1471 529 1518 stt
539 1464 640 1535 aliquis
650 1473 735 1535 sitque
743 1467 923 1535 perfectuum
963 1465 1761 1535 tionisQuodaotemsequitu1·,·1'ltuattuatosoculoscordis

126 1554 242 1607 omnium
254 1553 366 1621 judicio
379 1552 553 1607 beatitudine
566 1553 667 1621 dignus
687 1561 809 1623 putetur.
828 1560 922 1607 tamen
963 1557 1055 1617 crebo,
1072 1554 1112 1607 ita
1127 1571 1177 1623 per
1193 1553 1366 1624 hyperbaton
1385 1556 1463 1609 reddi
1480 1563 1592 1626 potest:
1614 1564 1763 1629 propterea

126 1642 155 1696 ad
165 1642 291 1695 tutunun
308 1643 501 1696 haereditatem
516 1660 590 1696 nune
604 1642 790 1695 :urbabonem
806 1650 848 1695 est
863 1643 923 1712 Spi-
963 1658 1014 1712 ego
1030 1643 1146 1696 audiens
1162 1643 1245 1696 sidem
1260 1648 1381 1696 vestram
1396 1643 1425 1697 in
1440 1644 1560 1698 Domino
1570 1647 1636 1700 Jesu
1652 1647 1763 1701 Christo

128 1731 184 1785 ritus
198 1737 372 1785 consecutus
389 1750 395 1782 :
412 1732 434 1782 si
451 1738 545 1785 autem
559 1731 678 1784 arrhabo
691 1736 796 1791 tantus,
816 1736 953 1801 quantaB
963 1734 991 1786 in
1006 1732 1178 1801 agnitionem
1191 1733 1261 1799 ejus,
1271 1732 1444 1786 illuminatos
1455 1734 1550 1788 oeulos
1565 1735 1762 1801 cordisvestri,

128 1819 172 1872 uit
184 1820 327 1890 possessio
336 1820 348 1871 ’ἲ
368 1820 513 1883 Quomodo
528 1827 623 1873 mrtem
642 1820 762 1873 arrhabo
777 1820 824 1890 qui
843 1820 922 1873 nobis
964 1826 992 1875 et
1007 1821 1035 1874 in
1050 1836 1148 1874 omnes
1162 1826 1282 1885 sanctos,
1300 1837 1354 1874 non
1375 1838 1462 1887 cesso,
1484 1823 1591 1892 gratias
1609 1840 1695 1895 agens
1712 1841 1763 1896 pro

129 1907 262 1969 tribuitur,
280 1925 339 1962 nou
354 1917 398 1961 est
412 1916 490 1961 extra
514 1925 574 1973 nos,
590 1909 638 1961 sed
654 1909 729 1962 intra
744 1927 794 1962 nos
820 1914 871 1975 est,
885 1909 922 1961 sie
964 1909 1050 1962 robis.
1063 1909 1227 1961 memoriam
1237 1909 1321 1962 vestri
1336 1909 1426 1963 Iacere
1444 1911 1473 1963 in
1489 1911 1662 1966 orationibus
1681 1913 1761 1979 meis,

130 2008 152 2050 ct
161 1998 388 2067 ipsahaereditas.
405 1997 456 2050 hoe
467 2004 507 2050 est
518 2013 636 2065 regnum
645 1998 695 2051 Dei
708 1998 781 2068 quod
791 1998 864 2051 intra
873 2014 923 2050 nos
965 2004 997 2052 ut
1010 1999 1086 2051 Deus
1095 1997 1205 2051 Domini
1216 1997 1378 2051 nostriIesu
1391 1998 1503 2060 Christi,
1512 1999 1596 2054 Pater
1608 2000 1765 2070 gloriae‚det

132 2094 174 2151 es,
187 2086 218 2140 in
233 2085 319 2139 nobis
335 2092 463 2139 versatur
478 2085 654 2139 intrinsecus.
667 2087 733 2150 Quae
744 2086 817 2139 enim
833 2092 925 2156 potest
965 2085 1041 2140 robis
1060 2085 1189 2155 spiritum
1205 2085 1349 2156 sapientia
1362 2093 1391 2140 et
1407 2087 1585 2142 revelationis
1599 2088 1629 2142 in
1643 2089 1764 2159 agnitio-

133 2191 181 2228 csse
196 2176 289 2245 major
302 2175 461 2239 haereditas,
480 2191 563 2244 qumn
581 2175 765 2246 contemplari
782 2182 809 2227 ot
831 2175 924 2228 videre
966 2192 1040 2235 nem,
1057 2180 1088 2227 ut
1102 2174 1195 2227 sciatis
1210 2175 1317 2244 quasit
1335 2192 1399 2244 spes
1421 2175 1572 2230 vocationis
1586 2183 1693 2241 restra,
1710 2182 1762 2231 etc.

135 2280 202 2318 seusu
213 2263 458 2335 pulchritudinem
469 2264 628 2334 Sapientia.
637 2263 767 2327 etI'erbi,
781 2270 808 2316 et
820 2265 925 2316 Verita·
966 2264 1088 2335 (dorla.)
1104 2262 1284 2316 Manifestum
1298 2267 1349 2327 est,
1362 2263 1428 2333 quia
1438 2262 1501 2317 ideo
1510 2281 1540 2317 se
1550 2265 1706 2318 oraredicit
1715 2281 1765 2336 pro

136 2353 170 2417 tis
180 2360 207 2407 et
221 2352 364 2410 Luminis,
374 2353 499 2424 etipsius
510 2352 678 2406 ineffabilem
694 2352 927 2415 substantiarum
968 2352 1017 2418 em,
1029 2357 1061 2404 ut
1076 2351 1141 2404 tidei
1156 2367 1212 2403 suae
1227 2367 1305 2421 spem
1315 2358 1485 2421 cognoscant
1495 2352 1523 2405 iu
1539 2353 1765 2408 remuneratione

136 2442 303 2512 magnificam
321 2441 373 2495 Dei
397 2442 573 2495 considerare
587 2448 729 2506 naturum,
745 2441 926 2510 omniumque
967 2440 1086 2506 eoelesti3
1104 2439 1151 2509 qui
1165 2456 1228 2492 eum
1244 2440 1324 2510 plene
1340 2440 1454 2493 scierint
1469 2441 1517 2511 qui
1533 2440 1640 2496 tructus
1654 2448 1765 2496 estere-

139 2530 233 2598 quand
250 2529 470 2584 similitudinem
480 2529 928 2589 eondItasuntllei.sulrsuintiom
970 2529 1106 2582 stantium.
1124 2528 1319 2598 propensiores
1335 2531 1403 2582 tient
1417 2529 1490 2583 eirca
1505 2530 1685 2584 excolendam
1700 2531 1766 2585 reli·

141 2619 442 2672 mutueritlsteautem
452 2618 926 2689 spiritusrepromissionissanictos.
968 2618 1091 2687 gionem.
1103 2617 1209 2670 Tamen
1220 2616 1248 2670 in
1264 2617 1402 2686 ejusmodi
1417 2617 1526 2671 ridetur
1541 2618 1681 2689 protectus
1696 2619 1764 2685 fore,

141 2707 178 2776 uui
185 2715 226 2761 est
233 2707 538 2761 arrhabohareditatis
548 2707 769 2772 riostra‚ideireo
781 2723 854 2760 nunc
863 2724 928 2760 sau·
970 2707 1036 2777 quia
1051 2705 1074 2758 si
1089 2712 1240 2777 aratoquam
1254 2705 1344 2759 sciant
1358 2706 1551 2776 promissionis
1563 2707 1692 2777 gloriam,
1708 2713 1767 2762 tam

140 2795 769 2867 ctisdatur‚ut1·ediruanturetcopulenturIliso
780 2796 808 2849 in
817 2796 929 2849 laudem
970 2795 1150 2860 eevurisus,
1169 2795 1364 2865 propensiores
1379 2796 1446 2849 sient
1462 2796 1706 2862 necessariarum
1720 2813 1768 2851 co·

139 2883 396 2955 glonaeipsiusmon
406 2885 480 2955 quod
491 2886 565 2939 Draus
573 2885 691 2953 alicujus
699 2885 780 2938 laude
790 2885 924 2953 indigeat.
968 2883 1124 2954 gnoreriut.
1143 2883 1285 2937 Claritatis
1300 2889 1394 2937 tamen
1409 2890 1518 2954 patrem
1531 2891 1610 2939 vocat
1623 2886 1722 2950 Deum,
1741 2892 1770 2942 et

140 2972 253 3044 eoquod
263 2967 588 3027 lausDeilaudatoribus
599 2973 803 3044 prositctdum
813 2990 863 3043 per
873 2973 928 3026 sin—
968 2973 1073 3026 Christi
1088 2973 1186 3035 Deum,
1203 2989 1267 3026 eum
1283 2989 1364 3026 serus
1380 2979 1461 3044 pater
1471 2973 1575 3027 Christi
1589 2974 1626 3028 sit
1641 2975 1724 3039 Deus,
1741 2980 1770 3028 et

140 3061 286 3133 prlaopera
298 3063 478 3132 nrajestatem
490 3062 576 3132 ipsius
590 3062 869 3131 magnitudinemque
879 3079 926 3114 co-
937 3049 959 3108 G
969 3061 1044 3114 Deus
1055 3067 1199 3114 creaturae.
1223 3061 1277 3113 Sed
1293 3067 1321 3114 et
1337 3061 1395 3132 ipse
1411 3062 1548 3115 Domiuus
1566 3062 1664 3117 eadem
1680 3063 1765 3118 dicit:

141 3157 272 3218 gnoscunt
298 3151 334 3204 ad
357 3150 529 3205 laudandum
551 3168 614 3205 earn
644 3150 778 3204 miraculo
806 3149 929 3220 stuporis
976 3151 1094 3203 I'adoad
1114 3152 1221 3203 Putrem
1244 3167 1335 3202 rncmu
1354 3155 1377 3203 et
1399 3153 1510 3204 Patrem
1530 3157 1661 3218 restrum,
1682 3154 1768 3206 Deum

142 3246 286 3311 erumpant.
304 3240 618 3309 (.tmbr.)1,ausgioriao
635 3239 684 3292 Dei
700 3246 751 3291 est.
768 3256 831 3291 cum
848 3238 929 3292 multi
970 3255 1064 3292 uicum
1078 3244 1101 3291 et
1118 3240 1203 3291 iterim
1220 3244 1337 3292 restrum
1349 3240 1676 3312 (amiantrotiusergo
1691 3241 1770 3294 elari-

143 3328 359 3398 acquirunturad
371 3329 465 3381 tidem.
479 3328 650 3395 sieutgloria
660 3327 759 3380 rnidiei
770 3332 813 3380 est
825 3327 848 3380 si
860 3327 930 3380 mul·
972 3327 1037 3380 tatis
1053 3333 1133 3398 pater
1146 3334 1198 3394 est,
1217 3327 1282 3397 quia
1298 3327 1407 3397 abipso
1425 3333 1467 3380 est
1491 3329 1582 3382 omnis
1601 3329 1723 3395 claritas,
1743 3334 1771 3383 ot

144 3424 178 3469 tos
190 3424 275 3483 curet,
299 3418 420 3487 ideoque
444 3418 479 3470 ad
503 3417 621 3487 gloriam
643 3417 692 3470 Dei
716 3416 847 3487 pertinet,
865 3417 931 3485 quia
972 3422 1104 3486 potestas,
1122 3422 1151 3469 ct
1160 3416 1350 3486 ‹lignitasilst
1360 3422 1388 3469 et
1399 3424 1478 3486 pater
1493 3417 1607 3484 Christi,
1615 3417 1663 3471 sed
1677 3418 1767 3483 aliter,

142 3511 225 3574 gentes
236 3507 393 3571 recursitat
404 3506 503 3560 salutis
514 3506 717 3559 siminedehun
729 3521 930 3576 consequereu-
971 3505 1038 3575 quia
1051 3505 1096 3557 hic
1110 3522 1192 3559 verus
1208 3505 1282 3558 filius
1297 3512 1339 3558 est
1353 3510 1381 3557 et
1404 3506 1479 3559 Deus
1492 3506 1629 3570 omnium,
1645 3507 1694 3560 sed
1712 3523 1768 3560 non

143 3604 238 3664 torpor
251 3596 338 3649 sidem
353 3595 521 3665 promissam
537 3594 649 3660 Jutlais,
669 3594 780 3663 signum
795 3593 929 3648 habentes
971 3593 1009 3647 ita
1025 3593 1127 3647 Christi
1143 3594 1216 3647 Deus
1227 3600 1278 3647 est.
1296 3594 1341 3647 Sic
1354 3592 1430 3646 enim
1440 3594 1515 3647 Deus
1529 3594 1633 3647 Christi
1644 3594 1770 3665 estquis

144 3682 331 3755 redemptionis
359 3689 444 3755 atque
469 3683 640 3737 hereditatis
667 3682 776 3736 suturae.
794 3683 928 3753 Spiritum
971 3683 1045 3736 Deus
1056 3682 1090 3735 de
1101 3683 1158 3736 Deo
1169 3682 1296 3734 Christus
1307 3688 1359 3741 est,
1367 3687 1531 3735 esteroi-um
1540 3687 1634 3736 autern
1644 3682 1719 3736 Deus
1727 3689 1771 3737 est

143 3779 257 3826 nouom
279 3773 379 3826 dutum
402 3777 466 3843 post
488 3772 670 3843 baptismum.
688 3772 834 3842 Itedmnpti
855 3772 929 3825 enim
971 3788 1056 3824 caiisa
1068 3770 1185 3824 terroris
1196 3789 1201 3829 ;
1214 3769 1353 3839 sicutipse
1366 3769 1472 3823 dieitin
1487 3770 1769 3841 Malachiapropheta

145 3858 255 3915 heredes
267 3862 411 3931 designati
423 3867 497 3923 sunt,
514 3862 537 3914 si
558 3861 587 3915 in
601 3861 813 3931 regeneratione
830 3861 932 3931 perdo·
975 3861 1102 3925 (ittotueb.
1119 3862 1137 3927 1)
1155 3877 1160 3910 ε
1178 3858 1286 3911 Sibero
1301 3873 1346 3923 epo
1361 3874 1431 3920 sicin,
1450 3860 1499 3910 ubi
1512 3863 1549 3910 est
1573 3861 1657 3912 timor
1672 3867 1769 3912 meets?

144 3956 206 4003 rent.
216 3958 247 4004 ut
262 3950 333 4004 sides
344 3950 436 4022 prima
451 3950 569 4015 reniam,
587 3956 683 4004 sarreia
705 3967 769 4003 rere
784 3966 932 4004 conversa·
975 3949 1075 4016 (iiier.)
1087 3948 1173 4001 Porro
1182 3948 1255 4000 Deus
1264 3946 1464 4016 paterDomini
1474 3946 1562 4000 nostri
1574 3947 1640 4001 Iesu
1652 3947 1767 4009 consti,

143 4037 177 4090 tio
187 4039 342 4110 perdurans
351 4056 416 4093 cum
428 4040 482 4092 side
497 4055 629 4093 coronam
640 4046 791 4092 mereatur.
974 4045 1054 4108 pater
1067 4035 1309 4103 autemgloriteita
1317 4035 1706 4106 intelligenuus‚utqu0modo
1717 4038 1770 4091 Do·

172 4129 311 4197 Propterea
324 4134 350 4182 et
366 4145 412 4195 cuo
421 4130 537 4181 otidum
549 4127 632 4197 fictam.
641 4132 835 4195 rastrumque
849 4134 884 4181 est
902 4131 930 4181 iu
973 4127 1066 4180 nrinus
1074 4126 1189 4180 nosterJ
1192 4142 1256 4178 esus
1266 4125 1460 4194 Christusipse
1467 4131 1508 4179 est
1516 4142 1607 4180 senno
1614 4126 1767 4198 sapientia,

143 4215 246 4271 homino
259 4219 334 4282 lesu,
352 4221 375 4270 ct
393 4218 566 4271 ditectionem
584 4221 613 4270 in
635 4233 728 4270 aurum
742 4221 857 4275 sanctos.
876 4233 932 4269 nort
973 4216 1084 4281 veritas,
1096 4232 1157 4286 pax,
1168 4213 1289 4284 justitia,
1299 4213 1443 4279 tortitudo,
1457 4214 1516 4286 ipso
1526 4215 1564 4269 sit
1578 4215 1663 4269 etiam
1679 4215 1771 4286 gloria

141 4308 549 4373 usourotr‘asoucusproeolus.
560 4309 720 4358 urrinoriom
734 4309 818 4358 testei
827 4308 931 4371 sericus
973 4304 1125 4358 secumlmn
1135 4304 1214 4363 thud.
1231 4303 1376 4374 quodalibi
1386 4304 1504 4357 dieitur:
1522 4306 1768 4372 :tpporcbitptori'a

142 4396 350 4449 remotionibus
365 4397 441 4447 reicis.
458 4395 598 4458 Quoniam
615 4396 695 4463 juxta
709 4395 851 4447 dumetum
867 4394 927 4458 Dei,
938 4409 962 4466 Ι)
972 4395 1029 4447 Ibi.
1046 4393 1111 4447 etin
1126 4393 1202 4446 omni
1217 4409 1288 4463 pene
1299 4393 1384 4446 reteri
1400 4391 1601 4462 legesrriptum
1616 4398 1667 4457 est,
1684 4409 1769 4462 super

142 4498 188 4551 quo
199 4483 298 4537 statuit
312 4492 413 4553 gentes
426 4484 576 4553 participes
592 4483 652 4536 heri
666 4483 859 4552 promissionis
879 4484 929 4536 Ju-
970 4481 1181 4535 tabernaculum
1197 4481 1349 4535 testimonii
1360 4481 1446 4534 risam
1459 4496 1519 4533 esse
1532 4480 1652 4548 gloriam
1666 4480 1728 4545 oei,
1741 4487 1770 4534 et

141 4569 489 4642 manumissurus
497 4571 579 4625 verbo
588 4572 930 4641 Dei.suseoperuuttidern
971 4571 1121 4624 Psalmista
1146 4571 1221 4624 carm
1237 4589 1242 4623 :
1256 4571 1386 4637 urnuue,
1402 4571 1493 4635 utorio
1509 4585 1568 4621 trica
1585 4571 1666 4629 (Psoi.
1684 4572 1764 4639 crib:

142 4658 402 4731 Christidiligentes
411 4678 508 4715 ornnes
516 4668 636 4715 sanctos.
644 4661 715 4714 sieut
726 4660 869 4714 inundarit.
879 4661 930 4713 Iiu-
971 4660 1129 4730 qutegloria
1138 4657 1471 4725 illuminanssoosulgore
1482 4657 1767 4729 mundum,tenrplum

83 4798 86 4809 ,
143 4750 335 4805 mausiacus
345 4750 497 4804 eausaDeo
506 4750 612 4819 gratias
622 4750 682 4819 agit
692 4767 741 4820 pro
751 4749 930 4803 conversione
970 4744 1768 4819 sibidorbginaliuterohilirieataesheujusbemplipater

144 4838 930 4909 ucbaritateeorumquiadignatusestgentesconcorpo·
969 4837 1064 4907 gloria
1079 4837 1199 4890 efficitur
1212 4837 1286 4889 Deus
1295 4854 1300 4901 ;
1310 4842 1336 4888 et
1347 4834 1395 4887 ubi
1406 4834 1532 4890 Christus
1545 4841 1597 4901 est,
1610 4836 1767 4892 ibitantom

145 4928 614 4998 metudaeisaumurs.)stagnum
632 4944 697 4998 ergo
713 4927 929 4998 probamentum
971 4926 1174 4997 paterdicitur;
1193 4924 1238 4978 ubi
1254 4922 1392 4987 lesus,ibi
1406 4925 1479 4978 Deus
1494 4925 1555 4996 ejus
1569 4924 1674 4998 absque
1690 4927 1766 4980 addi-

144 5016 249 5071 staua
263 5017 379 5071 dilectio
394 5017 547 5070 instructos
561 5018 622 5083 Dei,
639 5033 689 5087 pro
705 5015 859 5086 quantiam
875 5015 928 5068 tide
970 5021 1096 5069 tomento
1106 5012 1440 5085 aliquonominatur.lsto
1455 5013 1623 5084 igiturDeus
1631 5016 1767 5085 assumpti

144 5101 226 5159 laudat
237 5106 392 5177 Apostolus
409 5106 552 5176 Ephesios.
566 5106 655 5176 igitur
669 5106 697 5158 in
714 5105 768 5159 olio
785 5106 845 5158 loeo
862 5105 931 5158 dieit
972 5104 1101 5159 nominis
1119 5111 1198 5174 pater
1213 5119 1276 5156 rero
1291 5102 1396 5172 gloriae,
1409 5103 1563 5173 sapientire,
1578 5103 1767 5170 t·eritatiS‚dat

144 5189 202 5260 (dcl.
216 5199 244 5263 r)
259 5214 265 5247 :
279 5196 358 5249 Fides
372 5212 433 5263 uerte
442 5211 493 5264 per
504 5197 674 5248 (blechonem
692 5200 929 5263 operutm·.oste.n-
971 5193 1149 5247 credentibus
1164 5193 1193 5246 in
1217 5191 1319 5245 Filium
1339 5209 1421 5246 suurn
1441 5192 1571 5263 spiritum
1585 5191 1727 5263 sapientire
1738 5202 1766 5248 et

144 5278 292 5337 tensodem
303 5282 374 5337 nihil
383 5283 445 5337 sine
456 5282 603 5337 dilectione.
614 5285 748 5354 proficere
759 5284 787 5337 in
798 5290 880 5337 atate
888 5301 930 5336 ra·
971 5282 1193 5347 revelationismt
1207 5281 1347 5352 sapientes
1361 5283 1472 5348 hanuet
1484 5280 1607 5335 revelata
1625 5281 1695 5336 facie
1707 5284 1766 5352 glri-

144 5368 376 5440 tionabilitdier.)
389 5373 501 5426 iltbeus
516 5375 628 5426 boriu'm'
643 5376 804 5426 eroso-trau
816 5375 927 5436 (fluunt,
972 5373 1042 5427 rium
1057 5372 1168 5425 Ilondni
1184 5371 1417 5442 contemplentur.
1439 5371 1506 5434 Qua
1526 5369 1663 5440 sapientia
1681 5378 1710 5425 et
1724 5390 1767 5425 re-

143 5458 456 5529 aerumnarum-ouo
465 5465 598 5530 spiratum
610 5465 780 5531 sapientiam
792 5464 930 5516 resolutio
972 5461 1072 5516 relatio
1083 5478 1146 5515 cum
1159 5477 1206 5514 eos
1216 5459 1357 5531 sapientes
1377 5459 1503 5525 fecerint,
1519 5463 1548 5514 ct
1562 5461 1697 5533 mysteria
1712 5462 1767 5515 illis

145 5549 213 5603 ahin
226 5551 405 5618 oonttmncm
418 5553 761 5620 ojus,iltuuriuotosooutos
775 5553 865 5604 cordis
877 5568 930 5603 eae
971 5551 1080 5605 occulta
1093 5549 1263 5621 operuerint.
1273 5550 1368 5604 statim
1383 5547 1511 5619 sequitur
1524 5553 1558 5604 ut
1571 5549 1692 5605 habeant
1707 5550 1768 5603 illu·

333 5649 547 5711 Puraot.cxl
1571 5649 1608 5711 13
