3772 6120
121 313 188 373 1119
329 302 334 311 ’
411 311 443 368 B.
463 311 600 368 adnant
619 312 735 370 nsum
754 304 922 367 ARCHIEP.
942 302 1103 363 MOGUNV.
1123 297 1272 359 OPERUM
1292 295 1385 351 PARS
1404 293 1455 350 111.
1687 284 1751 347 lato

118 442 199 496 miles
218 440 334 506 erimus,
346 439 450 511 quiaet
460 439 574 493 nuncin
586 444 697 493 tantum
716 453 772 491 non
784 435 941 495 ridemusA
952 429 1185 494 consenserimus,
1198 423 1474 497 argumentationem
1496 434 1580 476 suam
1603 436 1640 473 ex
1660 425 1751 471 nostra

118 531 289 600 inquantum
298 527 446 582 dissimiles
457 541 563 582 sumus.
576 527 644 582 Inde
656 524 913 597 igiturvideblmus,
956 519 1135 591 responsione
1158 516 1333 572 concludant.
1356 514 1468 577 Quanto
1492 511 1555 579 jam
1579 504 1751 562 tolerabilius

10 666 16 673 .
119 618 193 673 unde
207 613 313 671 similes
324 617 439 671 erimus.
450 616 518 680 Quis
526 621 621 670 autem
636 613 864 669 dementissimus
875 608 915 666 di·
955 607 1095 680 desipiunt
1110 605 1158 679 qui
1172 621 1285 660 carnem
1300 607 1430 658 asserunt
1449 614 1627 653 emersuram
1641 595 1671 649 in
1693 593 1751 649 sub·

76 721 80 727 ’
118 707 190 762 xerit
203 722 320 777 corpore
333 723 384 760 nos
406 705 449 759 rel
473 721 533 759 esse
547 704 590 757 rel
610 703 720 758 futuros
734 719 794 756 esse
808 700 914 755 similes
955 699 1087 754 stantiam
1101 698 1162 763 Ilei,
1173 702 1202 751 et
1215 696 1267 749 hoc
1276 694 1400 748 suturam
1414 705 1476 743 esse
1487 687 1565 758 quod
1576 687 1653 741 Deus
1662 692 1712 747 est,
1722 690 1751 738 ut

118 795 197 850 Deol
207 796 239 850 ln
250 793 381 848 interiore
391 793 485 864 itaque
494 794 607 847 lrornrne
619 792 674 845 ista
688 790 841 845 similitudo
856 795 912 855 est3
955 789 995 843 sic
1009 804 1070 842 eam
1082 787 1182 841 saltem
1193 783 1312 839 ridendo
1325 781 1430 836 saciant
1438 777 1583 841 idoneam,
1595 779 1752 830 nnnctautn

120 884 167 955 (ιυί
178 888 329 938 renovatur
336 883 365 937 in
378 881 521 953 agnitione
531 881 591 946 Dei,
604 878 915 949 seeundumimaginem
956 877 1117 931 diversitate
1130 873 1305 929 dissimilem.
1316 871 1407 935 Quam
1423 866 1581 921 uanitatem
1594 863 1680 917 credo
1692 862 1753 916 istos

32 1038 36 1045 Ι
119 973 181 1042 ejus
192 971 239 1043 (ιυί
247 971 350 1026 creavit
359 988 433 1032 eum,
442 975 554 1025 ettanto
565 967 702 1025 elllcimur
709 965 857 1022 similiores
864 959 913 1024 1111.
957 966 1060 1021 habere
1070 982 1087 1018 a
1096 964 1151 1018 llde
1161 978 1221 1027 sua,
1232 961 1351 1014 fortasse
1361 963 1390 1011 et
1399 956 1434 1010 ab
1444 954 1572 1009 auribus.
1586 953 1623 1007 Et
1632 959 1725 1006 tamen
1731 951 1752 1005 si

121 1066 226 1131 quanto
235 1061 324 1132 magis
338 1058 369 1114 in
382 1061 444 1132 ejus
455 1060 613 1131 cognitione
622 1065 651 1113 et
661 1059 796 1112 charitato
809 1056 917 1128 prolici-
959 1055 1177 1126 interrogatione
1191 1053 1226 1106 de
1238 1052 1291 1106 hoe
1303 1048 1433 1103 similiter
1442 1049 1612 1116 urgeantur,
1626 1042 1711 1114 pessit
1721 1058 1752 1096 ne

121 1164 193 1216 mus,
204 1149 304 1221 quiaet
311 1149 334 1204 si
342 1149 655 1204 exteriorhomonoster
663 1145 861 1216 corrumpitur,
869 1143 917 1198 sed
960 1147 1011 1200 hoc
1026 1146 1100 1200 Deus
1117 1160 1153 1197 an
1168 1158 1224 1196 non
1239 1138 1327 1212 possit
1349 1137 1474 1201 efficere3
1498 1138 1600 1187 utrum
1626 1132 1687 1200 ejus
1708 1148 1752 1202 po-

121 1239 238 1293 interior
247 1244 397 1294 renovatur
408 1237 621 1293 dedieindiem.
635 1237 678 1291 lta
692 1252 759 1290 sane
776 1243 808 1289 ut
822 1234 852 1288 in
865 1233 918 1288 hac
959 1234 1054 1289 testati
1079 1232 1238 1289 detrahent.
1263 1230 1286 1284 si
1311 1245 1368 1282 non
1386 1244 1468 1298 posse
1489 1220 1700 1295 responderint,
1722 1237 1753 1275 an

120 1328 178 1383 vita
193 1335 425 1400 quantuscunque
436 1327 575 1399 profectus
586 1323 631 1392 sit,
646 1322 728 1396 lange
743 1323 815 1378 absrt
829 1321 919 1377 abilla
958 1324 1011 1379 hoc
1033 1323 1159 1378 futurum
1183 1319 1354 1381 fatebuntur,
1378 1317 1402 1370 si
1431 1332 1513 1387 posse
1541 1308 1754 1367 consenserint?

121 1416 290 1489 perfectione
319 1415 511 1471 similitudinis
532 1431 595 1485 quae
618 1413 720 1468 idonea
742 1413 797 1466 erit
819 1411 854 1465 ad
880 1409 919 1465 ri·
959 1410 1104 1478 Quomodo
1125 1425 1193 1480 ergo
1213 1407 1321 1462 exirent
1339 1405 1374 1459 de
1393 1405 1446 1458 hoc
1463 1403 1567 1473 laqueo
1592 1400 1694 1464 alieno,
1717 1395 1752 1453 sir

121 1505 244 1561 dendum
255 1506 354 1570 Deum,
365 1505 437 1558 sicut
446 1504 514 1558 dicit
522 1502 674 1575 Apostolus
692 1521 716 1554 :r
735 1501 816 1556 Facie
830 1500 866 1554 ad
880 1498 919 1554 sa·
959 1505 1059 1555 exeant
1085 1498 1120 1552 de
1147 1512 1206 1550 suo.
1235 1494 1341 1549 Deinde
1365 1509 1416 1546 cur
1438 1491 1506 1545 solis
1526 1488 1618 1544 oculis
1639 1487 1752 1558 eorporis

123 1593 195 1646 ciem
205 1594 230 1660 (I
240 1593 300 1647 Cor.
311 1610 329 1650 r,
340 1590 392 1654 11).
405 1611 416 1642 r
427 1592 460 1646 ln
476 1591 576 1661 quibus
591 1595 666 1644 certe
680 1587 772 1643 verbis
786 1589 809 1642 si
823 1603 920 1659 corpo·
960 1589 1062 1646 christi
1077 1588 1130 1642 hoe
1140 1586 1243 1642 donum
1258 1582 1427 1639 attributum
1435 1598 1496 1635 esse
1506 1577 1693 1640 contendunt,
1703 1591 1752 1630 non

123 1681 210 1735 mlem
224 1681 323 1735 faciem
338 1680 507 1735 voluerimus
522 1680 657 1749 accipere,
673 1693 847 1748 consequens
866 1676 920 1731 erit
960 1680 1046 1736 etium
1060 1680 1167 1735 ceteris
1182 1677 1330 1733 sensibus?
1355 1677 1447 1732 Sonus
1464 1687 1533 1743 ergo
1548 1669 1607 1723 erit
1622 1667 1704 1729 Deus,
1724 1668 1753 1719 ut

124 1775 156 1824 ut
170 1770 254 1824 etiarn
269 1771 343 1824 Deus
357 1769 442 1823 talem
455 1767 557 1822 lrabeat
571 1767 670 1822 faciem
691 1774 724 1821 ut
746 1767 783 1821 sit
807 1757 951 1837 aliquodB
960 1768 1049 1841 possit
1061 1764 1146 1823 etiam
1155 1762 1270 1823 auribus
1281 1758 1439 1839 percipilet
1448 1763 1553 1818 halitus
1564 1755 1752 1832 eritulpomit

123 1858 301 1913 intervallum
330 1857 405 1912 inter
434 1863 558 1911 nostram
582 1863 612 1911 et
633 1857 733 1926 ipsius,
759 1872 822 1911 eum
855 1871 920 1911 euru
961 1858 1062 1912 olfactu
1076 1858 1231 1912 sentirilet
1246 1857 1339 1928 liquor
1359 1855 1462 1926 aliquis
1476 1854 1541 1910 erit.
1567 1858 1602 1906 ut
1625 1849 1708 1923 possit
1720 1847 1752 1904 ⁴et

125 1946 355 2001 videbimuslaeie
365 1946 523 2001 adfaciem:
533 1950 562 1999 et
575 1946 599 1999 si
614 1944 804 2012 intervallum,
822 1945 920 2016 utique
960 1947 1170 2003 bibiletmoles
1180 1947 1242 2011 erit,
1254 1943 1525 2017 utpossitettungi?
1535 1941 1749 2012 Nominquiunt.

124 2033 724 2098 linisetmembrorumhobitusetterminus,
732 2031 921 2098 etc.,absurda
961 2035 1032 2101 Quid
1045 2052 1111 2107 ergo
1121 2036 1133 2089 1
1143 2037 1187 2090 An
1196 2035 1265 2090 illud
1274 2040 1367 2106 potest
1375 2034 1458 2093 Deus,
1470 2038 1501 2086 et
1511 2032 1565 2085 hoc
1576 2046 1633 2085 non
1648 2027 1752 2100 potest?

125 2123 258 2195 dictuque
273 2131 302 2178 et
315 2123 439 2193 rogitatu
455 2123 550 2195 impia,
566 2122 668 2194 quibus
686 2122 815 2177 animalis
834 2122 920 2177 homo
962 2125 1062 2181 sinon
1077 2141 1157 2196 posse
1171 2123 1301 2189 dixerint,
1316 2138 1366 2177 cur
1388 2122 1526 2192 derogant
1548 2116 1750 2189 omnipotentie

125 2228 181 2267 non
196 2213 352 2284 percipiens
364 2228 426 2283 quas
439 2218 505 2266 sunt
519 2212 640 2283 Spiritus
654 2211 715 2276 Dei,
733 2210 921 2265 fallacissimis
962 2215 1012 2270 Dei
1022 2215 1034 2268 1
1044 2215 1074 2270 Si
1085 2230 1166 2285 posse
1180 2219 1208 2267 et
1217 2213 1291 2267 nolle
1306 2211 1511 2283 responderint,
1524 2225 1576 2263 cur
1591 2207 1658 2263 solis
1671 2206 1749 2261 oculis

125 2301 295 2356 vanitatibus
310 2300 447 2356 illuditur,
464 2300 567 2355 Dicunt
581 2300 656 2354 enim
674 2299 789 2371 quidam
811 2314 919 2359 eorum.
962 2303 1064 2365 sanent,
1092 2302 1218 2358 invident
1233 2307 1334 2356 ‘autem
1358 2300 1464 2356 caeteris
1486 2298 1619 2353 sensibus
1638 2294 1749 2367 corporis

126 2391 174 2461 qui
187 2390 399 2460 taliagarriunt,
413 2392 486 2444 siout
500 2390 536 2444 ad
549 2405 593 2443 me
608 2388 699 2460 potuit
708 2389 863 2459 pervenire,
871 2404 922 2443 nos
963 2390 1085 2448 Christi?
1099 2392 1164 2447 llaec
1177 2391 1213 2446 de
1227 2387 1367 2462 opusculis
1391 2389 1419 2444 S.
1442 2386 1607 2458 Augustini,
1623 2382 1749 2439 Ambrosii

126 2478 215 2533 Deum
226 2478 414 2544 viteredum
425 2485 592 2534 mentetunc
605 2494 731 2549 corpore.
744 2478 788 2532 lta
801 2477 922 2532 utetiam
964 2489 1049 2554 atque
1063 2481 1227 2552 Hieronymi
1238 2480 1435 2550 excerpsimus.
1443 2479 1526 2532 Nune
1535 2474 1649 2547 quidde
1658 2473 1749 2527 risione

126 2567 227 2638 impios
241 2583 304 2621 cum
315 2567 376 2639 pari
386 2567 637 2622 modoassererent
650 2583 710 2620 esse
724 2567 842 2621 risuros.
853 2565 923 2621 Vide
963 2571 1014 2626 Dei
1027 2570 1122 2624 futura
1137 2570 1168 2624 B.
1176 2568 1329 2639 Gregorius
1339 2566 1459 2622 senserit
1465 2570 1672 2636 consequenter
1680 2575 1748 2633 poue

126 2661 263 2726 quantum
272 2657 353 2727 pejus
364 2655 542 2727 profecerunt
553 2656 620 2711 dum
635 2656 696 2709 sine
711 2655 800 2709 limite
814 2655 923 2710 timoris
964 2676 1036 2724 mus,
1053 2658 1144 2731 quiin
1159 2657 1330 2731 expositione
1344 2656 1418 2710 beati
1433 2655 1486 2710 Job
1506 2654 1579 2708 libro
1594 2662 1688 2708 octavo
1709 2650 1746 2704 de·

128 2743 169 2797 vel
182 2743 298 2814 pudoris
317 2745 368 2799 bae
383 2751 468 2815 atque
482 2745 533 2798 lrac
548 2742 712 2815 vagabunda
731 2745 820 2799 fertur
834 2744 925 2816 impu·
964 2747 1046 2815 eima,
1057 2747 1125 2802 dum
1135 2747 1171 2802 de
1181 2746 1393 2801 visionedirinae
1403 2744 1531 2798 essentiae
1542 2747 1677 2797 tractaret
1685 2739 1745 2794 illam

127 2831 362 2903 nitaloquacitas.
383 2835 475 2888 Antea
492 2832 623 2888 dicebant
641 2833 719 2887 carni
737 2850 795 2888 sua
812 2838 924 2888 tantum
965 2836 1134 2891 sententiam
1152 2836 1188 2890 de
1203 2834 1273 2889 libro
1297 2833 1383 2888 Exodi
1406 2848 1491 2903 quarn
1514 2831 1654 2886 Dominus
1675 2827 1744 2899 llopsi

127 2920 180 2975 hoc
194 2921 357 2992 praestitisse
372 2923 515 2976 Christum
522 2928 555 2976 ut
563 2923 705 2993 corporeis
717 2921 805 2976 oculis
819 2921 926 2977 videret
965 2925 1072 2997 petenti
1087 2933 1119 2979 ut
1130 2925 1156 2979 ei
1179 2923 1372 2978 manifestaret
1395 2921 1591 2991 semetipsum,
1618 2917 1743 2973 manifeste

128 3009 228 3073 Deum,
237 3008 601 3064 deindeaddideruntetiam
612 3026 709 3064 omnes
719 3015 839 3076 sanctos,
852 3025 925 3065 rece·
966 3015 1083 3086 protulit
1091 3015 1120 3068 in
1131 3013 1256 3067 medium
1265 3012 1369 3066 dicens.
1377 2998 1448 3065 Huic
1455 3009 1610 3065 Dominirae
1621 3004 1743 3061 sententie

128 3097 184 3168 ptis
196 3097 227 3151 in
242 3099 446 3153 resurrectione
453 3097 627 3169 corporibus,
640 3098 738 3152 eodem
745 3099 827 3152 modo
834 3099 925 3153 Deum
934 3071 957 3132 C
966 3103 1062 3175 quaed
1073 3103 1187 3174 Moysen
1198 3102 1314 3156 dicitur:
1328 3101 1411 3154 «Nou
1421 3099 1498 3153 enim
1508 3097 1616 3152 videbit
1626 3113 1669 3150 me
1680 3096 1742 3148 hono
1781 3088 1784 3097 '

129 3201 190 3239 esse
204 3186 322 3239 risuros.
339 3187 421 3241 Nunc
429 3188 489 3257 jam
510 3187 592 3241 istam
606 3186 820 3258 possibilitatem
840 3187 926 3242 etiam
966 3199 995 3248 et
1009 3193 1081 3246 vivet
1093 3193 1189 3262 (and.
1207 3207 1302 3257 χιιιιιιι,
1314 3189 1369 3258 20),
1388 3208 1400 3240 ι
1417 3189 1554 3243 loannem
1570 3187 1636 3241 audi
1650 3199 1742 3238 concor

128 3273 223 3344 impiis
235 3275 419 3329 donaverunt.
432 3275 544 3330 Donent
554 3292 622 3329 sane
633 3281 771 3346 quantum
785 3275 927 3343 volunt,et
967 3281 1102 3348 dantem,
1127 3280 1175 3352 (ιυί
1195 3280 1252 3334 ait:
1282 3300 1293 3330 r
1319 3279 1407 3333 Deum
1433 3293 1516 3332 nemo
1546 3276 1616 3329 vidit
1640 3286 1741 3343 unquam

129 3361 231 3432 quibus
246 3363 352 3418 rolunt.
364 3363 436 3418 Nam
448 3364 511 3435 quis
518 3364 622 3418 audeat
633 3363 825 3419 contradicere
839 3365 928 3420 homi·
968 3373 1058 3435 (roais.
1075 3384 1095 3437 1,
1111 3369 1149 3438 8),
1167 3389 1178 3420 r
1196 3369 1250 3424 sed
1270 3384 1333 3422 cum
1352 3365 1516 3422 testamenti
1538 3364 1649 3418 veneris
1671 3367 1742 3433 panos

129 3450 212 3505 nibus
223 3451 258 3505 de
268 3468 319 3506 suo
329 3452 516 3507 donantibus?
526 3453 574 3523 qui
588 3452 664 3509 enim
676 3453 801 3525 loquitur
815 3453 928 3509 menda·
968 3459 1089 3523 intueor,
1104 3459 1208 3513 multos
1228 3458 1338 3520 horum,
1359 3462 1431 3510 teste
1452 3455 1512 3525 ipsa
1530 3470 1620 3507 sacrm
1640 3447 1742 3505 lectionis

128 3539 203 3594 cium
217 3541 251 3593 de
264 3557 315 3595 suo
329 3541 466 3612 loquitur:
483 3547 514 3596 tu
530 3548 626 3595 autem
640 3559 704 3595 curn
719 3542 763 3596 liis
777 3542 825 3613 (ιυί
831 3558 928 3597 sanam
970 3546 1097 3610 historia,
1114 3547 1202 3602 Deum
1214 3545 1315 3599 vidisse
1325 3560 1471 3614 cognosco.
1483 3541 1562 3595 Vidit
1572 3540 1672 3612 quippe
1680 3533 1742 3592 Jacob

129 3629 285 3683 doctrinam
300 3634 406 3696 tenent,
423 3630 492 3684 nihil
507 3630 626 3684 istorum
633 3630 738 3685 audeas
752 3631 928 3702 usurparede
969 3636 1129 3699 Dominum,
1145 3635 1192 3706 qui
1202 3635 1242 3689 ait
1255 3653 1261 3687 ε
1274 3653 1288 3688 e
1300 3634 1361 3687 Vidi
1369 3632 1520 3687 Dominum
1531 3629 1603 3684 facie
1612 3629 1647 3682 nd
1657 3626 1739 3681 incisu.

128 3723 188 3771 tuo.
203 3717 330 3772 Sedcum
339 3718 422 3789 legis:
442 3737 454 3767 1
471 3718 550 3772 Beati
565 3719 671 3774 mundo
686 3719 779 3786 corde,
796 3720 929 3789 quoniam
971 3730 1000 3780 et
1020 3725 1096 3779 salua
1115 3725 1189 3779 facta
1206 3729 1248 3779 est
1267 3723 1362 3777 anima
1381 3736 1444 3775 mea
1464 3720 1541 3791 (Gen,
1565 3733 1652 3782 mu,
1670 3714 1739 3783 30),1

129 3805 182 3876 i1³⁸i
196 3805 287 3860 Deum
305 3806 439 3861 Videbunt
459 3807 570 3876 (natta.
590 3824 616 3872 V·
637 3806 674 3879 8),
699 3828 711 3860 l
729 3807 855 3879 intellige
876 3809 928 3864 im·
969 3813 1047 3870 Vidit
1061 3815 1171 3887 Moyses
1185 3813 1345 3875 Dominum,
1357 3811 1455 3882 dequo
1464 3809 1600 3880 seriptum
1612 3813 1669 3861 est:
1684 3803 1740 3856 rln

129 3893 191 3964 95⁰⁸
203 3910 260 3948 ¹¹0ss
276 3895 393 3961 visuros,
419 3911 510 3967 neque
531 3896 608 3949 enim
626 3894 701 3950 beati
719 3897 824 3951 mundo
846 3898 929 3952 eorde
970 3903 1108 3974 quebatur
1123 3903 1260 3958 Dominus
1269 3899 1426 3972 adMoysen
1436 3896 1506 3954 laeie
1518 3898 1553 3953 ad
1569 3894 1674 3960 taciem,
1688 3885 1740 3945 siout

129 3987 197 4036 ⁸¹¹¹st
209 3982 298 4054 impii·
314 3984 386 4038 stem
400 4000 464 4037 ⁰¹¹¹ss
480 3984 567 4054 legis:
588 4003 599 4033 1
616 3984 781 4040 Videbimus
796 4002 870 4041 nuuc
879 4003 930 4058 per
970 3991 1211 4063 loquisoletlromo
1222 3991 1476 4045 adamieumsuum
1486 3979 1739 4055 (drodmannl'lt

130 4071 274 4140 speculum
289 4072 317 4125 in
333 4072 493 4141 aenigmate,
505 4079 573 4126 tunc
586 4078 682 4128 autem
697 4074 766 4128 facie
780 4075 815 4129 ad
829 4076 929 4131 faciem
970 4081 1048 4135 Vidit
1060 4080 1112 4136 lob
1125 4081 1287 4145 Dominum,
1296 4082 1343 4152 qui
1356 4079 1410 4132 ait:
1429 4096 1441 4128 (
1459 4076 1565 4131 Auditu
1580 4075 1655 4129 auris
1669 4065 1738 4126 audiri

129 4160 158 4227 (l
172 4159 233 4213 0⁰7¹·
250 4174 310 4224 51¹¹,
332 4158 385 4228 ¹⁶2),
409 4180 421 4212 l
439 4161 514 4215 unde
531 4177 605 4214 nunc
624 4162 750 4217 ridemus
770 4181 821 4234 per
834 4181 930 4236 spreu—
971 4178 1009 4235 te,
1024 4167 1597 4239 nuncautemoculusmeusridettetlob.
1614 4161 1736 4223 11111511

130 4247 188 4300 lum
203 4247 232 4301 in
247 4249 405 4318 aenigmate,
422 4249 486 4303 inde
498 4256 566 4302 tunc
582 4250 738 4306 ridebimus
756 4252 827 4306 lacie
841 4254 877 4308 ad
893 4256 932 4309 l'a·
972 4259 1048 4314 Vidit
1062 4261 1149 4315 isaias
1163 4260 1324 4325 Dominum,
1337 4259 1385 4332 qui
1395 4259 1448 4315 ait:
1467 4278 1481 4312 (
1496 4258 1529 4314 ln
1544 4273 1617 4313 anno
1631 4261 1741 4328 quomor-

129 4335 211 4390 ciem.
227 4336 387 4391 Hocautem
393 4337 932 4408 utrumqueinteriorishominismunus
972 4354 1038 4403 tuus
1048 4354 1091 4402 est
1100 4366 1148 4404 rer
1159 4349 1240 4404 Ozias
1253 4349 1308 4403 ridi
1319 4349 1470 4404 Dominum
1479 4348 1622 4404 sedentem
1631 4356 1741 4418 superse

129 4430 181 4490 est,
195 4425 356 4479 siracumin
366 4426 423 4480 ista
434 4427 663 4497 peregrinatione
678 4430 770 4484 adhuc
784 4447 835 4501 per
847 4432 932 4487 sulem
973 4436 1042 4490 lium
1063 4438 1202 4492 excelsum
1215 4445 1244 4492 et
1256 4439 1394 4493 elevatum
1410 4440 1472 4497 tlra.
1488 4455 1526 4504 rr,
1545 4440 1579 4509 l).
1596 4458 1609 4490 1
1623 4436 1690 4490 Vidit
1702 4431 1739 4488 lti-

129 4513 300 4578 ambulatur‚
317 4515 346 4569 in
358 4516 931 4588 quautiturspeculoetaenigmate‚sivein
973 4525 1064 4580 chaeas
1072 4526 1233 4594 Dominum,
1249 4528 1297 4597 qui
1312 4527 1366 4581 ait:
1387 4547 1398 4580 r
1416 4527 1479 4582 Vidi
1499 4528 1647 4585 Dominum
1663 4523 1741 4581 seden-

131 4603 178 4657 illa
193 4604 362 4675 patriacum
385 4623 435 4676 per
456 4605 578 4676 speciem
604 4609 850 4678 contemplabitur,
881 4628 932 4681 pro
972 4620 1030 4669 tem
1046 4631 1130 4686 super
1144 4616 1246 4687 solium
1267 4635 1350 4672 suum
1364 4623 1394 4672 et
1415 4634 1528 4674 omnem
1544 4611 1741 4673 exereitumcoeli

131 4709 186 4763 ‘1¹¹a
201 4693 306 4748 Vi⁸i⁰¹¹⁰
321 4695 443 4765 Positum
459 4694 780 4759 sarracenescum.
800 4720 811 4746 ι
828 4699 933 4755 Audiet
974 4704 1153 4758 assistentem
1162 4705 1188 4759 ei
1200 4723 1217 4760 a
1227 4706 1332 4761 dextris
1339 4715 1367 4761 et
1381 4707 1531 4762 asinistris
1541 4711 1588 4781 (ll.
1607 4712 1668 4764 Por.
1679 4716 1742 4759 ruu-

129 4798 194 4837 earo
208 4781 368 4836 ramalibus
383 4781 601 4854 cogitationibus
620 4783 711 4838 ebria:
743 4785 864 4856 Spiritus
890 4795 933 4843 est
975 4790 1027 4855 18).
1042 4813 1056 4843 a
1072 4792 1145 4857 Quid
1160 4800 1285 4866 asterga
1314 4797 1388 4867 quod
1412 4803 1456 4852 tot
1471 4798 1640 4854 Testamenti
1661 4790 1744 4850 Veteris

50 4926 53 4931 .
130 4873 214 4936 Deus,
230 4876 259 4924 et
272 4871 516 4942 ideoquiadorant
530 4872 622 4926 Deum
633 4871 770 4943 inspiritu
782 4877 932 4931 etveritate
974 4881 1072 4935 Patres
1100 4883 1190 4938 Deum
1220 4902 1250 4939 se
1278 4886 1380 4941 vidisse
1408 4887 1504 4942 testati
1529 4896 1595 4944 sunl
1621 4891 1648 4943 el
1671 4894 1741 4941 tamar

129 4961 249 5015 adorare
264 4967 384 5030 oportet.
402 4961 431 5015 Si
442 4961 561 5014 adorare
577 4967 697 5033 oportet,
720 4969 825 5033 quanto
841 4965 930 5035 magis
973 4970 1033 5040 ipse
1047 4971 1105 5026 ait:
1133 4992 1145 5023 r
1163 4973 1225 5028 Non
1248 4975 1323 5030 enim
1345 4974 1450 5031 ridebit
1473 4995 1518 5032 me
1543 4979 1625 5034 homo
1645 4984 1670 5032 et
1689 4974 1741 5026 siret

129 5049 242 5104 videre?
252 5049 321 5114 Quis
331 5049 406 5103 enim
417 5050 521 5105 audeat
530 5050 673 5105 aslirmare
683 5051 732 5105 Dei
743 5051 929 5109 substantiam
970 5059 1068 5127 (and.
1084 5076 1179 5127 xxxur,
1194 5061 1239 5130 20)
1256 5082 1269 5116 1
1283 5083 1289 5131 ;
1303 5069 1332 5118 at
1344 5066 1468 5121 loannes
1481 5067 1541 5121 ait,
1558 5088 1572 5119 ι
1588 5068 1670 5123 Deum
1681 5076 1741 5120 ιιιιιι

130 5139 415 5210 corporaliterrideri,
433 5155 496 5193 cum
511 5155 573 5193 eam
589 5140 873 5210 corporaliternoluit
885 5142 932 5195 ad·
974 5147 1044 5200 vidit
1056 5164 1182 5219 unquam
1193 5154 1281 5215 1111111.
1300 5171 1317 5206 1.
1330 5151 1404 5217 8111
1421 5139 1477 5211 nisi
1492 5157 1545 5212 hoe
1559 5159 1630 5230 quod
1644 5160 1742 5230 panum

130 5229 222 5281 orari?
232 5229 286 5284 Sed
297 5235 397 5298 argute
408 5229 461 5283 sibi
473 5228 604 5283 ridentur
613 5229 707 5284 dicere
717 5236 746 5282 et
756 5231 835 5300 quasi
843 5231 931 5286 inter·
974 5235 1058 5290 (latur
1072 5237 1201 5309 intelligi,
1217 5241 1284 5311 quia
1294 5242 1419 5313 quandiu
1433 5245 1479 5299 hic
1495 5249 1650 5304 mortaliter
1669 5241 1742 5298 1111111

130 5317 253 5387 rogando
269 5334 411 5387 premere:
430 5318 527 5372 Potuit
541 5324 675 5389 praestare
697 5319 827 5374 Christus
854 5322 931 5375 carni
973 5324 1061 5379 videri
1074 5343 1126 5397 per
1138 5329 1274 5398 quasdam
1290 5331 1428 5402 imagines
1441 5334 1518 5390 Deus
1532 5343 1631 5408 potest,
1650 5340 1691 5396 sed
1707 5352 1742 5411 per

129 5421 186 5459 sure
201 5411 233 5459 ut
246 5407 333 5460 oculis
348 5408 490 5478 corporeis
500 5408 608 5461 rideret
618 5408 740 5473 Patrem,
763 5425 799 5462 an
812 5427 867 5464 uon
883 5427 930 5482 po·
973 5411 1063 5481 ipsam
1078 5420 1186 5470 naturae
1208 5434 1266 5472 sum
1287 5421 1407 5491 speciem
1428 5440 1485 5479 non
1505 5435 1606 5498 potest,
1627 5438 1657 5486 ιιι
1673 5430 1742 5485 anian

130 5492 241 5546 111111111
248 5493 271 5546 si
280 5497 465 5564 nonpotuisse
472 5497 711 5566 responderimus,
720 5498 930 5570 omnipotentiae
971 5502 1064 5570 gratia
1077 5504 1198 5576 Spiritus
1212 5506 1308 5563 amata
1319 5526 1370 5580 per
1381 5511 1487 5582 figuras
1497 5519 1630 5588 quasdam
1635 5522 1710 5576 neum
1717 5520 1743 5572 ιι.

129 5580 179 5634 Dei
194 5595 246 5633 nos
260 5581 410 5652 derogasse
424 5586 614 5655 proclament:
634 5586 657 5639 si
682 5593 777 5641 autem
805 5588 930 5659 potuisse
971 5590 1046 5655 dcet,
1063 5592 1111 5646 sed
1122 5593 1158 5648 ad
1168 5593 1321 5666 ipsamrim
1332 5599 1395 5669 eius
1405 5605 1535 5661 assentire
1554 5611 1743 5682 norpertinget,
