3772 6120
152 288 189 347 125
320 275 611 333 uuauuel'louulr
630 267 669 330 IN
688 275 764 330 EPP.
786 277 893 332 PAULI
913 274 981 332 UD.
1002 279 1113 334 xxvll.
1132 309 1164 318 -
1180 281 1219 334 IN
1238 280 1348 334 aelst.
1369 278 1418 334 AD
1437 278 1543 337 HEBR.
1699 285 1751 340 lto

150 405 420 470 nmomuescredunt,
451 403 497 456 ille
523 410 618 456 tareisa
641 404 715 472 quod
740 420 822 457 suam
851 411 944 466 eratA
990 422 1004 459 r
1034 407 1068 459 Et
1089 408 1193 463 iterum
1220 426 1224 458 :
1248 408 1315 461 llere
1339 424 1390 475 ego
1415 415 1443 459 rt
1462 408 1551 477 pueri,
1576 424 1645 478 quos
1672 410 1749 464 dedit

150 498 251 572 inplevit.
267 494 418 565 Propterea
431 492 523 546 dixit«
535 493 658 561 gustavit
668 498 797 554 mortem,
818 512 828 545 a
847 495 912 563 quia
955 510 968 544 r
984 493 1068 547 Deus.
1082 513 1095 546 r
1112 496 1170 549 lloc
1180 496 1372 548 testimonium
1380 497 1414 549 de
1424 496 1497 549 isaia
1505 497 1620 566 protulit
1634 499 1752 568 Aposto-

150 589 205 645 hrevi
218 592 331 656 tempore
346 584 376 637 in
386 583 435 636 illa
444 583 506 648 fuit,
523 586 554 634 ut
568 596 601 635 ea
619 582 735 642 devicta,
765 583 912 637 confestim
952 576 1006 647 lus,
1027 583 1062 635 ad
1087 584 1230 637 Christum
1254 589 1282 636 et
1305 584 1339 636 ad
1362 585 1502 654 apostolos
1532 584 1663 651 referensv
1683 601 1754 655 qum

150 679 281 745 resurgeret.
954 679 1070 743 propter
1083 672 1271 726 innocentiam
1296 688 1398 743 pueros
1418 673 1628 737 nominavit,de
1651 673 1752 745 quibus

176 760 298 820 «Decebat
311 763 388 816 enim
403 776 468 816 eum
479 767 593 833 propter
607 778 690 831 quem
715 762 810 815 omnia
821 768 848 815 et
864 778 914 833 per
954 761 1014 832 ipse
1029 761 1165 815 Dominus
1175 763 1216 816 uit
1231 780 1236 813 :
1256 762 1369 816 «Sinite
1394 763 1523 831 parvulos
1538 761 1633 816 venire
1643 763 1679 816 ad
1694 778 1749 825 me,

153 869 235 928 aquen
247 851 350 915 omnia,
372 852 420 922 qui
435 852 539 905 multos
553 851 625 905 lilios
640 851 669 904 in
693 852 812 920 gloriam
827 852 913 905 addu-
954 849 1053 904 talium
1065 851 1192 905 estsnim
1202 866 1320 921 regnum
1339 851 1473 905 culorum
1496 854 1590 920 liltore.
1603 856 1642 921 x),
1662 871 1673 904 ι

152 949 233 1007 rrerat,
243 948 384 995 auctorem
394 940 599 995 salutiseorum
615 956 665 1010 per
679 942 838 1010 passionem
848 956 912 995 con·
990 940 1087 1004 «eria
1096 956 1164 1010 ergo
1174 940 1254 1012 pueri
1264 940 1542 995 communicaverunt
1558 942 1635 996 carni
1650 948 1679 997 et
1690 957 1753 996 san·

152 1030 289 1088 «tammari.
309 1030 456 1085 uDeeebat
467 1030 541 1083 enim
556 1046 606 1100 per
615 1029 773 1100 passionem
783 1046 912 1084 consum·
954 1046 967 1081 ι
992 1029 1081 1099 guini,
1114 1037 1142 1083 et
1169 1031 1229 1100 ipse
1250 1029 1382 1084 similiter
1407 1030 1584 1102 participavit
1609 1031 1751 1086 iisdem»
1785 1092 1789 1097 ⁵

151 1137 211 1178 aare
220 1119 243 1174 id
255 1126 298 1174 est
324 1119 458 1190 perlicere
481 1119 606 1173 orunium
620 1119 739 1172 salutem
759 1135 809 1190 per
827 1136 910 1189 quem
951 1116 1005 1173 llic
1018 1118 1121 1172 astruit
1133 1119 1339 1173 fraternitatem
1355 1135 1449 1172 veram
1463 1127 1492 1173 et
1504 1120 1709 1191 humanitatem
1725 1121 1753 1175 in

152 1211 224 1276 mma,
249 1209 275 1262 id
300 1216 352 1274 est,
380 1225 431 1280 per
457 1209 518 1277 ejus
546 1214 675 1271 mortem,
701 1208 759 1261 sive
794 1225 855 1279 quas
885 1210 912 1262 in
955 1207 1066 1262 Christo
1080 1223 1136 1262 non
1154 1211 1257 1275 lietam,
1273 1208 1345 1262 sicut
1372 1209 1452 1279 pueri
1471 1225 1555 1263 carne
1573 1216 1602 1266 et
1618 1211 1754 1281 sanguine

152 1299 273 1367 cciqsive
288 1314 350 1369 quae
379 1299 408 1352 in
434 1297 518 1352 terris
543 1303 701 1351 restaurata
733 1302 821 1361 suut;
838 1299 913 1351 vides
954 1302 1093 1363 constant,
1106 1305 1133 1350 et
1144 1298 1322 1368 participavit
1334 1298 1410 1351 carni
1426 1303 1455 1352 et
1468 1299 1609 1369 sanguini,
1626 1305 1658 1354 ut
1671 1300 1755 1355 habs·

153 1395 251 1461 quantum
274 1392 319 1441 est
340 1387 370 1441 iu
403 1386 496 1441 medio
518 1393 704 1447 nostramet
726 1387 786 1457 ipse
814 1384 910 1447 Filius,
954 1382 1084 1440 retunde
1098 1393 1226 1455 gustaret
1254 1394 1375 1440 mortem
1401 1403 1451 1457 pro
1481 1402 1632 1458 puerorum
1652 1390 1752 1453 salute,

152 1483 218 1533 etuos
240 1476 308 1531 alii:
326 1474 372 1529 ille
398 1476 537 1546 proprius.
560 1491 611 1529 nos
639 1475 774 1546 adoptati,
791 1477 839 1529 sed
866 1476 912 1531 ille
953 1477 1033 1546 cujus
1044 1475 1261 1547 dispensationis
1289 1475 1396 1530 aliatim
1424 1491 1538 1531 causam
1568 1477 1752 1549 subjungens,

152 1568 218 1631 salvat,
242 1570 268 1619 et
285 1580 337 1619 nos
358 1566 509 1619 salvamur.
536 1565 620 1618 Vides
641 1567 781 1636 quomodo
804 1582 855 1618 nos
883 1571 912 1620 et
955 1565 1320 1636 rutpermortem,iaquit,
1333 1566 1757 1639 destruereteumquihabcbat

152 1655 257 1726 conjungit
272 1654 448 1708 etdiscernit
464 1672 497 1708 :a
516 1654 619 1708 Multos
638 1654 720 1719 filios,
751 1655 852 1725 inquit,
869 1656 910 1709 in·
952 1654 1051 1707 mortis
1073 1653 1232 1725 imperium,
1258 1655 1310 1708 hoc
1325 1655 1679 1723 estdiabolum.r(loan.)
1704 1657 1755 1710 Hic

152 1744 256 1799 marsia
269 1744 399 1815 gloriam,
422 1764 436 1795 a
460 1744 503 1797 bic
534 1744 696 1813 conjunxit3
716 1763 726 1794 r
758 1750 911 1810 auctorem,
923 1730 1120 1796 Badmirabile
1135 1744 1268 1813 quiddam
1285 1745 1470 1810 ‹ternanstmt
1491 1745 1558 1814 quia
1568 1746 1755 1817 perquodpo·

152 1833 220 1904 inpii,
229 1832 325 1887 salutis
336 1850 443 1897 eorum,
455 1854 465 1883 ι
479 1832 670 1886 hicdiserevit.
686 1852 697 1883 s
714 1833 839 1896 Quieum
850 1848 913 1887 san·
953 1837 1084 1886 testatem
1099 1831 1198 1886 habuit
1218 1832 1355 1898 diabolus,
1372 1850 1422 1903 per
1446 1834 1499 1887 hoc
1521 1835 1680 1888 victusest:
1708 1850 1755 1889 ar·

152 1920 229 1987 diicat,
242 1923 327 1994 etqui
347 1922 539 1977 sanctificatur
560 1939 592 1977 er
606 1939 662 1977 uuo
687 1938 793 1976 omnes.
812 1942 825 1972 v
844 1923 912 1977 Ecce
953 1934 999 1974 ma
1015 1938 1076 1991 quse
1090 1920 1202 1974 fuerant
1217 1921 1256 1974 illi
1278 1921 1362 1975 fortia
1375 1923 1523 1976 adversum
1538 1923 1685 1989 mundum,
1702 1925 1755 1979 hoo

152 2010 371 2083 iterumquomodo
385 2011 531 2082 conjnnptt
554 2012 696 2065 honorans
710 2012 908 2077 etconsolans,
953 2015 996 2063 est
1016 2027 1100 2075 mors,
1128 2027 1253 2080 peream
1286 2011 1364 2065 illum
1384 2011 1512 2065 Christus
1528 2013 1685 2081 percussit:
1709 2014 1755 2067 hic

152 2098 376 2156 etihnstifratres
405 2118 452 2155 eos
479 2103 636 2162 nominans,
666 2102 819 2155 secundum
836 2103 909 2173 quod
952 2100 1175 2168 magnitudinem
1203 2100 1314 2154 virtutis
1338 2101 1400 2170 ejus
1429 2100 1477 2170 qm
1502 2100 1588 2153 vincit
1617 2101 1750 2163 insinuat,

151 2199 222 2242 uino
233 2206 278 2243 eos
301 2206 361 2244 esse
373 2190 450 2244 dicit.
472 2190 578 2245 Deinde
607 2192 736 2246 muniens
750 2207 909 2245 sermonem
952 2189 1124 2243 ostendendo
1144 2194 1280 2259 quantum
1292 2188 1397 2244 bonum
1412 2194 1579 2260 operaretur
1591 2204 1675 2255 mors,
1694 2209 1706 2241 r
1722 2197 1753 2245 ut

97 2298 99 2309 ·
151 2282 237 2332 mutuet
252 2279 401 2334 ostendens
424 2281 556 2350 quoniam
580 2281 614 2333 de
629 2296 660 2334 eo
686 2281 732 2351 qui
757 2283 909 2335 seeundum
951 2278 1091 2338 liberaret,
1109 2279 1208 2348 inquit,
1234 2293 1290 2344 eos,
1320 2279 1366 2348 qui
1383 2278 1485 2331 timore
1509 2278 1608 2332 mortis
1635 2294 1686 2348 per
1711 2288 1753 2333 to

150 2378 229 2420 amem
241 2372 291 2433 est,
303 2368 374 2422 dixit
390 2387 394 2421 :
409 2386 422 2422 r
435 2370 488 2432 Qui
504 2369 578 2422 enim
593 2370 756 2429 sanctificat,
775 2387 788 2421 a
806 2371 857 2424 hoc
867 2377 910 2424 est
949 2373 1008 2420 tarn
1023 2368 1109 2420 vitam
1133 2367 1246 2421 obnoxii
1261 2372 1343 2421 erant
1356 2366 1493 2421 servituti.
1511 2367 1628 2431 quare
1648 2368 1748 2421 tremi·

97 2506 99 2513 .
151 2454 272 2522 Drama«
291 2459 377 2528 etqui
394 2458 620 2519 sanctificatum
636 2457 689 2512 hoc
707 2464 750 2512 est
775 2474 833 2512 nos.
865 2461 908 2513 ln·
949 2456 995 2517 tis,
1010 2471 1096 2526 quare
1112 2456 1217 2509 timetis
1239 2456 1326 2508 eam?
1342 2472 1404 2526 quie
1423 2457 1482 2526 jam
1500 2453 1749 2517 condemnataest.

97 2554 99 2595 ἐ
150 2545 348 2617 bedaquantum
372 2548 515 2601 interest:
543 2547 588 2600 ille
605 2548 769 2611 sanctificat,
786 2549 909 2603 sanctiti—
949 2546 1009 2614 jam
1024 2545 1157 2598 terribilis
1171 2562 1227 2598 non
1243 2552 1294 2611 est,
1311 2545 1359 2598 sed
1378 2544 1509 2615 optabilis
1527 2545 1606 2615 quasi
1621 2544 1748 2600 labanum

97 2620 99 2669 l
149 2644 216 2687 auur
227 2635 298 2689 euim
309 2652 377 2701 uos3
398 2634 530 2689 addidit«
544 2654 577 2689 ex
591 2653 648 2690 uno
664 2653 761 2690 omnes
779 2656 785 2702 3
809 2656 820 2687 r
838 2653 910 2690 unus
950 2634 1023 2693 tlnis,
1041 2640 1068 2687 et
1083 2633 1189 2704 requiei
1204 2633 1332 2700 initium3
1347 2650 1397 2688 cur
1414 2634 1455 2687 ait
1471 2653 1476 2686 :
1495 2651 1509 2687 r
1524 2634 1637 2688 Timore
1650 2635 1751 2689 mortis

97 2716 99 2727 '
148 2720 246 2776 etnim
268 2724 344 2777 Deus
358 2740 376 2777 a
389 2742 443 2795 quo
459 2726 554 2779 omnia
570 2745 576 2785 ς
593 2726 640 2780 sed
656 2724 703 2780 ille
717 2726 807 2793 aliter,
829 2727 910 2780 aliter
951 2728 1098 2793 perlatam
1114 2724 1199 2777 vitani
1214 2722 1326 2776 obnoxii
1339 2726 1422 2776 eraut
1434 2722 1582 2777 servituti?
1598 2742 1611 2775 »
1628 2724 1699 2776 servi
1714 2724 1749 2777 si·

148 2812 209 2865 dnos
226 2831 231 2864 :
248 2813 294 2867 ille
317 2815 398 2885 quasi
414 2816 544 2886 proprius
558 2816 655 2881 Filius,
672 2832 722 2870 nos
744 2833 807 2870 vero
828 2818 908 2888 quasi
949 2813 1060 2883 quidem
1076 2814 1294 2866 omnestuerant
1308 2812 1415 2879 mortis,
1432 2813 1499 2883 quia
1521 2816 1641 2866 mortem
1664 2813 1748 2867 time·

147 2894 242 2970 tdqtivi.
262 2904 395 2956 Attamen
414 2920 501 2956 unum
519 2904 654 2958 habemus
668 2905 780 2959 Patrem
796 2906 904 2959 Deum:
948 2901 1016 2956 bant
1032 2922 1037 2954 :
1055 2903 1173 2956 necdum
1189 2908 1270 2956 erant
1281 2901 1365 2956 soluti
1385 2918 1402 2956 a
1423 2901 1525 2956 timore
1546 2902 1656 2969 mortis,
1668 2903 1748 2972 cujus

147 2984 246 3059 ilquoasi
263 2990 393 3062 proprius
412 2992 497 3047 Filius
513 2993 677 3056 sanctificat,
695 3008 746 3047 uos
760 2994 833 3046 sicut
860 2994 907 3047 ad·
948 2991 1056 3062 legibus
1076 2992 1245 3046 tenebantur
1262 3011 1268 3058 ;
1284 3007 1359 3045 nunc
1382 2991 1478 3062 itaque
1505 2992 1593 3045 sancti
1619 2989 1748 3046 derident

147 3076 204 3145 lptiri
219 3082 431 3136 sanctificamur.
450 3102 461 3133 r
482 3082 601 3153 Propter
615 3098 697 3153 quam
715 3100 829 3138 causam
850 3100 905 3137 non
916 3079 1019 3144 Ceam,
1032 3081 1088 3152 qui,
1104 3098 1193 3151 agone
1208 3086 1350 3135 transacto
1364 3086 1392 3134 et
1406 3084 1497 3135 morte
1509 3081 1626 3147 devicta,
1643 3081 1679 3135 ad
1704 3098 1749 3135 re-

146 3166 289 3224 tllfunditur
312 3171 414 3225 iratres
434 3187 481 3225 cos
501 3188 598 3226 vocare
621 3173 716 3226 dicens
738 3191 743 3225 :
765 3173 906 3227 Nuntiabo
946 3186 1034 3241 gnum
1055 3170 1202 3226 transituri
1219 3177 1295 3225 sunt.
1317 3170 1397 3225 Unde
1421 3175 1450 3224 et
1474 3171 1536 3240 ipse
1559 3169 1663 3224 Paulas
1681 3168 1743 3224 ait:

145 3266 215 3314 nonen
222 3264 300 3316 tuum
309 3261 443 3316 fratribus
459 3262 560 3315 meis.»
574 3262 606 3315 ln
616 3278 649 3315 eo
658 3262 813 3332 enimquod
824 3262 903 3325 dixit,
949 3277 963 3312 e
978 3260 1067 3331 Cupio
1081 3261 1193 3314 dissolvi
1205 3267 1234 3315 et
1248 3276 1309 3314 esse
1323 3277 1387 3314 cum
1400 3260 1512 3314 Christo
1522 3259 1634 3328 (Philip.
1651 3262 1681 3328 il.
1695 3279 1709 3311 a

145 3340 185 3399 ban
199 3348 331 3404 embescit
353 3350 454 3404 fratres
469 3367 516 3404 eos
536 3367 643 3417 vocare,
660 3350 836 3405 demonstrat
848 3368 904 3405 non
984 3350 1154 3420 «Nusquam
1170 3350 1244 3403 enim
1254 3350 1368 3420 angelos
1378 3348 1572 3421 apprehendit,
1590 3349 1745 3403 sedsemen

144 3438 218 3494 adure
232 3454 292 3494 esse
306 3439 491 3494 fraternitatis
508 3446 620 3506 nostra,
643 3439 692 3494 sed
708 3440 905 3496 misericordiae
949 3438 1102 3495 «Abrahae
1129 3440 1315 3511 apprehendit
1330 3440 1423 3493 :unde
1443 3438 1541 3492 debuit
1573 3452 1623 3509 per
1650 3439 1745 3492 omnia

144 3522 182 3593 tius
201 3538 225 3584 et
244 3529 413 3584 humilitatis
435 3530 539 3594 multa»,
558 3530 623 3600 quia
642 3546 692 3584 nos
705 3530 806 3584 fratres
822 3532 907 3602 elegit
949 3529 1109 3583 «fratribus
1124 3529 1250 3583 similari.
1264 3546 1278 3581 r
1292 3531 1390 3596 liena.)
1417 3528 1544 3581 Honorat
1565 3526 1611 3581 bic
1624 3527 1743 3598 patriar-

144 3612 182 3671 rit
201 3624 225 3673 et
250 3620 302 3673 hoe
327 3618 489 3690 prophetico
518 3620 640 3673 affirmat
666 3618 849 3686 testimonio,
870 3638 905 3674 ne
946 3618 1036 3685 cham,
1057 3634 1160 3689 eosque
1184 3618 1285 3688 quide
1309 3618 1370 3686 rjus
1394 3623 1461 3671 sunt
1473 3632 1585 3686 genere,
1614 3616 1649 3669 ad
1674 3630 1743 3685 quoe

143 3706 305 3772 qaaslnovum
325 3712 474 3778 putaretur
499 3713 527 3760 et
553 3724 608 3762 noa
637 3707 726 3761 multo
738 3711 811 3762 'ante
833 3726 904 3779 prae-
946 3709 1004 3762 haec
1019 3706 1143 3778 Epistola
1156 3707 1258 3778 scripta
1283 3711 1334 3760 est.
1347 3707 1557 3759 Commemorat
1572 3720 1638 3774 ergo
1657 3699 1742 3757 bene·

142 3790 230 3853 baum:
246 3798 287 3851 ait
309 3798 385 3850 enim
403 3814 440 3849 :a
469 3795 610 3851 Nuntiabo
636 3796 768 3851 fratribus
784 3797 863 3852 meis.
889 3818 902 3851 r
945 3797 1008 3852 tlcia
1026 3797 1077 3851 Dei
1091 3797 1168 3850 etde
1185 3795 1394 3867 propinquitate
1412 3794 1568 3848 carnaliad
1587 3792 1741 3857 Christum,

142 3878 184 3937 Post
205 3900 309 3940 sacram
331 3886 488 3957 passionem
516 3894 544 3939 et
572 3887 816 3954 resurrectionem,
837 3887 905 3941 dicit
946 3892 974 3941 et
997 3887 1032 3941 de
1058 3885 1242 3958 promissione
1270 3902 1331 3957 quae
1360 3885 1435 3938 dicta
1448 3890 1493 3938 est
1516 3884 1551 3938 ad
1574 3881 1738 3937 Abraham:

140 3968 227 4049 donam
241 3974 396 4029 divinitatis
422 3978 481 4029 toto
509 3972 575 4030 orbe
598 3976 776 4046 vulgandam.
794 3996 807 4029 r
824 3978 904 4032 Nun·
948 3994 960 4027 r
976 3976 1037 4030 'libi
1045 3979 1075 4030 et
1088 3975 1189 4030 semini
1199 3981 1248 4030 tuo
1256 3974 1328 4029 dabo
1348 3978 1454 4029 terram
1479 3973 1551 4027 hanc
1567 3970 1642 4040 (Gerr.
1657 3976 1739 4038 rupe

140 4054 211 4116 labor
233 4064 306 4119 enirn
322 4063 398 4125 dicit,
417 4063 443 4116 id
468 4069 519 4130 est,
536 4080 653 4120 narrare
677 4067 755 4131 facio,
774 4092 784 4114 «ι
802 4068 902 4121 sicutr
946 4065 1013 4135 quia
1035 4081 1067 4119 ex
1091 4081 1147 4119 uno
1164 4082 1271 4129 omnes,
1294 4065 1322 4118 id
1357 4069 1409 4130 est,
1437 4062 1580 4117 Abraham
1614 4061 1742 4116 Christus

140 4143 308 4222 quvangelio
332 4150 497 4205 mulieribus
520 4152 611 4206 dixit:
639 4172 650 4203 ι
677 4155 726 4218 lte,
754 4153 821 4207 dicit
845 4154 903 4207 fra·
944 4155 1098 4208 secundum
1113 4170 1236 4220 carnem,
1253 4160 1281 4208 et
1303 4154 1342 4208 illi
1364 4153 1401 4208 ad
1430 4170 1499 4225 quos
1527 4151 1585 4207 hac
1608 4149 1741 4223 loqueba-

140 4232 399 4305 tribusmeistlloltb.
428 4246 563 4305 arnul.»
595 4242 708 4296 Fratres
740 4247 834 4296 autem
859 4243 902 4297 di·
944 4250 999 4297 tur.
1013 4244 1092 4307 Quod
1107 4260 1172 4297 vero
1181 4242 1310 4314 superius
1320 4243 1360 4297 ait
1376 4242 1559 4307 :rQuoniam
1574 4240 1655 4313 pueri
1669 4256 1743 4295 com-

139 4333 213 4382 antur
224 4335 251 4384 et
264 4330 312 4401 qui
331 4329 452 4400 diligunt
477 4331 566 4400 etqui
587 4331 752 4402 diliguntur.
767 4332 882 4386 Addidit
894 4333 1158 4432 :Dmunicaverunt
1180 4332 1258 4387 carni
1277 4334 1305 4386 et
1326 4331 1466 4402 sanguini,
1493 4336 1521 4386 el
1539 4333 1599 4402 ipse
1614 4329 1743 4384 similiter

142 4410 181 4469 ‹ln
195 4419 276 4472 medio
305 4418 433 4474 Ecclesiae
447 4420 565 4474 laudabo
589 4426 627 4474 te.
645 4439 655 4469 r
674 4422 705 4475 ln
729 4421 821 4474 medio
836 4438 902 4475 san·
943 4421 1121 4494 participavit
1132 4422 1242 4488 iisdem,
1260 4421 1445 4492 »exsequitur
1460 4421 1581 4491 amplius
1591 4418 1665 4472 hunc
1677 4432 1741 4471 sen·

140 4504 219 4562 ebrum
239 4509 298 4562 laus
326 4508 439 4562 Domini
463 4516 577 4562 resonat
603 4525 653 4580 per
672 4526 735 4563 eum
760 4510 807 4580 qui
838 4511 900 4564 ait:
944 4528 1016 4577 sum,
1034 4512 1416 4584 undeparticiparetcamem
1427 4514 1457 4562 et
1470 4508 1658 4578 sauguinem
1678 4507 1742 4560 ideo

142 4594 285 4652 ‹Couhuor
303 4596 366 4656 tibi,
396 4597 488 4659 Pater,
519 4596 638 4652 Domine
667 4597 728 4653 coeli
757 4606 786 4653 et
809 4606 901 4665 terrae,
945 4602 985 4655 ait
1003 4621 1008 4654 :
1025 4622 1036 4652 ι
1055 4602 1117 4655 Non
1132 4601 1206 4656 enim
1222 4616 1391 4673 quemquam
1410 4597 1574 4668 angelorum
1589 4595 1744 4666 apprehen·

141 4680 187 4747 quia
199 4683 358 4740 abscondisti
369 4684 459 4740 haeca
481 4686 652 4757 sapientibus
674 4693 702 4740 et
727 4688 856 4743 revelasti
870 4707 904 4744 ea
944 4688 995 4751 dlt,
1017 4708 1027 4741 r
1049 4688 1148 4754 idest,
1175 4705 1230 4742 non
1253 4686 1402 4757 cujuslibet
1428 4686 1520 4755 angeli
1539 4688 1670 4739 naturam
1684 4698 1744 4738 sus·

141 4770 317 4841 undlsltnc.
335 4774 398 4845 xla
429 4775 502 4829 Laus
517 4775 592 4830 enim
615 4777 726 4833 Domini
755 4795 820 4832 vera
847 4796 902 4833 uon
945 4778 1026 4849 cepit,
1046 4797 1056 4828 r
1074 4778 1123 4831 sed
1152 4792 1246 4831 semen
1275 4776 1393 4830 Abrahae
1419 4773 1627 4846 apprehendit.
1650 4775 1743 4828 »Non

140 4856 205 4914 solum
217 4878 261 4918 ore
276 4864 325 4918 sod
343 4864 429 4918 ctiam
445 4866 528 4920 corde
544 4868 665 4921 amantis
688 4873 717 4922 et
735 4870 904 4939 perficientis
947 4868 1019 4921 enim
1036 4868 1143 4937 angelis
1161 4867 1210 4921 illa
1225 4864 1347 4936 dignitas
1364 4865 1467 4919 donata
1482 4869 1534 4930 est,
1551 4863 1629 4919 utin
1657 4876 1743 4917 unam

139 4957 245 5023 irrupta
257 4953 369 5008 Domini
384 4959 526 5008 narratur.
546 4976 556 5006 ι
576 4957 609 5010 Et
632 4957 733 5012 iterum
751 4978 756 5011 :
771 4958 829 5028 Ego
857 4976 905 5015 ero
946 4972 1095 5028 personam
1110 4956 1159 5011 Dei
1174 4956 1260 5010 Filius
1276 4970 1373 5009 eorum
1390 4959 1499 5009 naturae
1513 4954 1741 5024 conjungeretur,

138 5034 239 5096 lieusln
253 5058 327 5096 eum.
346 5060 359 5093 r
375 5042 415 5096 De
438 5048 567 5113 suscepto
596 5044 709 5099 homine
723 5046 776 5100 hoc
799 5048 905 5103 dictum
947 5045 993 5100 scd
1007 5045 1140 5099 honorem
1158 5052 1186 5099 et
1212 5046 1284 5099 hanc
1298 5043 1464 5114 dignitatem
1487 5044 1617 5097 humanae
1636 5047 1744 5095 naturas

136 5136 173 5190 est,
185 5133 254 5201 cujus
279 5132 450 5185 confidentia
466 5138 527 5186 tota
550 5134 577 5186 in
603 5136 659 5188 Deo
674 5136 757 5189 Patre
773 5154 832 5191 esse
848 5155 904 5193 non
946 5135 1020 5190 Deus
1038 5134 1088 5189 Dei
1111 5133 1198 5188 Filius
1219 5132 1380 5199 contribuit,
1396 5139 1429 5186 ut
1449 5132 1523 5186 Deus
1538 5136 1567 5184 et
1576 5130 1661 5184 homo
1687 5142 1744 5183 una

132 5215 225 5274 dubium
248 5228 299 5285 est,
322 5220 436 5275 sicutin
463 5221 742 5294 Evangelioipseait,
768 5244 818 5296 pra
846 5228 905 5297 qui·
947 5231 1163 5295 essetpersona.
1178 5224 1269 5286 Quare
1294 5222 1387 5277 dixit«
1408 5219 1618 5293 apprehendit?
1643 5218 1744 5283 »Quia

131 5303 169 5361 bris
186 5309 356 5381 supplicabat
373 5309 468 5363 dicens
483 5329 488 5362 ε
503 5328 516 5362 c
534 5308 613 5376 Volo,
630 5312 723 5378 Pater,
745 5321 775 5367 ut
788 5314 835 5368 ubi
854 5332 905 5384 ego
947 5330 998 5368 uos
1017 5314 1095 5384 quasi
1113 5311 1275 5366 recedentes
1297 5312 1331 5366 ab
1346 5327 1379 5365 eo
1394 5317 1423 5364 et
1435 5310 1517 5380 longe
1530 5307 1670 5379 fugientes
1698 5308 1743 5363 iu·

124 5414 184 5457 sum.
212 5405 240 5454 et
263 5400 309 5453 isti
333 5399 390 5452 sint
417 5416 527 5453 mecum
566 5402 653 5465 (loca.
689 5403 768 5472 xvir),
798 5423 810 5455 a
837 5421 906 5474 (quos
947 5408 1059 5458 secutus
1069 5401 1263 5473 apprehendit,
1275 5405 1304 5455 et
1317 5401 1346 5455 in
1366 5416 1452 5454 uuam
1468 5412 1618 5470 personam
1642 5402 1744 5454 nocuae

122 5488 193 5543 etlam
220 5497 251 5544 ut
279 5486 479 5542 confidentiam
510 5488 647 5543 haherent
672 5490 836 5546 exhortatur
863 5493 906 5546 ‹li-
948 5492 1107 5563 tragilitatis
1121 5495 1252 5545 naturam
1267 5489 1320 5544 sibi
1336 5488 1564 5559 contemperavit,
1581 5488 1653 5544 mira
1677 5502 1744 5543 con·

115 5578 211 5635 aenda:
230 5574 405 5641 acoafldlte,
422 5592 474 5646 ego
488 5576 541 5631 vici
552 5577 699 5633 mundum.
713 5596 726 5631 r
945 5581 1054 5653 junctio
1064 5581 1132 5636 dum
1152 5586 1274 5637 aeternus
1288 5584 1317 5636 et
1330 5578 1498 5634 immortalis
1507 5579 1621 5635 mortali
1635 5582 1665 5634 et
1676 5583 1746 5633 tem-
