3786 6128
134 302 187 362 sla
430 303 462 358 Β.
483 301 620 359 assam
638 302 755 359 usum
773 303 941 361 memus.
961 303 1124 362 blOGUNT.
1145 302 1295 361 ortanum
1312 305 1405 363 PARS
1422 306 1476 365 m.

133 432 291 505 pidantium
300 430 466 485 vestimenta
475 430 670 486 servabatlhis
679 448 746 503 ergo
755 431 879 504 primum
888 435 1055 496 coAtrem.
1084 451 1095 484 v
1123 432 1242 499 (Amba)
1262 432 1407 488 seniorem
1431 429 1509 496 dicit,
1532 445 1590 486 non
1615 446 1621 483 v

132 520 316 593 gitationibus
329 519 472 574 humiliari
479 534 527 574 cor
536 519 628 587 debet,
637 526 666 575 et
679 525 746 576 tunc
758 521 873 577 demum
886 522 933 593 de·
974 521 1159 576 ordinationis
1173 521 1322 588 rationem,
1341 521 1391 577 sed
1404 519 1560 575 secundum
1578 523 1621 575 nt

133 608 321 680 linquentium
334 607 468 679 iniquitas
482 609 741 681 increpari.Deinde
753 626 788 665 ex
796 609 933 681 generali·
974 616 1025 675 est,
1042 627 1149 675 senem,
1165 616 1198 665 ut
1211 611 1296 673 dicat,
1316 609 1430 664 senibus
1454 608 1511 663 noli
1532 606 1621 664 acerbv

23 693 28 703 ‘
133 702 191 752 tate
205 714 270 753 eum
286 698 436 752 exhortans
450 697 486 753 de
497 697 543 752 his
558 714 620 768 quae
631 697 685 753 sibi
701 699 871 754 conveniunt
880 700 932 754 ad·
973 699 1023 754 sed
1037 715 1102 753 cum
1117 699 1254 753 modestia
1267 699 1323 753 illis
1337 696 1550 770 loquere,quasi
1567 702 1621 770 patr

129 786 205 858 jicit:
215 787 310 842 «Dum
324 786 404 841 venlo
416 787 530 841 attende
539 786 653 842 lectioni
664 791 693 841 et
706 787 894 843 exhortationi
904 793 933 842 et
975 805 988 839 c
1008 789 1128 843 iuvenes
1149 794 1182 842 ut
1204 788 1316 842 fratres.
1337 788 1399 842 »ln
1423 801 1571 841 commune
1587 801 1621 859 po

135 875 307 930 «doctrinae.
326 893 338 924 v
362 875 483 944 (lavor.)
502 876 537 930 Et
560 875 778 931 sollicitudinem
800 876 932 947 impende
973 876 1049 947 quod
1062 877 1179 935 dixerat.
1198 876 1350 943 «obsecra,
1370 876 1459 930 »vult
1480 875 1556 929 enim
1575 873 1621 931 dic

131 980 200 1036 erga
213 964 371 1030 lectionem,
383 969 416 1019 ut
429 964 536 1019 discere
551 965 650 1035 possis,
667 981 729 1036 quae
742 971 772 1020 te
786 970 816 1020 et
828 965 929 1029 tacere,
972 964 1114 1020 inveharis
1127 982 1218 1036 neque
1233 965 1271 1020 sis
1283 963 1400 1019 acerbus
1411 968 1461 1018 aut
1474 979 1607 1019 amarus:
1618 989 1621 1012 ι

132 1058 163 1108 et
178 1053 249 1107 alios
262 1053 362 1108 docere
377 1052 533 1121 conveniat,
552 1059 585 1108 ut
602 1052 767 1109 assiduitate
781 1053 932 1108 lectionum
973 1057 1038 1108 vero
1050 1058 1079 1108 et
1091 1053 1211 1125 benigne
1226 1071 1294 1125 erga
1307 1070 1405 1108 omnes
1417 1058 1498 1108 tuum
1511 1050 1612 1109 exhibe

131 1143 253 1216 teipsum
262 1142 403 1198 instruens
414 1141 544 1198 insistere
553 1142 644 1214 possis
654 1142 785 1198 doctrinae
796 1148 825 1197 et
834 1143 932 1197 exhor-
973 1143 1112 1214 longaevos
1125 1143 1206 1214 quasi
1221 1148 1315 1214 patres
1329 1142 1458 1212 diligens,
1472 1140 1621 1213 iunioresv

132 1232 243 1296 tationi,
258 1247 315 1287 non
333 1231 401 1286 dicit
425 1231 500 1287 enim
519 1230 646 1286 absolute
664 1230 866 1298 narrationem,
882 1232 932 1287 sed
972 1237 1002 1286 et
1025 1231 1092 1303 quia
1119 1231 1173 1287 ista
1190 1231 1226 1286 de
1253 1231 1320 1286 viris
1352 1230 1471 1298 dixerat,
1500 1231 1596 1286 volens

132 1320 358 1376 exhortationem
367 1320 424 1374 sive
433 1320 621 1385 collationem,
628 1320 707 1376 illam
715 1320 931 1376 commotionem
973 1320 1107 1390 quoniam
1120 1325 1270 1391 paternum
1283 1321 1415 1375 allectum
1427 1319 1557 1374 convenit
1579 1334 1621 1375 em

132 1428 194 1481 quae
208 1426 242 1464 ex
251 1408 393 1480 aliquibus
408 1408 603 1465 accedentibus
615 1409 677 1463 lieri
693 1409 773 1475 solet,
785 1426 870 1481 quam
886 1409 931 1463 iu·
972 1424 1041 1480 erga
1063 1409 1137 1463 viros
1155 1414 1185 1464 et
1206 1426 1274 1480 erga
1292 1408 1433 1474 mulieres,
1445 1407 1548 1463 transit
1562 1406 1621 1463 adi

130 1499 244 1555 tardum
253 1503 283 1553 et
291 1498 321 1552 in
331 1497 472 1552 communi
482 1497 573 1552 facere
584 1502 627 1553 est
635 1514 749 1553 necesse
758 1498 801 1552 vel
809 1498 930 1553 maxime
971 1503 1029 1552 tem
1037 1498 1117 1570 paria
1124 1498 1219 1552 dicens
1232 1517 1259 1552 :s
1272 1499 1351 1552 Anus
1357 1502 1391 1552 ut
1399 1502 1513 1563 matres,
1527 1512 1620 1569 »erge

131 1584 287 1643 camillam
300 1587 491 1642 narrationem
510 1586 701 1654 inciderimus,
713 1603 799 1659 quam
812 1587 930 1658 singulis
972 1586 1073 1658 inquit,
1089 1587 1175 1640 talem
1189 1591 1218 1641 te
1232 1585 1331 1641 exhibe
1356 1592 1388 1647 ut
1401 1585 1525 1640 seniores
1545 1602 1621 1642 eamr

131 1693 270 1749 exponere
279 1693 324 1731 res
339 1676 401 1748 ipsa
410 1676 569 1748 compellat.
584 1677 753 1731 Permanere
762 1676 869 1730 veroin
883 1676 932 1731 do·
971 1680 1035 1730 tuas
1042 1691 1103 1730 esse
1111 1675 1262 1731 existimes.
1272 1675 1379 1730 Deinde
1394 1681 1423 1731 et
1437 1675 1472 1730 de
1482 1675 1621 1731 novellius

130 1764 455 1821 ctrinaetexhortatione
465 1764 594 1835 diligenti
602 1749 1046 1836 suadensplacabilitate,Bcens,
1062 1763 1181 1835 adjicit:
1202 1764 1394 1818 cluvcnculas
1415 1769 1447 1818 ut
1471 1780 1581 1820 sorores
1602 1780 1621 1820 c

131 1853 249 1926 adiicit:
269 1853 361 1908 «Noli
379 1852 521 1924 negligere
539 1853 662 1924 gmtiam
682 1870 743 1925 quae
756 1853 830 1907 inte
844 1857 897 1908 est.
916 1875 929 1902 ι
971 1853 1110 1907 castitate.
1129 1854 1189 1907 »Et
1201 1853 1372 1924 has,inquit,
1385 1853 1621 1927 sicutsororespr

131 1944 204 1998 Nam
219 1948 247 1997 et
261 1942 433 1997 sufficienter
445 1947 557 2015 poterat
571 1943 597 1997 ei
613 1942 793 2014 persuadere,
814 1946 847 1996 ut
866 1958 929 1997 cnm
970 1941 1036 2012 lige,
1043 1941 1207 1996 divisionem
1215 1958 1333 1997 sexuum
1342 1958 1394 2014 per
1402 1948 1513 1997 aetatem
1523 1942 1584 1997 fieri
1593 1943 1621 1998 dv

130 2031 319 2088 sollicitudine
328 2031 461 2086 doctrina
471 2047 541 2104 opus
555 2031 696 2103 impleret,
707 2047 741 2087 eo
751 2031 826 2102 quod
836 2030 871 2085 ad
886 2031 929 2085 di·
971 2028 1057 2097 bavit,
1074 2031 1230 2102 etquidem
1244 2047 1307 2085 cum
1318 2030 1406 2103 possit
1420 2030 1478 2097 illa,
1494 2030 1585 2102 magis
1598 2039 1621 2087 et

130 2121 224 2176 vinam
237 2120 418 2175 donationem
432 2119 468 2175 ab
484 2121 536 2175 hac
549 2119 612 2192 ipsa
625 2136 711 2175 causa
728 2120 830 2191 dignus
846 2119 931 2175 fuerit
972 2124 1001 2174 et
1014 2119 1044 2173 in
1059 2118 1200 2174 communi
1214 2119 1315 2185 dicere,
1332 2119 1381 2174 sed
1396 2119 1449 2175 hoc
1463 2119 1537 2186 fecit,
1553 2124 1586 2175 ut
1604 2137 1621 2193 p

130 2209 242 2280 assequi
255 2209 329 2264 unde
348 2214 377 2263 et
391 2208 511 2280 amphus
525 2209 624 2263 datum
649 2209 741 2281 ipsum
763 2224 866 2280 augere
881 2225 930 2264 cu·
971 2208 1141 2275 ostenderet,
1153 2208 1286 2280 quoniam
1301 2207 1431 2263 similiter
1440 2225 1505 2264 eum
1517 2208 1578 2264 vult
1590 2224 1621 2264 er

130 2299 219 2370 piens,
227 2304 260 2354 ut
269 2297 359 2369 magis
366 2300 513 2369 magisque
521 2314 586 2353 eum
596 2298 805 2364 adhortaretur,
812 2297 926 2368 adjicit:
970 2301 1030 2350 tam
1044 2295 1127 2362 viros,
1138 2313 1224 2368 quam
1233 2297 1365 2352 mulieres
1379 2298 1510 2353 allectum
1524 2297 1621 2354 ostend

33 2376 43 2391 ’“
131 2388 229 2452 «Quae
237 2387 306 2442 data
316 2385 417 2442 esttibi
428 2386 662 2459 perprophetiam
674 2403 739 2442 cum
750 2386 929 2459 impositione
970 2384 1027 2440 sive
1041 2401 1121 2441 senes
1136 2385 1202 2452 sint,
1219 2386 1275 2440 sive
1287 2387 1413 2458 juvenes.
1425 2386 1538 2458 Optime
1550 2391 1621 2445 suta

131 2492 259 2531 «manus
274 2474 474 2548 presbyterii.»
488 2476 559 2529 Nam
574 2480 603 2529 et
612 2474 718 2530 donum
730 2474 856 2529 divinum
866 2490 930 2545 pro·
970 2474 1029 2529 lum
1041 2475 1195 2529 secundum
1210 2491 1308 2529 sexum
1321 2474 1395 2530 viros
1410 2481 1439 2529 et
1452 2476 1585 2530 mulieres
1600 2474 1621 2533 d

130 2568 194 2635 pter
207 2565 260 2619 hoc
276 2569 420 2618 assecutus
435 2580 474 2628 es,
490 2580 542 2635 per
557 2562 756 2618 revelationem
771 2563 841 2618 illud
855 2563 929 2618 acci-
970 2563 1057 2617 etiam
1072 2563 1269 2618 etsecundum
1279 2568 1386 2630 aetates,
1400 2580 1461 2634 quae
1473 2563 1621 2635 propriata

130 2651 219 2723 piens,
230 2669 290 2723 per,
296 2652 423 2722 inquam,
434 2651 642 2722 impositionem
652 2667 787 2706 manuum
796 2652 930 2722 plurimo-
969 2652 1095 2707 accidere
1107 2654 1208 2707 solent.
1224 2652 1304 2707 Unde
1318 2658 1346 2707 et
1357 2653 1473 2707 nomina
1485 2652 1621 2711 secundm

128 2756 193 2795 rum
207 2747 236 2795 et
249 2740 302 2795 hoc
312 2755 368 2794 non
375 2739 584 2805 vilissimorum,
597 2739 645 2810 qui
654 2739 685 2794 in
694 2745 745 2795 tua
753 2739 928 2795 ordinatione
969 2746 1143 2797 memoratus
1157 2746 1209 2807 est,
1218 2741 1259 2795 ita
1267 2746 1301 2796 ut
1308 2741 1447 2812 longaevos
1457 2741 1571 2813 quidem
1579 2756 1621 2798 mv

128 2828 182 2900 ipsi
195 2829 294 2901 gratiae
311 2828 363 2883 visi
382 2833 449 2883 sunt
471 2827 654 2882 ministrasse.
677 2829 775 2900 ltaque
794 2829 869 2883 omni
894 2845 927 2883 ex
968 2834 1028 2884 tum
1048 2829 1202 2896 affectaret,
1226 2830 1343 2900 juvenes
1364 2847 1430 2885 vero
1455 2847 1533 2885 more
1548 2829 1621 2887 frah·

129 2923 218 2990 parte,
234 2933 291 2973 non
300 2921 344 2972 est
358 2924 472 2972 auctum
482 2915 542 2979 tibi,
555 2922 588 2971 ut
601 2916 727 2988 negligas
742 2916 791 2972 illa
804 2934 866 2988 quaa
875 2917 927 2972 tibi
968 2926 1084 2989 augeret
1098 2919 1159 2990 ejus
1173 2918 1304 2974 allectum
1317 2919 1347 2973 in
1360 2918 1461 2973 melius
1474 2918 1566 2974 simile
1579 2919 1621 2976 ali

128 3012 196 3062 sunt
207 3006 344 3078 injuncta,
360 3005 417 3060 sive
431 3011 546 3077 propter
567 3005 776 3072 revelationem,
792 3022 855 3061 cum
871 3024 928 3078 qua
967 3006 1089 3074 illomm,
1097 3024 1158 3078 quae
1167 3007 1304 3062 Dominus
1313 3006 1467 3061 dixeratad
1478 3005 1567 3074 illum,
1576 3008 1621 3080 qvu‘

128 3112 163 3150 ea
175 3102 320 3150 assecutus
334 3111 374 3160 es,
390 3093 448 3148 sive
463 3093 498 3148 ob
512 3093 704 3165 dignationem
719 3111 816 3149 eorum
829 3095 877 3166 qui
892 3095 927 3150 ob
937 3066 1095 3162 Gtiaverat,
1102 3096 1236 3166 quoniam
1243 3100 1334 3150 mater
1341 3101 1392 3150 tua
1401 3101 1430 3150 et
1440 3095 1541 3151 fratres
1550 3095 1593 3151 tui
1605 3113 1621 3153 e

129 3184 181 3239 hoc
202 3183 296 3255 ipsum
314 3183 508 3238 ministrantes
530 3198 631 3238 manus
648 3182 700 3237 tibi
719 3183 924 3256 imposuerunt.
967 3183 1044 3250 foris,
1060 3185 1224 3255 respondit:
1244 3185 1370 3250 oblatcr,
1386 3184 1562 3256 inquit,mea
1573 3191 1606 3242 et

128 3272 310 3345 Presbyteros
323 3289 388 3327 vero
401 3272 454 3326 hoc
463 3271 493 3326 in
502 3272 564 3328 loco
576 3288 633 3327 non
643 3289 691 3327 eos
705 3272 869 3339 nominavit,
878 3274 926 3345 qui
967 3278 1043 3338 sunt,
1052 3273 1100 3344 qui
1110 3272 1336 3328 faciuntverbum
1344 3289 1455 3341 meum·⁷
1464 3274 1558 3329 »sicet
1564 3273 1621 3346 ipse

127 3378 202 3417 nunc
214 3361 396 3416 nominantur
405 3359 562 3433 presbyteri
575 3379 580 3415 :
592 3377 644 3416 nec
657 3367 753 3417 autem
767 3378 813 3416 res
822 3362 926 3417 admit·
967 3361 1065 3416 ordine
1080 3361 1176 3417 fideles
1199 3377 1263 3416 eum
1284 3361 1387 3417 babere
1401 3363 1542 3434 pracepit.
1558 3363 1621 3419 Inte

126 3449 204 3506 tebat
216 3451 285 3507 istos
298 3467 399 3506 manus
412 3450 558 3522 imponere
570 3450 606 3505 ad
618 3450 824 3506 ordinationem
838 3451 927 3522 ipsius
966 3465 1032 3504 vem
1047 3454 1090 3505 est
1103 3450 1146 3504 illi
1154 3452 1279 3517 cautelae,
1288 3451 1525 3522 quemadmodum
1534 3451 1570 3506 de
1582 3451 1621 3509 ad

125 3539 287 3607 functionis,
309 3540 359 3595 sed
376 3539 568 3612 apostolorum
589 3538 660 3594 dicit
682 3544 860 3606 conventum,
878 3540 926 3612 qui
966 3536 1018 3593 bus
1032 3538 1198 3593 mulieribus
1221 3538 1339 3611 loquens
1354 3538 1489 3611 posuerit,
1506 3558 1519 3591 v
1535 3545 1621 3613 tanqu

125 3628 224 3684 aderat
232 3630 358 3701 apostolo
371 3628 505 3696 Paulo,et
515 3645 579 3683 cum
591 3645 734 3684 comanus
744 3628 926 3701 imponebant
965 3644 1020 3689 res,
1037 3645 1051 3680 v
1064 3633 1093 3682 et
1106 3626 1152 3682 his
1165 3628 1322 3698 adjecerit«
1335 3628 1365 3682 in
1375 3628 1451 3682 omni
1462 3627 1601 3697 castitate,
1614 3649 1621 3683 r

124 3716 926 3790 inejusordinationem.Presbyteriumautemilludnomi·
965 3715 1113 3771 consilium
1127 3733 1209 3771 suum
1224 3733 1292 3787 erga
1304 3733 1438 3789 personas
1461 3721 1621 3775 memoratu

124 3805 924 3878 navit,contemplationehonoris,istaveroconsuetudine
965 3811 1029 3876 pter
1042 3809 1154 3860 aetatem
1169 3811 1284 3860 cautum
1302 3805 1462 3873 ostendens,
1478 3805 1562 3861 simul
1583 3808 1614 3863 et

124 3895 210 3951 etiam
224 3912 298 3951 nunc
308 3899 397 3965 agunt
406 3911 496 3966 usque
505 3894 569 3961 huc,
582 3900 616 3950 ut
626 3894 656 3949 in
668 3894 862 3966 episcopomm
876 3912 923 3951 or·
964 3900 1085 3962 struens,
1101 3894 1235 3966 quoniam
1249 3893 1381 3965 possibile
1395 3899 1439 3949 est
1451 3894 1621 3951 allectumlu

21 4053 27 4067 Ι
123 3983 268 4039 dinatione
281 4000 337 4038 non
348 3999 431 4048 unus,
444 3983 494 4037 sed
503 3982 619 4054 plurimi
630 3989 658 4038 et
672 3984 835 4055 hujusmodi
850 3983 923 4039 ordi·
963 3983 1125 4038 hementem
1144 3983 1380 4054 contemplatione
1400 3982 1514 4054 pietatis
1532 3999 1603 4056 erga

123 4072 267 4127 nationem
274 4071 419 4142 impleant,
426 4071 528 4127 deinde
538 4077 568 4126 et
575 4071 728 4143 persistens
735 4072 766 4127 in
773 4073 922 4145 praebendo
963 4071 1030 4127 licet
1042 4072 1100 4127 sint
1113 4089 1164 4144 per
1177 4076 1289 4126 aetatem
1308 4071 1433 4138 novella,
1447 4079 1476 4127 et
1488 4073 1541 4127 hoc
1554 4087 1614 4129 non

122 4159 249 4227 consilio,
273 4160 372 4231 adjicit
390 4178 396 4213 :
420 4179 432 4211 ι
450 4160 515 4214 Haec
533 4159 681 4227 meditare,
696 4160 726 4216 in
745 4161 790 4215 his
805 4167 874 4228 esto,
891 4167 923 4217 ut
963 4161 1111 4216 deducitur
1125 4160 1289 4232 pessimum.
1306 4160 1378 4215 Nam
1398 4160 1472 4233 quod
1485 4160 1557 4215 dixit
1571 4162 1621 4219 αι’

124 4247 294 4320 «profectus
313 4254 380 4302 tuus
400 4247 566 4303 manifestus
585 4248 621 4303 sit
646 4248 786 4315 omnibus,
808 4251 922 4306 attende
963 4266 1017 4317 res,
1037 4269 1050 4303 v
1071 4266 1105 4304 ex
1117 4249 1260 4321 superiore
1273 4250 1421 4321 sequentia
1433 4249 1519 4305 etiam
1541 4249 1597 4306 hoc
1615 4251 1621 4306 i

124 4353 139 4389 ιι
154 4335 205 4392 tibi
220 4342 249 4393 et
262 4337 405 4403 doctrine,
416 4336 492 4391 insta
505 4337 535 4391 in
549 4336 676 4393 illisHoc
689 4337 763 4393 enim
776 4339 879 4394 faciens
893 4344 922 4394 et
962 4338 1065 4410 posuit,
1074 4338 1221 4393 consilium
1233 4338 1312 4404 dans,
1324 4343 1357 4393 ut
1368 4354 1424 4393 non
1435 4338 1526 4393 solum
1535 4338 1621 4412 dilige

124 4446 136 4477 ι
152 4426 274 4499 teipsum
289 4426 397 4482 salvum
410 4425 505 4491 facies,
517 4432 600 4481 eteos
613 4426 661 4498 qui
675 4432 705 4482 te
719 4427 870 4484 audiunt.»
886 4430 922 4484 Et
962 4428 1004 4483 uti
1017 4433 1046 4482 et
1060 4427 1088 4481 in
1105 4426 1296 4498 superioribus
1316 4426 1433 4492 dixerat,
1450 4427 1499 4482 sed
1520 4432 1550 4482 et
1568 4427 1607 4484 ad

121 4532 172 4588 per
186 4517 281 4571 omnia
297 4515 368 4571 illud
387 4514 464 4581 dicit,
481 4515 614 4587 quoniam
628 4515 776 4570 conveniat
788 4522 817 4571 te
841 4523 920 4572 tuam
961 4532 1026 4571 nem
1040 4516 1212 4587 integritatis
1222 4516 1334 4587 adjecit,
1351 4521 1432 4571 utne
1445 4515 1481 4570 ab
1495 4516 1598 4572 allocut
1619 4575 1621 4579 ,

120 4605 210 4677 ipsius
225 4605 401 4676 diligentiam
415 4604 527 4671 habere,
546 4621 579 4659 ac
603 4603 753 4660 virtutibus
767 4605 918 4673 illustrare,
961 4605 1243 4672 lenturcastitatis,si
1253 4593 1414 4660 tamennon
1424 4604 1621 4677 aliquisspout

121 4692 163 4747 ita
171 4699 204 4749 ut
213 4699 243 4748 et
251 4698 317 4747 ante
325 4693 421 4748 omnia
427 4693 594 4748 lectionibus
603 4692 744 4761 intendas,
754 4694 920 4750 etdoctrinoe
961 4694 1110 4765 dispiciens
1125 4693 1155 4748 in
1168 4693 1293 4748 deterius
1304 4710 1417 4765 serpere
1430 4694 1560 4762 voluerit,
1575 4693 1622 4767 siq

119 4795 192 4851 opus
214 4797 278 4834 cum
301 4781 378 4836 omni
402 4782 533 4854 expedias
557 4782 754 4849 sollicitudine,
778 4783 818 4838 sic
844 4783 920 4847 enim
961 4782 1273 4838 sororessintmuliercs
1282 4782 1447 4838 eteamdem
1458 4782 1621 4839 habeantne

121 4868 172 4924 tibi
191 4868 246 4940 ipsi
266 4875 295 4924 et
313 4868 375 4924 aliis
394 4870 492 4925 multis
510 4871 565 4926 eris
586 4869 720 4926 bonitatis
739 4872 874 4943 provisor,
891 4877 921 4928 et
960 4871 1063 4926 similia
1072 4870 1181 4942 perpeti
1196 4870 1313 4942 possint,
1324 4876 1353 4925 et
1361 4870 1510 4941 diligemus
1519 4877 1621 4944 propte

121 4974 255 5030 quomam
269 4957 362 5012 dehis
376 4960 581 5014 consummavit
594 4959 816 5014 exhortationem
830 4960 919 5032 pluri·
960 4959 1207 5032 propinquitatem,
1224 4964 1253 5014 et
1266 4959 1425 5014 cavebimus
1439 4958 1546 5032 aliquid
1558 4959 1621 5017 inco

120 5047 253 5103 miscam
269 5046 445 5102 sermonibus
469 5048 583 5119 explens
605 5047 703 5103 scribit
720 5048 755 5102 de
775 5054 876 5104 cetero
891 5056 920 5105 et
960 5048 989 5103 in
1008 5048 1071 5103 illas
1098 5065 1190 5119 agere,
1207 5048 1445 5120 propinquitatem
1468 5054 1621 5107 venerante

121 5137 233 5209 qualem
243 5153 308 5192 eum
323 5152 384 5191 esse
399 5153 467 5207 erga
479 5137 605 5209 singulos
618 5137 775 5192 conveniat.
959 5154 1023 5193 cum
1036 5136 1131 5192 debita
1145 5137 1310 5192 reverentia.

436 5243 554 5301 CAPUT
564 5244 598 5298 v,
996 5244 1010 5278 c
1029 5226 1135 5282 Viduas
1149 5226 1264 5291 honora,
1283 5242 1344 5298 que
1358 5242 1422 5281 vere
1437 5225 1526 5283 viduae
1538 5232 1618 5283 sunt

122 5332 242 5386 imtrav't
255 5331 395 5399 Apostolus
408 5331 580 5387 Timotheum
589 5334 621 5387 dc
632 5335 796 5399 senioribus,
803 5336 918 5402 jvvocrvi-
960 5332 1021 5388 (lum
1032 5316 1062 5371 1¹¹
1076 5314 1266 5386 Supflriffl'ibus
1275 5314 1448 5386 Ῐῐῑῗθΐὶθῦῑῧθθ
1459 5314 1569 5372 Vid‘ituf
1578 5314 1621 5374 Μ

158 5403 207 5454 tas
222 5405 247 5454 et
261 5404 367 5464 oldaia·
383 5403 456 5456 docet
471 5419 531 5472 qua
547 5420 616 5458 vcra
637 5406 727 5458 vidua
740 5407 808 5470 sim,
825 5421 858 5458 ac
881 5408 918 5459 to·
958 5405 1047 5460 stolus
1058 5404 1172 5470 Paulus,
1183 5400 1273 5458 abillo
1283 5402 1449 5474 quodixit,«
1460 5403 1611 5461 manifeste

157 5474 257 5540 quitur
273 5473 305 5525 de
323 5475 478 5541 provisione
498 5476 696 5529 ovinistrorum
715 5476 847 5541 Reclusis,
863 5480 915 5530 etc.
959 5493 1123 5565 estpiegaq,
1136 5492 1311 5564 mysterium,
1328 5510 1342 5544 „
1357 5507 1446 5564 usque
1459 5492 1497 5547 ,Α
1511 5492 1565 5549 1100
1577 5492 1621 5552 di,

159 5594 174 5628 ι
195 5576 341 5635 Seniorem
354 5594 391 5635 ae
412 5578 595 5654 increpueris,
609 5581 660 5640 sed
681 5580 807 5652 obsecra,
821 5587 854 5640 ut
866 5599 917 5657 pa·
958 5582 1037 5651 dixit,
1050 5600 1065 5638 c
1078 5581 1301 5639 adolescentulas
1308 5587 1338 5638 et
1344 5597 1456 5638 sorores
1464 5579 1621 5643 momnis·
