3772 6120
117 253 188 313 luas
328 280 331 285 ,
409 251 441 306 B.
463 240 599 305 RABANI
623 249 739 306 mauu}
758 250 925 306 ARCHIDP.
946 251 1110 310 MOGUNT.
1133 252 1282 311 OPERUM
1300 252 1393 311 PARS
1411 253 1463 311 111.
1689 252 1749 314 lttt

118 381 171 437 fuit
183 379 326 436 Abraham
341 377 390 451 qui
400 382 528 432 mortuus
544 381 587 432 cst
593 375 692 447 plenus
706 376 818 433 dierum
831 379 860 433 in
874 386 950 445 εει-Α
961 396 1013 450 pus
1028 380 1127 435 mortis
1142 380 1273 448 innotuit,
1291 394 1346 450 quo
1368 377 1412 433 rir
1426 375 1474 432 ille
1492 377 1567 433 mori
1588 374 1747 449 merebatur,

118 474 232 527 nectute
245 467 341 523 bona:
360 470 520 538 peccatores
534 480 600 520 vero
615 471 644 520 et
667 465 748 536 impii
772 467 802 521 in
825 466 917 522 medio
959 484 1010 523 nec
1023 469 1169 525 Dominica
1179 474 1287 524 statuta
1295 466 1428 522 convulsa
1438 470 1515 534 suut,
1527 467 1596 539 quia
1610 470 1644 522 ut
1657 482 1690 521 ex
1704 467 1749 524 lar·

116 561 226 615 dierum
239 573 356 613 suornm
371 556 541 619 moriuntur,
558 555 593 610 de
616 555 717 627 quibus
742 561 770 611 ct
794 557 919 628 psalmus
958 557 1048 627 gitate
1064 558 1115 614 Dei
1137 558 1205 614 anni
1224 557 1286 613 ritae
1306 560 1475 622 crescerent,
1491 556 1545 611 hoc
1565 570 1678 627 quoque
1695 560 1748 614 ante

117 647 242 721 loquitur
258 665 265 701 ε
283 645 371 700 «viri
386 644 557 717 sanguinum
568 649 597 699 et
611 644 701 699 dolosi
720 662 777 700 non
791 645 920 701 dimidie-
960 647 1061 702 secula
1087 647 1232 719 praeflxum
1256 646 1319 714 fuit,
1343 651 1428 717 atque
1451 645 1576 719 spatium
1597 643 1672 712 vitae,
1687 645 1746 717 quod

116 737 190 794 bunt
202 736 262 792 dies
276 750 342 791 suos
353 737 436 803 (Paul.
448 736 604 802 err),rnorr
617 733 693 789 enim
708 733 922 806 implentopera
960 733 1105 807 inopinate
1131 735 1199 791 foris
1212 740 1272 791 est:
1289 734 1417 790 additum
1435 736 1497 792 sine
1511 738 1667 806 numento
1690 749 1747 804 pre·

117 827 254 882 unatim
268 841 320 880 nec
333 823 448 879 student
463 821 630 896 paenitentia
638 823 791 880 emendare
805 822 917 879 delicta.
960 823 1083 880 scientiae
1092 823 1147 880 fuit
1159 823 1235 879 intus
1249 828 1399 879 statutum.

118 916 199 973 Unde
214 915 245 971 in
259 913 354 970 medio
376 913 439 969 vite
455 929 540 969 cursu
562 917 592 967 et
614 911 643 968 in
659 928 783 968 errorem
796 911 921 968 tenebris
997 914 1063 969 «De
1078 930 1161 969 mane
1175 929 1264 986 usque
1288 913 1323 968 ad
1338 927 1486 984 vesperum
1499 911 1582 966 linies
1606 925 1662 978 me,
1681 926 1744 966 are

119 1005 258 1062 ducentur
272 1003 309 1058 ad
318 1006 468 1057 tartarum.
840 1034 842 1038 -
962 1022 975 1055 <v
989 1018 1070 1074 spere
1084 1018 1174 1075 usque
1188 1002 1224 1058 ad
1239 1019 1332 1070 mane,
1344 1001 1424 1073 quasi
1434 1000 1489 1067 leo,
1500 1000 1542 1055 sic
1555 999 1686 1055 contrivit
1696 1016 1743 1057 om

156 1113 169 1147 a
195 1090 315 1159 Quaesivi
333 1090 479 1146 residuum
494 1105 634 1146 annorum
662 1105 827 1145 meorum.»
856 1090 920 1146 Non
961 1092 1040 1146 ania
1053 1108 1117 1147 ossa
1134 1108 1207 1147 mea.
1229 1092 1311 1156 Quod
1332 1091 1372 1146 sic
1388 1091 1471 1161 juxta
1492 1088 1581 1144 eliam
1608 1088 1742 1146 editionem

120 1199 167 1238 me
188 1187 291 1255 putans
315 1180 391 1234 ultra
418 1196 478 1235 esse
495 1178 645 1246 victurum,
673 1178 741 1242 dixi,
759 1197 773 1232 a
791 1180 854 1234 Non
877 1177 920 1233 ri·
961 1178 1065 1250 legitur
1080 1198 1111 1232 :a
1127 1180 1167 1236 De
1181 1195 1264 1235 mane
1278 1179 1417 1252 usquead
1428 1194 1578 1251 vesperam
1588 1178 1670 1234 finies
1677 1195 1740 1234 me.»

120 1271 192 1327 debo
206 1270 358 1326 Dominum
387 1269 478 1324 Deum
501 1268 531 1323 in
554 1273 632 1324 terra
658 1260 820 1324 viventium.
836 1286 851 1321 a
865 1266 920 1323 Pro
961 1266 1114 1339 Sperabam
1129 1267 1263 1341 usquead
1277 1284 1369 1334 mane,
1387 1254 1463 1340 quod
1477 1272 1506 1323 et
1520 1267 1574 1324 lob
1587 1267 1742 1340 inargnsb'r
1775 1301 1779 1309 -

120 1361 240 1416 Domino
250 1360 344 1416 etDeo
357 1357 403 1413 hic
415 1358 446 1412 in
461 1355 598 1413 Hebraico
607 1357 732 1429 ponitur,
748 1357 787 1424 la,
802 1356 878 1428 quod
891 1356 921 1412 in
961 1372 1014 1412 sua
1027 1363 1112 1429 atque
1126 1357 1156 1412 in
1169 1358 1319 1413 tormentis
1331 1357 1455 1429 corporis
1465 1357 1636 1413 sustinuisse
1645 1357 1740 1426 sedicit,

120 1456 246 1506 extrema
254 1446 362 1521 syllaba
373 1446 487 1502 alleluiu
498 1453 589 1514 sonat,
598 1463 649 1519 pro
664 1462 719 1518 quo
735 1444 920 1517 Septuaginta
961 1446 1110 1518 quandoin
1120 1446 1166 1501 die
1177 1446 1355 1519 exspectabat
1365 1451 1486 1514 noctem,
1497 1452 1526 1502 et
1536 1447 1630 1503 lucem
1643 1453 1739 1519 presto·

56 1574 59 1581 -
119 1533 920 1608 trannmemnt,«nequequamultmvidebosarutarebei
961 1534 1072 1589 labatur
1094 1536 1124 1590 in
1149 1535 1283 1604 tenebris,
1300 1536 1456 1592 mutatione
1473 1542 1638 1608 temporum
1656 1541 1738 1609 putans

121 1630 152 1685 in
163 1634 241 1684 terra
255 1627 428 1694 virentium;
447 1644 458 1676 r
474 1625 509 1680 de
520 1624 709 1696 quaetinalio
718 1625 776 1679 loco
784 1624 919 1696 scripturn
961 1625 1064 1679 mutari
1080 1641 1161 1697 posse
1172 1625 1318 1698 supplicia.
1334 1627 1393 1680 lloc
1406 1642 1504 1682 verum
1528 1643 1591 1682 esse
1604 1626 1686 1695 novit,
1704 1628 1738 1698 qni

120 1723 182 1774 est:
199 1735 213 1771 a
227 1715 345 1773 Placebo
358 1714 477 1770 Domino
493 1714 521 1768 in
537 1713 651 1785 regiorm
669 1712 821 1768 viventium
834 1709 1070 1785 (Paul-Bmagnis
1084 1714 1207 1771 febribus
1221 1722 1331 1783 metuat,
1347 1716 1427 1787 cnjus
1449 1716 1524 1786 iguis
1538 1717 1666 1772 internus
1678 1717 1738 1773 ins'-

119 1811 207 1876 cxrv);
223 1825 236 1859 a
252 1811 281 1861 et
294 1820 421 1860 rursum:
433 1826 444 1853 ι
454 1801 573 1858 Placebo
588 1801 708 1859 Domino
722 1802 752 1857 in
766 1801 872 1857 lumine
882 1800 920 1855 vi·
960 1804 1118 1860 militudine
1132 1804 1221 1861 leonis
1235 1806 1332 1861 omnia
1345 1822 1409 1861 ossa
1422 1812 1582 1873 consumat,
1598 1822 1648 1860 nec
1661 1822 1688 1861 se
1699 1821 1737 1879 pn·

119 1896 245 1952 rentium
258 1896 342 1964 (Paul.
356 1895 413 1961 nv).
426 1910 440 1946 o
451 1891 781 1962 Regioergosanctorum
790 1890 852 1962 ipsa
865 1895 918 1958 est,
959 1900 1001 1951 tat
1015 1911 1073 1967 prae
1083 1894 1187 1950 doloris
1201 1896 1396 1967 magnitudine
1406 1912 1467 1951 esse
1476 1896 1554 1951 ultra
1567 1896 1707 1951 victurum.

118 2003 182 2060 quse
196 1983 354 2057 appellatur
363 1983 410 2037 lux
425 1980 587 2036 viventium.
606 1981 694 2036 «Non
704 1979 830 2035 estcnim
843 1980 919 2036 Deus
998 1984 1066 2040 «De
1079 2000 1161 2039 mane
1175 1999 1264 2056 usque
1286 1985 1321 2040 ad
1345 2001 1492 2056 vesperam
1511 1985 1595 2040 finies
1616 2001 1669 2052 me,
1682 1985 1735 2042 sind

121 2082 307 2140 mortuorum,
324 2072 373 2128 sed
396 2070 522 2126 vivorum
542 2069 653 2143 (lfotth.
673 2070 751 2141 1¹11),
768 2087 781 2120 s
798 2069 851 2124 hoc
872 2086 921 2126 au·
963 2093 975 2125 a
991 2072 1085 2145 pullus
1101 2072 1269 2140 hirundinis,
1285 2072 1325 2128 sic
1339 2072 1474 2140 clamabo,
1490 2073 1735 2142 meditabundus

120 2170 179 2220 tem
193 2168 237 2218 est
250 2176 333 2217 omne
343 2160 417 2231 quod
428 2159 538 2224 metuit,
555 2175 590 2213 ne
602 2159 727 2214 salutare
741 2157 920 2225 Dei,=ductus
962 2161 1091 2218 «lumbe.
1106 2180 1117 2212 r
1133 2161 1183 2216 He
1196 2161 1337 2224 duaeaves
1350 2162 1488 2233 gemitum
1502 2179 1555 2235 pro
1574 2169 1658 2219 cantu
1670 2163 1733 2219 edan

28 2308 44 2332 x
121 2253 157 2309 ad
173 2251 288 2319 inferos,
302 2264 482 2322 nequaquam
505 2253 648 2306 mereatur
670 2248 805 2321 aspicere.
822 2247 920 2320 Sequi·
960 2251 1060 2307 solent.
1076 2250 1157 2308 Unde
1171 2251 1273 2307 harum
1287 2252 1502 2307 similitudinem
1517 2253 1649 2308 Ezechias
1662 2253 1689 2308 in
1703 2253 1735 2308 do·

120 2347 188 2398 tur:
961 2340 1028 2396 loris
1046 2339 1091 2395 sui
1106 2340 1229 2412 querelis
1244 2346 1273 2396 et
1287 2340 1447 2411 gemitibus,
1463 2356 1530 2395 cum
1550 2341 1675 2397 oratione
1690 2354 1734 2411 pro

159 2450 172 2483 a
193 2432 257 2487 Non
276 2427 411 2500 aspiciam
436 2425 579 2482 hominem
594 2425 670 2481 ultra
684 2431 713 2481 et
730 2425 919 2481 habitatorem
960 2431 1022 2486 fusa
1041 2431 1077 2485 ad
1089 2429 1179 2485 Deum
1203 2430 1332 2497 assumit,
1354 2434 1493 2502 quatenns
1508 2429 1622 2501 lugubri
1644 2435 1672 2485 et
1686 2429 1734 2484 lletn

125 2519 261 2594 «quievit
279 2516 425 2590 generatio
449 2532 523 2584 mea,
546 2514 641 2571 ablata
663 2521 706 2570 est
719 2520 748 2569 et
773 2514 922 2571 convoluta
961 2519 1049 2574 mixta
1062 2517 1222 2589 deprecatio
1237 2518 1413 2589 protinusad
1427 2517 1467 2590 pii
1487 2517 1594 2590 judicis
1614 2533 1691 2573 eures
1704 2530 1733 2571 ar·

126 2614 195 2664 aest
207 2625 224 2663 a
238 2624 293 2674 me,
310 2606 389 2679 quasi
404 2604 617 2661 tabernaculum
636 2610 789 2676 pastorum,
806 2604 922 2675 praecisa
962 2608 1071 2673 candet,
1088 2612 1116 2662 et
1126 2606 1166 2661 sic
1182 2607 1271 2678 ipsius
1285 2623 1369 2679 opem
1381 2606 1435 2662 sibi
1448 2607 1532 2663 citius
1547 2607 1676 2663 collamm
1688 2619 1732 2661 sen·

125 2718 136 2751 a
151 2703 194 2754 est
207 2697 293 2752 veluti
308 2713 325 2750 a
338 2699 450 2750 terente
463 2694 521 2749 vita
534 2709 606 2761 mea,
619 2694 688 2749 dum
702 2693 794 2749 adhuc
802 2693 919 2760 ordirer,
961 2698 1024 2754 tint.
1041 2696 1120 2752 Unde
1134 2701 1163 2751 et
1176 2696 1312 2768 sequitur.

124 2806 137 2840 a
152 2785 270 2843 succidit
281 2801 335 2840 me.
352 2783 474 2839 »Timet
487 2798 564 2855 ergo,
580 2798 617 2837 ne
630 2798 694 2838 cum
708 2781 813 2838 sanctis
827 2787 856 2837 et
870 2781 919 2837 ho
997 2806 1009 2839 a
1024 2786 1171 2842 Attenuati
1183 2791 1250 2841 sunt
1263 2784 1336 2841 oculi
1360 2784 1415 2841 mei
1425 2784 1617 2857 'suspicientes
1627 2783 1655 2840 in
1670 2779 1733 2840 exul·

123 2874 247 2931 minibus
259 2873 310 2929 Dei
324 2888 381 2928 non
394 2870 503 2927 habitet
516 2872 546 2926 in
569 2870 673 2943 quiete,
695 2887 732 2927 ne
746 2886 802 2928 nou
825 2871 919 2926 rideat
964 2896 973 2925 ι
989 2890 1062 2930 sum.
1078 2874 1205 2941 Domine,
1216 2891 1273 2929 rrrn
1285 2874 1386 2946 patior,
1398 2874 1537 2946 responde
1551 2890 1604 2945 pro
1618 2889 1670 2939 mc,
1685 2867 1734 2943 qnid

120 2965 211 3022 Deum
224 2963 255 3019 in
269 2969 347 3018 terra
360 2961 523 3027 viventium,
533 2976 569 3015 ne
583 2960 727 3031 generatio
741 2960 815 3015 illius
828 2959 920 3015 instar
961 2983 974 3017 a
986 2964 1087 3031 dicam,
1103 2971 1154 3019 aut
1163 2963 1230 3035 quid
1246 2961 1425 3036 respondebit
1439 2962 1518 3030 mibi,
1535 2978 1601 3017 cum
1616 2962 1672 3033 ipse
1683 2960 1734 3016 int·

121 3050 295 3108 tabernaculi
308 3050 486 3117 dissolvatur,
498 3065 533 3103 ne
547 3049 575 3103 in
587 3048 650 3103 telae
664 3048 879 3104 similitudinem
890 3048 919 3104 in
930 3033 975 3106 Gr
988 3053 1052 3108 rim.
1073 3070 1087 3107 a
1101 3052 1278 3120 Defecerant,
1299 3052 1401 3124 inquit,
1417 3051 1491 3108 oculi
1514 3052 1572 3106 mei
1599 3045 1735 3122 aspiciendo

120 3142 181 3215 ipso
194 3141 265 3197 lucis
276 3139 389 3195 exordio
400 3137 578 3210 praecidatur,
590 3142 620 3193 et
632 3153 810 3209 nequaquam
824 3137 860 3192 de
874 3154 919 3193 se·
960 3142 1100 3198 excelsum
1109 3141 1172 3197 ooeli
1182 3141 1385 3208 adDominum,
1393 3141 1441 3213 qui
1454 3140 1530 3197 eruit
1543 3155 1590 3196 me
1603 3147 1632 3196 et
1644 3134 1737 3194 cuult

122 3231 198 3288 mine
225 3231 288 3303 ejus
312 3228 442 3284 Christus
464 3226 581 3282 oriatur.
598 3226 679 3291 Quod
705 3230 801 3282 autern
820 3242 921 3299 corpus
961 3230 1737 3302 doloremanimaemere,etipsefecit3nuncquoquemor⁵

121 3325 250 3377 nostrum
263 3316 421 3391 appelletur
431 3315 654 3383 tabernaculum,
669 3320 698 3370 et
710 3315 862 3387 Apostolus
875 3315 920 3371 in·
960 3320 1090 3376 imminet
1103 3325 1133 3375 et
1145 3320 1295 3390 languores
1307 3324 1392 3390 atque
1403 3317 1570 3375 incumbens
1580 3310 1737 3388 delongarii

120 3409 205 3466 struit
218 3409 313 3464 dicens
330 3424 335 3460 :
354 3423 368 3459 a
383 3406 441 3460 Nos
455 3404 503 3478 qui
517 3420 614 3460 sumus
627 3403 658 3459 in
674 3403 727 3460 lroc
740 3403 920 3460 tabernaculo
961 3408 1014 3474 leo,
1024 3408 1065 3463 ita
1081 3408 1206 3481 corporis
1219 3408 1276 3463 mei
1290 3424 1354 3463 ossa
1373 3407 1530 3478 frangebat,
1545 3407 1597 3462 sed
1610 3423 1660 3478 ego
1672 3401 1737 3479 insi·

119 3497 330 3569 ingemiscimus
343 3493 487 3566 aggravati
498 3495 538 3563 (ll
552 3494 613 3550 Cor.
630 3496 693 3562 vl.»
712 3493 778 3549 Vita
791 3510 858 3564 ergo
869 3495 920 3549 hu·
961 3496 1148 3552 militudinem
1159 3496 1319 3553 hirundinis
1327 3502 1357 3551 et
1366 3496 1501 3552 columbae
1514 3496 1627 3552 fletibus
1636 3490 1739 3566 etgeni·

121 3584 489 3643 mananonParcarumtllis
497 3582 917 3654 secundumgentiliumfabulaa
959 3585 1034 3641 tibus
1048 3586 1108 3641 dies
1123 3590 1274 3657 noctesque
1291 3584 1456 3656 jungebam,
1480 3590 1539 3640 eta
1553 3586 1612 3641 Deo
1627 3585 1688 3650 solo,
1700 3577 1737 3653 qui

114 3677 239 3743 orditur,
256 3674 306 3730 sed
315 3673 498 3746 dispositione
507 3671 558 3727 Dei
566 3671 722 3727 ordinatur.
731 3672 812 3728 Unde
820 3671 918 3727 Jobad
958 3680 1069 3748 poterat
1081 3673 1360 3741 subvenis-celeratis
1372 3675 1403 3728 in
1413 3674 1502 3730 altum
1516 3675 1615 3742 oculis,
1625 3671 1736 3729 auxiium

120 3765 273 3822 Dominum
297 3764 355 3818 ait:
374 3780 388 3816 a
404 3763 506 3818 Breves
519 3761 579 3816 dies
592 3761 715 3816 hominis
729 3767 806 3827 sunt,
821 3776 918 3816 nume·
958 3764 1149 3837 prestolabar,
1158 3763 1340 3835 dicebamque
1350 3764 1385 3818 ad
1400 3780 1479 3818 eum:
1490 3764 1558 3819 Plus
1565 3764 1666 3836 patior,
1672 3773 1736 3834 quam

120 3871 168 3911 rus
182 3852 323 3909 meusium
332 3853 392 3922 ejus
406 3851 481 3922 apud
491 3856 519 3904 te
529 3855 581 3916 est,
597 3850 766 3904 eonstituisti
783 3851 919 3906 terminos
959 3858 1148 3925 meaposcunt
1157 3853 1271 3921 merita3
1286 3853 1335 3907 sed
1350 3853 1411 3908 etsi
1421 3853 1601 3924 quiderrari,
1613 3853 1738 3908 convertar

119 3945 191 4014 ejus,
213 3941 261 4014 qui
288 3938 424 4013 praeteriri
451 3954 507 3994 non
527 3943 660 4009 poterunt
679 3940 735 4004 {fob
749 3942 813 4008 xlv).
833 3957 847 3992 n
864 3938 919 3995 sed
959 3941 1115 4008 admelius,
1130 3947 1162 3996 tu
1183 3941 1289 4014 sponde
1303 3959 1422 4014 prome.
1440 3961 1453 3995 r
1474 3943 1538 3998 Non
1555 3948 1600 3998 est
1621 3941 1691 3997 enim
1704 3953 1739 3991 va

120 4031 265 4104 quaeritur,
277 4027 417 4099 quomodo
428 4042 562 4082 numerus
579 4032 672 4081 certus
686 4027 723 4081 sit
737 4027 811 4098 apud
825 4027 919 4083 Domi·
958 4028 1052 4097 lentis,
1076 4046 1168 4102 neque
1192 4032 1342 4099 currentis,
1366 4032 1416 4087 sed
1429 4031 1591 4088 miserentis
1604 4032 1655 4088 Dei
1667 4032 1737 4097 (don.

119 4135 188 4174 num
203 4118 266 4174 vita
282 4116 422 4181 humane,
438 4115 462 4169 si
476 4114 607 4170 Ezechias
627 4130 657 4169 se
677 4114 747 4171 dixit
759 4116 788 4170 in
801 4115 918 4172 dimidio
958 4124 1013 4190 ur),
1031 4140 1042 4172 r
1059 4136 1228 4193 rursumque
1244 4121 1273 4176 in
1283 4138 1313 4176 sc
1328 4123 1478 4177 revertitur
1495 4139 1501 4174 :
1518 4122 1592 4187 Quid
1605 4118 1743 4188 dicamin-

119 4207 230 4263 dierum
243 4203 421 4260 moriturum.
437 4203 492 4259 Sed
506 4202 650 4258 sciendum
664 4203 841 4275 inhocquod
856 4221 918 4277 pro·
958 4210 1028 4282 quit,
1044 4210 1145 4282 quidve
1159 4209 1294 4265 causabor
1310 4216 1410 4266 contra
1428 4210 1563 4266 factorem
1587 4227 1690 4276 meum,
1703 4211 1744 4263 aut

119 4297 207 4370 pheta
220 4294 274 4350 sibi
288 4292 416 4366 pmdixit
430 4296 550 4347 mortem
564 4291 720 4364 proximam
732 4293 772 4348 illi
783 4309 844 4348 esse
853 4309 917 4349 ven·
958 4299 1026 4370 quid
1040 4297 1220 4371 respondebit
1234 4299 1314 4366 mihi,
1328 4299 1394 4371 quia
1416 4299 1481 4354 fecit
1494 4300 1556 4372 ipse
1570 4300 1647 4372 qnod
1661 4295 1744 4356 voluit·

119 4390 224 4451 turam,
253 4381 409 4439 ostenderit
434 4380 503 4452 quid
527 4379 588 4452 ipse
611 4381 770 4437 meruerit:
790 4367 1128 4444 attamenDsustinenda
1141 4401 1207 4456 ergo
1221 4390 1287 4441 sunt
1296 4401 1469 4458 quecunque
1479 4385 1647 4442 decreverit.

119 4471 329 4549 praedestinatio
346 4468 398 4528 Dei
427 4468 454 4526 id
470 4468 546 4541 quod
560 4468 649 4526 voluit
663 4468 740 4538 fecit,
765 4471 832 4543 quia
850 4487 918 4527 ora·
994 4472 1194 4545 «Recogitabo
1208 4490 1306 4529 omnes
1318 4490 1407 4530 annos
1426 4491 1504 4530 meos
1522 4474 1552 4530 in
1566 4474 1747 4532 amaritudine

118 4564 189 4620 doni
198 4564 261 4634 ejus
276 4574 414 4626 annuerm,
423 4564 452 4615 et
461 4556 655 4630 poenitentiam
669 4560 861 4628 considerans,
869 4560 919 4616 ad·
960 4562 1087 4619 «anima
1100 4578 1182 4619 mcae.
1198 4563 1327 4630 Domine,
1342 4564 1368 4619 si
1384 4563 1428 4619 vic
1449 4563 1554 4620 vivitur
1568 4568 1600 4619 et
1612 4563 1644 4620 in
1653 4562 1749 4621 uhtu

120 4651 193 4708 didit
207 4666 356 4707 rumenam
367 4648 487 4717 dierum,
497 4663 580 4720 quem
589 4652 656 4704 ante
664 4649 765 4705 saecula
780 4649 918 4720 prescivit
959 4671 972 4705 a
987 4651 1044 4707 vita
1057 4651 1175 4724 spiritus
1185 4652 1249 4707 mei.
1266 4651 1408 4724 corripies
1427 4658 1516 4710 meet
1533 4652 1687 4710 vivificabis
1699 4668 1750 4720 me,

120 4744 150 4795 et
163 4737 372 4812 pradestinavit
393 4736 529 4792 futurum.
547 4737 590 4791 Ne
606 4752 673 4808 ergo
695 4737 852 4794 elevaretur
869 4755 918 4795 oor
959 4740 1090 4796 »eccoin
1100 4757 1168 4813 pace
1178 4741 1408 4798 amaritudomea
1426 4741 1753 4813 ammissimmtuautem

119 4828 244 4884 Ecechiae
263 4832 327 4899 post
347 4825 525 4881 incredibiles
548 4825 716 4897 triumphos,
731 4827 809 4883 etde
823 4828 919 4884 media
960 4847 973 4881 a
989 4829 1087 4884 eruisti
1098 4829 1223 4885 enimam
1238 4847 1340 4897 meam,
1355 4836 1388 4885 ut
1401 4830 1585 4903 nonperiret.
1599 4832 1755 4887 »Nullsres

118 4917 280 4992 captivitate
294 4915 450 4977 victoriam,
461 4914 626 4970 infirmitate
640 4916 763 4987 corporis
777 4916 915 4985 visitatur,
957 4916 1042 4988 longa
1053 4916 1216 4973 mortalium
1231 4924 1273 4974 cst
1285 4919 1432 4991 omnisque
1445 4918 1563 4974 felicitas
1576 4919 1755 4989 saeculidnm

117 5007 351 5065 standitseesse
367 5003 547 5071 moriturum,
564 5008 593 5059 et
610 5020 760 5060 conversus
774 5007 809 5061 ad
823 5007 917 5063 Domi·
957 5011 1070 5063 tenetur
1082 5008 1231 5063 amittitur.
1248 5009 1318 5064 Cum
1339 5008 1416 5064 enim
1433 5008 1626 5065 tribulationis
1648 5016 1756 5082 ternpus

117 5113 187 5155 num
196 5097 293 5152 flectat
302 5092 473 5150 sententiam
483 5093 554 5162 ejus,
561 5092 636 5164 quod
644 5094 756 5165 quidem
771 5101 800 5150 et
812 5096 919 5152 inJona
958 5096 1111 5162 advenerit,
1127 5113 1210 5152 omne
1223 5097 1297 5168 quod
1307 5097 1482 5169 preteritum
1492 5104 1545 5165 est,
1559 5098 1634 5154 nihil
1645 5099 1758 5171 adjuvat

118 5187 257 5260 propheta
269 5184 398 5256 legimus,
407 5186 435 5237 et
445 5181 474 5236 in
484 5181 748 5239 comminationibus
757 5190 856 5240 contra
864 5187 918 5242 Da·
958 5183 1157 5240 sustinentem.
1173 5184 1252 5240 Unde
1267 5184 1355 5240 stulta
1366 5184 1479 5258 Epicuri
1493 5187 1642 5243 sententia
1655 5185 1758 5261 estqui

117 5275 173 5344 vid,
190 5292 252 5347 qum
266 5274 399 5329 dicuntur
414 5271 526 5336 sutura,
542 5270 681 5328 necfacte
696 5280 771 5341 suut,
787 5292 844 5330 non
859 5276 917 5332 Deo
958 5275 1058 5330 asserit
1078 5291 1129 5346 per
1150 5275 1371 5331 recordationem
1395 5276 1606 5348 preteritorum
1621 5277 1759 5335 bonorum

116 5369 244 5437 mutante
257 5361 438 5427 sententiam,
453 5359 501 5415 sed
518 5367 685 5430 provocante
700 5364 856 5419 humanum
866 5381 917 5436 ge·
957 5364 1033 5420 mala
1047 5365 1196 5436 prasentia
1211 5364 1348 5436 mitigari.
1358 5365 1431 5437 Ergo
1443 5365 1575 5423 Ezechias
1585 5373 1759 5440 reputarem

117 5467 172 5508 nus
183 5453 220 5507 ad
233 5452 363 5507 notitiam
384 5449 437 5505 sui.
462 5447 598 5504 Dominus
619 5450 695 5505 enim
716 5453 855 5523 poenitens
874 5459 917 5510 est
956 5451 1023 5507 dicit
1031 5468 1128 5507 omues
1141 5469 1230 5508 annos
1245 5453 1325 5525 regni
1339 5454 1393 5522 sui,
1409 5460 1439 5510 et
1452 5455 1616 5528 praeteritae,
1627 5464 1662 5515 ut
1676 5463 1760 5531 putt-

119 5554 204 5613 super
211 5538 327 5599 mahtim
342 5556 348 5592 ε
364 5553 415 5595 nec
429 5534 567 5613 propheta
578 5534 835 5613 igiturfallax,quia
847 5545 917 5598 tem-
956 5539 1015 5610 bat,
1030 5540 1213 5599 beatitudinis
1228 5542 1257 5597 in
1271 5544 1402 5615 prasenti
1418 5545 1611 5603 amaritudine
1627 5566 1634 5601 :
1651 5553 1682 5604 et
1695 5549 1761 5621 quia
