<?xml version="1.0" encoding="UTF-8"?>
<!DOCTYPE html PUBLIC "-//W3C//DTD XHTML 1.0 Transitional//EN"
    "http://www.w3.org/TR/xhtml1/DTD/xhtml1-transitional.dtd">
<html xmlns="http://www.w3.org/1999/xhtml" xml:lang="en" lang="en">
 <head>
  <title>
</title>
<meta http-equiv="Content-Type" content="text/html;charset=utf-8" />
  <meta name='ocr-system' content='tesseract 3.04.00' />
  <meta name='ocr-capabilities' content='ocr_page ocr_carea ocr_par ocr_line ocrx_word'/>
</head>
<body>
  <div class='ocr_page' id='page_1' title='image "./patrologiaecurs22goog/patrologiaecurs22goog_0024.png"; bbox 0 0 3772 6120; ppageno 0'>
   <div class='ocr_carea' id='block_1_1' title="bbox 115 248 1780 326">
    <p class='ocr_par' dir='ltr' id='par_1_1' title="bbox 115 248 1780 326">
     <span class='ocr_line' id='line_1_1' title="bbox 115 248 1780 326; baseline 0.011 -19"><span class='ocrx_word' id='word_1_1' title='bbox 115 250 141 307; x_wconf 86' lang='grc' dir='ltr'>ιι</span> <span class='ocrx_word' id='word_1_2' title='bbox 337 254 626 313; x_wconf 75' lang='lat' dir='ltr'>summatenus</span> <span class='ocrx_word' id='word_1_3' title='bbox 645 258 684 313; x_wconf 79' lang='lat' dir='ltr'>tn</span> <span class='ocrx_word' id='word_1_4' title='bbox 703 258 781 313; x_wconf 80' lang='lat' dir='ltr'>err.</span> <span class='ocrx_word' id='word_1_5' title='bbox 802 259 909 314; x_wconf 81' lang='lat' dir='ltr'>enum</span> <span class='ocrx_word' id='word_1_6' title='bbox 929 261 999 315; x_wconf 82' lang='lat' dir='ltr'>ns.</span> <span class='ocrx_word' id='word_1_7' title='bbox 1021 261 1068 315; x_wconf 85' lang='lat' dir='ltr'>rr.</span> <span class='ocrx_word' id='word_1_8' title='bbox 1091 290 1123 300; x_wconf 95' lang='lat'><em>-</em></span> <span class='ocrx_word' id='word_1_9' title='bbox 1143 261 1181 316; x_wconf 85' lang='lat' dir='ltr'>ru</span> <span class='ocrx_word' id='word_1_10' title='bbox 1201 261 1312 317; x_wconf 84' lang='lat' dir='ltr'>sersr.</span> <span class='ocrx_word' id='word_1_11' title='bbox 1332 265 1345 319; x_wconf 89' lang='lat'>1</span> <span class='ocrx_word' id='word_1_12' title='bbox 1364 265 1413 319; x_wconf 82' lang='grc' dir='ltr'>ιι)</span> <span class='ocrx_word' id='word_1_13' title='bbox 1433 266 1514 321; x_wconf 88' lang='lat' dir='ltr'>cos.</span> <span class='ocrx_word' id='word_1_14' title='bbox 1715 266 1749 326; x_wconf 80' lang='lat' dir='ltr'>te</span> <span class='ocrx_word' id='word_1_15' title='bbox 1777 248 1780 253; x_wconf 50' lang='lat'><strong>⁴</strong></span> 
     </span>
    </p>
   </div>
   <div class='ocr_carea' id='block_1_2' title="bbox 117 378 1823 5613">
    <p class='ocr_par' dir='ltr' id='par_1_2' title="bbox 117 378 1823 5613">
     <span class='ocr_line' id='line_1_2' title="bbox 119 378 1750 460; baseline 0.01 -26"><span class='ocrx_word' id='word_1_16' title='bbox 119 378 285 435; x_wconf 82' lang='lat' dir='ltr'>Sidiaterum</span> <span class='ocrx_word' id='word_1_17' title='bbox 301 380 411 436; x_wconf 76' lang='lat' dir='ltr'>Christi</span> <span class='ocrx_word' id='word_1_18' title='bbox 419 384 994 454; x_wconf 75' lang='lat' dir='ltr'>sensumpensemus.hsnoobscuri-Asod</span> <span class='ocrx_word' id='word_1_19' title='bbox 1009 403 1073 441; x_wconf 89' lang='lat' dir='ltr'>cura</span> <span class='ocrx_word' id='word_1_20' title='bbox 1087 387 1165 452; x_wconf 87' lang='lat' dir='ltr'>dicit,</span> <span class='ocrx_word' id='word_1_21' title='bbox 1181 390 1221 441; x_wconf 75' lang='grc' dir='ltr'>ιιι</span> <span class='ocrx_word' id='word_1_22' title='bbox 1233 393 1325 443; x_wconf 81' lang='lat' dir='ltr'>tarum</span> <span class='ocrx_word' id='word_1_23' title='bbox 1339 394 1421 458; x_wconf 80' lang='lat' dir='ltr'><strong><em>quasi</em></strong></span> <span class='ocrx_word' id='word_1_24' title='bbox 1432 406 1483 459; x_wconf 82' lang='lat' dir='ltr'>per</span> <span class='ocrx_word' id='word_1_25' title='bbox 1503 395 1608 460; x_wconf 74' lang='lat' dir='ltr'>iqnern,</span> <span class='ocrx_word' id='word_1_26' title='bbox 1626 396 1750 451; x_wconf 76' lang='lat' dir='ltr'><strong>ostendit</strong></span> 
     </span>
     <span class='ocr_line' id='line_1_3' title="bbox 120 468 1749 555; baseline 0.011 -34"><span class='ocrx_word' id='word_1_27' title='bbox 120 474 192 523; x_wconf 76' lang='lat' dir='ltr'>tutem</span> <span class='ocrx_word' id='word_1_28' title='bbox 205 468 264 540; x_wconf 88' lang='lat' dir='ltr'>ipso</span> <span class='ocrx_word' id='word_1_29' title='bbox 281 470 463 527; x_wconf 65' lang='lat' dir='ltr'>illuminante</span> <span class='ocrx_word' id='word_1_30' title='bbox 477 472 513 527; x_wconf 88' lang='lat' dir='ltr'>ad</span> <span class='ocrx_word' id='word_1_31' title='bbox 528 472 619 528; x_wconf 89' lang='lat' dir='ltr'>lucem</span> <span class='ocrx_word' id='word_1_32' title='bbox 634 473 825 545; x_wconf 78' lang='lat' dir='ltr'><strong>perducimus:</strong></span> <span class='ocrx_word' id='word_1_33' title='bbox 839 492 906 531; x_wconf 89' lang='lat' dir='ltr'>nam</span> <span class='ocrx_word' id='word_1_34' title='bbox 948 477 1057 531; x_wconf 83' lang='lat' dir='ltr'>salvum</span> <span class='ocrx_word' id='word_1_35' title='bbox 1070 476 1185 547; x_wconf 88' lang='lat' dir='ltr'>quidem</span> <span class='ocrx_word' id='word_1_36' title='bbox 1196 477 1277 531; x_wconf 90' lang='lat' dir='ltr'>illum</span> <span class='ocrx_word' id='word_1_37' title='bbox 1288 477 1480 543; x_wconf 80' lang='lat' dir='ltr'>futurum,sed</span> <span class='ocrx_word' id='word_1_38' title='bbox 1493 496 1589 551; x_wconf 74' lang='lat' dir='ltr'>pesnas</span> <span class='ocrx_word' id='word_1_39' title='bbox 1599 483 1673 553; x_wconf 81' lang='lat' dir='ltr'>ignis</span> <span class='ocrx_word' id='word_1_40' title='bbox 1686 501 1749 555; x_wconf 78' lang='lat' dir='ltr'>pss-</span> 
     </span>
     <span class='ocr_line' id='line_1_4' title="bbox 123 557 1749 639; baseline 0.011 -29"><span class='ocrx_word' id='word_1_41' title='bbox 123 558 167 628; x_wconf 85' lang='lat' dir='ltr'>ipse</span> <span class='ocrx_word' id='word_1_42' title='bbox 179 557 257 612; x_wconf 80' lang='lat' dir='ltr'>dixit:</span> <span class='ocrx_word' id='word_1_43' title='bbox 268 561 366 628; x_wconf 80' lang='lat' dir='ltr'>lquere</span> <span class='ocrx_word' id='word_1_44' title='bbox 376 565 441 615; x_wconf 83' lang='lat' dir='ltr'>ueni</span> <span class='ocrx_word' id='word_1_45' title='bbox 452 564 559 617; x_wconf 67' lang='lat' dir='ltr'>initiens</span> <span class='ocrx_word' id='word_1_46' title='bbox 571 566 757 628; x_wconf 59' lang='lat' dir='ltr'>interresset</span> <span class='ocrx_word' id='word_1_47' title='bbox 770 567 839 633; x_wconf 84' lang='lat' dir='ltr'>quid</span> <span class='ocrx_word' id='word_1_48' title='bbox 848 570 906 619; x_wconf 79' lang='lat' dir='ltr'>eolo</span> <span class='ocrx_word' id='word_1_49' title='bbox 948 582 1056 625; x_wconf 83' lang='lat' dir='ltr'>surum.</span> <span class='ocrx_word' id='word_1_50' title='bbox 1074 573 1105 619; x_wconf 94' lang='lat' dir='ltr'>ut</span> <span class='ocrx_word' id='word_1_51' title='bbox 1119 583 1168 637; x_wconf 91' lang='lat' dir='ltr'>per</span> <span class='ocrx_word' id='word_1_52' title='bbox 1193 566 1287 637; x_wconf 84' lang='lat' dir='ltr'>ignem</span> <span class='ocrx_word' id='word_1_53' title='bbox 1304 576 1440 639; x_wconf 79' lang='lat' dir='ltr'>purgatus</span> <span class='ocrx_word' id='word_1_54' title='bbox 1462 570 1512 623; x_wconf 88' lang='lat' dir='ltr'>liat</span> <span class='ocrx_word' id='word_1_55' title='bbox 1532 571 1633 636; x_wconf 85' lang='lat' dir='ltr'>salvus,</span> <span class='ocrx_word' id='word_1_56' title='bbox 1649 580 1678 627; x_wconf 90' lang='lat' dir='ltr'>et</span> <span class='ocrx_word' id='word_1_57' title='bbox 1692 589 1749 628; x_wconf 87' lang='lat' dir='ltr'>non</span> 
     </span>
     <span class='ocr_line' id='line_1_5' title="bbox 125 649 1749 737; baseline 0.012 -39"><span class='ocrx_word' id='word_1_58' title='bbox 125 650 169 699; x_wconf 82' lang='lat' dir='ltr'>nisi</span> <span class='ocrx_word' id='word_1_59' title='bbox 180 653 209 703; x_wconf 85' lang='lat' dir='ltr'>ut</span> <span class='ocrx_word' id='word_1_60' title='bbox 221 649 317 703; x_wconf 78' lang='lat' dir='ltr'>urulrut</span> <span class='ocrx_word' id='word_1_61' title='bbox 329 654 343 701; x_wconf 74' lang='lat' dir='ltr'>t</span> <span class='ocrx_word' id='word_1_62' title='bbox 354 649 424 719; x_wconf 81' lang='lat' dir='ltr'>(Luc</span> <span class='ocrx_word' id='word_1_63' title='bbox 438 649 498 720; x_wconf 78' lang='lat' dir='ltr'>su.)</span> <span class='ocrx_word' id='word_1_64' title='bbox 511 651 690 723; x_wconf 86' lang='lat' dir='ltr'>Spiritusque</span> <span class='ocrx_word' id='word_1_65' title='bbox 700 660 812 708; x_wconf 83' lang='lat' dir='ltr'>sanctus</span> <span class='ocrx_word' id='word_1_66' title='bbox 822 671 907 726; x_wconf 89' lang='lat' dir='ltr'>super</span> <span class='ocrx_word' id='word_1_67' title='bbox 948 655 1020 710; x_wconf 88' lang='lat' dir='ltr'>sicut</span> <span class='ocrx_word' id='word_1_68' title='bbox 1034 655 1132 726; x_wconf 90' lang='lat' dir='ltr'>perlidi</span> <span class='ocrx_word' id='word_1_69' title='bbox 1148 656 1211 725; x_wconf 81' lang='lat' dir='ltr'>igne</span> <span class='ocrx_word' id='word_1_70' title='bbox 1225 664 1361 728; x_wconf 88' lang='lat' dir='ltr'>perpetuo</span> <span class='ocrx_word' id='word_1_71' title='bbox 1376 664 1551 737; x_wconf 82' lang='lat' dir='ltr'>torqueatur,</span> <span class='ocrx_word' id='word_1_72' title='bbox 1565 668 1597 714; x_wconf 93' lang='lat' dir='ltr'>ut</span> <span class='ocrx_word' id='word_1_73' title='bbox 1607 677 1640 715; x_wconf 84' lang='lat' dir='ltr'>ex</span> <span class='ocrx_word' id='word_1_74' title='bbox 1654 662 1749 733; x_wconf 89' lang='lat' dir='ltr'>aliqua</span> 
     </span>
     <span class='ocr_line' id='line_1_6' title="bbox 126 737 1749 816; baseline 0.011 -28"><span class='ocrx_word' id='word_1_75' title='bbox 126 737 245 806; x_wconf 77' lang='lat' dir='ltr'>apestolus</span> <span class='ocrx_word' id='word_1_76' title='bbox 254 737 429 792; x_wconf 86' lang='lat' dir='ltr'>descendens</span> <span class='ocrx_word' id='word_1_77' title='bbox 447 739 475 793; x_wconf 90' lang='lat' dir='ltr'>in</span> <span class='ocrx_word' id='word_1_78' title='bbox 495 739 586 811; x_wconf 85' lang='lat' dir='ltr'>specie</span> <span class='ocrx_word' id='word_1_79' title='bbox 606 741 679 810; x_wconf 81' lang='lat' dir='ltr'>ignis</span> <span class='ocrx_word' id='word_1_80' title='bbox 697 743 837 813; x_wconf 85' lang='lat' dir='ltr'>apparuit,</span> <span class='ocrx_word' id='word_1_81' title='bbox 859 743 907 814; x_wconf 91' lang='lat' dir='ltr'>qui</span> <span class='ocrx_word' id='word_1_82' title='bbox 948 750 1028 816; x_wconf 87' lang='lat' dir='ltr'>parte</span> <span class='ocrx_word' id='word_1_83' title='bbox 1038 761 1129 814; x_wconf 76' lang='lat' dir='ltr'>operer</span> <span class='ocrx_word' id='word_1_84' title='bbox 1140 745 1262 814; x_wconf 90' lang='lat' dir='ltr'>pretium</span> <span class='ocrx_word' id='word_1_85' title='bbox 1272 745 1309 799; x_wconf 87' lang='lat' dir='ltr'>sit</span> <span class='ocrx_word' id='word_1_86' title='bbox 1318 745 1503 801; x_wconf 81' lang='lat' dir='ltr'>credirlissein</span> <span class='ocrx_word' id='word_1_87' title='bbox 1515 749 1749 805; x_wconf 74' lang='lat' dir='ltr'>Christumssem·</span> 
     </span>
     <span class='ocr_line' id='line_1_7' title="bbox 128 826 1749 906; baseline 0.01 -28"><span class='ocrx_word' id='word_1_88' title='bbox 128 826 151 879; x_wconf 89' lang='lat' dir='ltr'>in</span> <span class='ocrx_word' id='word_1_89' title='bbox 162 827 232 896; x_wconf 68' lang='lat' dir='ltr'>signio</span> <span class='ocrx_word' id='word_1_90' title='bbox 245 843 385 896; x_wconf 83' lang='lat' dir='ltr'>apparens</span> <span class='ocrx_word' id='word_1_91' title='bbox 402 827 571 895; x_wconf 83' lang='lat' dir='ltr'>infidelibus,</span> <span class='ocrx_word' id='word_1_92' title='bbox 587 830 683 884; x_wconf 88' lang='lat' dir='ltr'>lideles</span> <span class='ocrx_word' id='word_1_93' title='bbox 695 830 772 885; x_wconf 89' lang='lat' dir='ltr'>intus</span> <span class='ocrx_word' id='word_1_94' title='bbox 785 838 817 885; x_wconf 90' lang='lat' dir='ltr'>ut</span> <span class='ocrx_word' id='word_1_95' title='bbox 835 831 908 901; x_wconf 85' lang='lat' dir='ltr'>ignis</span> <span class='ocrx_word' id='word_1_96' title='bbox 950 850 1000 904; x_wconf 88' lang='lat' dir='ltr'>per</span> <span class='ocrx_word' id='word_1_97' title='bbox 1013 833 1089 886; x_wconf 84' lang='lat' dir='ltr'>eninr</span> <span class='ocrx_word' id='word_1_98' title='bbox 1106 832 1253 887; x_wconf 88' lang='lat' dir='ltr'>erubescat</span> <span class='ocrx_word' id='word_1_99' title='bbox 1266 850 1377 888; x_wconf 85' lang='lat' dir='ltr'>neeesse</span> <span class='ocrx_word' id='word_1_100' title='bbox 1392 841 1443 895; x_wconf 89' lang='lat' dir='ltr'>ast,</span> <span class='ocrx_word' id='word_1_101' title='bbox 1462 836 1509 906; x_wconf 93' lang='lat' dir='ltr'>qui</span> <span class='ocrx_word' id='word_1_102' title='bbox 1523 853 1552 889; x_wconf 91' lang='lat' dir='ltr'>se</span> <span class='ocrx_word' id='word_1_103' title='bbox 1563 837 1638 892; x_wconf 88' lang='lat' dir='ltr'>ridet</span> <span class='ocrx_word' id='word_1_104' title='bbox 1647 839 1749 895; x_wconf 90' lang='lat' dir='ltr'>l&#39;alsum</span> 
     </span>
     <span class='ocr_line' id='line_1_8' title="bbox 132 914 1748 996; baseline 0.009 -28"><span class='ocrx_word' id='word_1_105' title='bbox 132 914 243 985; x_wconf 86' lang='lat' dir='ltr'>probarit.</span> <span class='ocrx_word' id='word_1_106' title='bbox 253 915 324 983; x_wconf 82' lang='lat' dir='ltr'>Opus</span> <span class='ocrx_word' id='word_1_107' title='bbox 333 920 622 989; x_wconf 74' lang='lat' dir='ltr'>erpouniuscujusquc</span> <span class='ocrx_word' id='word_1_108' title='bbox 630 923 751 988; x_wconf 75' lang='lat' dir='ltr'>quateret</span> <span class='ocrx_word' id='word_1_109' title='bbox 763 924 837 988; x_wconf 76' lang='lat' dir='ltr'>r&#39;qnis</span> <span class='ocrx_word' id='word_1_110' title='bbox 846 938 909 990; x_wconf 87' lang='lat' dir='ltr'>pro-</span> <span class='ocrx_word' id='word_1_111' title='bbox 949 922 1106 976; x_wconf 84' lang='lat' dir='ltr'>deiendissc</span> <span class='ocrx_word' id='word_1_112' title='bbox 1116 938 1166 992; x_wconf 90' lang='lat' dir='ltr'>pro</span> <span class='ocrx_word' id='word_1_113' title='bbox 1177 939 1251 987; x_wconf 78' lang='lat' dir='ltr'>vero,</span> <span class='ocrx_word' id='word_1_114' title='bbox 1260 928 1287 975; x_wconf 89' lang='lat' dir='ltr'>et</span> <span class='ocrx_word' id='word_1_115' title='bbox 1297 923 1381 976; x_wconf 80' lang='lat' dir='ltr'>simili</span> <span class='ocrx_word' id='word_1_116' title='bbox 1393 925 1477 977; x_wconf 87' lang='lat' dir='ltr'>ruodo</span> <span class='ocrx_word' id='word_1_117' title='bbox 1493 942 1604 996; x_wconf 79' lang='lat' dir='ltr'><strong>semper</strong></span> <span class='ocrx_word' id='word_1_118' title='bbox 1618 926 1748 984; x_wconf 82' lang='lat' dir='ltr'>fiduciam</span> 
     </span>
     <span class='ocr_line' id='line_1_9' title="bbox 133 1004 1748 1091; baseline 0.008 -33"><span class='ocrx_word' id='word_1_119' title='bbox 133 1006 199 1063; x_wconf 82' lang='lat' dir='ltr'>batn,</span> <span class='ocrx_word' id='word_1_120' title='bbox 210 1004 349 1075; x_wconf 87' lang='lat' dir='ltr'>quinques</span> <span class='ocrx_word' id='word_1_121' title='bbox 359 1005 434 1076; x_wconf 84' lang='lat' dir='ltr'>ignis</span> <span class='ocrx_word' id='word_1_122' title='bbox 448 1007 583 1077; x_wconf 89' lang='lat' dir='ltr'>spiritalis</span> <span class='ocrx_word' id='word_1_123' title='bbox 595 1008 623 1061; x_wconf 91' lang='lat' dir='ltr'>iu</span> <span class='ocrx_word' id='word_1_124' title='bbox 639 1009 769 1078; x_wconf 77' lang='lat' dir='ltr'>presenti</span> <span class='ocrx_word' id='word_1_125' title='bbox 782 1016 909 1080; x_wconf 87' lang='lat' dir='ltr'>tempore</span> <span class='ocrx_word' id='word_1_126' title='bbox 950 1011 1065 1064; x_wconf 77' lang='lat' dir='ltr'>habebit</span> <span class='ocrx_word' id='word_1_127' title='bbox 1079 1011 1139 1091; x_wconf 78' lang='lat' dir='ltr'>Dei,</span> <span class='ocrx_word' id='word_1_128' title='bbox 1156 1011 1204 1080; x_wconf 92' lang='lat' dir='ltr'>qui</span> <span class='ocrx_word' id='word_1_129' title='bbox 1224 1010 1335 1082; x_wconf 82' lang='lat' dir='ltr'>abjectu</span> <span class='ocrx_word' id='word_1_130' title='bbox 1354 1012 1433 1075; x_wconf 79' lang='lat' dir='ltr'>luiso,</span> <span class='ocrx_word' id='word_1_131' title='bbox 1455 1021 1567 1068; x_wconf 78' lang='lat' dir='ltr'>suemus</span> <span class='ocrx_word' id='word_1_132' title='bbox 1585 1022 1628 1069; x_wconf 91' lang='lat' dir='ltr'>est</span> <span class='ocrx_word' id='word_1_133' title='bbox 1641 1032 1748 1083; x_wconf 83' lang='lat' dir='ltr'>rerum,</span> 
     </span>
     <span class='ocr_line' id='line_1_10' title="bbox 135 1094 1823 1172; baseline 0.009 -27"><span class='ocrx_word' id='word_1_134' title='bbox 135 1094 366 1157; x_wconf 81' lang='lat' dir='ltr'>reuereminat,in</span> <span class='ocrx_word' id='word_1_135' title='bbox 381 1094 589 1166; x_wconf 86' lang='lat' dir='ltr'>suturojudieio</span> <span class='ocrx_word' id='word_1_136' title='bbox 600 1097 754 1167; x_wconf 79' lang='lat' dir='ltr'>perignem</span> <span class='ocrx_word' id='word_1_137' title='bbox 768 1098 907 1169; x_wconf 80' lang='lat' dir='ltr'>probabit.</span> <span class='ocrx_word' id='word_1_138' title='bbox 950 1107 979 1154; x_wconf 91' lang='lat' dir='ltr'>et</span> <span class='ocrx_word' id='word_1_139' title='bbox 993 1110 1088 1171; x_wconf 82' lang='lat' dir='ltr'>spreta</span> <span class='ocrx_word' id='word_1_140' title='bbox 1105 1099 1259 1169; x_wconf 76' lang='lat' dir='ltr'>impietate.</span> <span class='ocrx_word' id='word_1_141' title='bbox 1273 1100 1420 1154; x_wconf 78' lang='lat' dir='ltr'>succubuit</span> <span class='ocrx_word' id='word_1_142' title='bbox 1430 1101 1528 1172; x_wconf 86' lang='lat' dir='ltr'>pietati</span> <span class='ocrx_word' id='word_1_143' title='bbox 1545 1121 1551 1155; x_wconf 74' lang='grc' dir='ltr'><strong>ε</strong></span> <span class='ocrx_word' id='word_1_144' title='bbox 1568 1106 1750 1159; x_wconf 85' lang='lat' dir='ltr'>extracatho·</span> <span class='ocrx_word' id='word_1_145' title='bbox 1821 1162 1823 1166; x_wconf 68' lang='grc'>,</span> 
     </span>
     <span class='ocr_line' id='line_1_11' title="bbox 138 1183 1749 1260; baseline 0.007 -26"><span class='ocrx_word' id='word_1_146' title='bbox 138 1183 347 1251; x_wconf 68' lang='lat' dir='ltr'>Quicurnquccrqo</span> <span class='ocrx_word' id='word_1_147' title='bbox 355 1185 465 1252; x_wconf 69' lang='lat' dir='ltr'>Spiritu</span> <span class='ocrx_word' id='word_1_148' title='bbox 478 1186 669 1254; x_wconf 65' lang='lat' dir='ltr'>deierantur,</span> <span class='ocrx_word' id='word_1_149' title='bbox 679 1188 710 1240; x_wconf 85' lang='lat' dir='ltr'>lu&#39;</span> <span class='ocrx_word' id='word_1_150' title='bbox 719 1190 774 1254; x_wconf 77' lang='lat' dir='ltr'>filii</span> <span class='ocrx_word' id='word_1_151' title='bbox 783 1193 849 1241; x_wconf 82' lang='lat' dir='ltr'>surrt</span> <span class='ocrx_word' id='word_1_152' title='bbox 861 1190 909 1242; x_wconf 76' lang='lat' dir='ltr'>uer·</span> <span class='ocrx_word' id='word_1_153' title='bbox 949 1189 1033 1242; x_wconf 86' lang='lat' dir='ltr'>licam</span> <span class='ocrx_word' id='word_1_154' title='bbox 1048 1189 1124 1243; x_wconf 91' lang='lat' dir='ltr'>enim</span> <span class='ocrx_word' id='word_1_155' title='bbox 1141 1190 1288 1242; x_wconf 76' lang='lat' dir='ltr'>veritatem</span> <span class='ocrx_word' id='word_1_156' title='bbox 1302 1188 1440 1260; x_wconf 91' lang='lat' dir='ltr'>quidquid</span> <span class='ocrx_word' id='word_1_157' title='bbox 1454 1193 1685 1253; x_wconf 88' lang='lat' dir='ltr'>est,c0ntrarium</span> <span class='ocrx_word' id='word_1_158' title='bbox 1697 1199 1749 1248; x_wconf 84' lang='lat' dir='ltr'>est.</span> 
     </span>
     <span class='ocr_line' id='line_1_12' title="bbox 140 1272 1752 1349; baseline 0.007 -24"><span class='ocrx_word' id='word_1_159' title='bbox 140 1272 206 1340; x_wconf 75' lang='lat' dir='ltr'>(loru.</span> <span class='ocrx_word' id='word_1_160' title='bbox 220 1287 261 1325; x_wconf 85' lang='lat' dir='ltr'>rm</span> <span class='ocrx_word' id='word_1_161' title='bbox 274 1310 281 1333; x_wconf 83' lang='lat'>,</span> <span class='ocrx_word' id='word_1_162' title='bbox 295 1273 343 1341; x_wconf 89' lang='lat' dir='ltr'>qui</span> <span class='ocrx_word' id='word_1_163' title='bbox 357 1273 423 1326; x_wconf 88' lang='lat' dir='ltr'>licet</span> <span class='ocrx_word' id='word_1_164' title='bbox 437 1290 487 1344; x_wconf 91' lang='lat' dir='ltr'>per</span> <span class='ocrx_word' id='word_1_165' title='bbox 501 1274 594 1344; x_wconf 83' lang='lat' dir='ltr'>ignem</span> <span class='ocrx_word' id='word_1_166' title='bbox 605 1274 715 1346; x_wconf 83' lang='lat' dir='ltr'>probati</span> <span class='ocrx_word' id='word_1_167' title='bbox 727 1276 833 1347; x_wconf 82' lang='lat' dir='ltr'>Spiritu</span> <span class='ocrx_word' id='word_1_168' title='bbox 846 1292 908 1330; x_wconf 88' lang='lat' dir='ltr'>san·</span> <span class='ocrx_word' id='word_1_169' title='bbox 949 1277 1135 1349; x_wconf 62' lang='lat' dir='ltr'>(Arrapllulti</span> <span class='ocrx_word' id='word_1_170' title='bbox 1147 1277 1267 1347; x_wconf 86' lang='lat' dir='ltr'>suntqui</span> <span class='ocrx_word' id='word_1_171' title='bbox 1279 1277 1487 1347; x_wconf 85' lang='lat' dir='ltr'>perlectionem</span> <span class='ocrx_word' id='word_1_172' title='bbox 1500 1279 1581 1334; x_wconf 88' lang='lat' dir='ltr'>istam</span> <span class='ocrx_word' id='word_1_173' title='bbox 1593 1282 1752 1337; x_wconf 87' lang='lat' dir='ltr'>maleintel·</span> 
     </span>
     <span class='ocr_line' id='line_1_13' title="bbox 139 1360 1750 1438; baseline 0.009 -27"><span class='ocrx_word' id='word_1_174' title='bbox 139 1368 175 1412; x_wconf 89' lang='lat' dir='ltr'>cto</span> <span class='ocrx_word' id='word_1_175' title='bbox 187 1360 320 1414; x_wconf 78' lang='lat' dir='ltr'>examinati</span> <span class='ocrx_word' id='word_1_176' title='bbox 338 1368 404 1416; x_wconf 90' lang='lat' dir='ltr'>sunt</span> <span class='ocrx_word' id='word_1_177' title='bbox 420 1381 426 1415; x_wconf 90' lang='lat'>:</span> <span class='ocrx_word' id='word_1_178' title='bbox 441 1380 508 1417; x_wconf 88' lang='lat' dir='ltr'>nem</span> <span class='ocrx_word' id='word_1_179' title='bbox 528 1363 607 1417; x_wconf 92' lang='lat' dir='ltr'>illum</span> <span class='ocrx_word' id='word_1_180' title='bbox 627 1381 678 1435; x_wconf 89' lang='lat' dir='ltr'>per</span> <span class='ocrx_word' id='word_1_181' title='bbox 695 1365 905 1436; x_wconf 75' lang='lat' dir='ltr'>impositionem</span> <span class='ocrx_word' id='word_1_182' title='bbox 948 1366 1068 1435; x_wconf 83' lang='lat' dir='ltr'>ligentes</span> <span class='ocrx_word' id='word_1_183' title='bbox 1080 1366 1151 1421; x_wconf 82' lang='lat' dir='ltr'>salsa</span> <span class='ocrx_word' id='word_1_184' title='bbox 1167 1367 1317 1419; x_wconf 76' lang='lat' dir='ltr'>securitate</span> <span class='ocrx_word' id='word_1_185' title='bbox 1333 1367 1522 1438; x_wconf 87' lang='lat' dir='ltr'>decipiuntur,</span> <span class='ocrx_word' id='word_1_186' title='bbox 1538 1369 1606 1423; x_wconf 90' lang='lat' dir='ltr'>dum</span> <span class='ocrx_word' id='word_1_187' title='bbox 1622 1371 1750 1431; x_wconf 80' lang='lat' dir='ltr'>credunt.</span> 
     </span>
     <span class='ocr_line' id='line_1_14' title="bbox 144 1450 1752 1530; baseline 0.008 -30"><span class='ocrx_word' id='word_1_188' title='bbox 144 1464 249 1502; x_wconf 84' lang='lat' dir='ltr'>rmnuum</span> <span class='ocrx_word' id='word_1_189' title='bbox 263 1450 381 1521; x_wconf 79' lang='lat' dir='ltr'>episcopi</span> <span class='ocrx_word' id='word_1_190' title='bbox 391 1451 568 1521; x_wconf 76' lang='lat' dir='ltr'>accipientes,</span> <span class='ocrx_word' id='word_1_191' title='bbox 585 1454 745 1508; x_wconf 89' lang='lat' dir='ltr'>nullatenus</span> <span class='ocrx_word' id='word_1_192' title='bbox 760 1454 795 1509; x_wconf 86' lang='lat' dir='ltr'>ab</span> <span class='ocrx_word' id='word_1_193' title='bbox 812 1471 846 1508; x_wconf 87' lang='lat' dir='ltr'>eu</span> <span class='ocrx_word' id='word_1_194' title='bbox 859 1455 908 1508; x_wconf 89' lang='lat' dir='ltr'>de·</span> <span class='ocrx_word' id='word_1_195' title='bbox 951 1455 1025 1525; x_wconf 90' lang='lat' dir='ltr'>quod</span> <span class='ocrx_word' id='word_1_196' title='bbox 1041 1455 1064 1508; x_wconf 91' lang='lat' dir='ltr'>si</span> <span class='ocrx_word' id='word_1_197' title='bbox 1079 1471 1163 1525; x_wconf 86' lang='lat' dir='ltr'>super</span> <span class='ocrx_word' id='word_1_198' title='bbox 1174 1455 1389 1509; x_wconf 80' lang='lat' dir='ltr'>fundamentum</span> <span class='ocrx_word' id='word_1_199' title='bbox 1406 1456 1510 1511; x_wconf 81' lang='lat' dir='ltr'>Christi</span> <span class='ocrx_word' id='word_1_200' title='bbox 1520 1457 1638 1511; x_wconf 90' lang='lat' dir='ltr'>crimina</span> <span class='ocrx_word' id='word_1_201' title='bbox 1649 1460 1752 1530; x_wconf 88' lang='lat' dir='ltr'>capita·</span> 
     </span>
     <span class='ocr_line' id='line_1_15' title="bbox 145 1536 1752 1615; baseline 0.01 -29"><span class='ocrx_word' id='word_1_202' title='bbox 145 1536 243 1599; x_wconf 64' lang='lat' dir='ltr'>namuh</span> <span class='ocrx_word' id='word_1_203' title='bbox 256 1538 301 1591; x_wconf 91' lang='lat' dir='ltr'>sed</span> <span class='ocrx_word' id='word_1_204' title='bbox 322 1539 346 1591; x_wconf 90' lang='lat' dir='ltr'>si</span> <span class='ocrx_word' id='word_1_205' title='bbox 370 1539 465 1610; x_wconf 85' lang='lat' dir='ltr'>aliqua</span> <span class='ocrx_word' id='word_1_206' title='bbox 489 1541 518 1595; x_wconf 90' lang='lat' dir='ltr'>in</span> <span class='ocrx_word' id='word_1_207' title='bbox 533 1558 564 1596; x_wconf 88' lang='lat' dir='ltr'>re</span> <span class='ocrx_word' id='word_1_208' title='bbox 586 1542 754 1612; x_wconf 88' lang='lat' dir='ltr'>delinquunt</span> <span class='ocrx_word' id='word_1_209' title='bbox 779 1559 911 1613; x_wconf 84' lang='lat' dir='ltr'>recogno·</span> <span class='ocrx_word' id='word_1_210' title='bbox 952 1544 990 1597; x_wconf 88' lang='lat' dir='ltr'>lia</span> <span class='ocrx_word' id='word_1_211' title='bbox 1004 1544 1151 1608; x_wconf 77' lang='lat' dir='ltr'>redilieant,</span> <span class='ocrx_word' id='word_1_212' title='bbox 1172 1549 1285 1614; x_wconf 86' lang='lat' dir='ltr'>peccata</span> <span class='ocrx_word' id='word_1_213' title='bbox 1301 1543 1362 1614; x_wconf 89' lang='lat' dir='ltr'>ipsa</span> <span class='ocrx_word' id='word_1_214' title='bbox 1376 1562 1426 1614; x_wconf 92' lang='lat' dir='ltr'>per</span> <span class='ocrx_word' id='word_1_215' title='bbox 1446 1545 1539 1615; x_wconf 80' lang='lat' dir='ltr'>ignem</span> <span class='ocrx_word' id='word_1_216' title='bbox 1557 1547 1752 1602; x_wconf 80' lang='lat' dir='ltr'>transitorium</span> 
     </span>
     <span class='ocr_line' id='line_1_16' title="bbox 147 1625 1753 1707; baseline 0.009 -31"><span class='ocrx_word' id='word_1_217' title='bbox 147 1625 225 1677; x_wconf 71' lang='grc' dir='ltr'>ιιιιιιιιι</span> <span class='ocrx_word' id='word_1_218' title='bbox 236 1634 258 1678; x_wconf 83' lang='grc' dir='ltr'>ιι</span> <span class='ocrx_word' id='word_1_219' title='bbox 268 1627 423 1681; x_wconf 84' lang='lat' dir='ltr'>corrsrtendo</span> <span class='ocrx_word' id='word_1_220' title='bbox 440 1629 628 1699; x_wconf 81' lang='lat' dir='ltr'>corriguntur.</span> <span class='ocrx_word' id='word_1_221' title='bbox 645 1631 745 1686; x_wconf 88' lang='lat' dir='ltr'>Omnis</span> <span class='ocrx_word' id='word_1_222' title='bbox 760 1632 847 1691; x_wconf 84' lang='lat' dir='ltr'>enim,</span> <span class='ocrx_word' id='word_1_223' title='bbox 866 1632 909 1685; x_wconf 90' lang='lat' dir='ltr'>in·</span> <span class='ocrx_word' id='word_1_224' title='bbox 952 1633 1059 1702; x_wconf 81' lang='lat' dir='ltr'>possint</span> <span class='ocrx_word' id='word_1_225' title='bbox 1073 1633 1198 1703; x_wconf 75' lang='lat' dir='ltr'>purgari,</span> <span class='ocrx_word' id='word_1_226' title='bbox 1217 1640 1246 1685; x_wconf 89' lang='lat' dir='ltr'>et</span> <span class='ocrx_word' id='word_1_227' title='bbox 1258 1633 1311 1703; x_wconf 90' lang='lat' dir='ltr'>ipsi</span> <span class='ocrx_word' id='word_1_228' title='bbox 1327 1639 1424 1703; x_wconf 89' lang='lat' dir='ltr'>postea</span> <span class='ocrx_word' id='word_1_229' title='bbox 1438 1635 1472 1688; x_wconf 86' lang='lat' dir='ltr'>ad</span> <span class='ocrx_word' id='word_1_230' title='bbox 1486 1635 1571 1688; x_wconf 83' lang='lat' dir='ltr'>ritem</span> <span class='ocrx_word' id='word_1_231' title='bbox 1587 1643 1753 1707; x_wconf 86' lang='lat' dir='ltr'>perpetuam</span> 
     </span>
     <span class='ocr_line' id='line_1_17' title="bbox 148 1713 1752 1794; baseline 0.009 -29"><span class='ocrx_word' id='word_1_232' title='bbox 148 1713 195 1782; x_wconf 89' lang='lat' dir='ltr'>quit</span> <span class='ocrx_word' id='word_1_233' title='bbox 205 1714 329 1775; x_wconf 83' lang='lat' dir='ltr'>Dominus,</span> <span class='ocrx_word' id='word_1_234' title='bbox 341 1732 392 1786; x_wconf 88' lang='lat' dir='ltr'>per</span> <span class='ocrx_word' id='word_1_235' title='bbox 406 1717 500 1787; x_wconf 79' lang='lat' dir='ltr'>ignem</span> <span class='ocrx_word' id='word_1_236' title='bbox 515 1719 640 1779; x_wconf 80' lang='lat' dir='ltr'>salietur.</span> <span class='ocrx_word' id='word_1_237' title='bbox 652 1728 702 1775; x_wconf 87' lang='lat' dir='ltr'>aut</span> <span class='ocrx_word' id='word_1_238' title='bbox 715 1721 791 1775; x_wconf 90' lang='lat' dir='ltr'>enim</span> <span class='ocrx_word' id='word_1_239' title='bbox 801 1721 846 1774; x_wconf 93' lang='lat' dir='ltr'>bic</span> <span class='ocrx_word' id='word_1_240' title='bbox 861 1735 942 1794; x_wconf 77' lang='lat' dir='ltr'>perss</span> <span class='ocrx_word' id='word_1_241' title='bbox 952 1722 1107 1792; x_wconf 74' lang='lat' dir='ltr'>pertenire.</span> <span class='ocrx_word' id='word_1_242' title='bbox 1125 1722 1285 1775; x_wconf 81' lang='lat' dir='ltr'>Intellectus</span> <span class='ocrx_word' id='word_1_243' title='bbox 1301 1721 1363 1785; x_wconf 82' lang='lat' dir='ltr'>iste,</span> <span class='ocrx_word' id='word_1_244' title='bbox 1375 1723 1476 1776; x_wconf 78' lang='lat' dir='ltr'>batres</span> <span class='ocrx_word' id='word_1_245' title='bbox 1485 1724 1653 1791; x_wconf 82' lang='lat' dir='ltr'>charissimi,</span> <span class='ocrx_word' id='word_1_246' title='bbox 1665 1726 1752 1780; x_wconf 77' lang='lat' dir='ltr'>corri-</span> 
     </span>
     <span class='ocr_line' id='line_1_18' title="bbox 149 1802 1754 1883; baseline 0.01 -30"><span class='ocrx_word' id='word_1_247' title='bbox 149 1802 278 1870; x_wconf 84' lang='lat' dir='ltr'>spiritslem,</span> <span class='ocrx_word' id='word_1_248' title='bbox 291 1810 339 1859; x_wconf 86' lang='lat' dir='ltr'>ant</span> <span class='ocrx_word' id='word_1_249' title='bbox 352 1805 411 1859; x_wconf 92' lang='lat' dir='ltr'>illic</span> <span class='ocrx_word' id='word_1_250' title='bbox 424 1823 475 1877; x_wconf 91' lang='lat' dir='ltr'>per</span> <span class='ocrx_word' id='word_1_251' title='bbox 489 1809 661 1879; x_wconf 81' lang='lat' dir='ltr'>corporalem</span> <span class='ocrx_word' id='word_1_252' title='bbox 677 1810 772 1879; x_wconf 77' lang='lat' dir='ltr'>ignem</span> <span class='ocrx_word' id='word_1_253' title='bbox 783 1810 911 1880; x_wconf 85' lang='lat' dir='ltr'>probabi·</span> <span class='ocrx_word' id='word_1_254' title='bbox 951 1811 1060 1879; x_wconf 71' lang='lat' dir='ltr'>gentius</span> <span class='ocrx_word' id='word_1_255' title='bbox 1074 1816 1126 1875; x_wconf 88' lang='lat' dir='ltr'>est,</span> <span class='ocrx_word' id='word_1_256' title='bbox 1144 1811 1210 1880; x_wconf 84' lang='lat' dir='ltr'>quie</span> <span class='ocrx_word' id='word_1_257' title='bbox 1224 1810 1277 1880; x_wconf 87' lang='lat' dir='ltr'>ipsi</span> <span class='ocrx_word' id='word_1_258' title='bbox 1294 1828 1324 1864; x_wconf 87' lang='lat' dir='ltr'>se</span> <span class='ocrx_word' id='word_1_259' title='bbox 1337 1811 1483 1876; x_wconf 87' lang='lat' dir='ltr'>seducunt,</span> <span class='ocrx_word' id='word_1_260' title='bbox 1495 1814 1544 1883; x_wconf 92' lang='lat' dir='ltr'>qui</span> <span class='ocrx_word' id='word_1_261' title='bbox 1558 1814 1599 1867; x_wconf 89' lang='lat' dir='ltr'>sic</span> <span class='ocrx_word' id='word_1_262' title='bbox 1611 1814 1664 1868; x_wconf 89' lang='lat' dir='ltr'>sibi</span> <span class='ocrx_word' id='word_1_263' title='bbox 1678 1814 1754 1869; x_wconf 89' lang='lat' dir='ltr'>blan-</span> 
     </span>
     <span class='ocr_line' id='line_1_19' title="bbox 150 1891 1754 1975; baseline 0.011 -34"><span class='ocrx_word' id='word_1_264' title='bbox 150 1891 315 1947; x_wconf 83' lang='lat' dir='ltr'>tar.b&#39;imimrn</span> <span class='ocrx_word' id='word_1_265' title='bbox 324 1910 392 1964; x_wconf 83' lang='lat' dir='ltr'>ergo</span> <span class='ocrx_word' id='word_1_266' title='bbox 402 1895 474 1950; x_wconf 87' lang='lat' dir='ltr'>sicut</span> <span class='ocrx_word' id='word_1_267' title='bbox 483 1914 539 1951; x_wconf 91' lang='lat' dir='ltr'>non</span> <span class='ocrx_word' id='word_1_268' title='bbox 550 1897 579 1950; x_wconf 88' lang='lat' dir='ltr'>ia</span> <span class='ocrx_word' id='word_1_269' title='bbox 589 1897 634 1951; x_wconf 89' lang='lat' dir='ltr'>die</span> <span class='ocrx_word' id='word_1_270' title='bbox 641 1899 741 1968; x_wconf 86' lang='lat' dir='ltr'>judicii</span> <span class='ocrx_word' id='word_1_271' title='bbox 751 1916 849 1953; x_wconf 90' lang='lat' dir='ltr'>onmes</span> <span class='ocrx_word' id='word_1_272' title='bbox 861 1916 911 1970; x_wconf 87' lang='lat' dir='ltr'>per</span> <span class='ocrx_word' id='word_1_273' title='bbox 952 1899 1083 1957; x_wconf 68' lang='lat' dir='ltr'>dinatum</span> <span class='ocrx_word' id='word_1_274' title='bbox 1092 1899 1139 1952; x_wconf 91' lang='lat' dir='ltr'>illo</span> <span class='ocrx_word' id='word_1_275' title='bbox 1152 1899 1227 1952; x_wconf 89' lang='lat' dir='ltr'>enim</span> <span class='ocrx_word' id='word_1_276' title='bbox 1241 1899 1405 1953; x_wconf 79' lang='lat' dir='ltr'>transitorio</span> <span class='ocrx_word' id='word_1_277' title='bbox 1415 1900 1480 1970; x_wconf 78' lang='lat' dir='ltr'>igne</span> <span class='ocrx_word' id='word_1_278' title='bbox 1492 1901 1527 1954; x_wconf 88' lang='lat' dir='ltr'>de</span> <span class='ocrx_word' id='word_1_279' title='bbox 1538 1919 1593 1972; x_wconf 92' lang='lat' dir='ltr'>quo</span> <span class='ocrx_word' id='word_1_280' title='bbox 1603 1903 1674 1957; x_wconf 82' lang='lat' dir='ltr'>dixit</span> <span class='ocrx_word' id='word_1_281' title='bbox 1682 1905 1754 1975; x_wconf 78' lang='lat' dir='ltr'>Apo-</span> 
     </span>
     <span class='ocr_line' id='line_1_20' title="bbox 152 1978 1755 2062; baseline 0.009 -30"><span class='ocrx_word' id='word_1_282' title='bbox 152 1978 419 2051; x_wconf 80' lang='lat' dir='ltr'>ignenprobabuntur,</span> <span class='ocrx_word' id='word_1_283' title='bbox 437 1986 477 2039; x_wconf 83' lang='lat' dir='ltr'>ita</span> <span class='ocrx_word' id='word_1_284' title='bbox 492 1986 521 2040; x_wconf 93' lang='lat' dir='ltr'>in</span> <span class='ocrx_word' id='word_1_285' title='bbox 540 1987 600 2057; x_wconf 87' lang='lat' dir='ltr'>ipso</span> <span class='ocrx_word' id='word_1_286' title='bbox 619 1987 774 2059; x_wconf 87' lang='lat' dir='ltr'>eodemque</span> <span class='ocrx_word' id='word_1_287' title='bbox 794 1989 910 2043; x_wconf 88' lang='lat' dir='ltr'>dienen</span> <span class='ocrx_word' id='word_1_288' title='bbox 952 1988 1050 2051; x_wconf 87' lang='lat' dir='ltr'>stolus,</span> <span class='ocrx_word' id='word_1_289' title='bbox 1065 1990 1123 2056; x_wconf 85' lang='lat' dir='ltr'>Ipse</span> <span class='ocrx_word' id='word_1_290' title='bbox 1137 1991 1212 2041; x_wconf 79' lang='lat' dir='ltr'>enirn</span> <span class='ocrx_word' id='word_1_291' title='bbox 1227 1992 1318 2041; x_wconf 81' lang='lat' dir='ltr'>ratem</span> <span class='ocrx_word' id='word_1_292' title='bbox 1343 1992 1404 2052; x_wconf 84' lang='lat' dir='ltr'>erit,</span> <span class='ocrx_word' id='word_1_293' title='bbox 1430 1992 1469 2042; x_wconf 84' lang='lat' dir='ltr'>sic</span> <span class='ocrx_word' id='word_1_294' title='bbox 1493 1996 1583 2044; x_wconf 76' lang='lat' dir='ltr'>terrun</span> <span class='ocrx_word' id='word_1_295' title='bbox 1608 1996 1690 2060; x_wconf 86' lang='lat' dir='ltr'>quasi</span> <span class='ocrx_word' id='word_1_296' title='bbox 1704 2009 1755 2062; x_wconf 84' lang='lat' dir='ltr'>per</span> 
     </span>
     <span class='ocr_line' id='line_1_21' title="bbox 153 2072 1752 2151; baseline 0.01 -31"><span class='ocrx_word' id='word_1_297' title='bbox 153 2072 334 2126; x_wconf 86' lang='lat' dir='ltr'>omnesonnino</span> <span class='ocrx_word' id='word_1_298' title='bbox 353 2072 564 2143; x_wconf 77' lang='lat' dir='ltr'>judicabuntur,</span> <span class='ocrx_word' id='word_1_299' title='bbox 580 2077 701 2131; x_wconf 90' lang='lat' dir='ltr'>Domino</span> <span class='ocrx_word' id='word_1_300' title='bbox 725 2083 847 2132; x_wconf 78' lang='lat' dir='ltr'>tesutrrte</span> <span class='ocrx_word' id='word_1_301' title='bbox 862 2077 910 2146; x_wconf 92' lang='lat' dir='ltr'>qui</span> <span class='ocrx_word' id='word_1_302' title='bbox 953 2079 1118 2143; x_wconf 79' lang='lat' dir='ltr'>iqrrrrn,non</span> <span class='ocrx_word' id='word_1_303' title='bbox 1128 2076 1269 2146; x_wconf 58' lang='lat' dir='ltr'>capitatia,</span> <span class='ocrx_word' id='word_1_304' title='bbox 1282 2076 1330 2131; x_wconf 91' lang='lat' dir='ltr'>sed</span> <span class='ocrx_word' id='word_1_305' title='bbox 1343 2077 1452 2131; x_wconf 91' lang='lat' dir='ltr'>minuta</span> <span class='ocrx_word' id='word_1_306' title='bbox 1462 2086 1752 2151; x_wconf 80' lang='lat' dir='ltr'>peccnmpurgantur,</span> 
     </span>
     <span class='ocr_line' id='line_1_22' title="bbox 153 2157 1754 2238; baseline 0.01 -30"><span class='ocrx_word' id='word_1_307' title='bbox 153 2157 185 2208; x_wconf 85' lang='lat' dir='ltr'>uit</span> <span class='ocrx_word' id='word_1_308' title='bbox 197 2174 202 2207; x_wconf 75' lang='grc' dir='ltr'>ε</span> <span class='ocrx_word' id='word_1_309' title='bbox 214 2158 340 2223; x_wconf 70' lang='lat' dir='ltr'>prioratui</span> <span class='ocrx_word' id='word_1_310' title='bbox 351 2165 383 2216; x_wconf 82' lang='lat' dir='ltr'>iu</span> <span class='ocrx_word' id='word_1_311' title='bbox 397 2162 510 2226; x_wconf 77' lang='lat' dir='ltr'>Filirun,</span> <span class='ocrx_word' id='word_1_312' title='bbox 528 2181 582 2219; x_wconf 85' lang='lat' dir='ltr'>nun</span> <span class='ocrx_word' id='word_1_313' title='bbox 592 2167 771 2234; x_wconf 76' lang='lat' dir='ltr'>judicabitur</span> <span class='ocrx_word' id='word_1_314' title='bbox 781 2185 788 2228; x_wconf 90' lang='lat'><em>;</em></span> <span class='ocrx_word' id='word_1_315' title='bbox 800 2168 851 2234; x_wconf 83' lang='lat' dir='ltr'>qui</span> <span class='ocrx_word' id='word_1_316' title='bbox 859 2182 911 2219; x_wconf 81' lang='lat' dir='ltr'>arr·</span> <span class='ocrx_word' id='word_1_317' title='bbox 952 2171 982 2218; x_wconf 91' lang='lat' dir='ltr'>et</span> <span class='ocrx_word' id='word_1_318' title='bbox 995 2165 1123 2235; x_wconf 81' lang='lat' dir='ltr'>queraris</span> <span class='ocrx_word' id='word_1_319' title='bbox 1141 2166 1215 2236; x_wconf 89' lang='lat' dir='ltr'>quod</span> <span class='ocrx_word' id='word_1_320' title='bbox 1231 2166 1311 2236; x_wconf 87' lang='lat' dir='ltr'>pejus</span> <span class='ocrx_word' id='word_1_321' title='bbox 1326 2171 1378 2229; x_wconf 85' lang='lat' dir='ltr'>ost,</span> <span class='ocrx_word' id='word_1_322' title='bbox 1393 2183 1449 2219; x_wconf 88' lang='lat' dir='ltr'>non</span> <span class='ocrx_word' id='word_1_323' title='bbox 1462 2167 1553 2220; x_wconf 86' lang='lat' dir='ltr'>solum</span> <span class='ocrx_word' id='word_1_324' title='bbox 1569 2170 1688 2238; x_wconf 86' lang='lat' dir='ltr'>nmjora,</span> <span class='ocrx_word' id='word_1_325' title='bbox 1706 2171 1754 2225; x_wconf 85' lang='lat' dir='ltr'>ssd</span> 
     </span>
     <span class='ocr_line' id='line_1_23' title="bbox 154 2250 1754 2326; baseline 0.011 -31"><span class='ocrx_word' id='word_1_326' title='bbox 154 2250 195 2297; x_wconf 78' lang='lat' dir='ltr'>ten</span> <span class='ocrx_word' id='word_1_327' title='bbox 205 2250 340 2304; x_wconf 76' lang='lat' dir='ltr'>inuruntur</span> <span class='ocrx_word' id='word_1_328' title='bbox 351 2256 464 2320; x_wconf 58' lang='lat' dir='ltr'>estjam</span> <span class='ocrx_word' id='word_1_329' title='bbox 475 2255 618 2320; x_wconf 76' lang='lat' dir='ltr'>jerdiurtur</span> <span class='ocrx_word' id='word_1_330' title='bbox 629 2260 666 2308; x_wconf 79' lang='lat' dir='ltr'>cst</span> <span class='ocrx_word' id='word_1_331' title='bbox 681 2258 769 2311; x_wconf 69' lang='lat' dir='ltr'>(roan.</span> <span class='ocrx_word' id='word_1_332' title='bbox 780 2256 910 2322; x_wconf 75' lang='lat' dir='ltr'>rrtQuos</span> <span class='ocrx_word' id='word_1_333' title='bbox 954 2253 1041 2307; x_wconf 75' lang='lat' dir='ltr'>edam</span> <span class='ocrx_word' id='word_1_334' title='bbox 1053 2263 1082 2307; x_wconf 85' lang='lat' dir='ltr'>et</span> <span class='ocrx_word' id='word_1_335' title='bbox 1096 2255 1205 2308; x_wconf 88' lang='lat' dir='ltr'>mirmta</span> <span class='ocrx_word' id='word_1_336' title='bbox 1220 2254 1339 2307; x_wconf 89' lang='lat' dir='ltr'>nimium</span> <span class='ocrx_word' id='word_1_337' title='bbox 1354 2255 1436 2324; x_wconf 82' lang='lat' dir='ltr'>plura</span> <span class='ocrx_word' id='word_1_338' title='bbox 1449 2256 1566 2319; x_wconf 90' lang='lat' dir='ltr'>sunt,de</span> <span class='ocrx_word' id='word_1_339' title='bbox 1582 2256 1650 2326; x_wconf 85' lang='lat' dir='ltr'>ipsis</span> <span class='ocrx_word' id='word_1_340' title='bbox 1659 2265 1754 2312; x_wconf 88' lang='lat' dir='ltr'>tamen</span> 
     </span>
     <span class='ocr_line' id='line_1_24' title="bbox 154 2338 1755 2415; baseline 0.007 -27"><span class='ocrx_word' id='word_1_341' title='bbox 154 2348 193 2386; x_wconf 84' lang='lat' dir='ltr'>nec</span> <span class='ocrx_word' id='word_1_342' title='bbox 202 2351 251 2405; x_wconf 71' lang='lat' dir='ltr'>erpo</span> <span class='ocrx_word' id='word_1_343' title='bbox 259 2338 325 2408; x_wconf 76' lang='lat' dir='ltr'>iguis</span> <span class='ocrx_word' id='word_1_344' title='bbox 335 2339 447 2394; x_wconf 81' lang='lat' dir='ltr'>futurus</span> <span class='ocrx_word' id='word_1_345' title='bbox 457 2342 594 2413; x_wconf 84' lang='lat' dir='ltr'>probabit,</span> <span class='ocrx_word' id='word_1_346' title='bbox 604 2343 627 2397; x_wconf 86' lang='lat' dir='ltr'>si</span> <span class='ocrx_word' id='word_1_347' title='bbox 638 2344 713 2398; x_wconf 87' lang='lat' dir='ltr'>Deus</span> <span class='ocrx_word' id='word_1_348' title='bbox 723 2360 774 2398; x_wconf 90' lang='lat' dir='ltr'>nec</span> <span class='ocrx_word' id='word_1_349' title='bbox 784 2344 912 2398; x_wconf 87' lang='lat' dir='ltr'>credulos</span> <span class='ocrx_word' id='word_1_350' title='bbox 954 2343 1109 2412; x_wconf 85' lang='lat' dir='ltr'>nrajoribus</span> <span class='ocrx_word' id='word_1_351' title='bbox 1125 2342 1244 2413; x_wconf 86' lang='lat' dir='ltr'>peccatis</span> <span class='ocrx_word' id='word_1_352' title='bbox 1260 2343 1312 2395; x_wconf 91' lang='lat' dir='ltr'>etsi</span> <span class='ocrx_word' id='word_1_353' title='bbox 1328 2359 1384 2396; x_wconf 90' lang='lat' dir='ltr'>non</span> <span class='ocrx_word' id='word_1_354' title='bbox 1398 2343 1502 2407; x_wconf 87' lang='lat' dir='ltr'>omnia,</span> <span class='ocrx_word' id='word_1_355' title='bbox 1520 2344 1562 2396; x_wconf 86' lang='lat' dir='ltr'>rel</span> <span class='ocrx_word' id='word_1_356' title='bbox 1573 2345 1668 2415; x_wconf 87' lang='lat' dir='ltr'>eliqua</span> <span class='ocrx_word' id='word_1_357' title='bbox 1681 2363 1755 2400; x_wconf 90' lang='lat' dir='ltr'>com-</span> 
     </span>
     <span class='ocr_line' id='line_1_25' title="bbox 153 2424 1754 2502; baseline 0.011 -30"><span class='ocrx_word' id='word_1_358' title='bbox 153 2438 192 2474; x_wconf 85' lang='lat' dir='ltr'>nec</span> <span class='ocrx_word' id='word_1_359' title='bbox 203 2424 336 2482; x_wconf 86' lang='lat' dir='ltr'>incredulos</span> <span class='ocrx_word' id='word_1_360' title='bbox 346 2429 564 2498; x_wconf 75' lang='lat' dir='ltr'>judicabitlsed</span> <span class='ocrx_word' id='word_1_361' title='bbox 579 2432 686 2502; x_wconf 86' lang='lat' dir='ltr'>quasia</span> <span class='ocrx_word' id='word_1_362' title='bbox 702 2432 782 2487; x_wconf 90' lang='lat' dir='ltr'>nobis</span> <span class='ocrx_word' id='word_1_363' title='bbox 795 2433 913 2487; x_wconf 87' lang='lat' dir='ltr'>interro·</span> <span class='ocrx_word' id='word_1_364' title='bbox 956 2431 1140 2484; x_wconf 84' lang='lat' dir='ltr'>uremurcnds</span> <span class='ocrx_word' id='word_1_365' title='bbox 1154 2437 1229 2493; x_wconf 86' lang='lat' dir='ltr'>sunt,</span> <span class='ocrx_word' id='word_1_366' title='bbox 1238 2448 1272 2484; x_wconf 90' lang='lat' dir='ltr'>ne</span> <span class='ocrx_word' id='word_1_367' title='bbox 1284 2431 1387 2500; x_wconf 87' lang='lat' dir='ltr'>aliquis</span> <span class='ocrx_word' id='word_1_368' title='bbox 1396 2431 1518 2484; x_wconf 88' lang='lat' dir='ltr'>inaniter</span> <span class='ocrx_word' id='word_1_369' title='bbox 1533 2448 1663 2487; x_wconf 81' lang='lat' dir='ltr'>excusare</span> <span class='ocrx_word' id='word_1_370' title='bbox 1675 2451 1754 2488; x_wconf 90' lang='lat' dir='ltr'>eone·</span> 
     </span>
     <span class='ocr_line' id='line_1_26' title="bbox 150 2517 1752 2593; baseline 0.006 -26"><span class='ocrx_word' id='word_1_371' title='bbox 150 2524 246 2579; x_wconf 54' lang='lat' dir='ltr'>gemtor,</span> <span class='ocrx_word' id='word_1_372' title='bbox 259 2517 324 2585; x_wconf 90' lang='lat' dir='ltr'>quod</span> <span class='ocrx_word' id='word_1_373' title='bbox 338 2534 405 2588; x_wconf 78' lang='lat' dir='ltr'>ergo</span> <span class='ocrx_word' id='word_1_374' title='bbox 420 2519 474 2573; x_wconf 91' lang='lat' dir='ltr'>erit</span> <span class='ocrx_word' id='word_1_375' title='bbox 488 2520 625 2591; x_wconf 83' lang='lat' dir='ltr'>judicium</span> <span class='ocrx_word' id='word_1_376' title='bbox 638 2521 649 2574; x_wconf 84' lang='lat' dir='ltr'>l</span> <span class='ocrx_word' id='word_1_377' title='bbox 660 2522 789 2592; x_wconf 89' lang='lat' dir='ltr'>protinus</span> <span class='ocrx_word' id='word_1_378' title='bbox 799 2522 914 2593; x_wconf 86' lang='lat' dir='ltr'>subjun·</span> <span class='ocrx_word' id='word_1_379' title='bbox 954 2525 1012 2584; x_wconf 82' lang='lat' dir='ltr'>tur,</span> <span class='ocrx_word' id='word_1_380' title='bbox 1030 2527 1058 2572; x_wconf 95' lang='lat' dir='ltr'>et</span> <span class='ocrx_word' id='word_1_381' title='bbox 1073 2519 1156 2581; x_wconf 77' lang='lat' dir='ltr'>dicut,</span> <span class='ocrx_word' id='word_1_382' title='bbox 1172 2518 1279 2572; x_wconf 87' lang='lat' dir='ltr'>nescire</span> <span class='ocrx_word' id='word_1_383' title='bbox 1291 2536 1321 2572; x_wconf 88' lang='lat' dir='ltr'>se</span> <span class='ocrx_word' id='word_1_384' title='bbox 1336 2536 1398 2589; x_wconf 85' lang='lat' dir='ltr'>quae</span> <span class='ocrx_word' id='word_1_385' title='bbox 1417 2526 1483 2572; x_wconf 90' lang='lat' dir='ltr'>sunt</span> <span class='ocrx_word' id='word_1_386' title='bbox 1502 2520 1612 2574; x_wconf 86' lang='lat' dir='ltr'>minuta</span> <span class='ocrx_word' id='word_1_387' title='bbox 1630 2529 1752 2592; x_wconf 87' lang='lat' dir='ltr'>peccate,</span> 
     </span>
     <span class='ocr_line' id='line_1_27' title="bbox 150 2598 1754 2679; baseline 0.009 -29"><span class='ocrx_word' id='word_1_388' title='bbox 150 2598 286 2661; x_wconf 71' lang='lat' dir='ltr'>nituisses:</span> <span class='ocrx_word' id='word_1_389' title='bbox 301 2607 346 2659; x_wconf 82' lang='lat' dir='ltr'>hec</span> <span class='ocrx_word' id='word_1_390' title='bbox 357 2612 394 2660; x_wconf 84' lang='lat' dir='ltr'>est</span> <span class='ocrx_word' id='word_1_391' title='bbox 404 2610 631 2678; x_wconf 77' lang='lat' dir='ltr'>jrrde‘e·iurn,qru&#39;a</span> <span class='ocrx_word' id='word_1_392' title='bbox 643 2614 693 2664; x_wconf 79' lang='lat' dir='ltr'>tur</span> <span class='ocrx_word' id='word_1_393' title='bbox 703 2615 776 2664; x_wconf 80' lang='lat' dir='ltr'>venit</span> <span class='ocrx_word' id='word_1_394' title='bbox 787 2614 818 2664; x_wconf 79' lang='lat' dir='ltr'>in</span> <span class='ocrx_word' id='word_1_395' title='bbox 829 2627 913 2664; x_wconf 81' lang='lat' dir='ltr'>rrrrrn·</span> <span class='ocrx_word' id='word_1_396' title='bbox 956 2624 1017 2677; x_wconf 74' lang='lat' dir='ltr'>epure</span> <span class='ocrx_word' id='word_1_397' title='bbox 1033 2614 1127 2660; x_wconf 86' lang='lat' dir='ltr'>autern</span> <span class='ocrx_word' id='word_1_398' title='bbox 1139 2606 1259 2660; x_wconf 87' lang='lat' dir='ltr'>erimina</span> <span class='ocrx_word' id='word_1_399' title='bbox 1271 2606 1411 2676; x_wconf 74' lang='lat' dir='ltr'>capitulis,</span> <span class='ocrx_word' id='word_1_400' title='bbox 1421 2607 1455 2660; x_wconf 85' lang='lat' dir='ltr'>Et</span> <span class='ocrx_word' id='word_1_401' title='bbox 1465 2608 1592 2676; x_wconf 78' lang='lat' dir='ltr'>quumvis</span> <span class='ocrx_word' id='word_1_402' title='bbox 1605 2610 1754 2679; x_wconf 80' lang='lat' dir='ltr'>Apostolus</span> 
     </span>
     <span class='ocr_line' id='line_1_28' title="bbox 151 2688 1754 2767; baseline 0.01 -29"><span class='ocrx_word' id='word_1_403' title='bbox 151 2688 391 2754; x_wconf 80' lang='lat' dir='ltr'>durrr,etrlilererunt</span> <span class='ocrx_word' id='word_1_404' title='bbox 402 2698 526 2751; x_wconf 78' lang='lat' dir='ltr'>borsines</span> <span class='ocrx_word' id='word_1_405' title='bbox 539 2702 627 2766; x_wconf 74' lang='lat' dir='ltr'>irrepis</span> <span class='ocrx_word' id='word_1_406' title='bbox 638 2700 762 2753; x_wconf 76' lang='lat' dir='ltr'>terestres</span> <span class='ocrx_word' id='word_1_407' title='bbox 772 2715 856 2767; x_wconf 83' lang='lat' dir='ltr'>quarn</span> <span class='ocrx_word' id='word_1_408' title='bbox 870 2703 913 2752; x_wconf 89' lang='lat' dir='ltr'>lu·</span> <span class='ocrx_word' id='word_1_409' title='bbox 955 2697 1087 2766; x_wconf 85' lang='lat' dir='ltr'>capitalia</span> <span class='ocrx_word' id='word_1_410' title='bbox 1101 2697 1182 2766; x_wconf 79' lang='lat' dir='ltr'>plura</span> <span class='ocrx_word' id='word_1_411' title='bbox 1202 2696 1442 2761; x_wconf 87' lang='lat' dir='ltr'>eerrnnemorurit,</span> <span class='ocrx_word' id='word_1_412' title='bbox 1459 2713 1510 2749; x_wconf 80' lang='lat' dir='ltr'>tros</span> <span class='ocrx_word' id='word_1_413' title='bbox 1534 2704 1640 2759; x_wconf 78' lang='lat' dir='ltr'>autern,</span> <span class='ocrx_word' id='word_1_414' title='bbox 1657 2716 1692 2753; x_wconf 89' lang='lat' dir='ltr'>ne</span> <span class='ocrx_word' id='word_1_415' title='bbox 1708 2700 1754 2754; x_wconf 88' lang='lat' dir='ltr'>de·</span> 
     </span>
     <span class='ocr_line' id='line_1_29' title="bbox 151 2779 1755 2858; baseline 0.009 -30"><span class='ocrx_word' id='word_1_416' title='bbox 151 2791 202 2829; x_wconf 78' lang='lat' dir='ltr'>uu.</span> <span class='ocrx_word' id='word_1_417' title='bbox 214 2779 242 2832; x_wconf 93' lang='lat' dir='ltr'>Hi</span> <span class='ocrx_word' id='word_1_418' title='bbox 253 2799 312 2852; x_wconf 85' lang='lat' dir='ltr'>ergo</span> <span class='ocrx_word' id='word_1_419' title='bbox 326 2784 378 2837; x_wconf 89' lang='lat' dir='ltr'>soli</span> <span class='ocrx_word' id='word_1_420' title='bbox 402 2785 430 2839; x_wconf 92' lang='lat' dir='ltr'>in</span> <span class='ocrx_word' id='word_1_421' title='bbox 448 2786 493 2840; x_wconf 89' lang='lat' dir='ltr'>dic</span> <span class='ocrx_word' id='word_1_422' title='bbox 513 2786 613 2855; x_wconf 85' lang='lat' dir='ltr'>judieii</span> <span class='ocrx_word' id='word_1_423' title='bbox 634 2786 846 2857; x_wconf 87' lang='lat' dir='ltr'>judicabuntur,</span> <span class='ocrx_word' id='word_1_424' title='bbox 865 2788 913 2857; x_wconf 90' lang='lat' dir='ltr'>qui</span> <span class='ocrx_word' id='word_1_425' title='bbox 955 2785 1144 2855; x_wconf 81' lang='lat' dir='ltr'>sperationem</span> <span class='ocrx_word' id='word_1_426' title='bbox 1160 2783 1249 2837; x_wconf 86' lang='lat' dir='ltr'>facere</span> <span class='ocrx_word' id='word_1_427' title='bbox 1264 2785 1419 2849; x_wconf 70' lang='lat' dir='ltr'>videamur,</span> <span class='ocrx_word' id='word_1_428' title='bbox 1429 2784 1549 2839; x_wconf 77' lang='lat' dir='ltr'>breuiter</span> <span class='ocrx_word' id='word_1_429' title='bbox 1559 2786 1755 2858; x_wconf 76' lang='lat' dir='ltr'>dicemusque</span> 
     </span>
     <span class='ocr_line' id='line_1_30' title="bbox 152 2861 1753 2946; baseline 0.008 -29"><span class='ocrx_word' id='word_1_430' title='bbox 152 2861 280 2924; x_wconf 82' lang='lat' dir='ltr'>lieetluceur</span> <span class='ocrx_word' id='word_1_431' title='bbox 290 2873 508 2938; x_wconf 81' lang='lat' dir='ltr'>scirentrenire,</span> <span class='ocrx_word' id='word_1_432' title='bbox 519 2881 616 2929; x_wconf 85' lang='lat' dir='ltr'>tamen</span> <span class='ocrx_word' id='word_1_433' title='bbox 628 2877 718 2946; x_wconf 86' lang='lat' dir='ltr'>magis</span> <span class='ocrx_word' id='word_1_434' title='bbox 729 2875 860 2930; x_wconf 86' lang='lat' dir='ltr'>tenebras</span> <span class='ocrx_word' id='word_1_435' title='bbox 869 2876 913 2929; x_wconf 93' lang='lat' dir='ltr'>di-</span> <span class='ocrx_word' id='word_1_436' title='bbox 957 2873 1005 2927; x_wconf 87' lang='lat' dir='ltr'>ille</span> <span class='ocrx_word' id='word_1_437' title='bbox 1019 2880 1093 2936; x_wconf 88' lang='lat' dir='ltr'>snrrt,</span> <span class='ocrx_word' id='word_1_438' title='bbox 1110 2873 1151 2926; x_wconf 92' lang='lat' dir='ltr'>uti</span> <span class='ocrx_word' id='word_1_439' title='bbox 1168 2872 1355 2942; x_wconf 80' lang='lat' dir='ltr'>sacrilegium,</span> <span class='ocrx_word' id='word_1_440' title='bbox 1368 2873 1560 2932; x_wconf 84' lang='lat' dir='ltr'>homicidium.</span> <span class='ocrx_word' id='word_1_441' title='bbox 1572 2874 1753 2937; x_wconf 83' lang='lat' dir='ltr'>adulterium,</span> 
     </span>
     <span class='ocr_line' id='line_1_31' title="bbox 150 2951 1756 3034; baseline 0.007 -27"><span class='ocrx_word' id='word_1_442' title='bbox 150 2951 217 3022; x_wconf 80' lang='lat' dir='ltr'>ligere</span> <span class='ocrx_word' id='word_1_443' title='bbox 237 2958 366 3016; x_wconf 90' lang='lat' dir='ltr'>dicuntur.</span> <span class='ocrx_word' id='word_1_444' title='bbox 384 2964 455 3017; x_wconf 78' lang='lat' dir='ltr'>Nam</span> <span class='ocrx_word' id='word_1_445' title='bbox 474 2964 521 3034; x_wconf 89' lang='lat' dir='ltr'>qui</span> <span class='ocrx_word' id='word_1_446' title='bbox 546 2965 575 3018; x_wconf 88' lang='lat' dir='ltr'>in</span> <span class='ocrx_word' id='word_1_447' title='bbox 589 2964 714 3019; x_wconf 87' lang='lat' dir='ltr'>tenebris</span> <span class='ocrx_word' id='word_1_448' title='bbox 727 2971 843 3019; x_wconf 89' lang='lat' dir='ltr'>manent</span> <span class='ocrx_word' id='word_1_449' title='bbox 854 2966 914 3034; x_wconf 88' lang='lat' dir='ltr'>jam</span> <span class='ocrx_word' id='word_1_450' title='bbox 958 2962 1062 3015; x_wconf 86' lang='lat' dir='ltr'>fulsum</span> <span class='ocrx_word' id='word_1_451' title='bbox 1077 2961 1282 3021; x_wconf 85' lang='lat' dir='ltr'>testimonium,</span> <span class='ocrx_word' id='word_1_452' title='bbox 1294 2962 1410 3025; x_wconf 84' lang='lat' dir='ltr'>lurtum,</span> <span class='ocrx_word' id='word_1_453' title='bbox 1424 2962 1756 3033; x_wconf 65' lang='lat' dir='ltr'>rapinasuperbiainri·</span> 
     </span>
     <span class='ocr_line' id='line_1_32' title="bbox 146 3041 1754 3123; baseline 0.014 -28"><span class='ocrx_word' id='word_1_454' title='bbox 146 3041 239 3110; x_wconf 75' lang='lat' dir='ltr'>judicati</span> <span class='ocrx_word' id='word_1_455' title='bbox 250 3058 317 3115; x_wconf 88' lang='lat' dir='ltr'>sunt,</span> <span class='ocrx_word' id='word_1_456' title='bbox 333 3052 381 3123; x_wconf 94' lang='lat' dir='ltr'>qui</span> <span class='ocrx_word' id='word_1_457' title='bbox 396 3060 490 3107; x_wconf 86' lang='lat' dir='ltr'>eutem</span> <span class='ocrx_word' id='word_1_458' title='bbox 510 3054 579 3108; x_wconf 91' lang='lat' dir='ltr'>nihil</span> <span class='ocrx_word' id='word_1_459' title='bbox 600 3053 780 3109; x_wconf 86' lang='lat' dir='ltr'>tenebrarum</span> <span class='ocrx_word' id='word_1_460' title='bbox 796 3053 912 3120; x_wconf 87' lang='lat' dir='ltr'>habent,</span> <span class='ocrx_word' id='word_1_461' title='bbox 925 3050 1013 3116; x_wconf 64' lang='lat' dir='ltr'>Gilia,</span> <span class='ocrx_word' id='word_1_462' title='bbox 1031 3049 1158 3110; x_wconf 61' lang='lat' dir='ltr'>avaritia·</span> <span class='ocrx_word' id='word_1_463' title='bbox 1175 3056 1203 3103; x_wconf 66' lang='lat'>⁰2</span> <span class='ocrx_word' id='word_1_464' title='bbox 1220 3049 1244 3102; x_wconf 69' lang='lat' dir='ltr'>Si</span> <span class='ocrx_word' id='word_1_465' title='bbox 1257 3050 1341 3119; x_wconf 73' lang='lat' dir='ltr'>l⁰ss80</span> <span class='ocrx_word' id='word_1_466' title='bbox 1357 3057 1484 3120; x_wconf 65' lang='grc' dir='ltr'>ῑθῐῐψθΐθ</span> <span class='ocrx_word' id='word_1_467' title='bbox 1502 3051 1627 3105; x_wconf 59' lang='lat' dir='ltr'>tenuerit</span> <span class='ocrx_word' id='word_1_468' title='bbox 1643 3052 1754 3107; x_wconf 62' lang='lat' dir='ltr'>iracun-</span> 
     </span>
     <span class='ocr_line' id='line_1_33' title="bbox 149 3129 1755 3214; baseline 0.002 -26"><span class='ocrx_word' id='word_1_469' title='bbox 149 3129 198 3186; x_wconf 71' lang='lat' dir='ltr'>u&#39;ne</span> <span class='ocrx_word' id='word_1_470' title='bbox 208 3135 251 3190; x_wconf 87' lang='lat' dir='ltr'>ulle</span> <span class='ocrx_word' id='word_1_471' title='bbox 258 3139 361 3208; x_wconf 87' lang='lat' dir='ltr'>judicia</span> <span class='ocrx_word' id='word_1_472' title='bbox 377 3142 413 3196; x_wconf 86' lang='lat' dir='ltr'>ad</span> <span class='ocrx_word' id='word_1_473' title='bbox 432 3141 524 3196; x_wconf 88' lang='lat' dir='ltr'>lucem</span> <span class='ocrx_word' id='word_1_474' title='bbox 545 3143 696 3214; x_wconf 86' lang='lat' dir='ltr'>pertinent.</span> <span class='ocrx_word' id='word_1_475' title='bbox 713 3144 757 3198; x_wconf 94' lang='lat' dir='ltr'>llli</span> <span class='ocrx_word' id='word_1_476' title='bbox 778 3160 843 3197; x_wconf 87' lang='lat' dir='ltr'>reru</span> <span class='ocrx_word' id='word_1_477' title='bbox 865 3144 913 3214; x_wconf 91' lang='lat' dir='ltr'>qui</span> <span class='ocrx_word' id='word_1_478' title='bbox 956 3140 1042 3203; x_wconf 86' lang='lat' dir='ltr'>diam,</span> <span class='ocrx_word' id='word_1_479' title='bbox 1058 3146 1087 3192; x_wconf 91' lang='lat' dir='ltr'>et</span> <span class='ocrx_word' id='word_1_480' title='bbox 1100 3138 1230 3204; x_wconf 82' lang='lat' dir='ltr'>ebrietes,</span> <span class='ocrx_word' id='word_1_481' title='bbox 1247 3139 1271 3192; x_wconf 88' lang='lat' dir='ltr'>si</span> <span class='ocrx_word' id='word_1_482' title='bbox 1291 3139 1403 3192; x_wconf 86' lang='lat' dir='ltr'>assidua</span> <span class='ocrx_word' id='word_1_483' title='bbox 1417 3139 1463 3201; x_wconf 85' lang='lat' dir='ltr'>sit,</span> <span class='ocrx_word' id='word_1_484' title='bbox 1480 3139 1509 3193; x_wconf 89' lang='lat' dir='ltr'>in</span> <span class='ocrx_word' id='word_1_485' title='bbox 1524 3157 1623 3193; x_wconf 91' lang='lat' dir='ltr'>eorum</span> <span class='ocrx_word' id='word_1_486' title='bbox 1637 3156 1704 3194; x_wconf 81' lang='lat' dir='ltr'>nuru</span> <span class='ocrx_word' id='word_1_487' title='bbox 1708 3165 1755 3193; x_wconf 75' lang='lat'><em>·····</em></span> 
     </span>
     <span class='ocr_line' id='line_1_34' title="bbox 147 3218 1756 3303; baseline 0.007 -32"><span class='ocrx_word' id='word_1_488' title='bbox 147 3218 318 3295; x_wconf 81' lang='lat' dir='ltr'>lieetbsptimti</span> <span class='ocrx_word' id='word_1_489' title='bbox 327 3236 394 3283; x_wconf 86' lang='lat' dir='ltr'>sunt</span> <span class='ocrx_word' id='word_1_490' title='bbox 406 3234 435 3284; x_wconf 94' lang='lat' dir='ltr'>in</span> <span class='ocrx_word' id='word_1_491' title='bbox 444 3230 539 3286; x_wconf 85' lang='lat' dir='ltr'>lutura</span> <span class='ocrx_word' id='word_1_492' title='bbox 547 3232 653 3302; x_wconf 87' lang='lat' dir='ltr'>judicio</span> <span class='ocrx_word' id='word_1_493' title='bbox 661 3233 807 3303; x_wconf 86' lang='lat' dir='ltr'>judicandi</span> <span class='ocrx_word' id='word_1_494' title='bbox 819 3238 911 3286; x_wconf 82' lang='lat' dir='ltr'>erunt.</span> <span class='ocrx_word' id='word_1_495' title='bbox 957 3235 1145 3298; x_wconf 82' lang='lat' dir='ltr'>cornputetur.</span> <span class='ocrx_word' id='word_1_496' title='bbox 1162 3228 1327 3298; x_wconf 82' lang='lat' dir='ltr'>Quicunque</span> <span class='ocrx_word' id='word_1_497' title='bbox 1339 3228 1415 3281; x_wconf 89' lang='lat' dir='ltr'>enim</span> <span class='ocrx_word' id='word_1_498' title='bbox 1429 3228 1524 3298; x_wconf 85' lang='lat' dir='ltr'>aliqua</span> <span class='ocrx_word' id='word_1_499' title='bbox 1537 3230 1571 3282; x_wconf 90' lang='lat' dir='ltr'>de</span> <span class='ocrx_word' id='word_1_500' title='bbox 1586 3229 1648 3284; x_wconf 87' lang='lat' dir='ltr'>istis</span> <span class='ocrx_word' id='word_1_501' title='bbox 1662 3246 1756 3301; x_wconf 64' lang='lat' dir='ltr'>pen-rn-</span> 
     </span>
     <span class='ocr_line' id='line_1_35' title="bbox 147 3307 1756 3389; baseline 0.005 -26"><span class='ocrx_word' id='word_1_502' title='bbox 147 3307 183 3360; x_wconf 86' lang='lat' dir='ltr'>De</span> <span class='ocrx_word' id='word_1_503' title='bbox 194 3310 237 3366; x_wconf 88' lang='lat' dir='ltr'>illis</span> <span class='ocrx_word' id='word_1_504' title='bbox 253 3332 312 3387; x_wconf 65' lang='lat' dir='ltr'>erqo</span> <span class='ocrx_word' id='word_1_505' title='bbox 336 3319 405 3373; x_wconf 90' lang='lat' dir='ltr'>solis</span> <span class='ocrx_word' id='word_1_506' title='bbox 425 3319 565 3389; x_wconf 86' lang='lat' dir='ltr'>judicium</span> <span class='ocrx_word' id='word_1_507' title='bbox 589 3320 748 3386; x_wconf 85' lang='lat' dir='ltr'>habebitur,</span> <span class='ocrx_word' id='word_1_508' title='bbox 766 3329 799 3376; x_wconf 92' lang='lat' dir='ltr'>ut</span> <span class='ocrx_word' id='word_1_509' title='bbox 813 3327 863 3375; x_wconf 85' lang='lat' dir='ltr'>aut</span> <span class='ocrx_word' id='word_1_510' title='bbox 877 3322 912 3375; x_wconf 88' lang='lat' dir='ltr'>ad</span> <span class='ocrx_word' id='word_1_511' title='bbox 957 3317 994 3370; x_wconf 87' lang='lat' dir='ltr'>tis</span> <span class='ocrx_word' id='word_1_512' title='bbox 1009 3317 1039 3369; x_wconf 92' lang='lat' dir='ltr'>in</span> <span class='ocrx_word' id='word_1_513' title='bbox 1056 3333 1085 3369; x_wconf 91' lang='lat' dir='ltr'>se</span> <span class='ocrx_word' id='word_1_514' title='bbox 1099 3317 1238 3370; x_wconf 80' lang='lat' dir='ltr'>elorrriuari</span> <span class='ocrx_word' id='word_1_515' title='bbox 1249 3316 1418 3387; x_wconf 76' lang='lat' dir='ltr'>cognoverit,</span> <span class='ocrx_word' id='word_1_516' title='bbox 1427 3316 1480 3370; x_wconf 88' lang='lat' dir='ltr'>nisi</span> <span class='ocrx_word' id='word_1_517' title='bbox 1491 3317 1576 3387; x_wconf 79' lang='lat' dir='ltr'>digne</span> <span class='ocrx_word' id='word_1_518' title='bbox 1587 3335 1616 3371; x_wconf 92' lang='lat' dir='ltr'>se</span> <span class='ocrx_word' id='word_1_519' title='bbox 1627 3320 1756 3373; x_wconf 84' lang='lat' dir='ltr'>carendu-</span> 
     </span>
     <span class='ocr_line' id='line_1_36' title="bbox 147 3396 1756 3483; baseline 0.007 -36"><span class='ocrx_word' id='word_1_520' title='bbox 147 3396 228 3463; x_wconf 83' lang='lat' dir='ltr'>luten,</span> <span class='ocrx_word' id='word_1_521' title='bbox 239 3413 281 3461; x_wconf 85' lang='lat' dir='ltr'>eut</span> <span class='ocrx_word' id='word_1_522' title='bbox 293 3408 327 3462; x_wconf 88' lang='lat' dir='ltr'>ad</span> <span class='ocrx_word' id='word_1_523' title='bbox 342 3408 473 3463; x_wconf 80' lang='lat' dir='ltr'>tenebras</span> <span class='ocrx_word' id='word_1_524' title='bbox 489 3410 552 3481; x_wconf 89' lang='lat' dir='ltr'>plus</span> <span class='ocrx_word' id='word_1_525' title='bbox 571 3410 713 3481; x_wconf 89' lang='lat' dir='ltr'>pertinere</span> <span class='ocrx_word' id='word_1_526' title='bbox 731 3411 854 3465; x_wconf 80' lang='lat' dir='ltr'>debeant</span> <span class='ocrx_word' id='word_1_527' title='bbox 868 3410 915 3465; x_wconf 79' lang='lat' dir='ltr'>de-</span> <span class='ocrx_word' id='word_1_528' title='bbox 957 3406 1037 3463; x_wconf 79' lang='lat' dir='ltr'>verit.</span> <span class='ocrx_word' id='word_1_529' title='bbox 1055 3406 1078 3459; x_wconf 89' lang='lat' dir='ltr'>si</span> <span class='ocrx_word' id='word_1_530' title='bbox 1094 3404 1366 3476; x_wconf 85' lang='lat' dir='ltr'>lrubueritspstimn,</span> <span class='ocrx_word' id='word_1_531' title='bbox 1384 3405 1467 3475; x_wconf 80' lang='lat' dir='ltr'>longo</span> <span class='ocrx_word' id='word_1_532' title='bbox 1477 3414 1604 3477; x_wconf 89' lang='lat' dir='ltr'>tempore</span> <span class='ocrx_word' id='word_1_533' title='bbox 1620 3408 1756 3483; x_wconf 30' lang='lat' dir='ltr'>pren-iten-</span> 
     </span>
     <span class='ocr_line' id='line_1_37' title="bbox 147 3494 1757 3571; baseline 0.008 -34"><span class='ocrx_word' id='word_1_534' title='bbox 147 3499 296 3549; x_wconf 84' lang='lat' dir='ltr'>ureustretur.</span> <span class='ocrx_word' id='word_1_535' title='bbox 312 3497 471 3568; x_wconf 83' lang='lat' dir='ltr'>Resurgent</span> <span class='ocrx_word' id='word_1_536' title='bbox 485 3516 552 3567; x_wconf 85' lang='lat' dir='ltr'>ergo</span> <span class='ocrx_word' id='word_1_537' title='bbox 571 3500 600 3553; x_wconf 91' lang='lat' dir='ltr'>hi</span> <span class='ocrx_word' id='word_1_538' title='bbox 619 3506 652 3553; x_wconf 91' lang='lat' dir='ltr'>ut</span> <span class='ocrx_word' id='word_1_539' title='bbox 661 3500 833 3569; x_wconf 87' lang='lat' dir='ltr'>judicentur,</span> <span class='ocrx_word' id='word_1_540' title='bbox 844 3500 915 3571; x_wconf 88' lang='lat' dir='ltr'>justi</span> <span class='ocrx_word' id='word_1_541' title='bbox 956 3495 1027 3549; x_wconf 89' lang='lat' dir='ltr'>tiam</span> <span class='ocrx_word' id='word_1_542' title='bbox 1044 3494 1142 3564; x_wconf 75' lang='lat' dir='ltr'>egerit,</span> <span class='ocrx_word' id='word_1_543' title='bbox 1159 3499 1186 3547; x_wconf 87' lang='lat' dir='ltr'>et</span> <span class='ocrx_word' id='word_1_544' title='bbox 1202 3496 1294 3564; x_wconf 80' lang='lat' dir='ltr'>largas</span> <span class='ocrx_word' id='word_1_545' title='bbox 1309 3495 1500 3565; x_wconf 80' lang='lat' dir='ltr'>eleemosynas</span> <span class='ocrx_word' id='word_1_546' title='bbox 1514 3497 1679 3566; x_wconf 80' lang='lat' dir='ltr'>erogaverit,</span> <span class='ocrx_word' id='word_1_547' title='bbox 1697 3503 1757 3550; x_wconf 86' lang='lat' dir='ltr'>ete</span> 
     </span>
     <span class='ocr_line' id='line_1_38' title="bbox 147 3578 1757 3659; baseline 0.007 -31"><span class='ocrx_word' id='word_1_548' title='bbox 147 3584 174 3627; x_wconf 89' lang='lat' dir='ltr'>ut</span> <span class='ocrx_word' id='word_1_549' title='bbox 180 3578 293 3651; x_wconf 82' lang='lat' dir='ltr'>judicent,</span> <span class='ocrx_word' id='word_1_550' title='bbox 307 3586 388 3657; x_wconf 87' lang='lat' dir='ltr'>impii</span> <span class='ocrx_word' id='word_1_551' title='bbox 405 3592 437 3641; x_wconf 91' lang='lat' dir='ltr'>ut</span> <span class='ocrx_word' id='word_1_552' title='bbox 451 3588 631 3653; x_wconf 85' lang='lat' dir='ltr'>damnentur,</span> <span class='ocrx_word' id='word_1_553' title='bbox 645 3588 712 3659; x_wconf 87' lang='lat' dir='ltr'>quie</span> <span class='ocrx_word' id='word_1_554' title='bbox 726 3597 755 3643; x_wconf 88' lang='lat' dir='ltr'>et</span> <span class='ocrx_word' id='word_1_555' title='bbox 768 3589 809 3644; x_wconf 92' lang='lat' dir='ltr'>illi</span> <span class='ocrx_word' id='word_1_556' title='bbox 824 3605 916 3642; x_wconf 86' lang='lat' dir='ltr'>resur·</span> <span class='ocrx_word' id='word_1_557' title='bbox 958 3584 1079 3655; x_wconf 88' lang='lat' dir='ltr'>peccatis</span> <span class='ocrx_word' id='word_1_558' title='bbox 1094 3583 1271 3649; x_wconf 78' lang='lat' dir='ltr'>abstinuerit,</span> <span class='ocrx_word' id='word_1_559' title='bbox 1287 3583 1334 3637; x_wconf 91' lang='lat' dir='ltr'>illo</span> <span class='ocrx_word' id='word_1_560' title='bbox 1348 3584 1510 3638; x_wconf 89' lang='lat' dir='ltr'>transitorio</span> <span class='ocrx_word' id='word_1_561' title='bbox 1521 3584 1638 3654; x_wconf 81' lang='lat' dir='ltr'>igne,de</span> <span class='ocrx_word' id='word_1_562' title='bbox 1647 3603 1702 3656; x_wconf 92' lang='lat' dir='ltr'>qua</span> <span class='ocrx_word' id='word_1_563' title='bbox 1716 3586 1757 3640; x_wconf 88' lang='lat' dir='ltr'>ait</span> 
     </span>
     <span class='ocr_line' id='line_1_39' title="bbox 146 3673 1757 3748; baseline 0.006 -29"><span class='ocrx_word' id='word_1_564' title='bbox 146 3673 318 3731; x_wconf 78' lang='lat' dir='ltr'>gcnt,sedn0n</span> <span class='ocrx_word' id='word_1_565' title='bbox 328 3675 357 3729; x_wconf 86' lang='lat' dir='ltr'>in</span> <span class='ocrx_word' id='word_1_566' title='bbox 365 3676 483 3746; x_wconf 76' lang='lat' dir='ltr'>judicio,</span> <span class='ocrx_word' id='word_1_567' title='bbox 495 3678 645 3732; x_wconf 75' lang='lat' dir='ltr'>psalmista</span> <span class='ocrx_word' id='word_1_568' title='bbox 654 3684 785 3743; x_wconf 73' lang='lat' dir='ltr'>tesmnte,</span> <span class='ocrx_word' id='word_1_569' title='bbox 794 3678 843 3748; x_wconf 91' lang='lat' dir='ltr'>qui</span> <span class='ocrx_word' id='word_1_570' title='bbox 854 3677 912 3732; x_wconf 85' lang='lat' dir='ltr'>ait:</span> <span class='ocrx_word' id='word_1_571' title='bbox 958 3673 1119 3743; x_wconf 84' lang='lat' dir='ltr'>Apostolus.</span> <span class='ocrx_word' id='word_1_572' title='bbox 1137 3673 1251 3743; x_wconf 77' lang='lat' dir='ltr'>purgari</span> <span class='ocrx_word' id='word_1_573' title='bbox 1275 3689 1331 3726; x_wconf 90' lang='lat' dir='ltr'>non</span> <span class='ocrx_word' id='word_1_574' title='bbox 1356 3673 1468 3744; x_wconf 88' lang='lat' dir='ltr'>peterit,</span> <span class='ocrx_word' id='word_1_575' title='bbox 1487 3673 1534 3727; x_wconf 85' lang='lat' dir='ltr'>sed</span> <span class='ocrx_word' id='word_1_576' title='bbox 1549 3681 1655 3727; x_wconf 73' lang='lat' dir='ltr'>eterna</span> <span class='ocrx_word' id='word_1_577' title='bbox 1677 3675 1757 3728; x_wconf 90' lang='lat' dir='ltr'>illum</span> 
     </span>
     <span class='ocr_line' id='line_1_40' title="bbox 148 3753 1758 3834; baseline 0.008 -30"><span class='ocrx_word' id='word_1_578' title='bbox 148 3753 195 3809; x_wconf 74' lang='lat' dir='ltr'>ibn</span> <span class='ocrx_word' id='word_1_579' title='bbox 205 3770 342 3831; x_wconf 70' lang='lat' dir='ltr'>restruunt</span> <span class='ocrx_word' id='word_1_580' title='bbox 356 3767 440 3833; x_wconf 82' lang='lat' dir='ltr'>impii</span> <span class='ocrx_word' id='word_1_581' title='bbox 454 3768 602 3834; x_wconf 83' lang='lat' dir='ltr'>injudicio</span> <span class='ocrx_word' id='word_1_582' title='bbox 613 3769 698 3834; x_wconf 79' lang='lat' dir='ltr'>(Prul.</span> <span class='ocrx_word' id='word_1_583' title='bbox 714 3780 744 3823; x_wconf 87' lang='lat' dir='ltr'>n.</span> <span class='ocrx_word' id='word_1_584' title='bbox 959 3761 1141 3817; x_wconf 86' lang='lat' dir='ltr'>flammasine</span> <span class='ocrx_word' id='word_1_585' title='bbox 1153 3762 1210 3815; x_wconf 93' lang='lat' dir='ltr'>ullo</span> <span class='ocrx_word' id='word_1_586' title='bbox 1221 3762 1511 3817; x_wconf 83' lang='lat' dir='ltr'>remedietrucidebit.</span> <span class='ocrx_word' id='word_1_587' title='bbox 1521 3764 1690 3826; x_wconf 84' lang='lat' dir='ltr'>Quseautem</span> <span class='ocrx_word' id='word_1_588' title='bbox 1700 3763 1758 3817; x_wconf 89' lang='lat' dir='ltr'>sint</span> 
     </span>
     <span class='ocr_line' id='line_1_41' title="bbox 175 3844 1758 3923; baseline 0.005 -26"><span class='ocrx_word' id='word_1_589' title='bbox 175 3844 271 3917; x_wconf 62' lang='lat' dir='ltr'>Siccius</span> <span class='ocrx_word' id='word_1_590' title='bbox 282 3868 347 3920; x_wconf 73' lang='lat' dir='ltr'>opus</span> <span class='ocrx_word' id='word_1_591' title='bbox 356 3856 917 3923; x_wconf 69' lang='lat' dir='ltr'>rnanreritquodsrepcrudifiraeerit,nrcr-</span> <span class='ocrx_word' id='word_1_592' title='bbox 960 3852 1071 3905; x_wconf 88' lang='lat' dir='ltr'>minuta</span> <span class='ocrx_word' id='word_1_593' title='bbox 1083 3850 1277 3920; x_wconf 85' lang='lat' dir='ltr'>peccata,licet</span> <span class='ocrx_word' id='word_1_594' title='bbox 1291 3850 1421 3903; x_wconf 90' lang='lat' dir='ltr'>omnibus</span> <span class='ocrx_word' id='word_1_595' title='bbox 1435 3859 1501 3905; x_wconf 88' lang='lat' dir='ltr'>notu</span> <span class='ocrx_word' id='word_1_596' title='bbox 1511 3852 1678 3915; x_wconf 87' lang='lat' dir='ltr'>sint,tamen</span> <span class='ocrx_word' id='word_1_597' title='bbox 1692 3852 1758 3922; x_wconf 86' lang='lat' dir='ltr'>quia</span> 
     </span>
     <span class='ocr_line' id='line_1_42' title="bbox 148 3933 1758 4010; baseline 0.007 -27"><span class='ocrx_word' id='word_1_598' title='bbox 148 3933 214 3988; x_wconf 78' lang='lat' dir='ltr'>eurr</span> <span class='ocrx_word' id='word_1_599' title='bbox 225 3941 344 4007; x_wconf 83' lang='lat' dir='ltr'>accipiet.</span> <span class='ocrx_word' id='word_1_600' title='bbox 360 3941 460 4008; x_wconf 55' lang='lat' dir='ltr'>(Amba</span> <span class='ocrx_word' id='word_1_601' title='bbox 474 3942 544 3996; x_wconf 84' lang='lat' dir='ltr'>Cum</span> <span class='ocrx_word' id='word_1_602' title='bbox 556 3943 631 3997; x_wconf 89' lang='lat' dir='ltr'>enim</span> <span class='ocrx_word' id='word_1_603' title='bbox 647 3943 717 3997; x_wconf 91' lang='lat' dir='ltr'>nihil</span> <span class='ocrx_word' id='word_1_604' title='bbox 729 3944 758 3998; x_wconf 89' lang='lat' dir='ltr'>in</span> <span class='ocrx_word' id='word_1_605' title='bbox 769 3944 817 3998; x_wconf 93' lang='lat' dir='ltr'>illo</span> <span class='ocrx_word' id='word_1_606' title='bbox 827 3943 918 3998; x_wconf 87' lang='lat' dir='ltr'>sordis</span> <span class='ocrx_word' id='word_1_607' title='bbox 961 3940 1075 4009; x_wconf 81' lang='lat' dir='ltr'>longum</span> <span class='ocrx_word' id='word_1_608' title='bbox 1091 3944 1134 3991; x_wconf 88' lang='lat' dir='ltr'>est</span> <span class='ocrx_word' id='word_1_609' title='bbox 1144 3946 1176 3992; x_wconf 92' lang='lat' dir='ltr'>ut</span> <span class='ocrx_word' id='word_1_610' title='bbox 1186 3939 1281 3992; x_wconf 88' lang='lat' dir='ltr'>onrniu</span> <span class='ocrx_word' id='word_1_611' title='bbox 1295 3939 1473 4009; x_wconf 90' lang='lat' dir='ltr'>replicentur,</span> <span class='ocrx_word' id='word_1_612' title='bbox 1481 3957 1551 4010; x_wconf 86' lang='lat' dir='ltr'>opus</span> <span class='ocrx_word' id='word_1_613' title='bbox 1567 3946 1658 4006; x_wconf 91' lang='lat' dir='ltr'>est,ut</span> <span class='ocrx_word' id='word_1_614' title='bbox 1671 3958 1704 3994; x_wconf 80' lang='lat' dir='ltr'>ex</span> <span class='ocrx_word' id='word_1_615' title='bbox 1718 3941 1758 3995; x_wconf 88' lang='lat' dir='ltr'>eis</span> 
     </span>
     <span class='ocr_line' id='line_1_43' title="bbox 149 4018 1759 4102; baseline 0.01 -34"><span class='ocrx_word' id='word_1_616' title='bbox 149 4018 265 4080; x_wconf 75' lang='lat' dir='ltr'>intentum</span> <span class='ocrx_word' id='word_1_617' title='bbox 279 4027 363 4083; x_wconf 82' lang='lat' dir='ltr'>suerit</span> <span class='ocrx_word' id='word_1_618' title='bbox 375 4030 510 4085; x_wconf 80' lang='lat' dir='ltr'>doctrines</span> <span class='ocrx_word' id='word_1_619' title='bbox 525 4048 625 4102; x_wconf 75' lang='lat' dir='ltr'>praete,</span> <span class='ocrx_word' id='word_1_620' title='bbox 644 4038 675 4086; x_wconf 89' lang='lat' dir='ltr'>ut</span> <span class='ocrx_word' id='word_1_621' title='bbox 696 4033 726 4085; x_wconf 89' lang='lat' dir='ltr'>in</span> <span class='ocrx_word' id='word_1_622' title='bbox 746 4032 819 4086; x_wconf 88' lang='lat' dir='ltr'>beno</span> <span class='ocrx_word' id='word_1_623' title='bbox 834 4049 915 4095; x_wconf 88' lang='lat' dir='ltr'>auro,</span> <span class='ocrx_word' id='word_1_624' title='bbox 960 4028 1002 4082; x_wconf 86' lang='lat' dir='ltr'>rel</span> <span class='ocrx_word' id='word_1_625' title='bbox 1017 4028 1112 4098; x_wconf 88' lang='lat' dir='ltr'>aliqua</span> <span class='ocrx_word' id='word_1_626' title='bbox 1125 4027 1320 4094; x_wconf 87' lang='lat' dir='ltr'>nominemus;</span> <span class='ocrx_word' id='word_1_627' title='bbox 1338 4028 1447 4098; x_wconf 87' lang='lat' dir='ltr'>quoties</span> <span class='ocrx_word' id='word_1_628' title='bbox 1461 4029 1563 4099; x_wconf 86' lang='lat' dir='ltr'>aliquis</span> <span class='ocrx_word' id='word_1_629' title='bbox 1577 4030 1605 4082; x_wconf 91' lang='lat' dir='ltr'>in</span> <span class='ocrx_word' id='word_1_630' title='bbox 1623 4030 1694 4095; x_wconf 90' lang='lat' dir='ltr'>ciba,</span> <span class='ocrx_word' id='word_1_631' title='bbox 1709 4034 1759 4084; x_wconf 87' lang='lat' dir='ltr'>aut</span> 
     </span>
     <span class='ocr_line' id='line_1_44' title="bbox 147 4107 1759 4189; baseline 0.006 -26"><span class='ocrx_word' id='word_1_632' title='bbox 147 4107 176 4162; x_wconf 84' lang='lat' dir='ltr'>ita</span> <span class='ocrx_word' id='word_1_633' title='bbox 186 4113 231 4167; x_wconf 87' lang='lat' dir='ltr'>erit</span> <span class='ocrx_word' id='word_1_634' title='bbox 242 4122 272 4170; x_wconf 90' lang='lat' dir='ltr'>ut</span> <span class='ocrx_word' id='word_1_635' title='bbox 282 4124 337 4171; x_wconf 88' lang='lat' dir='ltr'>tres</span> <span class='ocrx_word' id='word_1_636' title='bbox 351 4117 454 4173; x_wconf 86' lang='lat' dir='ltr'>fratres</span> <span class='ocrx_word' id='word_1_637' title='bbox 475 4120 505 4173; x_wconf 91' lang='lat' dir='ltr'>in</span> <span class='ocrx_word' id='word_1_638' title='bbox 527 4121 637 4174; x_wconf 89' lang='lat' dir='ltr'>camino</span> <span class='ocrx_word' id='word_1_639' title='bbox 658 4120 741 4189; x_wconf 82' lang='lat' dir='ltr'>ignis,</span> <span class='ocrx_word' id='word_1_640' title='bbox 759 4120 918 4174; x_wconf 89' lang='lat' dir='ltr'>mercedem</span> <span class='ocrx_word' id='word_1_641' title='bbox 961 4117 990 4171; x_wconf 91' lang='lat' dir='ltr'>in</span> <span class='ocrx_word' id='word_1_642' title='bbox 1004 4116 1262 4188; x_wconf 81' lang='lat' dir='ltr'>potuplusaccipit</span> <span class='ocrx_word' id='word_1_643' title='bbox 1277 4132 1360 4186; x_wconf 85' lang='lat' dir='ltr'>quam</span> <span class='ocrx_word' id='word_1_644' title='bbox 1385 4134 1496 4171; x_wconf 87' lang='lat' dir='ltr'>neeesse</span> <span class='ocrx_word' id='word_1_645' title='bbox 1521 4125 1573 4184; x_wconf 89' lang='lat' dir='ltr'>est,</span> <span class='ocrx_word' id='word_1_646' title='bbox 1589 4120 1624 4172; x_wconf 89' lang='lat' dir='ltr'>ad</span> <span class='ocrx_word' id='word_1_647' title='bbox 1649 4119 1759 4173; x_wconf 83' lang='lat' dir='ltr'>minuta</span> 
     </span>
     <span class='ocr_line' id='line_1_45' title="bbox 146 4196 1760 4280; baseline 0 -20"><span class='ocrx_word' id='word_1_648' title='bbox 146 4196 212 4255; x_wconf 76' lang='lat' dir='ltr'>num</span> <span class='ocrx_word' id='word_1_649' title='bbox 227 4213 358 4261; x_wconf 80' lang='lat' dir='ltr'>eterusm</span> <span class='ocrx_word' id='word_1_650' title='bbox 372 4224 438 4261; x_wconf 89' lang='lat' dir='ltr'>cum</span> <span class='ocrx_word' id='word_1_651' title='bbox 457 4208 549 4277; x_wconf 81' lang='lat' dir='ltr'>gloria</span> <span class='ocrx_word' id='word_1_652' title='bbox 563 4213 738 4280; x_wconf 81' lang='lat' dir='ltr'>accepturus,</span> <span class='ocrx_word' id='word_1_653' title='bbox 756 4209 824 4279; x_wconf 91' lang='lat' dir='ltr'>quia</span> <span class='ocrx_word' id='word_1_654' title='bbox 846 4209 920 4262; x_wconf 87' lang='lat' dir='ltr'>sicut</span> <span class='ocrx_word' id='word_1_655' title='bbox 961 4211 1075 4276; x_wconf 88' lang='lat' dir='ltr'>peccata</span> <span class='ocrx_word' id='word_1_656' title='bbox 1098 4205 1205 4260; x_wconf 82' lang='lat' dir='ltr'>noverit</span> <span class='ocrx_word' id='word_1_657' title='bbox 1229 4206 1389 4276; x_wconf 78' lang='lat' dir='ltr'>pertinere3</span> <span class='ocrx_word' id='word_1_658' title='bbox 1416 4207 1526 4277; x_wconf 88' lang='lat' dir='ltr'>quotics</span> <span class='ocrx_word' id='word_1_659' title='bbox 1548 4208 1610 4277; x_wconf 89' lang='lat' dir='ltr'>plus</span> <span class='ocrx_word' id='word_1_660' title='bbox 1634 4208 1760 4278; x_wconf 89' lang='lat' dir='ltr'>loquitur</span> 
     </span>
     <span class='ocr_line' id='line_1_46' title="bbox 143 4295 1759 4393; baseline 0.004 -50"><span class='ocrx_word' id='word_1_661' title='bbox 143 4300 224 4345; x_wconf 75' lang='lat' dir='ltr'>turum</span> <span class='ocrx_word' id='word_1_662' title='bbox 237 4304 264 4348; x_wconf 88' lang='lat' dir='ltr'>et</span> <span class='ocrx_word' id='word_1_663' title='bbox 276 4304 428 4365; x_wconf 69' lang='lat' dir='ltr'>argentum</span> <span class='ocrx_word' id='word_1_664' title='bbox 442 4302 470 4350; x_wconf 89' lang='lat' dir='ltr'>et</span> <span class='ocrx_word' id='word_1_665' title='bbox 484 4297 600 4368; x_wconf 87' lang='lat' dir='ltr'>lapides,</span> <span class='ocrx_word' id='word_1_666' title='bbox 609 4313 679 4369; x_wconf 91' lang='lat' dir='ltr'>quos</span> <span class='ocrx_word' id='word_1_667' title='bbox 692 4297 766 4367; x_wconf 76' lang='lat' dir='ltr'>ignis</span> <span class='ocrx_word' id='word_1_668' title='bbox 781 4314 835 4350; x_wconf 89' lang='lat' dir='ltr'>non</span> <span class='ocrx_word' id='word_1_669' title='bbox 850 4313 918 4351; x_wconf 89' lang='lat' dir='ltr'>con·</span> <span class='ocrx_word' id='word_1_670' title='bbox 928 4335 952 4393; x_wconf 74' lang='lat' dir='ltr'>D</span> <span class='ocrx_word' id='word_1_671' title='bbox 963 4311 1048 4364; x_wconf 90' lang='lat' dir='ltr'>quarn</span> <span class='ocrx_word' id='word_1_672' title='bbox 1057 4301 1176 4366; x_wconf 88' lang='lat' dir='ltr'>oportet,</span> <span class='ocrx_word' id='word_1_673' title='bbox 1184 4295 1247 4366; x_wconf 89' lang='lat' dir='ltr'>plus</span> <span class='ocrx_word' id='word_1_674' title='bbox 1257 4301 1332 4349; x_wconf 86' lang='lat' dir='ltr'>tacet</span> <span class='ocrx_word' id='word_1_675' title='bbox 1341 4312 1425 4365; x_wconf 87' lang='lat' dir='ltr'>quam</span> <span class='ocrx_word' id='word_1_676' title='bbox 1437 4296 1560 4366; x_wconf 85' lang='lat' dir='ltr'>expedit;</span> <span class='ocrx_word' id='word_1_677' title='bbox 1573 4295 1682 4365; x_wconf 89' lang='lat' dir='ltr'>quotics</span> <span class='ocrx_word' id='word_1_678' title='bbox 1691 4312 1759 4365; x_wconf 86' lang='lat' dir='ltr'>peu·</span> 
     </span>
     <span class='ocr_line' id='line_1_47' title="bbox 140 4381 1758 4456; baseline 0.006 -29"><span class='ocrx_word' id='word_1_679' title='bbox 140 4381 249 4449; x_wconf 85' lang='lat' dir='ltr'>sumpsit,</span> <span class='ocrx_word' id='word_1_680' title='bbox 263 4384 303 4438; x_wconf 75' lang='lat' dir='ltr'>ite</span> <span class='ocrx_word' id='word_1_681' title='bbox 315 4392 345 4439; x_wconf 86' lang='lat' dir='ltr'>et</span> <span class='ocrx_word' id='word_1_682' title='bbox 357 4384 449 4439; x_wconf 90' lang='lat' dir='ltr'>bouus</span> <span class='ocrx_word' id='word_1_683' title='bbox 462 4386 598 4456; x_wconf 81' lang='lat' dir='ltr'>magister</span> <span class='ocrx_word' id='word_1_684' title='bbox 611 4384 833 4456; x_wconf 90' lang='lat' dir='ltr'>incorruptibilis</span> <span class='ocrx_word' id='word_1_685' title='bbox 854 4403 918 4456; x_wconf 91' lang='lat' dir='ltr'>per·</span> <span class='ocrx_word' id='word_1_686' title='bbox 962 4400 1057 4454; x_wconf 79' lang='lat' dir='ltr'>pereni</span> <span class='ocrx_word' id='word_1_687' title='bbox 1067 4384 1254 4455; x_wconf 89' lang='lat' dir='ltr'>inopportune</span> <span class='ocrx_word' id='word_1_688' title='bbox 1260 4390 1401 4455; x_wconf 90' lang='lat' dir='ltr'>petentem</span> <span class='ocrx_word' id='word_1_689' title='bbox 1409 4390 1567 4453; x_wconf 85' lang='lat' dir='ltr'>exasperat;</span> <span class='ocrx_word' id='word_1_690' title='bbox 1578 4383 1687 4453; x_wconf 88' lang='lat' dir='ltr'>quoties</span> <span class='ocrx_word' id='word_1_691' title='bbox 1694 4400 1758 4437; x_wconf 87' lang='lat' dir='ltr'>cum</span> 
     </span>
     <span class='ocr_line' id='line_1_48' title="bbox 137 4469 1759 4543; baseline 0.005 -27"><span class='ocrx_word' id='word_1_692' title='bbox 137 4469 293 4528; x_wconf 83' lang='lat' dir='ltr'>rusnebit.Si</span> <span class='ocrx_word' id='word_1_693' title='bbox 300 4477 381 4542; x_wconf 80' lang='lat' dir='ltr'>cujus</span> <span class='ocrx_word' id='word_1_694' title='bbox 390 4481 572 4543; x_wconf 78' lang='lat' dir='ltr'>opusnrrerrt,</span> <span class='ocrx_word' id='word_1_695' title='bbox 581 4477 779 4529; x_wconf 73' lang='lat' dir='ltr'>detrimentum</span> <span class='ocrx_word' id='word_1_696' title='bbox 783 4478 916 4543; x_wconf 82' lang='lat' dir='ltr'>patietur.</span> <span class='ocrx_word' id='word_1_697' title='bbox 962 4473 998 4526; x_wconf 90' lang='lat' dir='ltr'>sit</span> <span class='ocrx_word' id='word_1_698' title='bbox 1010 4490 1125 4543; x_wconf 86' lang='lat' dir='ltr'>corpore</span> <span class='ocrx_word' id='word_1_699' title='bbox 1135 4489 1229 4537; x_wconf 88' lang='lat' dir='ltr'>sanus,</span> <span class='ocrx_word' id='word_1_700' title='bbox 1241 4473 1303 4527; x_wconf 83' lang='lat' dir='ltr'>aliis</span> <span class='ocrx_word' id='word_1_701' title='bbox 1312 4471 1505 4543; x_wconf 85' lang='lat' dir='ltr'>jejunantibus</span> <span class='ocrx_word' id='word_1_702' title='bbox 1517 4469 1654 4539; x_wconf 86' lang='lat' dir='ltr'>prandere</span> <span class='ocrx_word' id='word_1_703' title='bbox 1667 4470 1759 4524; x_wconf 85' lang='lat' dir='ltr'>relue-</span> 
     </span>
     <span class='ocr_line' id='line_1_49' title="bbox 135 4553 1759 4634; baseline 0.002 -27"><span class='ocrx_word' id='word_1_704' title='bbox 135 4553 281 4628; x_wconf 85' lang='lat' dir='ltr'>Opusquod</span> <span class='ocrx_word' id='word_1_705' title='bbox 304 4563 405 4617; x_wconf 88' lang='lat' dir='ltr'>ardere</span> <span class='ocrx_word' id='word_1_706' title='bbox 425 4562 537 4629; x_wconf 89' lang='lat' dir='ltr'>dicitur,</span> <span class='ocrx_word' id='word_1_707' title='bbox 556 4563 630 4617; x_wconf 89' lang='lat' dir='ltr'>mala</span> <span class='ocrx_word' id='word_1_708' title='bbox 648 4563 776 4617; x_wconf 88' lang='lat' dir='ltr'>doctrina</span> <span class='ocrx_word' id='word_1_709' title='bbox 788 4569 840 4627; x_wconf 91' lang='lat' dir='ltr'>est,</span> <span class='ocrx_word' id='word_1_710' title='bbox 857 4579 920 4634; x_wconf 85' lang='lat' dir='ltr'>quae</span> <span class='ocrx_word' id='word_1_711' title='bbox 964 4561 1010 4621; x_wconf 81' lang='lat' dir='ltr'>rit,</span> <span class='ocrx_word' id='word_1_712' title='bbox 1028 4567 1077 4615; x_wconf 89' lang='lat' dir='ltr'>aut</span> <span class='ocrx_word' id='word_1_713' title='bbox 1091 4577 1189 4615; x_wconf 88' lang='lat' dir='ltr'>somno</span> <span class='ocrx_word' id='word_1_714' title='bbox 1205 4561 1316 4614; x_wconf 89' lang='lat' dir='ltr'>deditus</span> <span class='ocrx_word' id='word_1_715' title='bbox 1336 4557 1444 4611; x_wconf 90' lang='lat' dir='ltr'>tardius</span> <span class='ocrx_word' id='word_1_716' title='bbox 1469 4557 1504 4610; x_wconf 85' lang='lat' dir='ltr'>ad</span> <span class='ocrx_word' id='word_1_717' title='bbox 1528 4556 1673 4611; x_wconf 84' lang='lat' dir='ltr'>eeclesiam</span> <span class='ocrx_word' id='word_1_718' title='bbox 1699 4575 1759 4613; x_wconf 90' lang='lat' dir='ltr'>sur-</span> 
     </span>
     <span class='ocr_line' id='line_1_50' title="bbox 131 4642 1759 4723; baseline 0.005 -27"><span class='ocrx_word' id='word_1_719' title='bbox 131 4642 263 4702; x_wconf 86' lang='lat' dir='ltr'>interibit:</span> <span class='ocrx_word' id='word_1_720' title='bbox 278 4652 468 4707; x_wconf 84' lang='lat' dir='ltr'>cunctaenim</span> <span class='ocrx_word' id='word_1_721' title='bbox 483 4653 559 4707; x_wconf 86' lang='lat' dir='ltr'>mala</span> <span class='ocrx_word' id='word_1_722' title='bbox 571 4652 793 4723; x_wconf 74' lang='lat' dir='ltr'>peribuntsieut</span> <span class='ocrx_word' id='word_1_723' title='bbox 803 4653 857 4706; x_wconf 93' lang='lat' dir='ltr'>iter</span> <span class='ocrx_word' id='word_1_724' title='bbox 867 4652 919 4705; x_wconf 89' lang='lat' dir='ltr'>im·</span> <span class='ocrx_word' id='word_1_725' title='bbox 960 4650 1020 4719; x_wconf 74' lang='lat' dir='ltr'>git3</span> <span class='ocrx_word' id='word_1_726' title='bbox 1037 4650 1155 4720; x_wconf 88' lang='lat' dir='ltr'>quoties,</span> <span class='ocrx_word' id='word_1_727' title='bbox 1184 4655 1297 4718; x_wconf 79' lang='lat' dir='ltr'>exceptu</span> <span class='ocrx_word' id='word_1_728' title='bbox 1322 4646 1461 4700; x_wconf 87' lang='lat' dir='ltr'>desiderio</span> <span class='ocrx_word' id='word_1_729' title='bbox 1489 4647 1620 4713; x_wconf 87' lang='lat' dir='ltr'>illiorum,</span> <span class='ocrx_word' id='word_1_730' title='bbox 1644 4664 1759 4704; x_wconf 82' lang='lat' dir='ltr'>uxorem</span> 
     </span>
     <span class='ocr_line' id='line_1_51' title="bbox 128 4735 1759 4809; baseline 0.003 -22"><span class='ocrx_word' id='word_1_731' title='bbox 128 4735 240 4803; x_wconf 73' lang='lat' dir='ltr'>piamen,</span> <span class='ocrx_word' id='word_1_732' title='bbox 247 4740 313 4809; x_wconf 87' lang='lat' dir='ltr'>quia</span> <span class='ocrx_word' id='word_1_733' title='bbox 323 4758 380 4795; x_wconf 90' lang='lat' dir='ltr'>non</span> <span class='ocrx_word' id='word_1_734' title='bbox 390 4748 458 4796; x_wconf 86' lang='lat' dir='ltr'>sunt</span> <span class='ocrx_word' id='word_1_735' title='bbox 465 4740 630 4796; x_wconf 72' lang='lat' dir='ltr'>substantiae</span> <span class='ocrx_word' id='word_1_736' title='bbox 640 4741 688 4796; x_wconf 85' lang='lat' dir='ltr'>sed</span> <span class='ocrx_word' id='word_1_737' title='bbox 699 4741 919 4795; x_wconf 78' lang='lat' dir='ltr'>asseverationes</span> <span class='ocrx_word' id='word_1_738' title='bbox 960 4755 1041 4792; x_wconf 89' lang='lat' dir='ltr'>suam</span> <span class='ocrx_word' id='word_1_739' title='bbox 1057 4737 1233 4808; x_wconf 76' lang='lat' dir='ltr'>cogitaverit:</span> <span class='ocrx_word' id='word_1_740' title='bbox 1247 4736 1356 4806; x_wconf 90' lang='lat' dir='ltr'>quaties</span> <span class='ocrx_word' id='word_1_741' title='bbox 1369 4735 1397 4789; x_wconf 93' lang='lat' dir='ltr'>in</span> <span class='ocrx_word' id='word_1_742' title='bbox 1413 4752 1523 4791; x_wconf 91' lang='lat' dir='ltr'>carcere</span> <span class='ocrx_word' id='word_1_743' title='bbox 1535 4737 1639 4808; x_wconf 87' lang='lat' dir='ltr'>positos</span> <span class='ocrx_word' id='word_1_744' title='bbox 1649 4739 1759 4792; x_wconf 88' lang='lat' dir='ltr'>tardius</span> 
     </span>
     <span class='ocr_line' id='line_1_52' title="bbox 127 4825 1760 4902; baseline 0.003 -26"><span class='ocrx_word' id='word_1_745' title='bbox 127 4839 264 4892; x_wconf 70' lang='lat' dir='ltr'>perrene-</span> <span class='ocrx_word' id='word_1_746' title='bbox 279 4828 422 4886; x_wconf 72' lang='lat' dir='ltr'>namnum</span> <span class='ocrx_word' id='word_1_747' title='bbox 433 4836 530 4885; x_wconf 88' lang='lat' dir='ltr'>autera</span> <span class='ocrx_word' id='word_1_748' title='bbox 541 4831 599 4902; x_wconf 87' lang='lat' dir='ltr'>pati</span> <span class='ocrx_word' id='word_1_749' title='bbox 613 4837 665 4896; x_wconf 88' lang='lat' dir='ltr'>est,</span> <span class='ocrx_word' id='word_1_750' title='bbox 679 4848 775 4901; x_wconf 75' lang='lat' dir='ltr'>pesnas</span> <span class='ocrx_word' id='word_1_751' title='bbox 787 4830 914 4901; x_wconf 88' lang='lat' dir='ltr'>perpeti:</span> <span class='ocrx_word' id='word_1_752' title='bbox 961 4826 1263 4898; x_wconf 84' lang='lat' dir='ltr'>requisierit,insrrm0s</span> <span class='ocrx_word' id='word_1_753' title='bbox 1279 4825 1387 4879; x_wconf 76' lang='lat' dir='ltr'>tardius</span> <span class='ocrx_word' id='word_1_754' title='bbox 1399 4825 1564 4893; x_wconf 59' lang='lat' dir='ltr'>visitaverim</span> <span class='ocrx_word' id='word_1_755' title='bbox 1580 4827 1604 4880; x_wconf 86' lang='lat' dir='ltr'>si</span> <span class='ocrx_word' id='word_1_756' title='bbox 1618 4827 1760 4882; x_wconf 84' lang='lat' dir='ltr'>discordes</span> 
     </span>
     <span class='ocr_line' id='line_1_53' title="bbox 124 4912 1762 4991; baseline 0.004 -26"><span class='ocrx_word' id='word_1_757' title='bbox 124 4912 185 4981; x_wconf 87' lang='lat' dir='ltr'>quis</span> <span class='ocrx_word' id='word_1_758' title='bbox 196 4915 272 4971; x_wconf 88' lang='lat' dir='ltr'>enim</span> <span class='ocrx_word' id='word_1_759' title='bbox 285 4917 314 4971; x_wconf 93' lang='lat' dir='ltr'>in</span> <span class='ocrx_word' id='word_1_760' title='bbox 328 4934 411 4989; x_wconf 82' lang='lat' dir='ltr'>poens</span> <span class='ocrx_word' id='word_1_761' title='bbox 424 4919 533 4990; x_wconf 87' lang='lat' dir='ltr'>positus</span> <span class='ocrx_word' id='word_1_762' title='bbox 540 4920 681 4991; x_wconf 87' lang='lat' dir='ltr'>jacturam</span> <span class='ocrx_word' id='word_1_763' title='bbox 692 4936 749 4974; x_wconf 90' lang='lat' dir='ltr'>nou</span> <span class='ocrx_word' id='word_1_764' title='bbox 760 4919 848 4973; x_wconf 76' lang='lat' dir='ltr'>iacit?</span> <span class='ocrx_word' id='word_1_765' title='bbox 860 4920 918 4987; x_wconf 81' lang='lat' dir='ltr'>lpse</span> <span class='ocrx_word' id='word_1_766' title='bbox 962 4917 997 4971; x_wconf 86' lang='lat' dir='ltr'>ed</span> <span class='ocrx_word' id='word_1_767' title='bbox 1013 4915 1189 4970; x_wconf 83' lang='lat' dir='ltr'>concordiam</span> <span class='ocrx_word' id='word_1_768' title='bbox 1205 4930 1334 4969; x_wconf 85' lang='lat' dir='ltr'>revocare</span> <span class='ocrx_word' id='word_1_769' title='bbox 1349 4916 1515 4985; x_wconf 61' lang='lat' dir='ltr'>neglexerim</span> <span class='ocrx_word' id='word_1_770' title='bbox 1528 4916 1552 4969; x_wconf 78' lang='lat' dir='ltr'>si</span> <span class='ocrx_word' id='word_1_771' title='bbox 1563 4917 1625 4986; x_wconf 87' lang='lat' dir='ltr'>plus</span> <span class='ocrx_word' id='word_1_772' title='bbox 1640 4923 1689 4971; x_wconf 89' lang='lat' dir='ltr'>aut</span> <span class='ocrx_word' id='word_1_773' title='bbox 1699 4933 1762 4988; x_wconf 69' lang='lat' dir='ltr'>pre</span> 
     </span>
     <span class='ocr_line' id='line_1_54' title="bbox 123 5005 1761 5079; baseline 0.004 -26"><span class='ocrx_word' id='word_1_774' title='bbox 123 5006 213 5056; x_wconf 79' lang='lat' dir='ltr'>tarsen</span> <span class='ocrx_word' id='word_1_775' title='bbox 223 5009 316 5061; x_wconf 77' lang='lat' dir='ltr'>saluus</span> <span class='ocrx_word' id='word_1_776' title='bbox 325 5010 387 5069; x_wconf 81' lang='lat' dir='ltr'>erit,</span> <span class='ocrx_word' id='word_1_777' title='bbox 397 5011 436 5062; x_wconf 85' lang='lat' dir='ltr'>sic</span> <span class='ocrx_word' id='word_1_778' title='bbox 446 5014 539 5063; x_wconf 82' lang='lat' dir='ltr'>tumen</span> <span class='ocrx_word' id='word_1_779' title='bbox 548 5012 630 5078; x_wconf 85' lang='lat' dir='ltr'>quasi</span> <span class='ocrx_word' id='word_1_780' title='bbox 638 5025 795 5077; x_wconf 76' lang='lat' dir='ltr'>perrpnem.</span> <span class='ocrx_word' id='word_1_781' title='bbox 805 5008 920 5062; x_wconf 88' lang='lat' dir='ltr'>Sslrunr</span> <span class='ocrx_word' id='word_1_782' title='bbox 963 5007 1079 5065; x_wconf 79' lang='lat' dir='ltr'>niumm,</span> <span class='ocrx_word' id='word_1_783' title='bbox 1096 5011 1146 5058; x_wconf 90' lang='lat' dir='ltr'>unt</span> <span class='ocrx_word' id='word_1_784' title='bbox 1159 5020 1284 5067; x_wconf 86' lang='lat' dir='ltr'>uxorem,</span> <span class='ocrx_word' id='word_1_785' title='bbox 1296 5011 1347 5058; x_wconf 90' lang='lat' dir='ltr'>aut</span> <span class='ocrx_word' id='word_1_786' title='bbox 1359 5005 1458 5064; x_wconf 83' lang='lat' dir='ltr'>tilium,</span> <span class='ocrx_word' id='word_1_787' title='bbox 1470 5012 1638 5079; x_wconf 86' lang='lat' dir='ltr'>autserrunr</span> <span class='ocrx_word' id='word_1_788' title='bbox 1649 5021 1761 5076; x_wconf 78' lang='lat' dir='ltr'>craspe-</span> 
     </span>
     <span class='ocr_line' id='line_1_55' title="bbox 120 5080 1760 5168; baseline 0.004 -25"><span class='ocrx_word' id='word_1_789' title='bbox 120 5091 246 5147; x_wconf 82' lang='lat' dir='ltr'>t&#39;nturum</span> <span class='ocrx_word' id='word_1_790' title='bbox 259 5080 341 5149; x_wconf 70' lang='lat' dir='ltr'>illuni</span> <span class='ocrx_word' id='word_1_791' title='bbox 355 5095 434 5159; x_wconf 87' lang='lat' dir='ltr'>dicit,</span> <span class='ocrx_word' id='word_1_792' title='bbox 450 5097 518 5168; x_wconf 89' lang='lat' dir='ltr'>quia</span> <span class='ocrx_word' id='word_1_793' title='bbox 530 5113 588 5151; x_wconf 88' lang='lat' dir='ltr'>nan</span> <span class='ocrx_word' id='word_1_794' title='bbox 611 5095 739 5152; x_wconf 89' lang='lat' dir='ltr'>interibit</span> <span class='ocrx_word' id='word_1_795' title='bbox 752 5096 919 5161; x_wconf 78' lang='lat' dir='ltr'>substantie,</span> <span class='ocrx_word' id='word_1_796' title='bbox 964 5094 1066 5148; x_wconf 74' lang='lat' dir='ltr'>raserit</span> <span class='ocrx_word' id='word_1_797' title='bbox 1081 5109 1164 5164; x_wconf 87' lang='lat' dir='ltr'>quam</span> <span class='ocrx_word' id='word_1_798' title='bbox 1188 5098 1297 5164; x_wconf 87' lang='lat' dir='ltr'>oportet</span> <span class='ocrx_word' id='word_1_799' title='bbox 1309 5111 1315 5159; x_wconf 90' lang='grc'><strong>;</strong></span> <span class='ocrx_word' id='word_1_800' title='bbox 1341 5093 1364 5147; x_wconf 88' lang='lat' dir='ltr'>si</span> <span class='ocrx_word' id='word_1_801' title='bbox 1387 5094 1508 5165; x_wconf 85' lang='lat' dir='ltr'>amphus</span> <span class='ocrx_word' id='word_1_802' title='bbox 1522 5093 1606 5147; x_wconf 89' lang='lat' dir='ltr'>suerit</span> <span class='ocrx_word' id='word_1_803' title='bbox 1619 5092 1760 5147; x_wconf 88' lang='lat' dir='ltr'>blanditus</span> 
     </span>
     <span class='ocr_line' id='line_1_56' title="bbox 120 5182 1762 5257; baseline 0.001 -22"><span class='ocrx_word' id='word_1_804' title='bbox 120 5196 176 5250; x_wconf 84' lang='lat' dir='ltr'>que</span> <span class='ocrx_word' id='word_1_805' title='bbox 190 5188 310 5250; x_wconf 68' lang='lat' dir='ltr'>eonem,</span> <span class='ocrx_word' id='word_1_806' title='bbox 326 5184 401 5240; x_wconf 80' lang='lat' dir='ltr'>siem</span> <span class='ocrx_word' id='word_1_807' title='bbox 422 5192 452 5241; x_wconf 91' lang='lat' dir='ltr'>ct</span> <span class='ocrx_word' id='word_1_808' title='bbox 474 5186 604 5241; x_wconf 89' lang='lat' dir='ltr'>doctrina</span> <span class='ocrx_word' id='word_1_809' title='bbox 627 5187 702 5241; x_wconf 81' lang='lat' dir='ltr'>mele</span> <span class='ocrx_word' id='word_1_810' title='bbox 724 5185 835 5257; x_wconf 87' lang='lat' dir='ltr'>peribit,</span> <span class='ocrx_word' id='word_1_811' title='bbox 853 5185 921 5255; x_wconf 90' lang='lat' dir='ltr'>quia</span> <span class='ocrx_word' id='word_1_812' title='bbox 966 5199 1050 5254; x_wconf 86' lang='lat' dir='ltr'>quarn</span> <span class='ocrx_word' id='word_1_813' title='bbox 1070 5187 1197 5254; x_wconf 78' lang='lat' dir='ltr'>oportet3</span> <span class='ocrx_word' id='word_1_814' title='bbox 1218 5182 1242 5235; x_wconf 91' lang='lat' dir='ltr'>si</span> <span class='ocrx_word' id='word_1_815' title='bbox 1262 5182 1421 5253; x_wconf 88' lang='lat' dir='ltr'>quicunque</span> <span class='ocrx_word' id='word_1_816' title='bbox 1440 5183 1539 5251; x_wconf 85' lang='lat' dir='ltr'>nrajori</span> <span class='ocrx_word' id='word_1_817' title='bbox 1556 5198 1690 5252; x_wconf 83' lang='lat' dir='ltr'>persone,</span> <span class='ocrx_word' id='word_1_818' title='bbox 1712 5189 1762 5237; x_wconf 88' lang='lat' dir='ltr'>sut</span> 
     </span>
     <span class='ocr_line' id='line_1_57' title="bbox 118 5270 1759 5340; baseline 0.002 -18"><span class='ocrx_word' id='word_1_819' title='bbox 118 5271 249 5327; x_wconf 83' lang='lat' dir='ltr'>accidens</span> <span class='ocrx_word' id='word_1_820' title='bbox 264 5289 352 5329; x_wconf 69' lang='lat' dir='ltr'>musa</span> <span class='ocrx_word' id='word_1_821' title='bbox 375 5280 428 5329; x_wconf 87' lang='lat' dir='ltr'>est.</span> <span class='ocrx_word' id='word_1_822' title='bbox 452 5275 518 5331; x_wconf 87' lang='lat' dir='ltr'>ldeo</span> <span class='ocrx_word' id='word_1_823' title='bbox 540 5282 636 5330; x_wconf 83' lang='lat' dir='ltr'>autem</span> <span class='ocrx_word' id='word_1_824' title='bbox 662 5275 804 5340; x_wconf 74' lang='lat' dir='ltr'>dixitne</span> <span class='ocrx_word' id='word_1_825' title='bbox 829 5279 923 5329; x_wconf 84' lang='lat' dir='ltr'>taurea</span> <span class='ocrx_word' id='word_1_826' title='bbox 965 5288 998 5327; x_wconf 82' lang='lat' dir='ltr'>ex</span> <span class='ocrx_word' id='word_1_827' title='bbox 1014 5272 1167 5337; x_wconf 83' lang='lat' dir='ltr'>voluntate,</span> <span class='ocrx_word' id='word_1_828' title='bbox 1183 5278 1233 5325; x_wconf 85' lang='lat' dir='ltr'>eut</span> <span class='ocrx_word' id='word_1_829' title='bbox 1249 5288 1281 5324; x_wconf 87' lang='lat' dir='ltr'>ex</span> <span class='ocrx_word' id='word_1_830' title='bbox 1305 5271 1469 5326; x_wconf 86' lang='lat' dir='ltr'>necessitate</span> <span class='ocrx_word' id='word_1_831' title='bbox 1492 5270 1601 5324; x_wconf 76' lang='lat' dir='ltr'>urluleri</span> <span class='ocrx_word' id='word_1_832' title='bbox 1624 5272 1759 5339; x_wconf 85' lang='lat' dir='ltr'>voluerit;</span> 
     </span>
     <span class='ocr_line' id='line_1_58' title="bbox 117 5359 1763 5434; baseline 0.002 -21"><span class='ocrx_word' id='word_1_833' title='bbox 117 5364 202 5427; x_wconf 79' lang='lat' dir='ltr'>quasi</span> <span class='ocrx_word' id='word_1_834' title='bbox 205 5365 364 5430; x_wconf 72' lang='lat' dir='ltr'>periurum,</span> <span class='ocrx_word' id='word_1_835' title='bbox 372 5370 405 5419; x_wconf 91' lang='lat' dir='ltr'>ut</span> <span class='ocrx_word' id='word_1_836' title='bbox 414 5363 617 5420; x_wconf 83' lang='lat' dir='ltr'>salusbrecnon</span> <span class='ocrx_word' id='word_1_837' title='bbox 628 5364 690 5419; x_wconf 86' lang='lat' dir='ltr'>siae</span> <span class='ocrx_word' id='word_1_838' title='bbox 704 5380 786 5434; x_wconf 86' lang='lat' dir='ltr'>poena</span> <span class='ocrx_word' id='word_1_839' title='bbox 799 5363 846 5429; x_wconf 87' lang='lat' dir='ltr'>sit,</span> <span class='ocrx_word' id='word_1_840' title='bbox 855 5362 924 5433; x_wconf 90' lang='lat' dir='ltr'>quia</span> <span class='ocrx_word' id='word_1_841' title='bbox 965 5361 989 5415; x_wconf 85' lang='lat' dir='ltr'>si</span> <span class='ocrx_word' id='word_1_842' title='bbox 996 5359 1167 5432; x_wconf 87' lang='lat' dir='ltr'>pauperibus</span> <span class='ocrx_word' id='word_1_843' title='bbox 1174 5360 1364 5414; x_wconf 87' lang='lat' dir='ltr'>esurientibus</span> <span class='ocrx_word' id='word_1_844' title='bbox 1373 5359 1492 5414; x_wconf 89' lang='lat' dir='ltr'>nimium</span> <span class='ocrx_word' id='word_1_845' title='bbox 1501 5360 1633 5415; x_wconf 82' lang='lat' dir='ltr'>delicies</span> <span class='ocrx_word' id='word_1_846' title='bbox 1639 5361 1681 5414; x_wconf 88' lang='lat' dir='ltr'>rel</span> <span class='ocrx_word' id='word_1_847' title='bbox 1688 5377 1763 5415; x_wconf 85' lang='lat' dir='ltr'>sum·</span> 
     </span>
     <span class='ocr_line' id='line_1_59' title="bbox 118 5447 1761 5535; baseline 0.002 -35"><span class='ocrx_word' id='word_1_848' title='bbox 118 5465 174 5502; x_wconf 74' lang='lat' dir='ltr'>riou</span> <span class='ocrx_word' id='word_1_849' title='bbox 183 5449 265 5516; x_wconf 81' lang='lat' dir='ltr'>dixit,</span> <span class='ocrx_word' id='word_1_850' title='bbox 274 5450 375 5507; x_wconf 78' lang='lat' dir='ltr'>Salvus</span> <span class='ocrx_word' id='word_1_851' title='bbox 385 5452 441 5508; x_wconf 87' lang='lat' dir='ltr'>erit</span> <span class='ocrx_word' id='word_1_852' title='bbox 449 5452 613 5524; x_wconf 81' lang='lat' dir='ltr'>perignem,</span> <span class='ocrx_word' id='word_1_853' title='bbox 621 5450 923 5521; x_wconf 84' lang='lat' dir='ltr'>utmeritosueabigni</span> <span class='ocrx_word' id='word_1_854' title='bbox 967 5456 1068 5519; x_wconf 87' lang='lat' dir='ltr'>ptuosa</span> <span class='ocrx_word' id='word_1_855' title='bbox 1083 5447 1208 5503; x_wconf 79' lang='lat' dir='ltr'>convivia</span> <span class='ocrx_word' id='word_1_856' title='bbox 1222 5447 1406 5519; x_wconf 73' lang='lat' dir='ltr'>preparsrit3</span> <span class='ocrx_word' id='word_1_857' title='bbox 1428 5447 1450 5501; x_wconf 91' lang='lat' dir='ltr'>si</span> <span class='ocrx_word' id='word_1_858' title='bbox 1475 5448 1616 5503; x_wconf 85' lang='lat' dir='ltr'>scantin</span> <span class='ocrx_word' id='word_1_859' title='bbox 1635 5448 1761 5535; x_wconf 77' lang='lat' dir='ltr'>eeclesia,</span> 
     </span>
     <span class='ocr_line' id='line_1_60' title="bbox 118 5536 1764 5613; baseline -0.001 -21"><span class='ocrx_word' id='word_1_860' title='bbox 118 5554 175 5593; x_wconf 86' lang='lat' dir='ltr'>aaa</span> <span class='ocrx_word' id='word_1_861' title='bbox 190 5537 358 5600; x_wconf 79' lang='lat' dir='ltr'>combustus</span> <span class='ocrx_word' id='word_1_862' title='bbox 371 5541 465 5597; x_wconf 69' lang='lat' dir='ltr'>uirus</span> <span class='ocrx_word' id='word_1_863' title='bbox 485 5542 536 5598; x_wconf 85' lang='lat' dir='ltr'>liet</span> <span class='ocrx_word' id='word_1_864' title='bbox 552 5542 793 5613; x_wconf 72' lang='lat' dir='ltr'>exsmmstusper</span> <span class='ocrx_word' id='word_1_865' title='bbox 807 5541 921 5611; x_wconf 66' lang='lat' dir='ltr'>igneum</span> <span class='ocrx_word' id='word_1_866' title='bbox 968 5542 1019 5592; x_wconf 87' lang='lat' dir='ltr'>aut</span> <span class='ocrx_word' id='word_1_867' title='bbox 1032 5544 1111 5592; x_wconf 84' lang='lat' dir='ltr'>extre</span> <span class='ocrx_word' id='word_1_868' title='bbox 1125 5536 1384 5593; x_wconf 74' lang='lat' dir='ltr'>ecclesimniabulis</span> <span class='ocrx_word' id='word_1_869' title='bbox 1397 5536 1495 5592; x_wconf 78' lang='lat' dir='ltr'>otiods</span> <span class='ocrx_word' id='word_1_870' title='bbox 1509 5537 1545 5591; x_wconf 87' lang='lat' dir='ltr'>de</span> <span class='ocrx_word' id='word_1_871' title='bbox 1558 5537 1704 5609; x_wconf 80' lang='lat' dir='ltr'>quibusia</span> <span class='ocrx_word' id='word_1_872' title='bbox 1717 5537 1764 5593; x_wconf 82' lang='lat' dir='ltr'>die</span> 
     </span>
    </p>
   </div>
   <div class='ocr_carea' id='block_1_3' title="bbox 0 0 1903 6116">
    <p class='ocr_par' dir='ltr' id='par_1_3' title="bbox 0 0 1903 6116">
     <span class='ocr_line' id='line_1_61' title="bbox 0 0 1903 6116; baseline 0 0"><span class='ocrx_word' id='word_1_873' title='bbox 0 0 1903 6116; x_wconf 95' lang='lat' dir='ltr'> </span> 
     </span>
    </p>
   </div>
  </div>
 </body>
</html>
