3772 6120
77 300 133 358 ‘249
313 267 604 362 ENARRATIONUhi
622 307 661 361 IN
685 307 761 362 EPP.
783 309 888 365 PAULI
899 258 976 366 itia.
994 311 1151 367 iiii-ili
1171 309 1341 366 farisaei)
1361 308 1489 364 datar.
1669 310 1721 367 25⁰

78 427 232 490 mendavit,
249 429 340 482 adhuc
351 436 438 500 auget
452 430 486 484 ad
502 447 626 496 causam,
650 439 682 484 nt
701 437 816 486 ceteros
832 434 1047 503 quiAseaunda
1057 436 1212 498 nativitate,
1231 433 1280 487 filii
1294 434 1345 487 Dei
1362 433 1504 504 appellati.
1521 434 1677 489 cumcuim
1691 435 1721 489 iii

77 531 174 570 secum
189 523 282 582 erant,
294 533 393 571 omnes
407 524 561 572 commotos
576 518 709 573 adversus
727 537 775 573 cos
790 527 881 575 osten·
922 524 1081 577 conditione
1093 511 1195 577 diaboli
1210 538 1299 591 genus
1312 521 1457 575 hominum
1467 528 1621 589 teneretur,
1629 523 1722 578 Salva-

78 603 167 657 deret.
186 604 322 668 Quamvis
336 607 478 662 sufficeret
488 601 727 678 auctoritas'ejus,
749 625 800 663 nec
817 628 881 681 pos·
922 619 967 666 tor
976 612 1077 667 obtulit
1092 630 1121 666 se
1138 612 1241 666 volenti
1255 611 1376 677 diaholo,
1394 616 1426 664 ut
1447 611 1568 665 illudens
1584 628 1649 666 eum
1670 629 1720 684 po-

78 698 121 746 set
136 692 267 761 refutari,
279 702 376 749 tamen
387 703 419 751 ut
432 703 530 766 gravet
542 696 646 751 iactum
661 698 784 764 illomm,
796 716 851 770 quo
865 717 883 754 a
922 707 1024 756 testate
1044 702 1154 756 virtutis
1179 717 1245 765 sua,
1275 717 1339 753 cum
1375 701 1501 770 accipere
1529 716 1593 754 eum
1623 701 1719 762 voluit,

79 781 171 851 prima
187 783 243 836 fide
270 785 448 850 destiterant,
464 787 567 839 multos
588 802 683 840 secum
707 789 882 843 accensosad
924 807 1006 861 quem
1025 791 1151 844 detinere
1172 806 1228 843 non
1248 789 1349 859 potuit,
1367 788 1491 842 auferret
1509 789 1544 854 ei,
1567 805 1628 859 quae
1647 789 1721 843 malo

79 887 206 924 errorem
222 872 335 927 illoium
351 874 526 944 arguendum
545 875 690 945 designat:
707 875 789 930 facile
807 878 882 932 enim
921 880 985 950 jure
1010 879 1124 933 tenebat
1151 878 1280 933 obnoxia.
1309 876 1474 947 Exapoliatis
1502 877 1599 948 itaque
1613 876 1719 943 inferis,

80 960 185 1029 poterit
200 961 265 1031 quis
280 962 438 1033 intelligere
454 980 548 1017 enare
562 980 601 1027 se,
618 965 669 1018 sia
687 966 783 1019 multis
798 983 828 1021 se
846 967 883 1020 vi·
923 968 1080 1038 trophaeum
1098 969 1256 1022 animarum
1278 967 1394 1037 peitulit
1417 966 1452 1019 ad
1471 967 1593 1030 Patrem,
1615 983 1648 1020 ex
1667 982 1722 1037 quo

80 1048 146 1102 deat
157 1050 339 1120 reprehendi.
354 1053 451 1121 iiiior.)
468 1053 499 1106 In
510 1053 572 1106 aliis
588 1053 718 1123 Epistolis
733 1055 883 1110 sosthenes
924 1064 991 1110 sunt
1002 1058 1108 1111 omnia:
1118 1056 1191 1127 quod
1202 1056 1350 1124 lexutique
1359 1056 1450 1108 facere
1459 1055 1723 1125 nonpotuit.Quan·

80 1145 108 1190 et
124 1139 267 1199 Silvanus.
280 1140 424 1195 interdum
438 1147 466 1194 et
474 1141 637 1195 Timotheus
648 1142 676 1195 in
687 1143 801 1196 exordio
813 1161 883 1214 prae-
926 1163 1009 1216 quam
1025 1146 1172 1216 profutura
1186 1145 1252 1198 data
1267 1145 1312 1208 sit,
1328 1143 1408 1197 nobis
1426 1149 1522 1196 tamen
1543 1143 1723 1214 peccantibus

82 1232 247 1296 ponuntur:
265 1229 295 1282 in
310 1229 362 1283 hac
377 1234 497 1293 tantum,
515 1230 580 1300 quia
591 1231 749 1285 necessaria
764 1238 825 1286 erat
834 1249 884 1286 au·
926 1250 1059 1288 conversa
1073 1240 1114 1287 est
1134 1240 1166 1287 ut
1184 1235 1264 1287 lieret
1283 1233 1406 1297 inimica,
1428 1238 1457 1285 et
1476 1233 1561 1303 coepit
1584 1233 1720 1298 occidere,

81 1316 200 1370 ctoritas
216 1316 545 1386 plurimorum,omnium
556 1318 673 1373 fratrum
688 1336 790 1373 nomen
805 1338 885 1375 assu-
927 1339 983 1376 non
999 1323 1154 1376 vivificare:
1172 1323 1300 1376 Christus
1315 1327 1410 1375 autem
1420 1322 1528 1375 donans
1543 1321 1653 1387 delicta,
1665 1337 1721 1374 non

81 1405 188 1458 initur:
203 1406 253 1476 qui
267 1413 296 1460 et
310 1406 362 1476 ipsi
375 1405 490 1460 forsitan
506 1423 539 1460 ex
560 1408 772 1463 circumcisione
793 1417 882 1476 erant,
926 1412 1016 1466 solum
1026 1412 1175 1465 unificavit
1185 1429 1244 1472 nos,
1261 1411 1309 1463 sed
1326 1409 1416 1464 etsibi
1427 1410 1553 1472 sociavit,
1565 1410 1656 1463 attilii
1671 1409 1722 1464 Dei

82 1500 137 1546 eta
151 1494 264 1548 Galatis
279 1510 335 1548 non
349 1496 521 1566 contemptui
532 1495 715 1550 ducebantur.
729 1498 885 1552 Plurimum
925 1517 1057 1554 vocemur
1070 1500 1136 1553 facti
1154 1518 1205 1570 per
1228 1501 1321 1553 fidem.
1335 1500 1462 1563 Quantus
1486 1515 1552 1568 eigo
1579 1514 1657 1551 error
1681 1503 1724 1553 est

81 1582 187 1652 quippe
203 1582 271 1636 facit
282 1583 316 1636 ad
333 1583 468 1654 populum
479 1584 844 1653 corrigendum,inultorum
854 1588 882 1640 iii
926 1595 989 1658 post
997 1589 1118 1659 gratiam
1134 1590 1235 1642 reverti
1247 1588 1298 1641 sub
1314 1589 1414 1657 legem,
1431 1588 1482 1640 hoc
1499 1595 1541 1639 est
1560 1586 1624 1657 post
1644 1603 1722 1642 acce-

81 1686 137 1723 una
152 1672 339 1725 resententia
351 1678 436 1743 atque
450 1689 610 1728 consensus.
629 1673 708 1738 Quod
728 1680 822 1729 autern
833 1676 881 1740 ait,
925 1684 1001 1748 ptam
1012 1678 1170 1731 libertatem
1184 1677 1253 1731 velle
1269 1677 1381 1740 servire,
1390 1683 1543 1746 iitereptus
1557 1676 1660 1745 gladio.
1674 1676 1723 1729 im-

82 1759 210 1813 scitatis
225 1761 351 1823 Galatia,
363 1767 392 1814 et
402 1761 454 1814 hoc
465 1763 627 1822 notandum,
641 1764 707 1833 quia
716 1764 760 1816 hic
771 1771 881 1818 tantum
893 1753 1175 1823 Bmemorbeneficii,
1184 1767 1276 1819 denuo
1286 1783 1316 1818 se
1327 1765 1562 1818 vendatlanistae?
1571 1766 1724 1819 Accusator

78 1849 255 1916 generaliter
267 1865 323 1902 non
333 1849 368 1903 ad
383 1866 467 1903 unam
478 1851 629 1905 Ecclesiam
640 1852 724 1906 unius
738 1852 825 1919 urhis,
835 1855 882 1907 sed
925 1860 967 1908 est
982 1856 1056 1908 enim
1072 1855 1214 1925 emptoris,
1222 1856 1269 1925 qui
1281 1854 1376 1907 relicto
1387 1870 1429 1917 eo,
1442 1870 1540 1907 rursus
1554 1854 1589 1907 ad
1601 1854 1723 1924 priorem

80 1939 114 1992 ad
122 1937 215 1991 totius
225 1936 374 2008 provinciae
385 1937 488 1994 scribat
507 1938 644 1993 Ecclesiae
666 1941 838 2012 [Epistolas],
856 1949 885 1995 et
925 1944 1069 1998 dominum
1086 1944 1166 2000 redit.
1182 1946 1213 1997 ui
1230 1943 1477 2014 liberaretiiiquit,
1488 1944 1585 2007 troade
1595 1947 1724 2011 prasenti

81 2019 320 2086 Faciesias'vocet,
332 2043 402 2096 quas
411 2032 507 2097 postea
521 2044 615 2082 errore
632 2035 733 2098 arguat
748 2031 883 2100 deprava·
924 2036 1019 2087 sanilo
1034 2036 1170 2099 nectique.
1187 2033 1244 2085 lloc
1257 2032 1331 2092 dicit,
1350 2032 1416 2102 quia
1432 2031 1495 2085 ideo
1510 2031 1593 2085 morti
1610 2048 1640 2085 se
1655 2048 1722 2085 con·

79 2122 130 2169 tas.
149 2116 190 2169 Ex
206 2131 263 2185 quo
278 2116 451 2169 noscendum
466 2116 616 2186 dupliciter
635 2117 787 2171 Ecclesiam
803 2136 884 2189 posse
925 2121 1009 2174 cessit
1021 2121 1166 2181 Dominus,
1183 2125 1215 2173 ut
1225 2136 1276 2173 nos
1291 2119 1326 2172 ab
1346 2137 1441 2173 erroro
1463 2121 1557 2174 saeculi
1579 2120 1721 2186 liberaret,

80 2205 143 2269 dici,
161 2211 192 2258 et
205 2221 269 2257 eam
280 2221 341 2274 qua
356 2220 413 2257 ιιοιι
428 2203 529 2258 haheat
544 2206 694 2270 maculam,
707 2213 756 2259 aut
773 2223 881 2276 rugam,
925 2210 952 2262 id
968 2215 1012 2262 est
1021 2215 1053 2263 ut
1066 2209 1101 2262 ab
1117 2208 1302 2277 intelligentia
1310 2207 1586 2279 huJussaeciili,quod
1597 2209 1722 2262 curricu-

82 2302 109 2347 et
122 2311 190 2347 vere
206 2309 311 2364 eorpus
325 2293 429 2347 Christi
438 2292 484 2359 sit,
492 2300 520 2347 et
530 2311 592 2347 eain
608 2311 669 2365 quae
680 2295 709 2348 in
720 2294 823 2349 Christi
833 2313 883 2350 no·
925 2299 959 2351 lis
970 2304 1131 2351 senescente
1146 2303 1227 2351 aetate
1242 2297 1368 2365 devergit
1383 2296 1411 2348 in
1433 2298 1526 2358 finem,
1546 2296 1631 2350 alieni
1645 2297 1721 2360 iacti,

82 2382 156 2435 mine
173 2381 282 2451 absque
291 2381 381 2452 plenis
396 2381 580 2453 perfectisque
601 2383 749 2437 virtutibus
766 2401 883 2454 congre-
925 2385 1011 2439 futuri
1022 2387 1115 2440 saculi
1126 2386 1199 2455 quod
1212 2401 1341 2439 oceasum
1358 2385 1454 2450 nescit,
1467 2385 1618 2455 participes
1635 2385 1723 2439 simus

81 2480 173 2540 getiir.
192 2471 340 2533 Quomodo
361 2470 502 2540 sapientes
525 2471 654 2525 bifariam
673 2480 881 2544 nuncupantur,
925 2475 954 2528 ia
969 2491 1052 2528 sensu
1070 2475 1153 2528 unius
1163 2475 1223 2528 Dei.
1239 2474 1388 2528 Praesentis
1403 2474 1478 2526 enim
1497 2474 1591 2527 saculi
1611 2474 1669 2527 hac
1681 2481 1724 2528 est

82 2570 138 2613 tam
150 2559 180 2612 hi
192 2560 242 2630 qui
261 2565 329 2612 sunt
348 2560 437 2630 plenae
455 2559 639 2630 perfectaque
658 2561 777 2627 virtutis
799 2580 884 2633 quam
925 2564 1094 2632 malignitas
1109 2564 1244 2634 quianon
1262 2563 1353 2616 reddit
1368 2580 1520 2632 congruam
1535 2563 1722 2617 reverentiam

83 2648 120 2700 illi
136 2648 188 2719 qui
199 2647 341 2718 incipiunt
351 2654 379 2701 et
394 2648 423 2701 iii
435 2649 560 2718 profectu
574 2650 658 2719 positi
675 2656 749 2704 sunt.
768 2651 807 2704 De
818 2669 883 2721 per·
925 2653 1045 2706 creatori
1066 2653 1114 2706 Dei
1135 2657 1163 2705 et
1182 2652 1366 2705 restauratori
1382 2652 1502 2716 Christo,
1529 2653 1596 2705 dum
1618 2653 1722 2706 multos

82 2736 159 2789 fectis
174 2736 295 2790 dieitur:
310 2737 419 2790 Mittam
429 2740 462 2789 in
475 2753 519 2789 vos
529 2738 778 2808 sapiantcrmuttli.
797 2746 883 2808 xxiii).
927 2740 979 2794 sibi
990 2742 1125 2809 confingit
1135 2742 1202 2794 deos
1213 2757 1292 2794 error
1307 2740 1457 2799 humanus,
1470 2746 1520 2793 aut
1530 2740 1596 2794 dum
1612 2741 1724 2794 Christo

86 2825 122 2879 De
144 2824 372 2895 insipientibus:
405 2825 497 2894 Arque
515 2829 673 2895 sapientem,
704 2833 728 2880 et
742 2829 838 2896 diliget
863 2835 886 2882 te
926 2827 1134 2881 acredeatibus
1150 2827 1244 2881 debita
1258 2827 1472 2881 honorificentia
1485 2844 1541 2880 non
1555 2833 1722 2881 reservatur.

83 2915 170 2978 (Prae.
185 2922 237 2966 ιιι.
250 2913 304 2976 Qui
315 2913 391 2967 enim
406 2915 494 2984 plenae
504 2921 760 2986 consummataque
775 2916 886 2970 virtutis
926 2915 1083 2970 Secundam
1094 2920 1260 2970 rotiintaterii
1278 2917 1327 2969 nei
1342 2919 1441 2977 Patris,
1462 2920 1508 2970 cui
1521 2920 1613 2984 pieria
1632 2920 1663 2969 i'ii
1676 2933 1724 2970 aa·

83 3008 131 3067 est,
146 3002 328 3072 correptione
339 3019 395 3055 non
405 3002 521 3073 indiget.
534 3005 618 3058 Juxta
633 3005 706 3058 hunc
721 3021 834 3058 sensum
849 3005 884 3059 de
927 3010 990 3058 catu
1004 3009 1176 3069 iaculorum,
1192 3008 1288 3058 iliiirii.
1302 3006 1396 3074 (Aug.)
1408 3005 1525 3068 Quando
1536 3004 1624 3074 igitur
1635 3005 1725 3074 magis

83 3090 190 3145 rateris
205 3106 319 3161 quoque
330 3090 712 3162 virtutibusintelligendum,
724 3094 798 3163 quod
808 3093 883 3146 scili-
894 3069 915 3127 C
927 3093 1053 3146 homines
1068 3109 1123 3146 non
1139 3091 1242 3146 debent
1256 3097 1422 3162 arroganter
1437 3093 1471 3145 ad
1488 3093 1595 3163 seipsos
1611 3092 1723 3149 referre.

83 3187 123 3233 eet
140 3180 224 3233 fortis
239 3186 268 3232 et
283 3179 416 3250 prudens,
429 3180 501 3251 pius,
513 3187 616 3247 castus
631 3183 725 3251 justus
741 3188 769 3235 et
779 3188 885 3253 tempe·
925 3182 948 3236 si
965 3183 1031 3252 quid
1043 3188 1196 3251 opinantur
1211 3181 1285 3245 boni,
1295 3181 1406 3252 quando
1421 3188 1450 3234 et
1464 3182 1523 3251 ipse
1534 3182 1585 3235 Dei
1596 3181 1682 3235 Filius
1696 3183 1725 3235 in

86 3284 159 3334 rans,
168 3269 315 3322 interdum
330 3269 566 3339 plene,interdum
579 3271 692 3325 abusive
700 3271 882 3342 accipiantur.
926 3270 1145 3340 Evangelio,non
1160 3270 1279 3339 gloriam
1295 3286 1374 3323 snam
1390 3287 1420 3323 se
1439 3287 1565 3341 quaerere
1582 3270 1660 3332 dixit,
1676 3286 1726 3324 ne-

84 3358 182 3412 Grotia
207 3359 283 3410 ιιοὺὶε
304 3363 328 3410 et
346 3374 403 3425 poc
419 3376 437 3411 a
451 3359 502 3412 Deo
518 3360 599 3413 Patre
614 3365 705 3413 nostro
724 3365 748 3413 et
768 3361 884 3413 liooiioo
926 3376 980 3430 que
995 3361 1166 3413 voluntatem
1182 3376 1261 3413 suam
1286 3359 1394 3413 venisse
1414 3358 1515 3425 facero,
1533 3360 1581 3413 sed
1601 3361 1725 3413 volunta-

84 3448 144 3499 lem
151 3446 533 3516 Obristo.tAiiq.)GratiaDei
544 3452 648 3518 estqua
658 3447 887 3501 nobisdonaatur
927 3455 984 3501 tem
1000 3450 1061 3518 ejus
1076 3449 1200 3518 quietim
1212 3448 1298 3501 misit.
1306 3449 1397 3511 Quam
1407 3449 1725 3517 voluntatemgloriam-

83 3541 213 3605 peccata:
233 3540 266 3587 ut
281 3535 495 3589 reconciliemur
504 3536 579 3590 Deo:
597 3552 649 3606 pax
662 3541 755 3589 autom
771 3553 827 3606 qua
841 3553 886 3590 re-
928 3554 982 3607 quc
999 3538 1091 3590 Patris
1107 3554 1179 3590 nunc
1198 3537 1426 3590 commemoravit
1444 3537 1603 3606 Apostolus,
1621 3543 1652 3589 ut
1667 3538 1726 3607 ipse

81 3623 268 3678 conciliamur
282 3622 350 3677 Deo.
373 3625 492 3692 (Arilir.)
509 3625 660 3696 Utriusque
675 3623 809 3678 beneficio
824 3630 883 3678 tam
924 3642 1035 3696 quoquc
1051 3626 1162 3679 Domini
1179 3626 1305 3695 exemplo
1316 3641 1333 3678 a
1344 3642 1398 3695 quo
1409 3626 1511 3679 missus
1526 3631 1577 3689 est,
1585 3631 1613 3678 ct
1627 3641 1683 3679 non
1696 3642 1725 3678 se

82 3713 270 3783 Patrisquam
277 3712 594 3783 Filiigenushominum
605 3712 780 3767 sublevatum
791 3720 883 3767 osten·
924 3730 1048 3784 quarere
1066 3715 1186 3782 gloriam
1204 3729 1284 3766 suam
1304 3713 1484 3782 significaret,
1501 3730 1552 3766 nec
1567 3714 1657 3767 facere
1672 3730 1720 3765 vo-

82 3802 128 3855 dit.
141 3803 202 3856 Nec
217 3801 357 3855 minorem
376 3802 475 3856 filium
490 3803 640 3873 significat,
659 3819 722 3856 eum
744 3819 809 3856 eum
826 3804 882 3856 Do·
923 3803 1061 3855 luntatcm
1072 3819 1151 3855 suam
1166 3803 1195 3855 in
1207 3800 1724 3872 predicationeEvangeliisicutpau-

81 3893 189 3944 minum
199 3896 329 3947 nostrum
340 3898 529 3963 vocatznoque
539 3892 652 3946 Patrem
664 3891 883 3962 maj0rem,quia
923 3890 950 3944 lo
965 3896 1028 3962 post
1041 3891 1108 3944 dicit
1124 3909 1129 3942 ι
1147 3891 1178 3945 Si
1191 3892 1349 3943 hominihus
1359 3894 1504 3958 placerem.
1516 3890 1619 3944 Christi
1632 3904 1724 3942 serviis

81 3997 142 4034 eum
157 3981 252 4034 Deum
267 3985 395 4033 nostrum
415 3980 555 4050 appellat3
575 3980 642 4050 quia
659 3996 714 4033 non
731 3980 784 4033 erit
801 3997 882 4034 verus
924 3996 979 4032 oon
991 3996 1083 4035 esseni.
1101 3979 1220 4047 (Ambr.)
1238 3980 1275 4032 Ut
1298 3980 1410 4032 firmum
1433 3978 1469 4031 sit
1493 3979 1664 4049 plenumque
1679 3994 1726 4032 au-

80 4069 152 4123 Deus
168 4069 265 4133 Pater,
278 4068 331 4121 nisi
347 4074 376 4120 et
390 4068 525 4121 Dominus
541 4069 593 4132 sit;
612 4085 713 4138 neque,
731 4085 813 4122 verus
824 4069 881 4122 Do·
923 4069 1052 4121 ctoritate
1064 4069 1137 4137 quod
1152 4068 1229 4132 (licit,
1247 4068 1314 4137 quia
1329 4067 1456 4121 Christus
1468 4084 1519 4120 nos
1528 4067 1666 4132 liberavit,
1676 4069 1725 4121 ad-

81 4159 174 4212 minus
190 4157 349 4219 Filius,nisi
363 4161 392 4209 et
405 4156 479 4209 Deus
493 4157 538 4210 sit.
549 4157 577 4210 Si
587 4173 653 4226 ergo
665 4173 722 4209 una
730 4157 823 4226 gratia
831 4157 882 4210 Pa·
923 4157 973 4219 dit,
984 4157 1050 4226 quia
1060 4157 1135 4210 istud
1147 4156 1239 4211 Patris
1249 4155 1315 4210 fecit
1323 4173 1388 4210 cum
1398 4157 1550 4210 voluntate.
1560 4159 1659 4224 (Hier.)
1670 4157 1726 4210 Nec

80 4248 129 4300 tris
143 4253 175 4299 et
188 4245 252 4299 ffiiii
263 4261 331 4315 erga
345 4260 395 4298 iios
406 4251 457 4311 est,
475 4245 541 4315 quid
557 4250 609 4310 cst,
624 4245 727 4315 inquit,
745 4251 778 4298 ut
788 4246 822 4298 de
836 4245 882 4298 Fi·
924 4245 1010 4298 lilius
1025 4262 1054 4298 se
1070 4245 1148 4299 dedit
1158 4263 1207 4317 pro
1224 4246 1345 4315 peccatis
1356 4245 1459 4299 nostris
1470 4245 1575 4315 absque
1584 4245 1726 4299 voluntate

81 4336 116 4388 lio
130 4335 229 4388 minus
243 4333 405 4399 sentientes,
418 4334 509 4403 legem
529 4333 570 4385 illi
594 4333 720 4403 aequetis,
734 4341 765 4386 ut
780 4334 882 4404 partim
925 4333 1026 4397 Patris,
1043 4350 1133 4403 neque
1143 4335 1227 4388 Pater
1237 4334 1353 4387 tradidit
1368 4334 1470 4387 Filium
1481 4334 1541 4386 sine
1557 4333 1619 4386 Filii
1632 4332 1727 4385 volun-

82 4422 378 4493 t'hristo,partimlegi
389 4422 591 4487 serviatisaum
600 4422 724 4491 legeritis
733 4399 992 4476 Dominuthate.
1011 4423 1065 4476 Sed
1085 4423 1143 4476 hae
1163 4428 1207 4476 est
1226 4425 1353 4475 voluntas
1374 4422 1423 4474 filii
1439 4421 1611 4474 voluntatem
1634 4421 1726 4473 Patris

82 4513 223 4566 dicentem
235 4528 241 4562 ε
252 4510 716 4578 Ouiallomiuuscitiliashoiiii'nis
730 4513 883 4565 etiaiiisab-
926 4511 1052 4581 implere,
1065 4518 1097 4564 ut
1112 4512 1171 4581 ipso
1181 4510 1342 4580 loquiturin
1353 4511 1459 4580 psalmo
1476 4526 1481 4560 ι
1499 4510 1531 4562 lit
1545 4510 1664 4575 facerem
1675 4524 1727 4561 vo-

84 4602 156 4654 bcti'?
184 4601 260 4665 (Luc.
292 4602 341 4666 vi.)
363 4606 396 4653 ut
420 4616 470 4670 per
491 4600 544 4653 hoc
559 4599 671 4653 videant
693 4606 799 4670 quanta
822 4617 884 4653 eon·
926 4603 1062 4654 tantulam
1078 4606 1166 4659 taora,
1185 4601 1351 4661 barisiacus,
1369 4597 1656 4667 roliiiil’sai.xxxix).
1674 4597 1725 4650 De-

84 4689 200 4744 tiimelia
220 4687 256 4742 ab
274 4689 316 4743 eis
333 4687 452 4742 Domino
468 4689 618 4758 irrogetur,
636 4705 700 4742 cum
720 4695 885 4759 comparant
925 4689 968 4741 dit
981 4704 1011 4741 se
1022 4695 1116 4742 autem
1132 4687 1228 4752 Filius,
1237 4685 1450 4755 utinJustitiam
1458 4702 1520 4755 quai
1529 4685 1626 4740 eratin
1635 4685 1724 4751 nobie,

86 4778 237 4832 Dominum
257 4776 378 4831 famula.
397 4777 449 4843 Qui
472 4779 545 4832 dedit
566 4782 738 4846 sriiirtipsain
752 4793 802 4845 pro
824 4795 884 4846 pee-
923 4774 1414 4847 justitiaipsesubverteret3tradidit
1423 4791 1452 4828 se
1463 4775 1600 4845 sapientia
1616 4775 1725 4829 utinsi-

84 4870 149 4920 aare
168 4869 281 4930 nostris,
313 4871 345 4919 ut
370 4870 485 4934 eriperet
507 4883 554 4919 iios
578 4868 610 4919 da
635 4869 764 4934 prasenti
789 4871 884 4920 aronio
925 4864 1059 4936 pientiam
1075 4869 1262 4935 expugnaret3
1281 4863 1415 4917 sanctitas
1427 4870 1455 4917 et
1468 4863 1603 4918 fortitudo
1626 4881 1656 4917 se
1675 4864 1725 4917 ob-

85 4959 215 5024 aiclipiio.
237 4956 330 5023 (Aug.)
346 4955 485 5008 Saeculum
508 4971 630 5024 praesens
646 4954 812 5023 malignum,
826 4972 886 5025 pro-
926 4954 1000 5019 tulit,
1017 4959 1048 5007 ut
1064 4953 1227 5024 spurcitiam
1243 4952 1491 5021 infirmitatemque
1503 4953 1617 5006 deleret.
1634 4953 1726 5022 Atque

86 5051 144 5113 pter
152 5043 295 5113 malignos
305 5043 434 5097 homines
446 5061 452 5108 ;
470 5044 516 5113 qui
533 5044 561 5097 iii
573 5044 619 5097 illo
634 5049 709 5109 sunt,
726 5043 885 5113 intelligen-
927 5042 967 5095 ita
977 5059 1032 5095 non
1048 5043 1139 5097 solum
1151 5042 1179 5095 in
1193 5041 1288 5094 litturo
1297 5041 1398 5095 saeculo
1406 5043 1487 5111 Juxta
1495 5041 1649 5110 promissas
1663 5057 1726 5110 spes

84 5133 146 5186 dum
154 5137 208 5196 est,
221 5131 426 5185 sicutdicimus
437 5137 465 5184 et
475 5133 628 5202 malignam
639 5131 763 5195 domuin,
773 5139 887 5203 propter
927 5148 997 5201 quas
1012 5132 1161 5196 credimur,
1179 5131 1228 5184 sed
1251 5130 1335 5183 etiam
1353 5130 1397 5183 hic
1412 5130 1447 5182 de
1463 5128 1593 5199 prasenti
1608 5145 1659 5181 nos
1674 5146 1726 5183 sae-

86 5222 222 5292 malignos
231 5219 424 5274 inhabitantes
433 5219 462 5274 in
471 5237 513 5274 ea.
523 5223 642 5288 (Amtr.)
651 5221 755 5290 Aperte
763 5221 886 5274 ostendit
927 5220 989 5273 culo
1005 5218 1146 5272 liberavit:
1158 5219 1225 5271 dum
1240 5218 1406 5271 commortui
1418 5216 1529 5270 Christo
1543 5217 1726 5285 transfigura-

85 5289 295 5381 nihilprodesse
308 5310 409 5380 legem,
421 5309 532 5379 quando
553 5309 695 5363 Christum
716 5309 785 5361 dicit
803 5309 885 5362 obtu-
927 5325 991 5361 mur
1019 5309 1047 5361 in
1072 5308 1222 5361 novitatem
1244 5313 1395 5371 sensus,et
1418 5320 1474 5358 non
1494 5321 1593 5359 sumus
1621 5305 1655 5358 dc
1676 5305 1728 5359 hoc

85 5400 144 5454 iisse
157 5415 198 5465 se,
216 5405 311 5468 utpro
327 5396 408 5451 nobis
424 5402 576 5467 pateretur,
593 5404 625 5450 ut
640 5414 692 5450 nos
705 5396 883 5467 justificaret,
927 5397 1041 5461 mundo,
1059 5411 1141 5466 aquo
1155 5396 1319 5450 meritonae
1339 5410 1477 5448 amamur.
1500 5393 1642 5456 Quaeritur
1656 5410 1726 5463 quo-

85 5503 149 5558 quos
171 5487 218 5543 lex
243 5503 308 5541 reos
331 5485 459 5551 tenebat;
473 5492 505 5539 ut
526 5486 628 5539 erutia
647 5487 708 5555 lege
729 5502 779 5556 per
802 5486 886 5538 fidem
928 5486 1010 5539 modo
1025 5501 1147 5556 praesens
1162 5485 1296 5540 saeeulum
1318 5482 1424 5536 malum
1439 5482 1546 5537 dictum
1566 5483 1611 5536 sit.
1629 5483 1727 5537 Solent
1752 5520 1755 5524 ,

84 5575 194 5643 militi,
208 5578 273 5646 jam
283 5590 340 5629 non
355 5581 516 5645 peccatores
526 5590 660 5633 essemus,
677 5574 726 5630 sed
740 5574 885 5642 justificati
927 5574 1029 5645 quippe
1049 5573 1172 5629 haeretici
1192 5573 1257 5626 hinc
1277 5588 1377 5644 capere
1396 5571 1566 5636 occasiones,
1584 5577 1617 5625 ut
1639 5570 1725 5624 alium
