3772 6120
180 281 230 338 itt
480 282 510 335 ll.
535 279 665 333 llilllthl
688 278 802 331 ttntssut
829 276 994 331 sternite.
1016 275 1176 329 tteudxt‘.
1198 274 1346 328 et'tttttiat
1367 273 1458 326 PARS
1477 274 1526 328 lll.
1770 270 1822 327 268

180 420 293 478 geistes,
311 408 429 461 mientes
454 416 548 458 utinen
572 422 587 455 a
606 401 742 470 sangnine
770 398 1105 459 abstinendumrl'enirn.
1124 399 1145 450 si
1173 398 1260 453 tilium
1279 397 1382 452 luilaeae
1405 397 1630 451 incircumcisum
1656 397 1823 467 susciperet.

184 489 981 563 adulteraruntScripturaimquartuminundatumadden·
1023 491 1153 557 parantes
1167 486 1343 545 seditionem,
1360 486 1408 555 qiri
1434 486 1458 539 si
1474 486 1508 539 de
1523 486 1627 540 Graecis
1654 485 1825 541 contradice-

183 592 226 639 tes
235 583 436 639 etssulloeato
450 578 756 647 obse1·rundu1n,quod‚
763 583 922 647 put0,nune
931 576 980 629 Dei
1023 575 1137 628 batnon
1153 591 1212 628 esse
1223 573 1472 639 circumcidendos,
1490 574 1563 629 sicut
1589 579 1618 628 et
1643 575 1768 645 Epistola
1790 575 1825 627 ed

184 678 254 727 nutu
268 669 437 725 intellecturi
455 675 531 735 sunt,
554 668 621 738 quis
632 669 693 737 jam
710 666 902 749 suprpdictnm
922 668 983 718 erat
1024 663 1157 733 apostolis
1171 663 1205 715 de
1220 663 1312 715 haere
1326 662 1419 716 lueret
1432 663 1506 727 dete,
1523 663 1574 718 vel.
1593 662 1664 717 filios
1676 664 1763 719 lsrael
1774 663 1826 715 cir·

185 757 497 831 quodeddiderunt.Sed
506 774 590 825 ireque
600 758 730 823 Titusqut
737 771 840 808 eruerem
848 759 984 815 erotema
1024 751 1144 807 curaeidi
1158 767 1215 805 non
1236 757 1350 811 rotaret,
1369 751 1435 820 quia
1452 750 1521 804 nihil
1541 751 1576 806 de
1590 750 1634 805 his
1648 751 1676 804 in
1703 751 1825 822 Epistola

184 854 248 903 esset
259 864 292 902 ee
301 849 436 916 arietibus,
447 849 602 914 computrue
619 861 675 897 rum
688 849 725 897 est
736 844 908 896 eircumcidi.
926 842 985 895 lloc
1025 841 1123 894 eadem
1137 839 1363 907 significaverant
1375 840 1504 908 apostoli,
1521 857 1553 893 ex
1563 841 1643 910 cujus
1658 840 1826 898 securitate

185 944 237 999 est,
248 937 295 991 illo
310 944 436 1006 tempore
451 935 511 1005 ipso
527 950 582 1004 quo
596 932 646 997 sui,
658 932 760 1002 inquit,
771 930 983 1001 Hierosolymis,
1027 930 1088 1000 plus
1104 928 1284 982 insaeviebant
1295 928 1443 982 credentes
1457 929 1555 994 Judaei,
1576 929 1643 998 quia
1662 945 1717 982 non
1733 930 1826 999 prohi-

185 1025 321 1095 Titnsqui
331 1040 441 1079 mecum
452 1022 683 1092 ereteompulsus
692 1037 750 1075 aon
761 1025 804 1074 est
811 1017 983 1082 circumcidi,
1027 1017 1109 1071 birbat
1123 1018 1137 1072 J
1141 1016 1312 1072 udaeossrlios
1322 1032 1387 1071 suos
1402 1017 1602 1071 circumcidere
1614 1018 1674 1088 ipsa
1689 1018 1824 1088 Epistola,

184 1131 249 1169 cum
258 1112 356 1184 utique
369 1113 444 1167 inter
458 1111 599 1182 apostolos
608 1115 637 1163 et
647 1126 695 1163 eos
707 1109 755 1179 qui
767 1126 800 1162 ex
810 1107 913 1162 Judaeis
928 1122 986 1161 cre·
1031 1109 1114 1170 Tune,
1129 1105 1229 1176 inquit,
1246 1109 1382 1173 occipiens
1396 1108 1572 1160 eimunuidit
1585 1124 1648 1160 ereio
1658 1110 1828 1175 propterte-

185 1202 315 1259 diderant
326 1217 461 1264 essemus,
472 1216 555 1253 nemo
565 1199 655 1263 illum,
668 1197 696 1252 id
707 1203 760 1257 est,
767 1197 862 1252 Titum
874 1212 986 1266 compu·
1027 1197 1095 1249 usos
1115 1197 1164 1263 oiri
1183 1199 1263 1248 erem
1285 1193 1396 1247 terioris
1410 1198 1466 1248 iltis
1484 1215 1491 1248 :
1512 1194 1710 1263 degentilibus
1730 1199 1825 1251 autem

185 1291 219 1347 lit
233 1289 404 1347 circumcidi.
416 1289 451 1343 Et
460 1286 690 1356 subintelligitur,
704 1285 770 1355 quid
781 1292 824 1339 est
834 1292 866 1337 ut
876 1301 924 1339 ros
935 1284 986 1337 eir·
1027 1284 1189 1338 seiandnlum
1205 1299 1261 1337 non
1276 1282 1425 1345 habebant,
1440 1283 1516 1337 unde
1530 1283 1610 1338 'litus
1625 1300 1681 1338 non
1696 1290 1741 1338 est
1755 1300 1829 1338 com-

184 1378 393 1439 cumcidemmi,
402 1394 466 1431 curn
475 1376 555 1430 'litus
563 1374 598 1428 ab
608 1373 809 1444 apostolieum
821 1372 986 1426 videbantur
1027 1372 1124 1441 pulsus
1139 1370 1363 1424 circumcidimi
1379 1371 1478 1424 horum
1494 1387 1560 1440 ergo
1571 1371 1663 1426 eessit.
1684 1378 1716 1425 ut
1728 1371 1830 1429 ventas

186 1467 372 1539 aliquidem,
389 1482 445 1519 non
459 1470 502 1518 est
514 1463 674 1533 compulsus
684 1461 855 1518 eircumcidi,
867 1461 916 1515 sed
927 1477 986 1515 sus·
1027 1459 1169 1529 Evangelii
1185 1464 1350 1529 permaneat
1356 1460 1430 1528 apud
1441 1465 1549 1526 gentes,
1561 1476 1624 1513 eum
1635 1477 1665 1514 se
1675 1477 1731 1514 iren
1743 1459 1830 1529 subji-

185 1560 282 1626 ceptus
304 1558 345 1609 est
369 1550 601 1606 incircumcisus?
626 1552 739 1618 Propter
762 1549 985 1603 sribintroduetm
1026 1548 1104 1602 cimn
1120 1547 1333 1602 circumcisioni.
1347 1548 1429 1617 Apud
1453 1548 1564 1603 iudaeos
1580 1556 1674 1602 autem
1696 1566 1753 1602 non
1768 1556 1828 1604 erat

187 1648 279 1699 nutem
293 1644 376 1710 fuisos
391 1643 503 1708 iratres,
527 1643 576 1708 qui
594 1640 823 1692 srebintruueruut
843 1641 985 1705 repriorere
1027 1637 1128 1691 veritas
1146 1636 1296 1706 Evangelii.
1315 1636 1382 1706 quie
1391 1636 1537 1690 credentes
1546 1636 1784 1691 circumcidebant
1799 1638 1829 1689 li-

188 1733 340 1787 libertctem
357 1734 481 1784 nostram-
497 1745 581 1796 queem
597 1728 727 1780 hebernus
743 1729 772 1780 io
787 1728 894 1782 Uinius
911 1728 984 1779 iesu.
997 1716 1081 1780 Blios
1096 1742 1182 1779 suos:
1207 1728 1240 1779 In
1259 1725 1367 1779 Christo
1386 1729 1461 1778 enim
1479 1728 1541 1779 lesu
1563 1742 1647 1794 ireque
1658 1728 1826 1794 preputium

191 1821 222 1875 tn
234 1835 282 1873 nos
292 1824 325 1872 iu
334 1821 492 1873 seruitutem
511 1817 686 1885 aribjieerent,
696 1816 734 1869 ed
747 1816 844 1869 liorem
860 1818 987 1867 eruimus
1030 1831 1114 1882 erepere
1127 1817 1300 1868 circumcisio
1311 1817 1379 1867 celet
1395 1816 1562 1882 aliquidaut
1573 1816 1637 1881 fides
1650 1816 1828 1882 perditem-io

187 1910 359 1975 subjectioni,
371 1911 400 1959 ul
409 1908 510 1958 ceritas
522 1904 665 1971 Eeurrpelii
677 1909 836 1972 pernmneat
846 1905 922 1971 aperiet
931 1919 984 1955 eor.
1029 1919 1090 1956 uem
1104 1903 1353 1971 oper·uns(Got.r1).
1364 1903 1460 1971 [tingi
1472 1903 1568 1957 Potest
1577 1909 1605 1955 et
1618 1903 1659 1959 ita
1671 1902 1829 1972 legiseeun·

188 1994 489 2064 Titum,qniaG1·aecus
500 1991 987 2061 eratsicuttlalsteu.negateircum·
1027 1991 1094 2045 dmn
1107 1991 1136 2045 id
1151 1990 1225 2061 rpuod
1235 1990 1340 2045 hubent
1354 1991 1444 2044 Graeci
1458 1990 1576 2056 codices,
1588 1992 1641 2046 hoc
1654 1997 1706 2053 est,
1723 1993 1826 2058 (litibus

189 2100 278 2139 cisum
290 2102 295 2136 :
308 2099 363 2153 quo
377 2082 451 2135 dieto
466 2082 517 2135 hes
537 2080 639 2149 arguit,
651 2081 699 2150 qui
714 2085 878 2150 paterentur
890 2097 920 2133 se
935 2079 987 2132 cir·
1029 2096 1113 2148 neque
1130 2081 1167 2132 eil
1189 2081 1286 2133 berum
1307 2083 1435 2134 cessimus
1455 2081 1626 2148 subjectioni,
1649 2080 1716 2151 quia
1735 2080 1827 2135 Tiano-

188 2171 309 2227 mmeidi
318 2187 381 2224 cum
392 2176 486 2224 essent
497 2169 594 2223 Gneei.
608 2169 662 2223 Sed
674 2185 708 2222 ne
718 2169 789 2222 forte
799 2174 988 2239 oppmneretnr
1028 2168 1124 2222 dieunt
1141 2173 1289 2239 propterea
1302 2168 1477 2222 circumcidit
1491 2185 1525 2221 ne
1540 2168 1644 2223 ludaeis
1659 2175 1688 2222 et
1706 2168 1826 2223 trierime

190 2259 302 2330 etquis
310 2259 369 2330 ipse
379 2257 595 2312 cimumcidcrat
603 2257 793 2322 Timotheum,
807 2275 880 2311 nune
888 2273 986 2311 causes
1028 2255 1187 2323 cognationi
1197 2256 1258 2326 ejus
1268 2256 1446 2311 maternmsie
1461 2256 1676 2326 riderenturqui
1686 2274 1718 2310 ea
1734 2256 1826 2325 genti-

190 2348 360 2420 exponitcur
369 2348 474 2409 lecerit,
485 2345 724 2416 quodfaciendum
734 2345 863 2415 negatae,
875 2345 983 2404 dicens:
1030 2344 1081 2399 bus
1096 2344 1275 2398 crediderunt
1289 2344 1317 2400 in
1333 2345 1475 2398 Christum
1498 2345 1632 2399 detestari
1643 2345 1828 2399 circumcisio

191 2439 308 2505 Propter
319 2438 539 2490 subintroductus
551 2440 643 2489 auem
654 2437 736 2500 salsos
751 2437 918 2502 [rao-muni
927 2435 987 2488 serti·
1030 2432 1350 2493 nem,sicutidololatria
1363 2433 1529 2487 detcsmndu
1545 2440 1596 2493 est.
1609 2450 1672 2488 cunr
1686 2434 1762 2488 illam
1776 2435 1829 2487 Do-

193 2525 903 2592 iutroccruntruptoremlibertatemsustentamento
912 2523 989 2576 imbe-
1032 2521 1123 2577 nrinus
1138 2521 1376 2592 tieripraeecperit,
1388 2522 1459 2575 hane
1471 2523 1589 2576 Satanas
1604 2522 1790 2592 persuaserim
1802 2528 1829 2575 et

193 2629 254 2666 mm
268 2617 297 2665 in
310 2613 417 2666 Cin-isto
426 2614 499 2675 iesu,
509 2617 539 2662 ut
552 2629 600 2664 rior
609 2614 638 2663 in
648 2614 806 2664 urritutem
816 2612 987 2678 subiicerent,
1031 2611 1830 2681 'litumproptereanoncircumciditneoccasionemdaret

191 2702 229 2755 ud
242 2701 337 2754 boram
357 2702 483 2753 cessimus
497 2700 667 2765 ndp‘eetiom',
688 2704 716 2751 ut
736 2703 837 2753 aeriter
848 2699 992 2766 tvi-amerii
1032 2699 1126 2770 eisqui
1137 2699 1197 2755 sine
1208 2700 1257 2753 illa
1268 2699 1478 2753 circumcisione
1488 2700 1619 2755 dicebant
1627 2706 1726 2770 gentes
1739 2701 1831 2755 selvas

191 2793 352 2857 pomnuruat
366 2789 441 2855 epm
456 2803 508 2840 ros.
525 2787 614 2841 Girrei
628 2804 642 2838 e
657 2791 756 2841 eorrtra
770 2787 875 2847 dieunt,
895 2804 942 2840 nee
954 2788 991 2841 ud
1032 2805 1153 2843 essenon
1160 2788 1830 2858 posse,etuddeceptionemgentiumhocPaulum

192 2879 291 2932 boram
305 2880 442 2930 cussinum.
459 2876 493 2929 Et
502 2876 555 2929 hoc
565 2875 646 2929 eiurat
656 2875 805 2929 convenire
814 2892 913 2937 ceusae,
926 2876 991 2945 quia
1031 2876 1135 2930 sentire
1142 2877 1291 2946 jactarent.
1308 2877 1388 2940 Quod
1403 2877 1461 2947 ipse
1472 2877 1541 2932 satis
1556 2877 1697 2946 signifieat
1706 2877 1753 2932 ubi
1765 2878 1806 2931 ait
1822 2896 1826 2928 :

192 2966 240 3037 qui
252 2965 315 3021 fieri
325 2963 500 3036 prohibebat,
512 2980 568 3019 non
579 2963 734 3034 oportebat,
746 2963 887 3036 inquiunt,
899 2964 991 3018 dicere
1032 2966 1084 3022 Sed
1099 2982 1183 3033 erepere
1196 2967 1281 3030 Tit-us,
1294 2969 1342 3033 qui
1358 2983 1463 3020 terrerem
1478 2973 1623 3026 erotema
1636 2973 1699 3021 esset
1711 2968 1828 3029 Graecas,

192 3071 222 3109 se
231 3054 338 3117 secisse,
347 3070 382 3107 ne
390 3052 522 3123 probaret
529 3069 590 3106 esse
598 3053 766 3107 feriendum.
776 3053 831 3106 Sed
840 3053 991 3123 Apostolus
1002 3030 1186 3122 Georrrputsus
1197 3059 1234 3106 est
1245 3056 1415 3117 eircumcidi,
1427 3061 1537 3123 propter
1545 3056 1766 3109 subintroductos
1778 3057 1831 3121 sat-

193 3142 364 3207 virdinum,
377 3141 467 3195 sciens
479 3158 559 3211 posse
574 3142 625 3195 troc
641 3141 753 3211 opponi,
770 3141 831 3212 ipse
845 3141 914 3194 illud
930 3158 991 3212 pro·
1032 3144 1831 3211 sosfratreepm'suln'ntroierunterptororetibertotemoo-

171 3230 175 3237 ’
194 3231 282 3301 ponit,
299 3237 332 3285 ut
347 3230 499 3302 preveniat
517 3230 713 3295 calumniosos,
732 3236 761 3283 et
781 3229 873 3284 reddit
893 3245 991 3283 causas
1031 3237 1117 3285 atrum
1130 3236 1216 3284 utitm
1223 3234 1251 3284 in
1260 3234 1417 3288 seruitutem
1426 3233 1696 3300 r·ediyereut,quidus
1705 3233 1831 3299 rieqeeeml

193 3318 294 3390 quibus
309 3320 471 3390 compulsus
485 3325 527 3372 est
541 3318 632 3372 serere
648 3319 723 3388 quod
737 3317 858 3372 nolebat.
878 3321 991 3386 Propter
1032 3320 1128 3373 berem
1141 3321 1484 3387 cessimussicheetiooipet
1500 3323 1600 3375 ceritas
1612 3321 1756 3388 licarmelii
1765 3335 1829 3389 per-

192 3410 414 3464 subintroduetes
429 3413 531 3462 uidem.
548 3407 649 3478 inquit,
664 3411 746 3472 tetros
760 3411 871 3473 lurum.
888 3406 990 3460 Subin—
1034 3413 1142 3461 rirenrut
1152 3409 1227 3476 apriti
1234 3424 1288 3461 eos.
1299 3408 1492 3478 llincapparet
1500 3408 1566 3478 quid
1577 3414 1743 3478 susceptare
1751 3407 1831 3464 intet-

193 3497 336 3552 troducum
353 3496 429 3557 dicit,
446 3496 513 3566 qnia
530 3513 594 3549 cum
614 3495 678 3549 dolo
694 3495 878 3549 intraverunt.
896 3503 991 3549 osten·
1033 3496 1176 3560 lexerit,ut
1187 3512 1242 3551 non
1260 3496 1365 3551 friceret
1380 3497 1454 3566 quod
1470 3496 1498 3551 in
1513 3498 1659 3554 'liinotheo
1675 3496 1829 3562 seee1·at,et

192 3587 292 3641 olentes
304 3602 336 3640 se
349 3585 459 3648 fratres,
473 3601 536 3638 eum
551 3591 645 3639 essent
657 3584 832 3651 inimicitini
846 3587 990 3637 sutriatro-
1033 3586 1106 3656 quod
1115 3584 1383 3639 calibertutelucere
1389 3591 1598 3655 poteratquam
1604 3587 1775 3651 ostenderet,
1784 3586 1830 3641 illa

195 3675 362 3740 ementitos
372 3672 992 3741 estcunrlmmilituteintrarerunttingentes
1033 3679 1218 3737 sacramenta,
1231 3690 1282 3728 nec
1298 3678 1432 3743 tunquam
1447 3674 1605 3729 necessarie
1613 3673 1716 3728 debere
1725 3674 1828 3744 appeti.

186 3763 358 3825 'amicitiem
372 3766 514 3830 erptmure
525 3763 677 3817 iiber-tutem
691 3767 904 3828 nostrmnmmm
915 3761 993 3814 trube·
1035 3768 1229 3832 nectunqumn
1238 3761 1483 3831 sacrilegadebere
1493 3762 1631 3817 damnari.
1640 3765 1681 3817 Ab
1691 3764 1830 3819 taisnaium

196 3869 256 3905 inus
267 3855 297 3905 in
308 3853 415 3907 tibristo
424 3853 497 3914 iesu,
505 3856 535 3903 ut
547 3868 594 3904 um
607 3852 616 3903 i
620 3866 636 3902 u
651 3854 809 3904 seruitutem
818 3851 992 3918 subje'eerent.
1035 3854 1084 3919 mci
1093 3853 1258 3905 uidebuntur
1266 3853 1375 3920 utr'quid
1382 3855 1540 3919 circulantes
1546 3853 1831 3920 utiquundoiieerunt,

160 3952 162 3959 ’
195 3940 344 4009 anlorere
362 3946 406 3992 est
425 3939 464 3992 sic
486 3939 602 4002 intime,
619 3945 651 3991 ut
665 3938 742 3991 alind
757 3939 846 4007 litigat
868 3944 897 3992 et
917 3937 993 3991 aliud
1035 3941 1832 4008 nibilareeinterest.lleuspersoaomiiumiiu'srmnnceipit.

196 4032 366 4096 quaeratque
376 4026 466 4097 possit
472 4043 605 4081 accusare
613 4028 764 4081 libertatem
776 4031 897 4079 nostrum
910 4043 992 4093 uriom
1036 4026 1140 4089 (Ama.)
1157 4027 1215 4081 lloc
1229 4026 1369 4095 significet
1384 4027 1451 4097 quia
1464 4027 1583 4099 apostoli
1597 4027 1675 4098 prius
1695 4027 1834 4098 simplices

196 4117 326 4169 itatenus
342 4118 372 4169 in
387 4115 495 4171 dimitto
508 4118 583 4169 desii.
600 4113 726 4168 Libertas
745 4114 773 4167 in
788 4114 901 4168 Christo
916 4115 992 4173 iesu.
1035 4115 1163 4170 homines
1172 4121 1262 4180 erant,
1274 4122 1303 4169 et
1312 4115 1444 4186 imperiti,
1454 4115 1560 4171 nullius
1570 4115 1753 4186 dignitatisin
1762 4116 1831 4185 lege,

195 4204 255 4257 bec
280 4208 332 4261 est,
357 4218 415 4259 uon
438 4201 539 4271 subjici
562 4202 628 4270 legi.
655 4204 685 4256 tt
710 4219 757 4256 nos
781 4205 811 4255 in
835 4206 993 4256 seruitutem
1034 4204 1083 4258 sed
1098 4205 1215 4258 hocnon
1235 4204 1351 4271 obesse;
1368 4204 1517 4274 quisenim
1532 4211 1644 4261 accuset
1657 4221 1722 4260 euin
1750 4220 1832 4274 quern

194 4292 368 4359 subjicerent,
386 4290 437 4345 hoe
456 4295 508 4354 cst,
529 4291 632 4343 adhoc
653 4289 830 4345 intraverunt
843 4307 912 4364 ‘curn
930 4290 993 4344 dolo
1035 4293 1109 4347 Deus
1119 4292 1333 4357 excusatiQuie
1342 4309 1398 4349 non
1413 4293 1555 4363 queritur,
1579 4293 1642 4364 quis
1657 4293 1724 4363 quid
1739 4293 1830 4352 fuerit,

195 4379 350 4442 etfallseia,
364 4385 397 4434 ut
407 4386 534 4434 nostram
547 4378 707 4433 libertatem
717 4378 748 4432 in
757 4379 919 4433 servitutem
929 4378 994 4433 sub
1034 4382 1084 4436 sed
1098 4382 1369 4451 quidsit.Praeterita
1379 4382 1454 4436 enim
1466 4399 1516 4437 aec
1525 4382 1833 4436 condemnantneeria·

192 4469 321 4540 licerent,
334 4475 465 4539 cogentes
475 4484 526 4522 nes
535 4466 636 4537 subjici
646 4466 701 4537 legi
712 4467 941 4527 circumcisionis.
953 4469 994 4522 det
1033 4470 1130 4524 dicant
1147 4490 1152 4523 :
1168 4470 1217 4525 sed
1228 4475 1323 4524 tamen
1333 4471 1393 4525 vult
1405 4470 1606 4541 intelligi,quia
1616 4477 1645 4524 et
1654 4471 1762 4541 peritus
1773 4477 1833 4525 erat

196 4558 295 4613 borum
309 4561 438 4612 cessimus
451 4558 623 4625 subjectioni,
641 4555 694 4609 lroc
708 4561 760 4613 est,
777 4556 813 4609 ud
829 4556 928 4611 horem
943 4573 994 4610 nos
1034 4559 1064 4613 in
1078 4560 1149 4628 lege,
1175 4567 1204 4614 et
1227 4559 1318 4617 eurus
1333 4559 1398 4624 vita,
1424 4576 1456 4615 ec
1485 4577 1535 4630 per
1559 4560 1619 4624 hoc,
1640 4564 1669 4614 et
1687 4559 1834 4631 dispensa-

194 4644 994 4713 rubiecimusservitutidtumiliautestroslegiutcircum-
1033 4648 1111 4702 tione
1126 4647 1267 4717 Evangelii
1283 4648 1439 4718 precipuus
1453 4648 1592 4705 minister.
1609 4650 1681 4703 Mitti
1695 4652 1770 4703 eoi'ra
1785 4651 1835 4717 qni

196 4733 254 4787 ciso
271 4731 418 4789 Timotheo
436 4739 559 4789 cessaret
576 4734 658 4789 dolus
673 4739 702 4786 et
710 4734 874 4789 scandalum
887 4734 994 4788 Judaeo·
1035 4739 1234 4791 existimentur
1248 4739 1357 4805 aliquid
1367 4754 1420 4793 esse
1432 4739 1506 4791 nibil
1519 4740 1706 4793 contulerimt.
1719 4737 1834 4793 Nihilse.

195 4837 270 4889 rum.
280 4822 457 4883 Paretieuim
466 4831 555 4887 stain,
565 4821 865 4893 sicutdsturintelligi,
874 4838 995 4877 eorunm
1036 4825 1104 4879 dicit
1118 4824 1153 4878 ab
1163 4825 1297 4895 apostilis
1312 4832 1504 4885 consecutum,
1521 4826 1568 4880 sed
1583 4826 1687 4884 eliso:
1706 4826 1773 4895 quia
1787 4827 1834 4896 qui

197 4927 260 4964 rere
277 4910 318 4965 illi
335 4912 489 4967 tumultum
504 4918 532 4966 et
546 4912 724 4967 seditionem.
739 4911 804 4967 Fuit
821 4911 896 4964 enim
910 4928 994 4967 cansa
1036 4913 1172 4984 imperitis
1198 4913 1297 4968 tribuit
1319 4930 1434 4969 sensum
1473 4914 1628 4985 discipline
1656 4912 1833 4971 Christianae.

197 4998 482 5069 quomedclrsberent
495 5000 603 5055 aditum
613 4999 760 5055 mlumniee
774 4999 917 5064 faciendae,
928 5000 995 5070 quia
1034 5003 1094 5073 ipse
1105 5008 1134 5056 et
1144 5002 1330 5073 mibi,inquit‚
1347 5019 1413 5059 curn
1428 5019 1518 5058 essem
1532 5002 1727 5073 legisperitus,
1739 5002 1837 5073 digna-

196 5089 359 5144 l'imetheus
373 5095 436 5143 erat
448 5095 538 5145 inatre
553 5089 668 5158 quidem
681 5090 695 5143 J
699 5089 787 5153 udaee,
804 5093 884 5159 patre
897 5095 993 5144 autem
1034 5096 1079 5145 tus
1090 5096 1133 5145 est
1147 5091 1292 5162 impertire
1306 5106 1421 5147 sensum
1434 5090 1552 5146 rationis
1568 5091 1741 5161 huiusmodi.
1763 5091 1838 5155 Quo·

198 5178 302 5232 Graeco.
315 5177 396 5233 Unde
404 5175 510 5232 lactum
520 5183 563 5230 est
571 5181 604 5230 ut
612 5177 767 5232 secundum
774 5177 866 5247 legem
877 5177 994 5232 circum·
1034 5180 1117 5234 modo
1132 5197 1200 5250 ergo
1212 5180 1276 5234 lieri
1286 5185 1397 5249 poteret
1406 5184 1438 5234 ut
1452 5179 1499 5234 hic
1512 5177 1548 5234 ab
1563 5180 1607 5235 his
1617 5179 1837 5250 disceretquem

196 5265 438 5320 eisusiufensncn
447 5270 531 5320 esset.
543 5263 646 5318 Volens
657 5272 753 5319 autem
762 5266 913 5336 Apostolus
929 5284 993 5322 eum
1035 5268 1157 5338 peritmn
1170 5268 1324 5327 inveniens,
1341 5266 1504 5338 peritiorem
1518 5268 1584 5323 fecit
1606 5268 1700 5339 gretie
1709 5267 1838 5325 Christi?

197 5369 341 5407 assumere
357 5360 389 5407 ut
400 5353 546 5408 ordinaret
560 5352 641 5406 illum
655 5353 815 5423 episcopum
831 5353 904 5408 sieut
918 5354 992 5419 fecit,
1033 5359 1087 5412 Sui
1101 5375 1114 5410 e
1129 5364 1225 5413 contro
1243 5374 1305 5412 cura
1324 5359 1455 5413 uidissent
1467 5359 1540 5426 quood
1561 5346 1750 5413 creditum'est
1765 5358 1838 5411 milti

198 5440 995 5510 trietetestimom'umei.inquit,burriemperbrbeboatoeneus
1038 5445 1217 5513 &carmelium
1225 5449 1365 5514 prepmtii,
1373 5450 1443 5501 sicut
1462 5449 1541 5503 Petro
1549 5448 1839 5514 circumcisionisque*

198 5529 996 5600 loetitiius,insidiespassusestlmlsmrum.Explorubant
1036 5536 1834 5604 enimoperatusertPetroiouposlolctumcircumcisionis,
