3772 6120
122 301 166 358 681
353 299 641 354 ENARRATIONUM
660 301 699 356 ΙΝ
719 301 795 355 ΕΡΡ.
816 299 924 353 PAULI
943 298 1012 353 LlB.
1034 299 1118 352 XXV.
1145 327 1177 337 -
1203 299 1242 352 IN
1261 296 1373 353 EPIST.
1392 298 1441 352 AD
1459 298 1528 353 TlT.
1708 300 1760 356 682

119 432 146 481 et
157 427 187 479 in
202 425 365 480 minoribus
376 425 528 495 judicatur.
546 425 609 479 Non
623 425 698 479 enim
715 426 742 479 id
757 424 951 497 quodfurtoA
961 423 1033 487 Quid
1047 423 1083 476 sit
1097 428 1191 477 autem
1208 422 1347 492 abnegare
1362 422 1547 492 impietatem,
1568 428 1597 476 et
1615 424 1760 480 secularia

117 514 244 570 ablatum
255 520 309 580 est,
322 515 372 568 sed
383 512 765 568 mensfurautisattenditur.
777 513 922 578 Quomodo
963 511 1112 577 desideria,
1137 529 1170 564 ex
1182 528 1215 564 eo
1231 511 1305 582 quod
1320 527 1405 582 supra
1420 511 1609 581 exposuimus,
1628 529 1641 564 ι
1670 512 1760 568 Deum

117 606 145 659 in
159 604 349 658 fornicatione
365 610 393 657 et
407 603 555 669 adulterio,
573 621 630 657 non
645 604 748 658 idcirco
762 603 872 656 clirersa
887 602 924 655 sit
964 601 1134 654 confitentur
1147 617 1176 653 se
1191 599 1271 660 scire,
1287 599 1368 654 sactis
1382 605 1477 653 autem
1497 606 1603 669 negant
1614 601 1681 668 (Til.
1698 603 1727 667 r),
1746 621 1760 653 a

116 693 266 748 fornicatio
283 699 332 748 aut
348 692 528 757 adulterium,
545 694 569 745 si
582 693 708 763 pulchra,
720 694 761 746 rel
777 691 923 749 diresde-
964 692 1081 763 intelligi
1093 709 1173 763 posse
1183 690 1309 758 coulld03
1325 697 1353 745 et
1363 691 1562 762 percontraria
1569 691 1688 763 intelligi
1698 710 1762 748 con-

117 782 227 847 formis,
245 788 298 836 aut
312 798 420 853 pauper
441 781 478 834 sit
502 782 634 835 meretrix
650 782 692 834 rel
706 782 835 835 adultera
852 799 857 832 :
874 779 923 833 scd
964 781 1061 835 traria.
1075 781 1224 835 saecularia
1234 780 1321 850 igitur
1334 780 1472 834 desideria
1481 786 1556 845 sunt,
1564 797 1653 852 quaea
1664 783 1762 838 mundi

116 871 336 944 qualiscumque
346 871 394 923 illa
405 869 499 929 fuerit,
512 887 569 923 una
583 876 625 922 est
639 870 835 924 fornicatiorel
847 868 924 922 adul·
964 870 1045 924 istius
1059 870 1183 941 principe
1198 875 1397 941 suggeruntur,
1408 877 1437 924 ct
1448 887 1510 925 cum
1522 869 1685 937 sintsaeculi,
1699 889 1762 927 cum

83 970 92 983 '
116 960 223 1015 terium
241 980 247 1014 :
263 960 344 1013 itaet
359 958 481 1023 infurto,
494 957 924 1030 quantumcumquescrrusabs-
965 958 1235 1030 saculihujusnubc
1251 963 1525 1030 pertranseunt:nos
1535 965 1702 1016 autemeam
1712 979 1763 1033 pu·
1843 970 1851 978 ”

116 1048 227 1111 tulerit,
244 1048 313 1102 furti
327 1048 435 1102 crimen
449 1047 575 1100 incurrit.
589 1048 650 1101 Sint
661 1047 755 1117 itaque
769 1046 841 1100 servi
856 1045 923 1099 sub·
964 1047 1024 1101 dice
1037 1053 1065 1101 et
1072 1049 1158 1118 juste,
1175 1065 1225 1102 nec
1234 1064 1350 1119 corpore
1359 1047 1464 1102 scilicet
1474 1064 1526 1102 nec
1539 1054 1633 1103 mente
1643 1065 1763 1120 peccau-

117 1138 169 1192 diti
179 1137 307 1192 dominis
317 1137 376 1190 suis
389 1137 417 1190 in
427 1135 566 1202 omnibus,
579 1136 637 1189 sint
646 1136 850 1206 complacentes
860 1150 924 1188 con·
963 1142 1016 1199 tes,
1027 1136 1210 1190 rixerirnusin
1226 1136 1347 1203 Christo,
1360 1135 1405 1207 pie
1417 1153 1528 1210 quoque
1538 1138 1662 1193 iuvemus
1673 1139 1764 1195 inhoc

118 1226 219 1281 ditioni
237 1244 308 1292 sure,
325 1231 358 1279 ut
372 1242 428 1279 non
442 1225 534 1278 lerant
554 1241 652 1295 aspere
671 1224 844 1288 servitutem,
867 1239 923 1277 non
964 1226 1150 1296 saeculo:quae
1161 1225 1250 1296 pietas
1260 1226 1518 1296 exspectatbeatam
1528 1243 1618 1298 spem,
1628 1226 1763 1282 etadven·
1838 1273 1842 1279 .

119 1315 318 1371 monadicam
331 1314 463 1368 dominis
479 1331 536 1367 non
547 1314 676 1367 furentur
688 1333 694 1380 3
707 1318 735 1366 et
748 1313 881 1385 posthaec
894 1312 924 1365 in
964 1319 1026 1369 tum
1039 1314 1135 1384 glorire
1147 1314 1243 1386 magni
1253 1314 1304 1370 Dei
1313 1321 1342 1369 et
1351 1313 1503 1369 salvatoris
1512 1315 1601 1370 nostri
1611 1316 1678 1372 Jesu
1685 1315 1764 1372 chri-

120 1404 252 1460 omnibus
268 1406 353 1458 fidem
367 1403 468 1457 bonam
484 1404 644 1468 ostendant,
661 1401 855 1456 utdoctn'nam
866 1401 925 1456 Sal·
965 1403 1011 1458 sti.
1022 1404 1099 1458 Sicut
1109 1403 1185 1458 enim
1197 1404 1328 1475 impietas
1334 1403 1498 1459 reformidat
1507 1404 1659 1460 adventum
1668 1407 1763 1477 magni

121 1493 224 1549 tatoris
239 1493 330 1547 nostri
346 1492 397 1547 Dei
408 1499 509 1546 ornent
524 1493 552 1546 in
567 1491 744 1545 ornnibusSi
759 1491 835 1544 enim
850 1490 926 1561 apud
966 1492 1026 1555 Dei,
1043 1492 1083 1547 ita
1094 1509 1193 1546 secura
1207 1494 1241 1546 de
1257 1509 1341 1564 opere
1356 1509 1407 1548 suo
1422 1494 1499 1547 etde
1515 1494 1569 1549 fide
1584 1494 1664 1549 illum
1673 1495 1764 1567 pietas

120 1583 248 1639 emmeles
262 1582 428 1637 dominosin
436 1582 553 1635 minimo
563 1582 659 1635 fideles
666 1581 781 1646 tuerint,
791 1579 925 1650 incipient
967 1580 1153 1652 prestolatur.
1170 1580 1223 1635 Ubi
1243 1587 1286 1635 est
1308 1598 1423 1652 serpens
1438 1581 1532 1647 Arius,
1548 1581 1597 1636 ubi
1612 1582 1765 1638 Eunomias

122 1671 158 1728 eis
171 1672 252 1743 apud
262 1672 355 1726 Deum
369 1672 478 1741 majora
492 1670 629 1724 committi
647 1689 653 1722 ι
670 1676 753 1723 omat
764 1673 859 1723 autem
874 1668 925 1721 do·
966 1668 1101 1723 coluber?
1115 1670 1233 1740 Magnus
1247 1669 1323 1724 Deus
1333 1669 1414 1725 Jesus
1425 1669 1687 1726 ChristusSalvator
1696 1670 1766 1725 dici·

123 1761 242 1816 ctrinam
258 1760 378 1826 domini,
407 1759 455 1830 qui
478 1777 512 1814 ea
533 1776 594 1831 qum
617 1757 770 1812 conditioni
789 1775 845 1812 sum
860 1746 1022 1828 aptaBtur.
1035 1757 1300 1828 nonprimogenitus
1314 1757 1404 1812 omnis
1418 1763 1564 1826 creaturae,
1575 1775 1632 1814 non
1642 1758 1766 1815 Verbum

124 1856 194 1913 eant,
209 1849 290 1904 facit.
308 1851 345 1904 Ut
360 1867 375 1902 o
390 1849 499 1902 diverso
513 1848 659 1902 confundit
674 1864 748 1912 cam,
761 1847 874 1917 quinon
884 1852 927 1900 est
968 1845 1017 1900 Dei
1033 1851 1061 1900 ct
1075 1846 1222 1916 sapientia,
1239 1847 1288 1900 sed
1304 1847 1386 1901 lesus
1407 1847 1543 1913 Christus,
1561 1852 1590 1902 et
1609 1865 1671 1921 quae
1683 1865 1766 1904 roca-

125 1938 267 2010 subjectus
277 1938 307 1992 in
323 1938 463 2001 omnibus,
473 1937 517 1991 cui
534 1937 655 1991 conditio
662 1954 714 1991 sua
727 1936 864 2007 displicet,
879 1934 926 2004 qui
967 1934 1766 2007 bulaassumptihominissunt.NequeveroaliumIesum

125 2027 317 2082 contradictor
331 2034 416 2098 atque
428 2027 582 2092 fraudator,
600 2026 628 2079 in
644 2026 721 2079 nullo
730 2025 813 2079 fidem
824 2024 926 2078 bonaur
969 2025 1120 2090 Christum,
1137 2024 1225 2078 alium
1239 2024 1363 2079 Verbum
1378 2024 1507 2092 dicimus
1520 2031 1552 2079 ut
1565 2042 1636 2080 nova
1652 2026 1766 2083 haeresis

127 2116 256 2171 ostendit.
265 2116 413 2180 Quomodo
421 2114 497 2168 enim
504 2113 792 2186 potestsrdelisessein
799 2112 927 2167 substan·
968 2114 1165 2180 calumniatur,
1181 2114 1231 2168 sed
1245 2114 1376 2168 cumdem
1398 2119 1426 2168 et
1444 2120 1510 2168 ante
1531 2115 1642 2183 saecula,
1660 2121 1767 2187 etpost

127 2201 927 2276 tiaDei‚quicarnalidominosrdemexhiberenonpotuitl
968 2205 1079 2268 saecula,
1096 2209 1125 2257 et
1139 2210 1204 2257 ante
1218 2203 1364 2269 mundum,
1387 2209 1493 2273 etpost
1515 2203 1643 2270 Mariam,
1662 2204 1720 2259 imo
1733 2222 1767 2260 ex

159 2294 331 2366 «Apparuit
349 2302 444 2348 autern
458 2293 551 2363 gratia
567 2293 618 2347 Dei
633 2292 784 2347 Salvatoris
798 2291 927 2345 omnibus
968 2292 1066 2355 Maria,
1084 2309 1219 2362 inagnum
1233 2293 1322 2346 Deum
1337 2291 1511 2363 appellamus
1523 2291 1695 2348 Salvatorem
1715 2310 1766 2348 no·

133 2382 329 2447 «hominibus,
342 2383 473 2437 erudiens
487 2399 548 2443 nos,
564 2387 596 2435 ut
609 2380 781 2451 abnegantes
796 2381 926 2450 impieta·
969 2386 1059 2435 strum
1070 2381 1166 2436 Jesum
1181 2380 1333 2447 Christum,
1350 2380 1399 2452 qui
1422 2379 1499 2435 dedit
1513 2381 1636 2453 seipsum
1653 2398 1704 2452 pro
1718 2398 1768 2436 no-

136 2494 146 2525 ι
159 2480 214 2529 tem
229 2478 260 2528 et
272 2471 419 2526 saecolaria
432 2469 580 2535 desideria,
597 2469 788 2539 sobrie,Juste,
801 2473 829 2521 et
839 2465 928 2538 pieu'·
968 2469 1020 2535 bis,
1033 2476 1065 2524 ut
1071 2470 1193 2541 pretioso
1207 2469 1344 2540 sanguine
1354 2486 1405 2525 suo
1421 2486 1472 2524 nos
1487 2469 1638 2524 redimeret
1651 2469 1685 2525 ab
1691 2470 1767 2525 omni

137 2557 927 2630 1ramusinhocsaeculo,exspectantcsheatarnspem,et
967 2557 1116 2629 iniquitate
1128 2564 1157 2612 ct
1169 2558 1318 2612 mundaret
1328 2558 1380 2612 sibi
1395 2558 1529 2631 populum
1543 2559 1691 2640 περιούσιον
1720 2559 1769 2629 (ita

138 2651 309 2705 :adrentum
328 2648 425 2718 glorie
441 2648 536 2719 rnagrii
554 2648 604 2702 Dei
620 2653 648 2702 et
667 2647 819 2702 Sall-atonis
838 2645 927 2700 nostri
969 2647 1071 2719 quippe
1085 2647 1205 2701 hahetur
1219 2647 1248 2700 in
1263 2647 1367 2714 Graeco)
1384 2652 1413 2700 ct
1435 2646 1575 2703 bonorum
1594 2664 1711 2720 operum
1730 2646 1768 2703 la·

140 2738 220 2793 «lesu
236 2737 360 2792 Christi:
378 2737 426 2807 qui
440 2736 518 2790 dedit
531 2737 714 2808 semetipsum
728 2754 779 2807 pro
793 2735 883 2802 nobis,
897 2742 929 2789 ut
969 2741 1045 2791 ceret
1068 2736 1268 2791 aemulatorem.
1300 2732 1384 2789 Recte
1408 2735 1494 2806 igitur
1520 2735 1648 2791 Christus
1670 2737 1766 2801 lesus,

141 2827 281 2899 «eriperet
296 2843 347 2880 nos
363 2825 398 2880 ab
409 2825 485 2879 omni
500 2825 658 2896 iniquitate,
672 2831 701 2878 et
714 2824 864 2879 mundaret
876 2823 929 2878 sibi
970 2843 1090 2897 magnus
1104 2826 1178 2880 Deus
1196 2830 1292 2879 noster
1303 2830 1393 2896 atque
1418 2825 1556 2893 Salvator,
1576 2825 1696 2880 redemit
1716 2840 1768 2879 nos

142 2934 151 2966 ι
164 2911 856 2987 populumacceptabilem,aemulatorembonorum
865 2927 930 2982 ope·
972 2914 1178 2985 sanguineam,
1191 2920 1223 2969 ut
1238 2913 1289 2968 sibi
1300 2912 1491 2969 Christianum
1504 2911 1640 2986 populum
1648 2912 1769 2987 peculia·

143 3016 232 3056 crum.
251 3021 264 3053 a
282 3003 399 3071 (Arrrbr.)
410 3000 495 3066 Talis,
505 3000 606 3071 inquit,
618 3005 662 3053 est
671 3016 745 3053 nuuc
754 2999 856 3070 gratia,
869 3016 930 3070 quae
971 3020 1031 3059 rem
1050 3003 1163 3071 laceret,
1181 3003 1229 3074 qui
1243 3002 1391 3074 peculiaris
1406 3019 1467 3057 csse
1480 3009 1549 3057 tunc
1560 3008 1664 3076 posset,
1680 3001 1704 3058 si
1722 3002 1770 3057 bo·

143 3105 182 3159 per
189 3091 332 3146 Christum
344 3089 483 3161 apparuit,
493 3105 554 3159 quae
562 3088 691 3143 omnibus
698 3086 886 3151 estdiscenda;
898 3065 960 3142 utc
972 3110 1073 3147 norum
1100 3108 1216 3164 operam
1237 3093 1384 3147 aemulator
1404 3092 1544 3147 existeret.
1559 3091 1639 3147 Unde
1654 3097 1682 3146 et
1699 3091 1769 3149 illud

144 3177 927 3251 inpietatemetpraritatem,cupiditaternetinjustitiam,
972 3181 1046 3254 quod
1064 3181 1094 3235 in
1116 3180 1264 3251 Evangelio
1289 3181 1443 3235 secundum
1468 3180 1582 3236 Latinos
1603 3180 1771 3254 interpretes

144 3266 929 3339 hgiealesvitampresentemtransigamusetpudicamet
970 3268 1771 3342 scriptumest:«Panemnostrumquotidianumdanobis

145 3363 233 3412 asam
244 3358 330 3412 vitam
340 3362 466 3411 nostram
476 3355 630 3426 peromnia
638 3356 864 3410 demonstremus
874 3354 928 3408 :ita
970 3358 1061 3425 hodie,
1075 3378 1088 3411 o
1107 3356 1207 3412 melius
1220 3356 1249 3411 in
1265 3358 1361 3412 Graeco
1372 3357 1516 3412 habetur«
1527 3375 1631 3430 panem
1643 3363 1772 3414 nostrum

83 3430 85 3437 ¹
147 3449 273 3500 utstatum
281 3445 409 3499 futurum
420 3460 504 3515 quem
515 3450 715 3516 exspectamus,
729 3451 813 3517 prout
824 3448 925 3516 potest,
969 3448 1110 3513 ἐπιούσιον,
1119 3467 1132 3499 ι)
1143 3447 1170 3501 id
1179 3453 1222 3501 est
1231 3447 1411 3518 precipuum,
1420 3447 1573 3517 egregium,
1588 3447 1769 3520 peculiarem,

148 3548 203 3590 nanc
216 3535 360 3590 informati
376 3534 480 3588 imitari
492 3533 644 3599 uideamur,
661 3534 772 3604 quando
789 3539 930 3605 exspecta·
971 3553 1036 3592 eam
1050 3535 1185 3601 videlicet,
1203 3535 1251 3606 qui
1275 3536 1310 3589 de
1324 3535 1392 3589 coelo
1411 3534 1580 3589 descendens
1595 3534 1656 3589 ait:
1675 3552 1689 3587 ιι
1711 3535 1770 3606 Ego

149 3625 291 3680 musileum
302 3629 331 3678 et
340 3638 519 3677 communem
528 3624 837 3677 nostrumSalvatorent
852 3620 931 3676 Chri·
972 3640 1034 3679 suni
1045 3623 1126 3696 panis
1138 3623 1184 3695 qui
1197 3623 1231 3677 de
1245 3623 1315 3677 coelo
1330 3622 1575 3694 descendit(loon.
1595 3627 1643 3692 u).
1661 3641 1674 3675 a
1690 3623 1772 3679 Absit

149 3718 216 3780 aura,
230 3714 279 3785 qui
294 3712 442 3784 apparebit
456 3712 484 3765 in
499 3711 640 3766 communi
650 3711 780 3766 omnibus
793 3710 873 3765 nobis
885 3709 931 3764 bc·
972 3712 1073 3784 quippe
1081 3716 1114 3766 at
1125 3728 1176 3765 nos
1187 3711 1234 3782 qui
1245 3710 1274 3764 in
1285 3710 1438 3765 crastinum
1449 3710 1572 3780 cogitare
1578 3709 1769 3783 prohibemur,

150 3801 230 3856 noticia
242 3809 399 3874 prmstans3
417 3801 483 3871 quia
496 3800 531 3854 ob
546 3801 618 3854 hanc
640 3800 729 3872 ipsam
744 3816 858 3855 causam
879 3815 929 3870 pro
971 3801 1005 3856 de
1015 3817 1087 3872 pane
1098 3800 1152 3854 isto
1158 3799 1206 3870 qui
1214 3799 1426 3871 postpaululam
1437 3798 1651 3870 concoquendus
1664 3804 1694 3853 et
1702 3799 1771 3870 abji-

149 3888 209 3945 tobis
218 3892 276 3964 pati
284 3891 395 3956 maluit,
406 3895 437 3944 ut
452 3906 503 3944 nos
516 3889 551 3943 ab
562 3890 639 3943 omni
651 3891 772 3960 eriperet
781 3888 928 3960 pravitate.
971 3889 1086 3944 ciendus
1100 3894 1142 3943 est
1157 3889 1186 3942 in
1201 3904 1350 3955 secessum,
1370 3887 1399 3942 in
1417 3904 1499 3959 prece
1512 3886 1657 3943 Dominica
1671 3903 1772 3959 rogare

149 3981 316 4052 etpropu'um
327 3979 381 4034 sibi
388 3980 523 4050 populum
534 3978 701 4048 acquireret,
716 3977 930 4049 quibonissern-
968 3979 1127 4050 jubeamur.
1139 3979 1198 4033 Nec
1224 3977 1345 4032 maltam
1373 3976 1465 4032 dinen
1493 3977 1567 4033 inter
1592 3977 1722 4037 ἐπιούσιον
1743 3983 1772 4032 et

148 4070 232 4136 lltsit
246 4068 378 4140 Operibus
401 4067 544 4139 Psaedllus·
568 4065 669 4135 (Ηῖθῆ)
682 4066 748 4120 Ρῡὸὶ
772 4066 931 4136 catalogum
973 4069 1121 4148 περιούσιον
1134 4086 1140 4120 :
1150 4066 1308 4138 praepositio
1316 4066 1391 4121 enim
1400 4068 1643 4121 tantummodoest
1652 4071 1771 4133 mutata,

149 4154 266 4214 doctrinae
281 4158 316 4212 ad
326 4158 430 4224 Titum,
443 4156 510 4227 qaid
519 4172 609 4221 senes,
621 4154 688 4227 quid
697 4172 777 4221 anae,
791 4155 858 4225 quid
868 4155 933 4208 ado·
974 4175 1030 4212 non
1045 4155 1170 4212 verbum.
1185 4153 1304 4220 Quidam
1315 4154 1446 4216 ἐπιούσιον
1454 4154 1594 4210 aestimant
1603 4153 1632 4209 in
1646 4155 1774 4211 oratione

146 4239 302 4301 lacentulas
324 4251 353 4299 et
371 4247 498 4315 juvenes,
517 4244 585 4316 quid
609 4244 643 4298 ad
664 4249 820 4300 extremum
840 4260 933 4298 servos
974 4245 1130 4311 Dominica,
1143 4243 1370 4317 panemdictmn,
1388 4243 1462 4315 quod
1475 4260 1559 4316 super
1574 4259 1671 4298 omues
1685 4244 1775 4311 ούσιιις

147 4335 247 4390 autho
263 4335 388 4400 deberet,
402 4340 476 4389 recte
489 4351 563 4389 nunc
577 4333 691 4388 intulit:
712 4354 724 4383 ι
749 4334 843 4388 llluxit
859 4333 934 4388 enim
976 4337 1022 4403 sit,
1039 4333 1392 4405 hocestsuperuniversas
1402 4332 1587 4400 substantiam
1604 4333 1679 4404 quod
1694 4332 1718 4387 si
1731 4349 1775 4388 ac·

144 4424 225 4492 gratia
237 4424 288 4479 Dei
305 4423 458 4478 Salvatoris
467 4423 596 4478 omnibus
610 4422 779 4477 hominibus.
798 4443 810 4475 a
822 4423 885 4476 Non
894 4424 967 4483 cstl)
977 4423 1088 4495 cipitur,
1101 4439 1156 4476 non
1169 4421 1289 4476 multum
1299 4420 1334 4475 ab
1350 4437 1382 4476 eo
1392 4437 1477 4475 sensu
1487 4419 1589 4486 diflert,
1603 4435 1762 4492 quemexpo

144 4513 210 4568 euim
223 4513 319 4586 aliqua
331 4513 489 4568 differentia
503 4513 582 4567 liberi
592 4518 621 4565 et
635 4512 716 4579 servi,
728 4511 817 4566 Graeci
828 4517 857 4566 et
866 4512 934 4566 Bru·
976 4509 1241 4582 suimus:quidquid
1256 4509 1331 4562 enim
1342 4507 1486 4579 egregium
1500 4512 1544 4562 est
1554 4513 1583 4562 et
1590 4508 1772 4581 praecipuum,

143 4597 206 4669 bari,
221 4602 377 4657 circumcisi
391 4607 419 4655 et
433 4601 560 4656 habentis
576 4600 755 4672 preputium,
769 4600 896 4655 mulieris
907 4607 935 4655 et
976 4605 1053 4654 extra
1070 4598 1165 4653 omnia
1176 4603 1219 4652 est
1234 4601 1262 4651 et
1272 4613 1357 4669 super
1371 4596 1475 4651 omnia.

143 4690 264 4746 riri:sed
287 4690 379 4745 cuncti
395 4691 424 4744 in
441 4690 552 4746 Christo
570 4707 659 4744 unum
680 4707 787 4757 sumus,
811 4688 935 4744 universi
1014 4708 1026 4739 ιι
1043 4688 1109 4742 Haec
1123 4686 1238 4757 loquere
1253 4692 1282 4739 et
1292 4685 1448 4751 exhortare,
1459 4691 1488 4740 et
1500 4684 1614 4758 increpa
1623 4703 1687 4742 cum
1697 4685 1774 4743 omni

145 4781 176 4834 ad
188 4781 235 4835 Dei
249 4797 366 4850 regnum
380 4796 521 4845 vocamur,
531 4796 628 4834 omnes
641 4785 704 4850 post
715 4780 849 4834 ollensam
858 4776 935 4833 Patri
978 4796 991 4829 ιι
1008 4776 1134 4847 imperio.
1148 4794 1161 4827 ιι
1169 4774 1268 4845 (dier.)
1279 4773 1345 4828 Tria
1351 4772 1443 4844 posuit
1454 4790 1466 4824 ιι
1482 4773 1607 4845 loquere,
1616 4775 1773 4844 exhortare,

147 4876 231 4924 nostro
244 4867 442 4923 reconciliandi
453 4883 565 4934 sumus,
584 4884 640 4920 non
651 4884 701 4938 per
715 4866 816 4920 merita
827 4871 933 4931 nostra,
975 4866 1089 4938 increpa
1106 4883 1111 4917 :
1132 4883 1143 4916 ι
1162 4862 1314 4934 etquidem
1329 4862 1405 4916 ineo
1417 4862 1491 4934 quod
1505 4864 1546 4918 ait
1561 4884 1573 4916 ι
1589 4864 1727 4937 loquere»
1739 4865 1775 4921 ad

149 4957 189 5011 red
199 4974 247 5029 per
260 4956 381 5028 gratiam
394 4956 555 5023 Salvatoris,
568 4956 610 5010 rel
627 4956 700 5026 quod
721 4954 773 5009 Dei
788 4954 878 5009 Patris
897 4953 935 5008 ui·
976 4953 1132 5008 doctrinam
1142 4952 1252 5006 videtur
1266 4967 1326 5006 esse
1336 4949 1524 5019 resc1·endum;
1538 4952 1613 5023 quod
1625 4969 1689 5008 vero
1701 4953 1775 5009 intu-

150 5058 213 5111 rens,
223 5052 252 5100 et
265 5045 420 5100 subsistens
433 5045 525 5116 gratia
540 5046 600 5116 ipse
612 5045 648 5098 sit
660 5044 797 5110 Christus,
807 5044 849 5097 vel
860 5042 934 5115 quod
975 5043 1008 5097 lit
1025 5063 1035 5094 ι
1049 5042 1205 5107 exhortare,
1224 5060 1236 5092 ι
1255 5040 1348 5107 idest,
1368 5042 1530 5120 παρικάλιι,
1544 5040 1620 5095 aliud
1635 5041 1775 5112 quoddam

153 5129 241 5188 Christi
257 5134 469 5189 DeiSalvatoris
487 5136 545 5189 haec
559 5133 597 5187 sit
611 5134 752 5204 gratiaci
767 5149 823 5187 non
838 5136 934 5187 nostro
975 5133 1004 5186 in
1027 5132 1122 5185 Graeco
1143 5129 1283 5200 significat
1306 5144 1391 5200 qaam
1413 5129 1442 5183 in
1464 5129 1582 5196 Latin0;
1608 5133 1777 5209 παρακλησις

155 5222 238 5277 merito
248 5222 346 5276 salvati
366 5223 463 5288 simus,
480 5223 633 5277 secundam
654 5222 723 5276 illud
738 5223 812 5293 quod
836 5222 866 5275 in
885 5221 940 5275 alio
982 5221 1084 5293 quippe
1101 5219 1190 5291 inagis
1199 5222 1410 5274 consolationem
1418 5218 1723 5290 quamerborlotionem
1733 5237 1777 5275 so-

155 5302 201 5362 loco
211 5310 329 5365 dicitur:
345 5330 358 5362 ι
373 5311 427 5364 Pro
443 5311 530 5365 nihilo
545 5311 666 5365 salvabis
684 5328 732 5365 eos
750 5312 832 5375 (Psal.
850 5306 909 5383 iulg
927 5331 938 5363 ι
982 5315 1039 5364 nat.
1050 5309 1229 5364 llocverbum
1239 5306 1446 5381 etsuperiusde
1460 5305 1775 5362 adolescentibusestlo-

155 5410 203 5466 que
210 5399 301 5470 gratia
309 5399 439 5454 omuibus
448 5399 610 5454 hominibus
622 5400 684 5454 ideo
693 5399 794 5466 illuxit,
809 5417 821 5450 ι
835 5404 868 5453 ut
878 5414 941 5452 eru·
982 5403 1063 5451 cutus
1072 5415 1077 5450 z
1087 5416 1100 5450 ι
1111 5398 1126 5452 J
1129 5413 1230 5452 avenes
1241 5397 1369 5452 similiter
1378 5395 1531 5462 consolare,
1545 5394 1660 5468 pudicos
1671 5412 1731 5452 esse
1747 5396 1776 5452 in

155 5482 270 5544 directus
284 5489 456 5561 abnegantes
470 5489 644 5561 impietatem
659 5497 687 5543 et
702 5488 846 5544 saecularia
867 5481 939 5542 desi·
980 5486 1143 5553 omnibus»
1158 5487 1193 5542 de
1203 5504 1314 5560 quonos
1326 5487 1355 5542 in
1364 5503 1416 5542 suo
1425 5486 1484 5540 loco
1495 5486 1535 5540 ita
1548 5492 1580 5541 ut
1591 5486 1621 5540 in
1632 5487 1775 5542 Latinole·
1824 5480 1834 5491 ”

153 5572 227 5645 dena,
242 5580 341 5652 pudice
351 5586 380 5633 et
391 5580 467 5649 juste
481 5583 510 5633 et
522 5579 567 5651 pie
581 5579 672 5634 vivere
688 5577 716 5631 in
727 5578 779 5632 hoc
794 5577 905 5632 saeculo.
924 5595 937 5625 a
979 5576 1056 5647 gitur
1071 5576 1151 5648 quasi
1165 5578 1308 5633 exhortore
1328 5578 1462 5648 scripturn
1482 5591 1552 5643 esse,
1574 5576 1773 5646 expressimus.

255 5662 498 5742 radoacxu.
1616 5677 1656 5735 22
