3772 6120
36 286 84 343 7
95 277 135 330 Ἶῐ
279 275 568 335 ENARRA'I'IONUII
587 281 626 334 IN
645 281 722 335 EPP.
743 282 850 338 PAULI
869 284 937 338 LIB.
959 283 1084 338 XXVIII.
1102 312 1134 322 -
1153 284 1191 337 IN
1210 285 1322 340 EPIST.
1343 287 1391 341 AD
1410 287 1516 341 IIEBII.
1666 291 1717 345 778

27 398 206 468 enhibllil
225 416 277 470 pro
295 402 487 472 peecatoribus
507 402 650 458 victimam
672 405 732 459 sine
753 412 876 477 peccato,
890 407 1347 476 Arorumalgiturillesurrtrera,
1359 409 1418 464 luce
1429 416 1523 464 autem
1536 412 1714 483 exemplaria.

25 488 367 571 quaeethumanitate
377 491 459 553 mori,
471 496 499 544 et
506 492 619 561 justitia
631 494 767 547 mundare
777 495 880 564 petuis·
921 495 1032 549 Etenim
1045 496 1181 565 templum
1199 496 1237 549 ita
1256 502 1445 551 constructum
1461 504 1512 557 est,
1529 499 1601 553 sicut
1615 502 1716 556 eoelum

23 582 139 643 get.
154 576 231 630 Hunc
249 593 327 648 ergo,
344 595 408 632 cum
422 585 486 650 post
499 578 640 650 baptisma
653 581 723 636 vidit
747 583 880 652 antiquus
920 584 991 636 coeli.
1008 584 1078 647 Quid
1095 584 1185 637 dicis'l
1199 585 1260 638 Nisi
1272 585 1419 640 intraverit
1432 587 1460 640 in
1475 589 1585 643 eoelum.
1600 605 1656 644 non
1671 608 1718 661 ap-

25 665 178 733 hostis,
193 681 256 719 mox
280 667 483 721 tentationibus
506 668 626 739 impetit,
643 675 672 723 et
685 687 736 741 per
755 671 879 725 diversos
920 671 1029 742 parebit
1043 673 1110 735 Deo,
1123 672 1171 743 qui
1184 672 1287 744 ubique
1298 682 1349 740 est,
1359 681 1388 728 et
1397 674 1491 728 omnia
1502 676 1615 746 implet?
1625 679 1718 734 Intue-

27 755 174 819 aditus
180 755 215 809 ad
222 755 358 809 Interiora
365 757 426 825 ejus
433 757 547 810 molitus
554 757 719 828 irrumpere,
727 758 817 812 rietus
825 765 876 825 est,
919 760 967 813 ris.
984 761 1051 831 quia
1064 761 1157 814 earnis
1170 768 1237 814 sunt
1252 762 1310 816 haec
1324 763 1438 816 onmia?
1456 764 1667 835 ‹b'tapparcat,
1677 767 1717 820 ln-

30 850 167 915 atqne
186 843 214 897 in
236 843 300 915 ipsa
322 844 530 914 inexpugnabili
555 847 658 900 mentis
681 847 742 916 ejus
763 847 879 917 integri·
919 847 989 919 quit,
1005 849 1093 902 vultui
1108 848 1158 902 Dei
1173 866 1223 919 pro
1238 850 1351 903 lintris.»
1369 851 1441 914 Quid
1451 857 1495 904 est
1507 869 1579 922 epra
1589 853 1715 907 nobis'la

33 939 146 993 tate
157 938 319 1003 prostratus.
332 933 386 988 Sed
396 933 463 1003 quia
473 934 508 987 ad
517 934 653 988 interiora
668 952 723 988 mm
734 936 829 1000 valuit,
842 937 877 989 ad
918 936 1132 991 Cumsacrilieie
1146 939 1380 1009 ascendit,inquit
1391 946 1491 1010 potens
1500 941 1652 1011 propitiare
1662 944 1716 997 Pa-

37 1024 99 1094 ej
106 1039 149 1076 us
159 1038 185 1074 se
199 1021 340 1076 exteriora
356 1022 503 1088 convertit,
520 1027 552 1076 ut
566 1023 632 1093 quia
656 1023 758 1077 mentis
773 1024 877 1079 virtute
917 1025 1173 1091 tr·enr.Quirlenirn,
1185 1027 1228 1079 dic
1241 1027 1308 1080 milri
1319 1029 1329 1079 l
1339 1028 1398 1098 lpse
1408 1029 1716 1101 estimmieuslllngeli

41 1112 171 1165 victus
183 1115 233 1176 est,
249 1126 326 1176 eum,
342 1127 427 1182 quem
441 1110 569 1182 decipere
584 1111 740 1166 tentatione
755 1128 810 1165 non
832 1130 877 1168 ra·
917 1113 1025 1168 Inimici
1034 1120 1124 1175 «ararit,
1135 1114 1193 1184 lpse
1205 1131 1262 1168 non
1273 1121 1334 1169 enat
1349 1116 1488 1171 immicus.
1500 1117 1656 1181 Quirrenim
1668 1137 1717 1175 an·

43 1200 109 1253 lu
117 1198 150 1265 it,
162 1199 248 1253 carnis
262 1200 362 1253 saltem
373 1199 515 1254 videretur
525 1206 615 1254 anone
629 1217 772 1271 superare,
781 1207 874 1271 atque.
916 1202 972 1271 geli
983 1202 1186 1261 iuimicierant,
1199 1203 1263 1257 audi
1279 1204 1346 1273 quid
1359 1204 1427 1258 dicit
1439 1224 1445 1257 ι
1459 1224 1472 1258 a
1484 1206 1644 1261 Pacifiearit
1653 1225 1715 1279 quae

47 1292 121 1341 ut
135 1293 188 1341 ante
200 1305 251 1342 nos
264 1288 370 1343 dIctum
382 1294 433 1355 est,
443 1288 596 1369 permissus
611 1289 696 1343 estin
710 1289 788 1351 illud,
803 1290 876 1360 quod
917 1288 1035 1344 interris
1044 1296 1141 1362 etqua
1151 1292 1180 1345 In
1188 1291 1264 1345 omlis
1272 1298 1347 1346 sunt.
1360 1293 1501 1347 »Proinde
1507 1295 1717 1365 etIpseIntroiit

51 1390 122 1429 ex
136 1375 203 1431 nobis
212 1376 379 1431 mortalibus
389 1377 528 1431 mediator
537 1382 691 1449 acceperat.
705 1377 759 1432 Sed
772 1377 819 1432 ubi
830 1394 877 1449 po-
916 1377 1473 1451 incoelum,nuncutappareatvultuiDei
1481 1384 1631 1453 prenobis:
1641 1402 1715 1440 nunc

53 1465 147 1519 tuit
155 1465 254 1536 ahquid
265 1465 369 1537 placere,
386 1465 425 1519 ibi
443 1483 476 1518 ex
490 1466 567 1519 omni
581 1471 661 1537 parte
675 1466 800 1521 devictus
814 1472 873 1521 est:
917 1473 949 1520 ut
955 1474 1176 1538 appareat,nunc
1183 1469 1438 1535 nranisestetur,se‹l
1445 1488 1495 1541 pro
1502 1471 1609 1526 nobis«
1617 1475 1715 1544 Neque

56 1558 117 1605 et
133 1553 192 1609 uude
205 1555 313 1624 accepit
322 1554 444 1609 exterius
454 1560 621 1625 potestatem
632 1555 876 1610 domiuicaecamis
919 1574 930 1605 ι
949 1556 1363 1627 utsaepeolleratsemetIpsum,
1375 1559 1609 1627 quemadmodum
1622 1563 1714 1631 ponti-

58 1642 243 1707 occidenda,
261 1643 327 1697 inde
341 1643 458 1698 interior
473 1650 595 1712 potestas
610 1645 680 1713 ejus,
698 1660 754 1713 qua
768 1660 818 1698 nos
831 1649 875 1698 te·
919 1662 930 1693 r
946 1643 990 1697 lex
1003 1643 1527 1715 intratInsanctapersingulosannos
1540 1648 1715 1719 insanguine

62 1729 175 1797 nebat,
190 1731 279 1786 occisa
300 1736 353 1785 est.
372 1733 434 1803 Ipso
448 1748 569 1802 namque
585 1732 703 1786 interius
717 1732 806 1786 victus
821 1738 872 1798 est,
883 1728 928 1787 Β(
946 1732 1046 1785 alieno.
1064 1752 1077 1786 a
1095 1733 1175 1799 (illel
1199 1733 1335 1802 Superius
1359 1734 1429 1788 dirit
1442 1737 1570 1806 exempla
1585 1754 1715 1792 verorum

61 1813 153 1873 dun
163 1821 237 1891 quasi
251 1820 318 1874 vicit
333 1821 454 1875 exterius
466 1839 473 1885 ;
487 1825 516 1873 et
530 1820 577 1890 qui
594 1837 645 1874 nos
657 1822 721 1890 jure
736 1820 876 1875 debitores
917 1821 1086 1890 exemplaria
1100 1821 1195 1874 omnia
1215 1822 1372 1884 nomInanS,
1390 1822 1448 1876 haec
1468 1823 1552 1878 ctiam
1575 1842 1639 1879 vera
1654 1843 1716 1897 quas

63 1908 179 1962 mortis
191 1909 292 1975 tenuit,
302 1911 367 1980 jure
380 1909 409 1962 In
424 1907 504 1963 nobis
515 1910 563 1978 jus
578 1909 677 1962 mortis
691 1909 794 1969 amisit,
811 1911 877 1980 quia
917 1909 1006 1963 intrat
1026 1909 1162 1978 pontiler;
1190 1909 1242 1962 hoc
1261 1926 1327 1963 vero
1347 1927 1434 1963 unum
1452 1912 1590 1982 templum
1611 1913 1665 1968 fuit
1686 1915 1715 1968 iu

60 1997 875 2069 PersatellitessuosejuscarnemperimendamappetiIt,
917 2002 976 2051 toto
1000 1998 1105 2051 inundo
1129 1997 1324 2057 venerabilius,
1345 1998 1379 2051 ad
1404 1999 1477 2068 quod
1498 2001 1622 2070 undique
1648 2019 1715 2057 eon-

61 2074 113 2135 in
131 2102 177 2156 quo
190 2086 259 2140 nibil
272 2103 305 2140 ex
320 2087 407 2157 culpae
421 2085 516 2141 debito
532 2086 646 2140 invenit.
658 2086 793 2141 Dominus
808 2104 874 2157 ergo
917 2085 1050 2152 fluebant,
1067 2087 1139 2139 sicut
1154 2087 1182 2139 iu
1198 2086 1313 2139 Actibus
1333 2088 1525 2157 apostolorum
1539 2089 1653 2158 legitur,
1670 2092 1715 2145 die

60 2180 175 2228 noster
187 2191 236 2245 pro
249 2175 330 2229 nobis
344 2182 463 2229 mortem
475 2174 558 2229 sebit
570 2174 734 2239 indebitam,
747 2183 778 2230 ut
796 2175 875 2230 nobis
916 2182 1011 2228 sancto
1027 2176 1215 2237 PentecosteS,
1233 2175 1344 2245 quarrdo
1363 2175 1484 2245 Spiritus
1502 2183 1613 2230 sanctus
1633 2179 1715 2233 datus

61 2268 159 2317 mors
170 2262 263 2317 debita
276 2280 332 2318 non
348 2269 469 2318 noceret.
479 2281 492 2315 «
501 2264 563 2318 Non
578 2263 653 2317 enim
669 2263 697 2317 ln
709 2264 876 2319 manufactIs
916 2270 959 2317 est
986 2263 1128 2334 apostolis,
1161 2264 1190 2316 in
1222 2262 1352 2316 omnibus
1377 2264 1480 2333 linguis
1513 2265 1712 2335 loquentibus,

64 2362 88 2393 ε
116 2352 214 2407 sanctis
227 2354 309 2407 Jesus
328 2352 443 2406 intravit
457 2351 626 2422 exemplaria
641 2352 774 2419 virorum,
787 2352 876 2406 sedin
916 2352 1073 2406 constitisse
1104 2369 1136 2405 ex
1165 2352 1281 2405 dirersis
1308 2352 1435 2422 partibus
1463 2353 1570 2416 mundi,
1601 2361 1629 2408 et
1658 2371 1714 2408 coe·

66 2452 89 2481 ⁸
120 2439 203 2510 ipsum
212 2441 324 2507 eoelum,
336 2447 368 2495 ut
377 2446 512 2512 appareat
524 2457 597 2495 nunc
606 2442 696 2495 vultui
710 2441 760 2495 Dei
769 2457 819 2511 pro
829 2458 878 2495 no·
917 2440 986 2494 leste
1000 2441 1111 2495 audisse
1135 2440 1301 2494 miraculum
1321 2447 1349 2494 et
1363 2441 1473 2495 uidisse.
1493 2442 1547 2495 Sed
1562 2442 1627 2496 huie
1642 2450 1714 2497 tem-

68 2540 90 2571 ·
123 2527 167 2583 bis.
183 2548 196 2582 a
214 2532 318 2597 (doen.)
332 2530 398 2584 Alta
417 2528 564 2600 sapiebant
580 2530 668 2584 ludaei
682 2530 717 2583 do
731 2531 836 2600 templo
849 2535 877 2583 et
917 2530 964 2600 plo
987 2536 1077 2583 totum
1101 2528 1232 2600 opposuit
1255 2529 1355 2582 coelum
1381 2529 1494 2589 Paulus,
1516 2538 1545 2583 et
1564 2547 1620 2584 non
1643 2532 1715 2585 bane

60 2614 476 2690 tabenaculo,pr0pterqu0d
487 2618 632 2673 dicebant:
646 2619 815 2689 «Templum
825 2619 878 2672 Do
918 2618 1005 2671 solam
1021 2618 1207 2671 dillerentiam
1226 2618 1358 2677 ostendit,
1385 2618 1432 2672 sed
1456 2618 1541 2672 etiam
1556 2620 1715 2689 pontificem

59 2705 305 2779 mimtemplnm
316 2707 438 2773 Domini,
447 2708 584 2778 templum
595 2707 708 2761 DomIni
721 2710 786 2773 (Jer.
795 2709 875 2776 vul.»
917 2722 1062 2775 magnum,
1086 2712 1119 2760 ut
1146 2706 1260 2759 assistat
1283 2706 1372 2759 vultui
1389 2707 1449 2759 Ilei.
1465 2707 1585 2761 Proinde
1610 2725 1667 2762 non
1683 2725 1715 2762 ex

56 2781 178 2866 1N'eque
186 2795 261 2851 enlm
269 2796 336 2850 alibi
347 2796 375 2850 in
386 2802 463 2850 terra
473 2802 663 2850 constmctum
674 2802 736 2849 erat
744 2796 800 2849 tale
808 2800 878 2849 tem·
918 2795 986 2848 culo
1001 2800 1122 2856 tantum,
1137 2795 1285 2848 sedetiam
1300 2812 1332 2848 ex
1347 2794 1477 2863 ingressu
1495 2813 1555 2849 rem
1570 2797 1715 2851 venerahi-

54 2877 168 2950 Plura,
179 2901 235 2939 non
249 2885 400 2956 opulentiae
409 2885 511 2955 gratia,
521 2901 578 2940 non
592 2885 648 2938 alia
658 2900 824 2955 quacunque
835 2899 875 2937 re.
918 2882 1016 2936 llorem
1036 2883 1110 2937 lacit.
1132 2884 1195 2937 Non
1210 2882 1286 2936 enim
1307 2882 1481 2953 simpliciter,
1502 2884 1574 2938 sicut
1598 2885 1642 2938 hic
1665 2903 1716 2957 per

52 2956 156 3027 Dens
169 2974 244 3027 enirn
259 2974 307 3044 qui
321 2974 520 3044 imperaverat,
531 2975 659 3028 voluerat
671 2973 740 3027 illud
751 2989 815 3027 cum
830 2973 877 3026 ho-
918 2972 999 3041 SIgna
1017 2972 1154 3042 quaedam,
1170 2972 1218 3026 sed
1233 2972 1287 3042 Ipsi
1302 2972 1359 3026 Deo
1375 2972 1490 3037 assistit,
1508 2990 1619 3044 semper
1638 2974 1716 3028 rivus

51 3060 255 3116 uestimento
273 3063 363 3116 multo
381 3062 451 3123 lieri,
476 3062 543 3133 quia
565 3068 594 3116 et
620 3062 660 3115 illi
687 3048 952 3132 corporalibusCad
962 3060 1198 3131 Interpell'andum
1208 3077 1258 3131 pro
1269 3059 1469 3130 notisponnl
1481 3063 1594 3115 Intuere
1604 3070 1715 3132 quantae

52 3147 431 3220 mapsattranebanturet
443 3150 765 3205 alliciebantur.Lateres
774 3150 877 3221 quippe
918 3148 1082 3201 differentia
1095 3165 1101 3199 :
1115 3164 1188 3218 saepe
1199 3153 1228 3202 ct
1245 3148 1342 3213 semel,
1354 3148 1383 3201 in
1395 3149 1530 3218 sanguine
1544 3151 1634 3203 alieno
1648 3157 1675 3205 ct
1686 3152 1715 3205 in

55 3218 201 3293 habeta
215 3239 355 3294 aureosin
370 3239 535 3310 parietibus,
547 3245 577 3292 et
589 3240 653 3293 licet
667 3238 817 3308 unicuique
832 3255 878 3292 ro·
918 3237 1054 3306 sanguIne
1066 3237 1187 3307 proprio.
1199 3236 1317 3290 Illultam
1330 3236 1424 3307 itaque
1435 3237 1561 3291 interest.
1574 3240 1637 3309 Ipse
1648 3257 1715 3310 ergo

51 3306 187 3382 lesuin
200 3328 324 3382 secundo
335 3328 405 3382 libro
416 3328 577 3397 Regnorum
588 3333 617 3381 et
629 3327 658 3381 In
673 3327 815 3381 Ezechiele
825 3327 878 3381 lroc
919 3330 948 3377 et
969 3324 1136 3378 sacrificium
1164 3328 1193 3377 e't
1217 3325 1346 3378 sacerdos
1371 3331 1400 3378 et
1426 3325 1526 3379 hostia.
1550 3347 1560 3378 ι
1583 3328 1716 3399 Alloquin

52 3416 584 3488 ngnoseereffltquantaauritalenta
594 3414 877 3486 expensasuntinillo
919 3430 932 3465 r
949 3412 1094 3483 oportebat
1109 3429 1175 3465 enm
1184 3413 1345 3481 frequenter
1357 3413 1414 3482 pati
1428 3414 1463 3466 ab
1478 3415 1585 3484 origine
1600 3418 1714 3470 nurudi:

51 3492 217 3576 tempore.
234 3505 395 3560 Secundum
411 3521 475 3558 vero
491 3503 639 3558 aedificium
656 3503 758 3556 clarius
772 3503 877 3556 sactum
920 3520 933 3551 «
950 3517 1024 3555 nunc
1050 3507 1145 3555 autem
1172 3501 1201 3554 in
1224 3502 1464 3555 eonsummaIIone
1491 3503 1655 3558 seculorum
1679 3505 1713 3558 ad

51 3592 133 3655 est,
148 3593 216 3647 etin
231 3592 450 3664 pulchritudine,
467 3598 495 3646 et
510 3593 538 3647 ln
555 3592 617 3646 aliis
625 3591 765 3646 omnibus.
777 3592 811 3645 Et
822 3608 877 3645 non
921 3608 933 3642 c
950 3589 1278 3659 destructionempeccati
1288 3589 1464 3658 perhostimn
1474 3607 1555 3644 suam
1565 3593 1711 3662 apparuit,

51 3680 114 3733 *ἐι
126 3681 278 3736 hecsolum
291 3685 353 3735 erat
361 3680 530 3745 venerabile,
541 3680 590 3734 sed
600 3681 697 3746 etiam,
708 3680 781 3750 quod
789 3696 879 3733 unum
921 3697 932 3728 ι
950 3677 1526 3747 etquemadmodumstatutumesthomini
1536 3680 1623 3733 sernel
1632 3681 1712 3747 mori,

49 3770 149 3824 erat,
165 3770 273 3827 Omnes
286 3770 390 3841 quippe
401 3786 418 3823 a
428 3769 531 3823 sinibus
545 3775 628 3823 terrae
642 3768 709 3822 illuc
719 3767 877 3834 veniebant,
921 3786 932 3816 ι
950 3772 1013 3837 post
1029 3765 1081 3819 hoc
1094 3770 1189 3818 autem
1207 3764 1356 3835 judicium,
1373 3765 1412 3818 sie
1433 3773 1461 3820 et
1476 3767 1604 3821 Christus
1627 3770 1714 3824 semel

49 3854 135 3913 tire
150 3875 184 3912 cx
198 3857 363 3930 Babylonia,
375 3858 432 3912 sire
447 3857 481 3912 ab
496 3857 654 3928 AEthiopia:
672 3857 707 3910 Et
720 3857 772 3909 hoc
791 3856 879 3909 mani·
922 3854 1058 3908 «oblatus
1077 3859 1120 3907 est
1143 3853 1177 3907 ad
1199 3853 1352 3906 multorum
1376 3855 1565 3909 exhaurienda
1589 3865 1712 3928 peccatu,

47 3932 184 4002 sesana
197 3948 288 4002 Lucas
300 3946 330 4000 In
344 3945 460 4000 Actibus
469 3946 593 4000 dicebat:
605 3964 618 3997 a
631 3946 718 3999 Erant
733 3944 789 3998 illle
802 3943 880 3998 habi·
923 3963 933 3994 ι
950 3943 1072 3997 secundo
1086 3940 1232 4014 apparebit
1244 3942 1305 3995 sine
1317 3949 1431 4013 peccato
1447 3945 1671 4014 exspectantibus
1685 3964 1715 4001 se

46 4024 172 4090 Quies
190 4035 299 4095 Parthi,
315 4041 344 4090 et
361 4035 444 4099 Medi,
459 4041 487 4089 et
503 4034 638 4100 Elamitee,
654 4040 683 4088 et
704 4033 751 4104 qui
772 4032 880 4087 habita·
922 4054 933 4082 u
946 4032 981 4085 ad
989 4032 1239 4100 salutemdloan),
1249 4031 1401 4101 Postquam
1409 4032 1713 4104 multaerantpeecata.

46 4104 401 4196 bmtllesoporamiam
411 4124 536 4178 Judaeam
547 4129 575 4177 et
584 4123 797 4194 Cappadociam,
808 4122 878 4175 Pon·
918 4120 1019 4175 merito
1036 4127 1103 4174 tune
1120 4119 1260 4191 apparuit.
1276 4120 1355 4183 Quod
1371 4121 1456 4174 etiam
1469 4121 1535 4175 alibi
1546 4123 1628 4176 dieit:
1638 4143 1651 4176 l
1663 4124 1714 4179 libi

45 4204 141 4267 tum
152 4220 182 4267 et
190 4213 298 4279 Asiam,
305 4213 457 4285 PhrygIam
469 4219 498 4267 et
508 4213 714 4283 Pamphyliam,
726 4211 878 4282 AEgyptum
921 4227 934 4261 a
947 4209 1098 4264 abundavit
1111 4215 1266 4280 peccatum,
1276 4208 1514 4280 superabundant
1526 4211 1618 4282 gratia
1628 4214 1713 4283 (denir.

48 4306 112 4355 et
127 4306 224 4373 partes
245 4301 340 4374 Libyae
359 4303 441 4373 juxta
461 4302 589 4373 Cyrenen
606 4302 671 4363 (lert.
687 4303 726 4367 n).
746 4319 756 4349 ι
774 4299 878 4353 Omnes
921 4302 985 4366 (r).
1003 4319 1016 4349 a
1034 4298 1159 4353 Sisemel
1173 4297 1282 4352 oblatus
1296 4300 1715 4355 nonsuslieeretornuiuminse

49 4395 148 4460 ergo
161 4390 287 4462 undique
302 4390 400 4444 mundi
413 4390 479 4443 illuc
493 4389 703 4455 conveniebant,
715 4395 743 4442 et
758 4388 879 4441 multum
888 4363 1093 4441 Dcredentium
1103 4393 1217 4458 peccata
1227 4387 1384 4453 exhaurire,
1402 4388 1570 4456 oportuisset
1584 4404 1648 4441 eum
1663 4407 1714 4442 sae·

55 4483 145 4531 ent
155 4495 258 4532 nomeu
278 4478 353 4533 illius
367 4477 474 4548 templi.
491 4477 564 4541 Quid
580 4493 645 4546 ergo
669 4477 772 4530 Paulus
789 4474 880 4528 lacit?
920 4476 983 4547 plus
991 4476 1048 4546 pati
1058 4475 1093 4529 ab
1103 4476 1224 4545 origine:
1239 4475 1336 4528 rnundi
1354 4475 1427 4544 quenl
1438 4492 1472 4527 ne
1487 4477 1575 4541 fieret,
1588 4477 1675 4529 senml
1685 4477 1714 4531 in

61 4559 163 4620 Sicut
174 4566 250 4621 enim
261 4565 318 4620 illie
331 4572 453 4620 mortem
467 4566 598 4637 apposuit
612 4565 726 4631 Christi,
738 4565 778 4618 sie
794 4563 880 4617 etiam
920 4565 1159 4618 consummatione
1169 4563 1267 4616 mundi
1279 4579 1378 4633 passus
1392 4568 1435 4615 est
1449 4564 1483 4616 ad
1498 4564 1652 4618 multorum
1667 4582 1715 4618 ex-

62 4644 235 4709 hieuelum
244 4659 336 4710 tatum
346 4654 584 4726 opponittemplo.
595 4654 629 4707 Et
639 4670 694 4707 non
709 4654 780 4706 harre
791 4653 878 4707 solam
920 4653 1075 4708 haurienda
1084 4657 1205 4723 peccata.
1218 4672 1230 4702 r
1243 4651 1519 4722 Eiquemadmodum
1529 4659 1716 4708 stitutumest

71 4736 879 4813 dillereutiamostendit,sedctiampontificemproxImum
920 4741 1080 4796 liornInibus
1093 4740 1179 4795 semel
1191 4740 1273 4806 mori,
1290 4747 1353 4810 post
1368 4740 1419 4794 hoc
1433 4746 1528 4795 autem
1539 4742 1687 4811 judicium,
1701 4761 1714 4794 s

80 4824 880 4904 facto:‹Utappareat,inquit,tultuiDei.›ProIndenon
921 4831 1021 4884 deiude
1042 4829 1117 4891 dicit,
1141 4830 1175 4882 Et
1194 4829 1280 4881 semel
1303 4836 1439 4891 mortuus,
1464 4831 1531 4900 «pria
1545 4847 1603 4884 una
1625 4839 1715 4886 morte

88 4921 323 4987 excalceatum,
339 4921 485 4976 sedetiam
501 4939 533 4977 ex
548 4921 676 4991 ingressu
692 4937 751 4974 rem
767 4936 879 4973 venera·
919 4917 1214 4989 redcrnptiofactaest.
1225 4940 1236 4963 ιι
1249 4917 1413 4971 Institutum
1424 4924 1474 4983 est,
1487 4919 1715 4989 inquithombri-

91 4996 210 5065 hiliorem
223 5011 300 5067 facit.
315 5012 379 5066 Non
394 5011 469 5066 enim
488 5010 661 5081 simpliciter,
679 5009 753 5063 sieut
770 5009 815 5062 hic
829 5025 879 5079 per
918 5005 1303 5075 bussemelmorielloeergo
1311 5012 1363 5069 est,
1371 5007 1463 5060 Semel
1473 5013 1599 5060 rnortuus
1612 5015 1654 5061 est
1664 5026 1714 5078 pre

101 5090 164 5163 ‘Igna
177 5100 314 5171 quadam,
329 5100 379 5154 sed
393 5100 486 5171 ipsum
500 5099 651 5154 Dominum
666 5098 736 5151 vidit
750 5098 815 5151 illie.
831 5098 878 5151 ln·
919 5095 1058 5151 omnibus.
1071 5094 1143 5158 Quid
1153 5110 1219 5164 ergo
1230 5093 1241 5146 'l
1256 5110 1310 5147 riori
1323 5095 1383 5164 jam
1395 5094 1631 5148 rnorimnrmorte
1646 5097 1715 5150 illa?

103 5181 242 5259 beniquia
256 5188 446 5243 descensionis
458 5188 552 5258 gratia
567 5187 669 5257 ubique
680 5186 879 5240 Immiliadieta
919 5181 1235 5252 Illorimurqnidern,sed
1246 5197 1301 5235 non
1310 5181 1716 5254 permanebimusinilla,quod

10 5310 13 5343 ,
107 5276 246 5349 melquid
257 5279 318 5348 jam
329 5277 441 5332 miraris
451 5277 474 5332 si
487 5276 730 5348 interpellat,eum
741 5291 805 5329 eum
816 5292 879 5329 een·
920 5273 1005 5327 etiam
1021 5288 1111 5342 neque
1123 5270 1194 5323 mori
1204 5274 1256 5323 est.
1266 5270 1365 5325 blortis
1375 5271 1448 5324 enim
1462 5271 1590 5342 tyrannis
1601 5279 1630 5326 et
1640 5290 1716 5328 mors

22 5392 37 5423 a
106 5358 878 5436 dedederimeerdotemmnequeutfrequenteroue-
920 5378 1016 5416 resera
1027 5350 1716 5429 illaest,quandonu11·'1uan1pe1·rnirtiturmortius

10 5474 38 5523 ..¹
104 5456 135 5505 rat
144 5454 323 5526 semetipsum
336 5455 409 5510 sicut
422 5455 556 5526 pontifex,
576 5469 666 5523 neque
676 5454 705 5506 in
719 5452 880 5506 manufacta
920 5451 955 5505 ad
971 5451 1057 5504 vitam
1068 5448 1187 5501 reverti:
1202 5446 1312 5518 quamdo
1328 5464 1392 5500 roro
1412 5454 1608 5518 postmortem
1623 5451 1716 5506 viren-

10 5544 40 5591 ῠ
100 5543 332 5615 turmingressus
341 5548 394 5610 est,
406 5543 507 5616 inquit,
518 5543 645 5598 Christus
655 5541 827 5611 exemplaria
836 5557 880 5594 ve·
920 5539 1101 5597 dumerit,ct
1115 5537 1200 5592 vitam
1219 5536 1373 5597 mellorem,
1390 5543 1500 5591 nonest
1514 5540 1715 5595 mamillased

283 5643 418 5704 Parnon.
433 5642 511 5704 CXII
1520 5636 1558 5698 25
