3786 6128
130 320 188 379 685
378 322 667 380 encaemorum
687 325 726 381 ΙΝ
745 324 823 382 ΕΡΡ.
844 326 952 383 PAULI
975 330 1043 383 LIB.
1065 326 1148 384 XXV.
1174 360 1206 372 -
1229 331 1268 386 IN
1289 330 1554 391 EPISl'.nD'r1T.
1633 350 1638 365 “
1733 338 1785 393 tidli

127 450 227 508 seret,
236 449 271 498 ut
280 445 368 499 etiam
379 446 583 503 Pnamaeomm
592 457 622 503 et
635 451 753 504 multem
770 459 879 521 partem
895 453 1029 523 portion
1045 455 1211 508 notissimus
1231 455 1304 508 illius
1323 457 1388 517 Liae,
1415 465 1442 512 et
1461 458 1626 513 ancillarum
1647 461 1737 527 liberi,
1754 463 1783 517 ln

118 533 188 612 puli
199 534 399 599 conturbaret,
408 534 805 610 itautsdDoriuinumquoqne
814 548 943 594 nostrum
985 550 1080 596 monte
1096 542 1183 595 Hebal
1199 550 1353 613 ponuntur,
1361 553 1394 599 ut
1402 549 1572 602 maledicent
1586 549 1626 602 eis
1637 549 1684 618 qui
1698 551 1784 604 mele

118 622 360 684 reterreturhaec
368 626 499 695 questio:
513 626 607 681 «Licet
616 629 718 683 Caesari
730 629 797 683 dero
806 630 944 684 tributum
985 631 1106 685 dictione
1115 637 1182 685 sunt
1190 630 1364 703 digniwent.
1376 640 1470 705 xrvn).
1478 637 1615 707 lLongurn
1624 643 1668 691 est
1676 638 1699 691 si
1709 650 1785 693 nunc

119 726 165 774 nm
180 712 270 765 noni
287 730 302 765 r
320 714 426 777 (stetin.
446 732 515 781 xxu3
532 718 618 771 Mors.
634 721 673 777 x.)
684 718 793 781 Quibus
808 718 945 773 Dominus
987 726 1153 774 enumerent
1170 722 1310 790 quomodo
1328 723 1423 789 Jsoob,
1444 726 1492 796 qul
1508 726 1543 779 ad
1563 726 1785 782 benedictionem

117 800 297 884 prudenter
306 809 443 873 cauteque
458 806 640 876 respondens,
653 807 709 860 ait:
724 825 737 859 e
754 806 872 861 Reddite
885 822 947 878 quae
987 815 1132 863 vocaverat
1143 808 1214 863 lilios
1224 810 1487 868 ‹cenxmmteonsz
1502 839 1514 861 a
1525 820 1558 869 at
1568 808 1786 871 benedlcsmvo·

120 896 202 953 aunt
223 890 349 945 Caessris
365 892 478 959 Csssri,
493 899 523 948 et
541 911 603 965 quse
623 901 690 949 sunt
705 896 756 949 [lei
774 897 841 950 ilco.
864 897 947 950 »Oui
988 898 1168 968 bis,»postee
1176 899 1257 968 quasi
1267 899 1297 954 in
1306 899 1499 957 benedictione
1508 905 1657 964 consociet,
1672 915 1688 957 t
1701 905 1787 959 mele-

123 979 323 1049 responsioni
335 981 438 1035 Paulus
447 984 597 1053 Apostolus
607 1000 763 1053 congruens
774 985 863 1051 docet,
873 983 948 1055 prin·
988 987 1079 1041 dictus
1091 986 1171 1041 teror
1180 1002 1287 1047 eorarn,
1300 991 1367 1059 quie
1380 1004 1491 1061 procsx,
1507 1010 1518 1043 r
1535 1000 1566 1046 et
1578 993 1638 1064 ipse
1648 993 1786 1050 mnibus

126 1067 286 1139 cipatibus
298 1075 327 1122 et
338 1072 524 1140 potestatibus
537 1073 684 1127 credentes
695 1074 798 1127 debere
808 1090 870 1128 esse
884 1073 949 1128 snb-
989 1077 1121 1147 loquatur
1139 1076 1169 1130 in
1181 1076 1285 1130 Genesi
1301 1094 1308 1129 t
1326 1092 1339 1129 s
1356 1079 1507 1135 ldeledlots
1519 1088 1597 1136 terre
1610 1081 1640 1136 in
1654 1080 1787 1154 operibus

130 1164 232 1239 jectos
252 1176 258 1209 :
276 1158 360 1237 ἀρχαὶ
373 1162 476 1233 quippe
489 1178 550 1232 que
561 1165 694 1232 leguntur
708 1163 736 1217 in
746 1164 843 1218 Graeco
858 1164 948 1232 magis
988 1165 1045 1218 tuis
1059 1162 1137 1227 (deu.
1153 1168 1201 1234 ru).
1219 1181 1232 1218 r
1248 1166 1392 1222 llocnunc
1406 1174 1517 1224 tsnnrm
1530 1170 1634 1225 dixisse
1652 1168 1784 1237 sufficiet,

128 1255 318 1340 principatus
332 1270 418 1326 quarn
432 1252 574 1324 principes
589 1258 742 1317 sonanter
756 1254 847 1323 ipssm
861 1250 947 1322 signi·
988 1250 1062 1324 quod
1077 1253 1273 1324 blasphemare
1292 1254 1397 1311 christi
1410 1258 1563 1330 discipulos
1583 1272 1640 1314 nou
1661 1266 1787 1332 oportet3

135 1350 225 1410 fiant
248 1348 429 1414 potestatem,
450 1358 507 1396 non
526 1357 574 1394 eos
598 1342 646 1410 qui
668 1343 860 1412 in=potestate
880 1347 946 1395 sunt
988 1358 1039 1397 nec
1052 1342 1128 1413 qnod
1143 1342 1283 1398 additur«
1300 1360 1362 1399 esse
1376 1347 1512 1415 litigiosos
1526 1368 1537 1398 r
1553 1360 1605 1403 nos
1618 1355 1739 1420 oportet.
1757 1351 1788 1405 el

140 1432 283 1497 homines.
300 1433 356 1488 Sed
371 1433 438 1503 quia
452 1431 571 1489 dixerat,
597 1450 608 1481 ι
624 1432 744 1485 admone
758 1431 821 1484 illos
842 1431 947 1501 princi-
989 1433 1064 1485 enim
1079 1446 1176 1486 sumus
1190 1433 1241 1487 lilii
1256 1434 1333 1504 pacis
1348 1436 1513 1490 etrolumns
1526 1448 1612 1507 super
1625 1450 1678 1491 nos
1692 1448 1790 1509 pseeru

148 1521 257 1602 petibus
271 1530 302 1575 et
318 1519 503 1593 potestatibus
519 1518 646 1573 subditos
661 1535 731 1586 esse,
751 1540 762 1570 s
780 1526 891 1590 poterat
903 1520 948 1573 bis
990 1521 1174 1590 requiescere,
1192 1527 1220 1574 et
1233 1523 1401 1577 secessimus
1423 1525 1458 1577 sd
1473 1525 1631 1580 lernsslern
1647 1526 1790 1582 celestem

155 1612 197 1688 qai
208 1616 353 1665 tormenta
365 1608 518 1665 formident
532 1609 639 1663 occasio
652 1609 687 1663 nd
702 1608 863 1678 negandum
873 1609 946 1672 dari,
989 1611 1081 1679 (debr.
1101 1616 1158 1679 ru),
1178 1626 1240 1681 quse
1262 1627 1296 1665 ex
1316 1626 1384 1682 paee
1406 1627 1510 1668 nomen
1532 1615 1646 1686 sucipit,
1664 1629 1729 1670 oum
1746 1617 1790 1670 lds

160 1702 303 1770 tumjuxte
313 1698 438 1772 Apostoli
449 1699 557 1752 dictum
571 1714 602 1752 se
612 1703 772 1752 assererent
787 1694 950 1769 principati·
991 1698 1040 1769 qui
1054 1701 1175 1753 oderunt
1188 1712 1285 1770 pacem
1298 1699 1451 1756 habeamus
1460 1705 1652 1775 psoemffsst.
1665 1709 1746 1774 cm),
1762 1709 1792 1760 eb

165 1794 207 1844 bus
224 1798 250 1843 et
268 1789 455 1861 potestatibus
472 1803 533 1841 esse
549 1787 689 1857 subjectos
713 1791 742 1840 et
765 1787 856 1840 lacere
878 1773 1792 1865 quodssquentuminnobisest,cumomnibushominihnspscsll

174 1879 290 1949 juberent,
310 1884 460 1950 propterea
485 1876 615 1946 subjecit,
640 1897 650 1927 ι
676 1876 789 1930 obedire
813 1875 848 1929 ad
869 1890 953 1930 omne
994 1877 1091 1941 simus,
1113 1892 1169 1931 non
1188 1878 1281 1931 solum
1306 1892 1369 1932 corn
1388 1879 1532 1943 modestis,
1553 1881 1603 1935 sed
1621 1881 1708 1937 etism
1726 1896 1792 1939 eum

86 1950 90 1991 '¹
177 1968 343 2038 opusbonum.
362 1987 374 2017 ι
388 1968 417 2023 Si
427 1967 532 2021 bonum
543 1972 586 2019 est
597 1966 672 2036 quod
686 1966 819 2036 precepit
829 1966 953 2036 Impere-
994 1966 1114 2019 rixosis:
1131 1964 1198 2037 quia
1211 1967 1287 2020 nulls
1306 1967 1394 2021 virtus
1409 1974 1452 2022 est
1466 1969 1539 2022 terre
1554 1974 1733 2039 mansuetos3
1749 1971 1792 2026 lo-

179 2063 209 2110 lor
218 2064 241 2110 et
252 2072 364 2128 preses,
371 2056 497 2126 jubentis
508 2055 661 2124 obsequere
676 2055 814 2109 voluntati
828 2073 834 2115 ;
850 2054 953 2108 sivero
994 2070 1114 2124 cumque
1128 2054 1294 2121 nemesim,
1308 2068 1419 2110 ornnem
1434 2058 1614 2112 ostendentes
1628 2064 1793 2114 mensuetu-

181 2145 259 2199 nuum
277 2154 308 2200 et
332 2151 431 2200 contra
455 2146 544 2199 Deum
571 2144 655 2215 sepit,
675 2142 813 2215 responde
837 2144 862 2196 ei
882 2143 952 2196 illud
994 2144 1088 2196 dinem
1102 2144 1138 2197 ad
1151 2159 1250 2197 omnes
1267 2145 1405 2208 homines,
1426 2161 1482 2199 non
1501 2147 1576 2216 quod
1600 2160 1678 2201 rene
1693 2148 1794 2217 glorie

183 2233 317 2290 trictibus
337 2234 528 2306 apostolorum
552 2252 557 2287 :
579 2253 590 2284 ι
616 2232 737 2287 Obedire
757 2237 870 2302 oportet
894 2232 953 2286 Deo
994 2233 1133 2287 desiderio
1151 2248 1202 2286 nos
1215 2249 1278 2287 esse
1298 2240 1460 2288 mansuetos
1481 2234 1612 2289 omnibus
1630 2236 1793 2292 bominibus

186 2323 348 2396 malequam
369 2321 531 2377 horninibus
552 2324 622 2391 (Act.
640 2328 679 2385 r).
701 2341 713 2373 s
732 2323 792 2376 Hoc
805 2321 899 2392 ipsum
925 2325 954 2374 et
995 2321 1141 2375 ostendere
1160 2322 1333 2388 debeamus3
1360 2322 1408 2376 sed
1424 2323 1493 2376 dum
1517 2338 1614 2378 omnes
1632 2324 1749 2379 terimus
1764 2331 1794 2380 et

186 2411 300 2466 barris
322 2412 525 2482 intelligamus,
555 2411 602 2480 qui
625 2410 700 2481 apud
723 2411 852 2464 dominos
874 2416 951 2474 sunt,
994 2409 1103 2479 injuria
1117 2411 1271 2466 vicemnon
1287 2411 1476 2483 rependimus,
1492 2412 1553 2483 ipsa
1573 2428 1660 2483 opere
1679 2414 1793 2469 norton

186 2506 204 2549 et
218 2500 244 2554 de
260 2500 391 2555 uxoribus
417 2501 492 2570 apud
506 2499 590 2565 siros,
606 2508 637 2553 et
661 2500 696 2553 de
717 2498 784 2553 filiis
807 2499 882 2569 apud
900 2514 952 2569 ps·
994 2498 1131 2552 universis
1141 2498 1219 2553 liant.
1238 2501 1334 2554 Potest
1347 2501 1450 2571 aliquis
1465 2501 1501 2553 ob
1511 2502 1678 2571 jactantiam
1689 2509 1720 2556 ot
1733 2504 1792 2574 opi

187 2596 259 2653 rues,
277 2591 353 2661 quod
368 2590 466 2643 inillis
483 2594 595 2643 tantum
616 2588 738 2642 debeant
756 2588 889 2653 dominis,
909 2588 952 2641 vi·
994 2587 1106 2641 nionem
1120 2589 1196 2658 vulgi
1209 2602 1365 2660 eurumque
1379 2589 1544 2659 popularem
1562 2589 1696 2645 emulare
1714 2592 1792 2662 apud

188 2675 381 2748 deperentibns
395 2694 457 2732 esse
475 2677 604 2748 subjecti,
620 2694 681 2747 quse
696 2684 794 2731 contre
807 2677 858 2731 Ilei
870 2692 952 2730 man-
995 2677 1130 2746 quosdam
1141 2678 1396 2743 mansuetudinem,
1408 2684 1437 2731 et
1447 2679 1553 2748 lingere
1562 2678 1728 2747 bonitatem,
1739 2681 1791 2735 sed

189 2764 232 2819 lm
250 2784 300 2823 non
318 2768 449 2824 veniunt.
468 2767 550 2830 Quod
565 2782 631 2820 vero
650 2766 786 2837 sequitur,
807 2786 817 2816 ι
839 2772 954 2836 paratos
995 2765 1043 2819 ubi
1058 2781 1114 2819 non
1128 2772 1172 2820 est
1184 2781 1259 2829 sere,
1267 2773 1296 2819 et
1308 2766 1478 2836 genuinmet
1491 2767 1792 2836 selidsmansnetudo,

189 2867 256 2918 essm
269 2857 417 2928 dupliciter
437 2856 595 2926 legendum,
613 2863 646 2909 ut
659 2855 701 2909 vel
719 2854 905 2910 subaudietur
918 2855 954 2910 ed
996 2855 1088 2908 nescio
1115 2870 1152 2909 an
1179 2870 1245 2909 oum
1272 2870 1334 2909 esse
1351 2861 1530 2910 merssuetmn
1554 2856 1643 2927 possit
1664 2859 1796 2913 omnbus

190 2956 244 2998 snus
256 2962 323 3018 opus
336 2945 441 3027 bonum
459 2950 573 3016 paratos
590 2960 661 3010 esse,
678 2945 721 2998 rel
736 2950 890 2999 certorum
905 2960 953 2999 su·
995 2944 1170 3014 persuaderi.

188 3032 309 3096 tenoribus
328 3034 468 3105 copulato,
490 3035 544 3087 hoc
566 3034 641 3104 quod
662 3035 726 3087 sit:
751 3033 900 3087 ‹Obnlire
915 3033 950 3087 ad
1031 3033 1176 3087 «Fuimus
1195 3032 1272 3086 enim
1291 3033 1442 3104 aliquando
1463 3040 1493 3088 et
1515 3049 1566 3090 nos
1585 3022 1675 3099 stnld,
1695 3036 1794 3099 inobe-

185 3130 240 3175 tnne
250 3138 316 3194 opus
325 3123 463 3197 bonumir
476 3129 505 3176 ct
516 3123 661 3192 hucusque
675 3123 766 3189 linito,
782 3121 863 3192 quasi
873 3121 950 3176 eliud
961 3097 1007 3172 Gr
1021 3121 1139 3186 dieums,
1154 3129 1290 3188 errantes,
1303 3123 1454 3177 servientes
1464 3123 1619 3189 desideriis,
1632 3125 1794 3196 etvolupte-

183 3212 294 3280 tmpn'um
303 3212 461 3283 etspeciole
471 3217 643 3282 preceptum
650 3211 696 3279 sit,
707 3216 839 3282 «paratos
847 3226 908 3265 esse
920 3228 925 3263 :
937 3228 950 3261 r
995 3231 1006 3260 s
1022 3210 1098 3264 tibus
1109 3211 1201 3274 variis,
1209 3212 1239 3264 in
1250 3211 1358 3264 malitia
1367 3212 1433 3265 etin
1443 3211 1548 3266 insidis
1558 3219 1684 3283 egentes,
1692 3213 1792 3280 odiosi,

177 3290 238 3355 iun
247 3300 564 3372 illudquodinlevitico
577 3301 712 3372 scripturn
724 3300 949 3366 est(heait.xv1)‚
995 3317 1008 3349 r
1023 3299 1150 3353 odientes
1165 3300 1343 3354 atterutrum.
1362 3320 1373 3349 r
1390 3300 1494 3367 (Amo.)
1505 3301 1545 3367 si,
1558 3301 1661 3372 inquit,
1678 3309 1794 3373 prepter

86 3386 88 3395 '
180 3382 284 3443 ‘dimin
295 3389 649 3460 quiemittiturmaledicta
657 3389 753 3460 populi
764 3389 956 3444 sustinentem
992 3387 1167 3458 impietatem
1178 3402 1245 3442 eum
1262 3388 1333 3454 odis,
1350 3404 1458 3441 memor
1472 3395 1543 3453 esto,
1560 3391 1694 3460 quoniam
1708 3397 1794 3447 enm

172 3468 372 3533 &sommum
382 3477 504 3532 hominis
515 3478 615 3548 parati.
625 3495 639 3530 r
649 3478 677 3532 si
688 3478 750 3548 quis
760 3493 827 3548 ergo
837 3484 953 3547 paratus
994 3477 1065 3530 tetes
1079 3492 1192 3529 eremus
1204 3492 1314 3530 omnes.
1326 3476 1401 3530 Rene
1412 3483 1507 3530 autem
1518 3478 1622 3548 adjecit
1633 3478 1795 3533 dieensods'·

168 3565 953 3642 Qtutoeprumpompsgum[dnompssiosltenestetedu-
996 3567 1069 3628 bites,
1087 3566 1140 3618 hoc
1153 3572 1197 3618 est
1217 3565 1295 3634 digni
1312 3577 1426 3619 emmas
1448 3566 1531 3629 odiri,
1548 3566 1596 3619 sed
1615 3580 1672 3620 uon
1698 3567 1795 3638 utique

163 3656 212 3705 cat
220 3653 292 3710 illum
303 3658 333 3711 in
344 3656 488 3710 desertum
500 3663 531 3709 et
544 3655 581 3709 ibi
591 3671 657 3710 euin
667 3655 820 3726 disperdet,
828 3660 856 3708 et
868 3668 955 3725 quan·
997 3653 1156 3707 volebamus
1175 3653 1257 3707 odiri.
1277 3655 1377 3719 (Hiera
1395 3653 1510 3716 Qamrst
1529 3654 1631 3724 eliqnis
1655 3656 1797 3726 quomodo

158 3732 223 3795 tliris
240 3745 268 3798 in
294 3761 324 3798 se
349 3752 392 3798 est
409 3752 486 3799 sorte
507 3744 712 3798 maledictionis
733 3744 909 3808 exterminet
931 3743 954 3795 si
995 3743 1099 3797 Paulus
1112 3742 1198 3796 luerit
1210 3742 1322 3807 stultus,
1335 3742 1503 3807 incredulus,
1516 3758 1615 3797 errans
1631 3749 1660 3796 et
1671 3744 1796 3799 aerrieus

153 3830 222 3885 Qu
233 3832 369 3888 obedierit
382 3835 459 3888 omni
472 3835 549 3904 operi
566 3833 638 3887 bono
657 3833 743 3887 etiem
759 3840 874 3903 perstas
889 3833 952 3885 erit.
995 3831 1080 3884 seriis
1099 3830 1256 3895 desideriis,
1274 3837 1303 3884 et
1324 3830 1514 3901 voluptatibus
1534 3831 1563 3884 iu
1586 3832 1705 3895 rnalitie,
1720 3840 1751 3886 et
1764 3833 1799 3887 ist

147 3897 250 3975 Potes
270 3929 368 3976 autem
382 3929 410 3976 et
428 3923 512 3977 aliter
532 3921 619 3992 accipi
641 3927 782 3991 «paratos
802 3937 900 3986 esse»
923 3925 956 3974 ut
996 3919 1109 3980 invidia,
1138 3920 1251 3972 odiosus
1284 3925 1312 3972 et
1336 3919 1443 3985 odiens,
1469 3925 1622 3990 antequem
1643 3921 1796 3976 Sslrstoris

141 4003 249 4064 “mnia
264 4027 440 4082 quecunque
455 4011 567 4065 evenire
586 4024 714 4081 possunt,
731 4010 784 4064 sibi
806 4012 836 4064 in
860 4010 955 4064 enimo
996 4009 1085 4063 nostri
1095 4008 1206 4062 bonitas
1220 4013 1305 4079 etque
1317 4008 1468 4062 clementia
1480 4025 1530 4079 per
1543 4010 1685 4064 lavacrum
1693 4026 1795 4065 secum

135 4090 343 4171 Ptsfigurent,
359 4107 390 4155 et
408 4116 475 4154 curn
492 4099 655 4166 acciderint,
672 4099 743 4152 nihil
759 4099 837 4169 quasi
853 4113 956 4152 nomm
997 4097 1039 4150 doe
1056 4097 1247 4166 generationis
1261 4112 1327 4150 eum
1339 4096 1448 4150 salvum
1465 4096 1578 4163 laceret,
1595 4114 1651 4152 non
1667 4114 1699 4152 ox
1711 4099 1798 4168 justi·

130 4178 376 4251 Quassatam
385 4190 426 4243 eis
435 4188 656 4260 preparatssint
665 4188 771 4241 omnia.
782 4208 794 4238 ι
806 4187 956 4241 Neminem
997 4186 1043 4240 tim
1056 4186 1260 4256 operibusque
1274 4186 1379 4239 feceret
1396 4205 1401 4238 :
1416 4186 1466 4240 sed
1483 4203 1516 4240 ex
1528 4187 1723 4242 misericordie
1734 4204 1797 4255 sira,

130 4270 265 4348 quoque
276 4277 472 4349 blasphemare
483 4292 560 4331 »non
574 4276 741 4347 simpliciter
750 4276 895 4345 accipitur,
904 4291 957 4329 nec
998 4276 1084 4329 effuso
1091 4275 1269 4329 abundanter
1278 4281 1306 4329 et
1316 4276 1394 4345 large
1406 4290 1489 4346 super
1499 4277 1641 4345 apostolos
1650 4277 1798 4331 etcredea·

127 4360 230 4420 enin
256 4367 306 4431 ait,
334 4367 477 4421 neminem
500 4367 642 4420 hominem
673 4365 876 4435 blasphemare,
906 4364 955 4418 sed
997 4370 1101 4435 teoper
1114 4366 1209 4418 Jcsum
1223 4364 1367 4418 Christum
1385 4365 1492 4434 Spiritu
1505 4371 1611 4427 macto,
1627 4371 1661 4418 ut
1678 4365 1799 4420 heredi·

130 4443 281 4510 absolute
290 4455 444 4517 omninem,
455 4472 512 4510 non
523 4456 665 4524 angelum,
679 4471 735 4508 non
746 4454 869 4524 aliquam
879 4414 988 4507 crea-D
997 4458 1085 4506 tatem
1091 4453 1190 4523 gratim
1199 4453 1350 4517 consecuti,
1360 4469 1439 4522 spem
1452 4452 1514 4506 vite
1522 4451 1726 4522 inperpetuum
1736 4469 1798 4523 pos·

133 4532 250 4598 turem
259 4544 310 4599 Dei
324 4545 439 4599 :omnia
451 4545 622 4616 quippequse
635 4560 653 4597 a
665 4543 723 4598 Deo
737 4542 807 4596 sacti
823 4551 891 4597 sunt
901 4543 957 4596 rel·
997 4542 1130 4595 siderent.
1144 4542 1179 4595 Et
1193 4548 1269 4596 certe
1282 4541 1474 4611 legimuseum
1489 4541 1645 4595 secundum
1656 4541 1799 4612 tustinum

138 4615 195 4680 de
217 4632 289 4687 bons
305 4639 383 4687 sunt.
403 4634 522 4697 Quando
540 4633 658 4688 hfichael
682 4632 868 4702 archangelus
894 4647 957 4685 cum
999 4646 1061 4700 quse
1083 4630 1113 4684 in
1136 4630 1198 4700 lege
1217 4629 1337 4683 estsine
1358 4628 1472 4699 querele
1495 4629 1581 4683 titisse
1603 4630 1802 4686 circumcisum·

144 4706 267 4775 diabolo
275 4721 439 4792 disputabat
447 4722 483 4776 de
490 4722 595 4793 Moysis
605 4737 730 4792 corpore,
739 4738 795 4775 non
808 4720 861 4775 tuit
873 4736 959 4775 ausus
1000 4726 1098 4773 octava
1111 4719 1167 4781 die,
1184 4719 1333 4772 Hebraeum
1344 4735 1379 4772 er
1393 4717 1528 4784 llehrseis,
1540 4719 1695 4775 secundum
1708 4720 1801 4792 legem

151 4792 406 4880 intemjudiu'um
419 4810 609 4882 blasphemis,
622 4811 670 4865 sed
678 4811 757 4876 dixit,
773 4809 894 4880 imperet
908 4809 959 4863 tibi
1000 4807 1266 4873 Pharieaeumtl’bit.
1284 4813 1334 4872 iul,
1345 4807 1381 4862 de
1393 4807 1469 4861 tribu
1481 4808 1641 4878 Beniamin,
1655 4809 1801 4865 audium

159 4882 235 4951 Ileus
248 4900 348 4965 Unde,
364 4897 402 4965 9t.
421 4919 433 4951 r
451 4900 480 4954 Si
494 4899 582 4971 igitur
598 4900 716 4954 Michael
730 4916 787 4953 non
806 4899 859 4952 suit
873 4914 960 4952 susus
1002 4897 1036 4950 ad
1050 4897 1136 4967 pedes
1158 4896 1330 4962 Gemelielis,
1348 4901 1378 4951 et
1396 4896 1431 4950 ab
1451 4896 1570 4951 infantis
1590 4898 1677 4952 eserie
1695 4898 1800 4954 litteris

167 4972 321 5049 B‘libolomt
329 4995 406 5042 certe
419 4989 617 5044 meledictione
631 4988 807 5059 dignissimo,
821 4987 961 5058 judicium
1002 4985 1163 5040 institutum
1176 5005 1182 5047 ;
1196 4987 1233 5040 ad
1244 4986 1317 5055 quod
1332 4985 1528 5058 respondetur,
1540 4985 1661 5051 tunsos,
1673 4987 1800 5057 quiante

176 5062 261 5130 ¹ditare
274 5076 582 5149 blasphemie,quento
597 5077 687 5148 magis
703 5094 754 5131 uos
767 5077 802 5130 ab
813 5077 890 5131 omni
900 5093 960 5129 ma·
1002 5075 1152 5130 adventum
1168 5075 1320 5128 Salvatoris
1335 5081 1364 5128 et
1377 5074 1538 5144 passionem
1552 5075 1614 5143 ejus
1629 5081 1658 5128 et
1671 5090 1800 5130 resurre-

183 5152 261 5218 lttitto
281 5166 347 5237 puri
369 5182 430 5221 esse
453 5166 616 5220 debemus?
639 5167 801 5220 Merebatur
828 5165 962 5219 Diabohrs
1003 5165 1124 5219 ctionem
1137 5163 1350 5233 integerersati
1364 5169 1439 5229 sunt,
1451 5162 1582 5217 lieetnon
1596 5163 1801 5233 phasmate-

188 5250 350 5319 usmetum,
361 5254 411 5309 sed
422 5272 473 5327 per
481 5272 513 5309 os
521 5256 690 5325 Archangeli
701 5255 872 5326 blasphemia
887 5254 963 5308 exire
1004 5270 1068 5308 uren
1077 5254 1171 5323 aliqua
1180 5270 1213 5307 ex
1223 5258 1303 5322 perte
1313 5250 1678 5320 habuesejustitiansieut
1685 5252 1800 5309 Simeon

190 5341 332 5398 messuit
344 5345 448 5414 Rclege
456 5350 565 5399 veteres
576 5344 671 5410 libros,
684 5351 713 5398 et
722 5345 784 5397 vide
796 5361 856 5414 ques
872 5343 962 5398 tribus
1003 5358 1114 5412 quoquc
1122 5347 1152 5395 et
1160 5341 1399 5411 Annsprophetes
1410 5340 1440 5394 in
1449 5340 1613 5410 temploilei
1624 5342 1750 5399 serviens
1756 5347 1801 5398 est

187 5422 301 5487 huense
322 5433 437 5488 Gerizim
455 5434 616 5488 constitutae
632 5434 699 5500 sint,
715 5443 746 5488 ut
767 5433 964 5487 benedicerent
1005 5438 1128 5501 reperta,
1138 5436 1357 5500 postqusmvero
1370 5429 1696 5499 populnsconelamssit:
1711 5433 1802 5489 ‹eru-

187 5520 276 5587 ttwlo,
298 5528 329 5577 et
357 5539 420 5593 quse
439 5523 470 5578 in
489 5528 585 5578 monte
599 5523 689 5577 sltem
711 5527 743 5576 ut
764 5522 965 5576 nsaledicerent
1004 5519 1233 5590 slogeemcinge
1243 5517 1800 5588 eum3nonhabo1nusregemnisi0ese·

183 5604 275 5677 Rutu,
289 5611 340 5683 qni
351 5611 543 5669 mereret
554 5613 670 5668 dorum
682 5611 817 5684 parentia
833 5616 864 5667 et
873 5610 964 5666 Zebu-
1005 5610 1218 5680 remtloonm)
1227 5624 1255 5662 :r
1264 5614 1306 5663 et:
1317 5608 1803 5680 «Ssngumeinssupernosstsuper
