3772 6120
122 336 187 396 1523
414 332 445 386 u.
467 329 601 386 anunm
622 327 736 383 MAURl
759 327 928 382 nectitur.
948 327 1110 385 MOGUhT.
1131 325 1278 382 OPERUM
1297 324 1389 380 PARS
1409 324 1460 380 111.
1690 323 1756 381 1514

116 462 266 534 qnisquam
290 462 382 531 potest
393 456 487 509 dicere
502 453 714 508 obdurationem
735 452 812 506 illam
827 452 949 514 cordisA
959 459 1109 509 mereatur.
1120 454 1218 524 ltaque
1229 450 1320 522 inquit
1329 468 1357 503 :n
1368 449 1411 505 Tu
1419 449 1484 520 quis
1494 448 1580 518 esqui
1591 446 1756 518 respondeas

119 549 260 605 irnrneritn
274 546 407 600 accidisse
423 541 572 608 Pharaoni,
591 542 639 595 scd
652 541 758 613 iudicio
771 541 822 596 Dei
837 541 915 595 ratri·
958 564 972 599 r
987 541 1190 612 Deoih'unquid
1202 539 1269 595 dicit
1277 538 1475 609 figmentumei
1485 537 1533 608 qni
1550 554 1582 590 se
1596 536 1757 602 hrrxitQua-

120 637 232 692 buentis
243 632 432 689 incredulitati
440 633 501 702 ejus
514 630 636 685 debitam
647 646 768 701 paenam.
783 630 918 700 Nonergo
960 654 974 688 ι
990 651 1020 689 re
1035 633 1075 687 sic
1090 647 1135 685 me
1153 629 1240 684 fecisti
1251 630 1316 683 1Αιι
1330 645 1386 682 ηοιι
1406 627 1494 682 habet
1507 630 1680 697 potestatem
1693 626 1758 696 fign-

121 727 174 781 hoc
202 725 242 780 illi
268 725 435 795 imputatur,
453 720 526 791 quod
542 726 608 774 tunc
623 735 680 773 non
707 717 918 790 obtemperarit,
963 725 1035 777 elus
1050 721 1102 777 luti
1126 736 1157 774 ex
1181 719 1280 772 cadem
1295 716 1495 788 conspersione
1512 731 1565 768 vas
1579 714 1672 768 iacere
1686 714 1757 769 aliud

122 812 352 886 quandoquidem
363 810 500 864 obdurato
511 809 594 863 corde
605 807 798 878 obtemperare
807 823 863 860 non
873 823 921 878 po-
964 832 975 861 «
993 811 1106 882 quidem
1116 808 1144 861 in
1157 808 1300 872 honorem,
1312 805 1389 859 aliud
1400 805 1430 858 in
1442 802 1654 858 contumeliam
1664 802 1761 872 ttrite.

27 904 30 909 ’
121 909 198 958 terat
210 921 216 955 :
234 901 283 955 sed
292 900 360 971 quia
369 899 484 968 dignum
496 914 526 951 se
539 896 667 968 praebuit,
683 896 728 950 cui
742 912 790 949 cor
803 894 922 951 obdura·
964 921 975 952 ι
993 916 1062 954 erra
1074 896 1158 959 20)»
1182 895 1310 960 Quandiu
1331 896 1499 964 segmentum
1514 909 1556 957 es,
1575 891 1679 962 iuquit,
1690 898 1718 945 et
1729 891 1762 946 ad

122 997 202 1047 retur
216 989 303 1062 priori
313 988 489 1042 infidelitate.
503 988 535 1040 ln
550 985 593 1039 his
605 985 838 1056 enimquosilcus
845 985 921 1055 juste
961 1004 1084 1044 massam
1098 985 1150 1039 luti
1166 984 1299 1056 pertines,
1317 983 1442 1053 nondum
1467 981 1623 1052 perductus
1637 979 1673 1034 ad
1688 980 1763 1051 spiri·

50 1104 51 1108 ¹
123 1082 249 1144 damnat,
261 1077 411 1132 infidelitas
425 1081 454 1130 ct
468 1076 599 1145 impietus
613 1075 745 1129 inchoant
762 1091 850 1145 poenae
865 1089 922 1127 me-
961 1077 1039 1143 talia,
1056 1083 1088 1130 ut
1101 1075 1140 1129 sis
1155 1072 1288 1145 spiritalis
1303 1071 1398 1125 omnia
1411 1069 1554 1140 iudicans,
1571 1074 1636 1122 cta
1657 1069 1763 1124 nemina

124 1170 221 1233 ritum,
232 1173 263 1222 ut
275 1183 326 1238 per
343 1166 432 1236 ipsam
446 1181 555 1236 penam
568 1164 653 1217 ctiam
667 1163 740 1218 ruule
750 1168 920 1234 operentur;
961 1163 1104 1238 judiceris,
1116 1162 1246 1217 cohibeas
1256 1168 1284 1215 te
1295 1158 1451 1231 oporteteh
1467 1157 1635 1228 hujusmodi
1650 1156 1761 1228 inquisi-

125 1258 199 1313 sicnt
213 1261 240 1310 et
257 1255 386 1326 superius
402 1254 474 1307 idem
499 1253 567 1306 dicit
585 1252 753 1323 Apostolus:
775 1271 786 1302 ι
804 1251 839 1305 Et
853 1267 923 1322 quo·
964 1255 1049 1320 tione¹
1063 1257 1092 1306 et
1106 1250 1346 1321 nonrespondeas,
1356 1249 1423 1309 Deo,
1436 1245 1684 1317 cujusconcilinm
1694 1246 1764 1317 qnia-

128 1346 239 1400 nmodo
256 1360 310 1398 non
324 1342 616 1414 probaveruntDeum
641 1339 670 1395 in
693 1339 922 1405 notitiahabere,
965 1359 1029 1415 que,
1041 1341 1112 1396 scire
1134 1339 1260 1410 cupiens,
1288 1343 1399 1409 oportet
1413 1342 1446 1390 nt
1460 1337 1542 1407 prius
1556 1334 1586 1389 in
1599 1336 1665 1405 ejus
1675 1334 1762 1389 amici·

128 1456 141 1487 a
159 1433 276 1488 tradidit
287 1432 431 1486 illosDeus
441 1431 470 1484 in
481 1429 631 1500 reprobum
646 1445 769 1492 sensum,
781 1428 927 1482 utiaciant
964 1433 1035 1488 tiam
1052 1429 1213 1500 recipiatur,
1244 1427 1318 1498 quod
1343 1425 1509 1495 contingere
1523 1423 1579 1477 nisi
1595 1422 1763 1495 spiritalibus

128 1547 138 1573 ι
156 1539 265 1593 eaquae
281 1537 337 1575 non
354 1520 525 1575 courcniunt
539 1521 622 1585 (llorn.
645 1535 681 1585 rx,
698 1517 751 1586 18).
770 1537 782 1569 ι
799 1517 924 1588 Quapro·
965 1524 1135 1591 nonpotest3
1146 1519 1206 1588 jam
1217 1516 1395 1589 portantibus
1405 1515 1563 1585 imaginem
1577 1512 1701 1568 coelestis
1715 1513 1761 1568 he·

126 1611 235 1684 ptorita
244 1609 387 1663 concludit
396 1608 562 1679 Apostolus:
582 1630 593 1657 ι
612 1607 802 1678 Ergocuirult
812 1605 925 1661 miscre-
964 1607 1090 1663 minis«
1119 1609 1180 1662 Jarn
1196 1606 1281 1670 enim,
1298 1605 1399 1676 inquit,
1413 1621 1470 1658 non
1493 1603 1590 1658 dicam
1604 1618 1763 1669 rossenac

129 1704 330 1769 ntur,etquem
341 1697 544 1752 mhindurat·
559 1696 646 1764 (Oria.
655 1698 686 1750 iu
695 1696 827 1764 Epistcd
836 1696 922 1760 liora,
967 1715 980 1750 a
996 1696 1045 1751 sed
1060 1695 1174 1751 amicus.
1188 1693 1290 1749 Omnia
1304 1693 1379 1748 enim
1390 1709 1453 1764 quae
1468 1692 1569 1748 audiri
1582 1707 1600 1744 a
1612 1692 1697 1747 Patre
1709 1707 1765 1745 mee

128 1806 152 1842 c.
163 1788 202 1853 u.)
219 1786 323 1850 «Quod
338 1785 521 1849 autemdicit,
531 1803 543 1837 e
553 1785 626 1855 Ergo
642 1784 686 1839 cui
700 1769 957 1847 vultiniseretur,B
968 1804 981 1839 ι
992 1792 1060 1841 nota
1073 1784 1126 1839 ieci
1139 1783 1216 1839 robis
1232 1785 1323 1852 (doen.
1350 1799 1394 1847 xv,
1413 1782 1465 1848 15).
1485 1801 1497 1830 ι
1526 1779 1664 1846 Quandiu
1679 1779 1768 1851 itaque

129 1895 143 1929 ιι
158 1881 187 1930 et
197 1892 280 1946 quem
292 1876 352 1928 vult
370 1873 492 1939 indurat,
509 1893 519 1923 ι
533 1890 566 1927 ex
576 1873 620 1927 his
636 1889 697 1944 quae
711 1873 740 1927 in
754 1873 847 1927 Exodo
861 1871 928 1926 scri-
967 1873 1102 1943 rasfiguli
1113 1889 1153 1938 es,
1166 1871 1368 1926 conterendum
1384 1871 1488 1924 estlroc
1500 1870 1597 1940 ipsum
1611 1869 1642 1923 in
1658 1875 1686 1923 te
1696 1869 1768 1941 prius

129 1971 177 2036 pta
198 1969 264 2018 sunt
276 1963 386 2017 ridetur
399 1979 550 2016 assumere.
569 1960 610 2016 lbi
624 1961 699 2015 enim
714 1961 782 2016 dicit
797 1979 803 2014 ε
818 1981 830 2013 u
845 1961 928 2016 lndu-
969 1962 1047 2033 virga
1056 1962 1104 2016 illa
1117 1961 1218 2027 serreu,
1232 1961 1268 2015 de
1283 1977 1338 2031 qua
1348 1960 1456 2013 dictum
1469 1965 1534 2012 est:
1550 1975 1564 2007 n
1579 1958 1673 2029 Reges
1685 1975 1732 2013 eoa
1741 1957 1769 2014 iu

132 2052 224 2106 orabo
233 2068 280 2105 cor
290 2051 491 2116 Phar·nonis,ut
500 2067 535 2105 ne
553 2050 680 2105 dimittat
689 2050 926 2121 populumOEaod.
971 2051 1078 2120 «virga
1092 2049 1192 2112 ferrea,
1212 2055 1241 2104 et
1269 2056 1404 2120 tanquam
1432 2065 1481 2101 ras
1509 2048 1592 2117 siguli
1619 2046 1769 2118 consenga

130 2158 143 2193 a
166 2156 202 2194 rr.
214 2139 271 2208 11).
291 2159 301 2190 ι
321 2138 509 2194 indurabatur
523 2144 617 2193 autem
645 2155 693 2193 cor
707 2139 863 2193 Pharaonis
877 2138 929 2193 hoc
971 2138 1240 2209 accelerarunt),
1260 2158 1271 2191 ι)
1288 2144 1319 2192 ut
1338 2142 1472 2208 corrupto
1493 2136 1767 2203 exteriorehomiue‚

130 2229 212 2284 modo
234 2228 331 2282 Noluit
345 2229 419 2282 Deus
434 2227 556 2283 subitam
569 2233 598 2282 et
610 2228 722 2299 plenam
737 2228 804 2282 dare
818 2226 848 2281 in
863 2243 928 2281 euru
970 2235 999 2283 et
1015 2228 1149 2284 interiore
1165 2228 1306 2295 innovato,
1323 2225 1413 2298 possis
1427 2226 1457 2280 in
1471 2225 1617 2280 clamitate
1632 2225 1769 2281 mutam

131 2316 294 2373 vindictam.
308 2317 442 2380 Quamvis
455 2317 530 2371 enim
549 2322 624 2371 esset
633 2320 832 2371 consummatae
847 2315 928 2370 mali-
969 2324 998 2372 et
1010 2318 1144 2373 fundatus
1162 2316 1397 2388 comprehendere
1412 2315 1608 2380 latitudinem,
1623 2313 1769 2386 longitudi-

131 2406 187 2472 tire,
208 2411 302 2460 minen
324 2422 375 2476 per
389 2405 554 2476 patientiam
573 2422 654 2459 sunm
670 2405 744 2460 Deus
759 2422 809 2460 nec
824 2405 876 2475 ipsi
890 2405 929 2459 sa·
969 2423 1045 2474 nem,
1060 2405 1247 2472 altitudinem,
1261 2411 1289 2460 et
1302 2404 1484 2476 profundum,
1498 2419 1672 2474 cognoscere
1688 2403 1768 2459 etiam

129 2496 263 2549 cultatem
279 2494 632 2553 conversioniscrcluserat
645 2513 651 2550 :
666 2500 696 2549 et
710 2494 771 2549 idco
783 2493 874 2565 primo
888 2494 930 2549 lc·
970 2495 1238 2567 supereminentiam
1249 2493 1373 2548 scientie)
1383 2492 1533 2547 clraritatis
1553 2492 1672 2548 Christi.
1692 2493 1768 2548 Nune

132 2582 267 2647 moribus,
284 2589 344 2637 tum
361 2583 446 2637 etiam
464 2584 600 2656 paulatim
624 2582 880 2655 ingravescentibus
900 2582 930 2636 in
971 2585 1066 2655 itaque
1082 2600 1145 2638 curn
1160 2600 1193 2638 cx
1209 2583 1307 2638 cadem
1332 2582 1532 2653 conspersione
1546 2582 1626 2637 Deus
1639 2582 1696 2637 alia
1710 2598 1769 2637 vasa

136 2688 200 2726 cum
213 2670 373 2726 verberibus
387 2672 485 2727 utitur.
504 2672 558 2727 Sed
573 2672 648 2744 quod
663 2673 737 2727 licus
752 2671 868 2743 gerebat
881 2688 931 2743 per
971 2672 1001 2728 in
1015 2673 1151 2728 honorem
1160 2672 1299 2740 iacit,alia
1308 2673 1336 2726 in
1349 2671 1566 2736 contumeliam,
1578 2677 1685 2727 nonest
1695 2678 1769 2727 tunm

57 2804 63 2809 .
134 2759 308 2833 patientium,
322 2777 354 2814 ex
364 2761 415 2814 hoc
427 2760 665 2816 illeindurabatur
677 2760 712 2815 ad
727 2767 929 2831 contemptum.
972 2761 1120 2827 discutere,
1137 2761 1263 2834 quisquis
1277 2761 1430 2816 secundum
1454 2760 1589 2815 eumdem
1605 2761 1771 2833 conspersio·

136 2849 272 2918 majorem
286 2849 338 2903 sibi
359 2849 429 2903 iram
444 2851 606 2915 recondens,
623 2850 662 2904 ita
676 2856 708 2905 ut
721 2850 756 2904 ad
771 2850 863 2921 ipsum
877 2849 932 2904 dici
973 2867 1038 2906 nam
1052 2851 1144 2905 adhuc
1157 2851 1235 2913 viris,
1244 2850 1323 2904 idest
1333 2855 1446 2904 terreno
1460 2866 1548 2904 sensu
1564 2850 1718 2905 carnaliter
1730 2867 1770 2905 sa·

140 2939 365 2994 conveniatillud
376 2938 450 3009 quod
460 2938 751 3009 Apostolusscribitzr
768 2939 812 2993 lln
822 2938 933 2992 diritius
975 2941 1049 3012 pis.»
1064 2941 1151 3008 roric.
1165 2942 1193 2993 in
1210 2940 1295 3009 Epist.
1306 2940 1425 2994 erilium.
1440 2937 1480 3007 b.)
1497 2959 1509 2987 ι
1527 2938 1687 3009 Subiungit
1703 2939 1770 2994 enim

137 3027 411 3096 «honitatisejuset
424 3026 646 3096 longanimitatis
660 3027 838 3082 contemnis?
853 3028 933 3097 lgne-
973 3030 1034 3085 hac
1054 3029 1205 3100 Apostolus
1224 3045 1257 3083 ex
1276 3044 1396 3100 persona
1419 3027 1566 3081 contrarie
1593 3027 1740 3083 sentientis
1762 3045 1768 3081 z

138 3137 149 3167 ι·
167 3133 213 3169 ras
229 3114 361 3186 quoniam
373 3114 507 3185 patientia
518 3115 568 3168 hei
583 3120 611 3169 te
622 3115 658 3169 ad
672 3115 866 3186 penitentiam
882 3094 989 3171 rid-G«
1004 3117 1078 3172 Dicis
1093 3119 1187 3188 itaque
1202 3117 1271 3172 mihi
1286 3116 1353 3188 quid
1368 3116 1460 3170 adhuc
1476 3117 1637 3186 quaeritur?
1651 3118 1722 3173 Nam
1733 3133 1771 3171 rc

143 3203 257 3259 educit?
272 3202 430 3258 Secundum
447 3203 580 3257 duritiam
596 3210 692 3259 autem
708 3210 736 3258 et
746 3221 793 3258 cor
803 3204 933 3275 impoeni·
977 3230 986 3253 ι
1007 3207 1109 3261 lentati
1119 3207 1249 3278 eiusquis
1260 3206 1403 3260 resistitis
1416 3211 1470 3259 etc.
1491 3205 1646 3261 Voluntati
1666 3206 1769 3278 quiden

140 3312 153 3346 n
169 3298 232 3347 tens
244 3291 417 3347 thesaurizas
431 3291 481 3346 libi
492 3291 545 3364 ipsi
555 3292 625 3346 iram
641 3293 671 3348 in
680 3293 725 3347 die
737 3292 785 3346 irae
796 3293 827 3345 l»
845 3295 931 3361 (liora
974 3295 1024 3349 Dei
1034 3302 1140 3350 certum
1151 3295 1278 3367 estquod
1290 3294 1384 3349 nullus
1395 3293 1535 3349 obsistere
1546 3296 1640 3366 possit
1655 3314 1661 3349 :
1675 3295 1722 3350 sed
1731 3311 1770 3350 ro·

139 3399 153 3435 ι
167 3399 196 3448 ιι,
215 3381 256 3453 1.)
265 3382 328 3436 Νοιι
343 3397 409 3451 ergo
425 3397 508 3452 quem
523 3381 583 3435 vult
598 3382 673 3437 Deus
688 3382 810 3447 indurat,
823 3382 871 3436 sed
886 3383 934 3454 qui
975 3384 1113 3439 luntatcm
1122 3386 1183 3456 ejus
1190 3386 1297 3456 justum
1307 3388 1472 3454 rectamque
1489 3399 1554 3438 esse
1569 3384 1644 3439 scire
1656 3401 1707 3439 nos
1719 3400 1772 3439 con·

138 3470 279 3542 patientiae
285 3469 480 3542 obtemperare
489 3470 611 3525 noluerit
617 3470 768 3526 induratur
786 3489 797 3524 t
810 3475 932 3542 (altipert.
976 3472 1060 3527 venit.
1072 3472 1110 3528 Ut
1120 3472 1185 3527 boni
1194 3472 1268 3527 enim
1280 3471 1405 3526 autinali
1415 3472 1517 3538 simus,
1526 3479 1640 3537 nostrae
1655 3474 1771 3527 volana·

137 3560 260 3629 inla'pr'rt.
270 3560 423 3626 adllnru.,c
447 3559 505 3629 62.)
520 3559 594 3614 «Cui
605 3560 681 3614 enim
696 3559 856 3627 miseretur,
870 3560 936 3615 facit
975 3563 1012 3622 tis
1026 3570 1078 3628 est,
1095 3563 1169 3634 quod
1184 3568 1277 3616 autem
1289 3561 1380 3615 malus
1394 3560 1430 3613 ad
1439 3560 1609 3630 hujusmodi
1621 3560 1772 3624 verberant

139 3664 204 3702 ⁰⁸¹¹]
215 3647 447 3719 bonnmoperari,
458 3654 488 3702 θὶ
497 3664 579 3719 quem
591 3648 720 3715 Obdurab
731 3649 935 3721 relinquiteum
975 3656 1065 3712 bonus
1080 3654 1115 3709 ad
1130 3649 1293 3722 hujusmodi
1307 3648 1424 3719 gloriam
1436 3648 1614 3713 destinatur,
1631 3649 1771 3705 voluntatis

138 3743 171 3792 ut
185 3738 260 3792 mule
286 3742 431 3808 operetur:
447 3737 496 3791 sed
510 3741 539 3791 et
553 3737 601 3791 illa
620 3738 810 3792 misericordia
835 3755 949 3809 praece·
977 3751 1020 3800 est
1033 3743 1100 3799 Dei?
1118 3762 1128 3793 ι
1146 3742 1169 3793 1)
1190 3741 1284 3801 1ιοιιιο,
1300 3739 1401 3809 iuquit,
1425 3744 1457 3792 tu
1470 3739 1541 3808 quid
1555 3757 1588 3793 es
1601 3741 1652 3811 qui
1668 3755 1771 3810 respon·

139 3827 217 3880 denti
228 3826 328 3880 merito
340 3826 403 3880 hdci
412 3825 555 3892 tribuitur,
572 3826 663 3880 ctista
672 3826 819 3882 obduratio
836 3844 937 3898 praece·
981 3855 992 3886 ι
1007 3835 1075 3888 deas
1084 3832 1143 3886 Deo
1152 3831 1185 3883 ln
1199 3829 1440 3897 (timeliorutiam
1452 3843 1491 3892 m,
1502 3840 1528 3881 r.
1542 3828 1584 3898 8.)
1601 3829 1770 3901 Res-pondere

140 3915 217 3970 denti
227 3915 374 3986 impietati,
385 3915 528 3970 utetbona
538 3933 588 3987 per
600 3917 704 3971 donum
718 3916 934 3987 Deioperemur,
976 3925 1034 3978 Deo
1061 3937 1117 3976 non
1137 3935 1219 3991 posse
1241 3916 1476 3986 conuinciturqui
1492 3916 1584 3972 homo
1608 3919 1770 3981 nominatur,

141 4011 169 4059 et
184 4005 258 4057 rnala
273 4021 322 4076 per
337 4005 515 4075 supplicium,
532 4022 595 4059 cum
605 4011 700 4060 tamen
716 4022 770 4059 nun
793 4006 936 4061 auferatur
977 4013 1043 4084 quia
1052 4028 1103 4083 per
1117 4010 1168 4063 hoc
1177 4007 1251 4079 quod
1265 4007 1299 4060 de
1315 4006 1401 4059 humo
1416 4011 1553 4076 sumptus
1565 4013 1611 4061 est
1620 4007 1726 4077 judicia
1736 4020 1772 4059 su

141 4091 260 4149 liberum
281 4092 432 4146 voluntatis
446 4092 604 4160 arbitrium,
633 4094 690 4148 sive
705 4095 740 4148 ad
767 4095 935 4149 credendum
977 4116 1066 4173 prema
1092 4098 1231 4152 discutere
1245 4095 1416 4164 dignusnon
1434 4100 1488 4148 est.
1503 4094 1588 4149 Unde
1603 4094 1636 4150 in
1652 4095 1771 4164 Joblegi·

141 4181 209 4246 lieo,
221 4186 254 4234 ut
266 4186 454 4251 consequntur
472 4197 523 4236 nos
546 4181 745 4243 misericordia,
763 4184 820 4237 sive
832 4183 868 4236 ad
882 4181 936 4237 im·
977 4196 1043 4245 tur:
1057 4207 1070 4241 r
1085 4187 1136 4241 Vel
1145 4185 1208 4258 quis
1220 4183 1311 4238 dicere
1320 4187 1420 4254 potest,
1432 4183 1654 4238 Curitnsacis?·
1668 4186 1731 4250 (rot,
1742 4197 1771 4247 rx,

141 4270 286 4342 pietatem,
302 4274 334 4324 ut
347 4275 535 4341 consequatur
545 4287 595 4324 nos
610 4270 785 4341 supplicium.
800 4272 860 4335 Qua
870 4288 936 4326 con·
977 4277 1034 4344 12.)
1055 4275 1186 4331 Auctoris
1208 4273 1280 4328 lactu
1308 4288 1419 4342 semper
1438 4271 1601 4327 indiscussa
1628 4270 1772 4328 veneranda

32 4365 36 4372 '
142 4359 267 4414 elusione
283 4358 370 4424 illata,
393 4358 478 4414 insert
492 4359 673 4430 quaestionem
688 4365 823 4430 tanquam
838 4377 856 4415 a
870 4377 937 4414 con·
978 4372 1054 4433 sunt,
1070 4365 1138 4437 quia
1150 4364 1254 4434 injusta
1269 4379 1329 4416 esse
1345 4377 1526 4431 nequaquam
1543 4368 1677 4433 possunt.
1695 4360 1772 4416 Ratio

142 4448 306 4502 tradicentt·
331 4448 379 4501 Ait
406 4448 499 4509 enim:
517 4467 529 4499 t
555 4448 629 4503 Dicis
648 4449 743 4519 itaque
761 4448 839 4514 mihi,
869 4449 1042 4520 quianem
1057 4455 1160 4525 quippe
1176 4453 1211 4506 de
1226 4452 1333 4506 occulto
1348 4451 1410 4519 ejus
1425 4450 1549 4504 consilio
1561 4467 1700 4521 quaerere,
1715 4447 1770 4504 nihil

145 4537 933 4609 uadhucquariturlh'amroluntatiejusquisresistitir
978 4550 1021 4598 est
1045 4543 1119 4597 aliud
1149 4557 1232 4613 quam
1248 4546 1345 4593 contra
1369 4539 1598 4608 ejusconsilinm
1629 4539 1769 4612 superbire.

144 4628 275 4691 (lionam,
293 4624 346 4694 lh.)
363 4625 415 4680 Cui
431 4641 499 4679 sane
514 4625 689 4696 inquisitioni
714 4627 752 4681 sic
775 4627 934 4697 respondet,
978 4634 1048 4687 Cum
1064 4648 1131 4701 ergo
1146 4630 1283 4684 sactorum
1293 4643 1384 4681 causac
1399 4642 1455 4680 nou
1469 4627 1771 4698 deprehendunturmc·

141 4720 173 4769 ut
193 4712 382 4783 intelligamus
396 4714 567 4784 spiritalibus
582 4716 657 4779 viris,
670 4715 755 4770 etiam
772 4732 826 4770 non
840 4733 938 4770 secuu-
978 4728 1034 4775 stat
1044 4719 1136 4775 utsub
1146 4718 1226 4773 tactis
1236 4717 1311 4771 illius
1320 4715 1555 4770 cumbumilitata
1565 4723 1704 4783 taceatur,
1717 4715 1771 4786 quia

141 4803 208 4858 dum
235 4808 377 4856 terrenum
405 4803 547 4857 hominem
562 4803 725 4870 viventibus,
746 4810 841 4875 patere
856 4821 937 4875 posse
978 4825 1156 4880 nequaquam
1172 4804 1504 4870 sufficitscnsuscarnis,
1522 4812 1556 4859 ut
1574 4813 1687 4861 secreta
1703 4819 1771 4877 pene·

140 4891 409 4963 primameritalldei
423 4892 620 4962 etimpietatis,
634 4894 773 4963 quomodo
784 4894 859 4948 Deus
869 4911 937 4966 prte-
978 4905 1035 4952 tret
1045 4897 1210 4968 majestatis.
1227 4895 1280 4959 Qui
1293 4909 1359 4964 crgo
1370 4893 1398 4946 in
1414 4892 1495 4946 latetis
1505 4893 1558 4948 Dei
1573 4897 1712 4951 rationem
1725 4907 1769 4948 non

139 4981 259 5036 scientia
269 4981 355 5051 eligat
364 4980 529 5039 credituros,
540 4987 568 5035 ct
578 4981 693 5036 damnet
704 4983 871 5048 incredulos,
886 4999 936 5036 nce
978 4988 1062 5052 videt,
1086 4985 1280 5040 insumitatcm
1296 4998 1376 5037 sunm
1392 4981 1578 5038 consider-ans
1603 5001 1656 5039 cu„
1676 4999 1728 5039 110„
1740 4980 1769 5033 ,t

141 5070 204 5123 illos
215 5087 247 5123 ex
258 5069 388 5140 operibus
397 5069 513 5140 eligens,
527 5087 577 5124 nec
595 5071 664 5126 istos
675 5088 707 5125 ex
719 5071 849 5142 operibus
862 5073 940 5126 dam·
980 5075 1046 5129 deat
1056 5073 1194 5128 rationem
1210 5072 1292 5126 ridet.
1308 5069 1387 5125 Unde
1394 5085 1445 5140 per
1458 5069 1581 5126 Paulum
1592 5088 1703 5144 quoquc
1714 5067 1767 5125 sub·

142 5176 213 5213 nans
223 5179 229 5213 :
239 5160 286 5212 sed
298 5159 409 5212 illorum
424 5158 488 5212 lidei
500 5165 635 5230 prestans
649 5166 681 5214 ut
693 5159 764 5215 bene
776 5167 936 5231 operentur,
981 5168 1131 5234 sequenter
1139 5161 1317 5232 adjungitur:
1327 5177 1339 5210 ιι
1351 5158 1485 5230 Nunquid
1495 5159 1566 5213 dicit
1575 5162 1735 5231 figmentum
1747 5155 1767 5209 ei

142 5253 171 5299 et
180 5247 297 5302 istorum
311 5248 484 5319 impietatem
496 5247 637 5302 obdurans
651 5249 855 5314 descrend0,ut
865 5250 937 5305 male
981 5272 991 5302 ι
1006 5252 1052 5323 qui
1061 5270 1091 5306 se
1101 5251 1349 5314 linxit2Quarcme
1359 5247 1450 5301 iecisti
1460 5247 1501 5301 sic
1514 5249 1629 5308 itltom.
1645 5265 1683 5309 rx.
1696 5247 1766 5316 10)·

143 5341 303 5404 operentur.
314 5337 368 5400 Qui
379 5337 684 5408 quoniamintcllectus,
692 5338 795 5393 utdixi.
807 5339 937 5410 spiritali·
979 5343 1038 5406 Quo
1049 5341 1124 5395 enim
1135 5357 1164 5394 se
1179 5339 1270 5393 cernit
1281 5338 1447 5406 figmentum
1458 5337 1546 5391 divini
1560 5354 1625 5392 esse
1641 5338 1766 5410 operiscu

144 5421 940 5498 huspatet,acarnalinutemprudentialongoremoluscst
980 5430 1161 5500 semetipsum
1181 5426 1325 5496 redarguit
1343 5442 1379 5479 ne
1397 5431 1497 5479 contra
1521 5443 1641 5481 manum
1667 5424 1768 5480 resultet

56 5579 67 5591 Ι
143 5509 939 5588 sicrefellitinquirentem,utintelligatsedeponercdcbe-'
981 5518 1133 5590 operantis,
1162 5517 1228 5588 quia
1248 5515 1295 5586 qui
1315 5513 1435 5583 benigne
1458 5514 1534 5585 qnod
1559 5512 1766 5571 nuncratiecit

143 5600 760 5678 repriusnomincmluti‚utistapcrspiritum
772 5606 939 5676 investigere
985 5609 1057 5679 quod
1074 5613 1116 5662 est
1128 5606 1233 5675 injuste
1254 5621 1310 5660 nou
1328 5604 1442 5659 decent.
1462 5604 1508 5660 ad
1522 5605 1704 5677 semetipsum
1714 5615 1768 5672 ergo
