3772 6120
196 295 266 350 lal5
493 288 524 341 B.
547 286 682 341 lihDth
703 283 817 338 llaulu
838 284 1005 339 AliClllEl'.
1027 283 1188 338 Mouuur.
1210 283 1358 338 OPERUM
1380 283 1474 338 Pales
1494 283 1544 338 ΙΙΙ.
1773 283 1836 339 telo

195 420 295 480 filium,
313 421 341 468 et
357 413 544 483 sapientiam:
573 416 602 464 et
624 409 810 479 suscipiamus
830 409 1033 478 gaudenter,A
1077 407 1103 462 6.
1122 409 1183 475 llic,
1195 409 1217 461 si
1235 414 1336 479 potest,
1352 409 1448 463 oculos
1460 414 1488 463 et
1498 423 1583 463 aures
1604 407 1727 480 aperiat,
1747 414 1775 462 et
1787 409 1836 463 hac

197 506 303 579 pariter
318 511 346 556 et
360 501 515 566 tremendo,
535 499 656 570 qualiter
677 499 747 567 ipse,
770 497 817 567 qui
841 503 883 550 est
902 497 998 569 utique
1040 495 1141 562 rideat,
1158 502 1187 551 et
1203 496 1308 562 audiat,
1325 496 1372 567 qui
1388 496 1498 567 quoties
1523 500 1583 550 toto
1610 501 1755 549 terrarum
1779 496 1836 550 orbe

142 664 144 669 ,
198 597 305 666 lignum
320 592 392 655 vitre,
410 592 484 643 velut
500 589 673 659 decerpendo
695 587 998 640 decredatelectiesuis
1040 586 1190 640 missarum
1215 585 1352 640 solemnia
1375 584 1564 653 celebrantur,
1591 584 1677 638 terties
1697 583 1835 640 Dominum

197 685 329 740 timorate
343 686 372 734 et
386 679 531 733 humiliter
547 675 743 731 accedentibus
766 675 800 729 ad
823 692 852 729 se
872 692 998 730 commu·
1040 675 1183 730 Christum
1203 675 1262 745 pati
1282 674 1423 746 predicat,
1454 673 1489 728 ob
1514 674 1586 728 nihil
1614 673 1746 728 videlicet
1770 674 1836 729 aliud

198 771 350 830 nicandum
364 768 487 823 fructum
509 765 588 820 ritae:
610 765 705 836 sicque
727 764 858 836 perfacile
880 768 909 817 et
932 781 998 818 con·
1040 763 1095 818 nisi
1110 770 1226 837 propter
1250 764 1303 818 hoc
1326 763 1513 830 solummodo,
1539 771 1572 817 ut
1593 779 1694 816 omnes
1717 763 1839 835 reprobos

199 866 350 935 sequenter
383 858 536 930 poterimus
567 856 680 910 eredere
713 871 778 909 rere
805 854 910 908 lumine
934 853 998 908 fidei
1040 853 1274 924 quosaDomino
1290 853 1343 908 ecit
1359 853 1388 907 in
1403 868 1484 907 cruce
1500 852 1676 923 redemptos,
1699 851 1758 923 ipsa
1771 869 1838 921 coru·

199 949 394 1020 nostragratis
403 946 670 1010 oculosillustrante,
683 943 900 1014 quodDorninus
910 942 999 1013 pridie
1040 943 1173 997 munione
1188 942 1312 1014 corporis
1330 948 1358 996 et
1379 942 1525 1013 sanguinis
1549 941 1657 996 Christi
1679 941 1837 1013 redemptos.

200 1057 284 1113 quarn
299 1041 452 1110 pateretur,
470 1051 566 1088 rerum
581 1049 682 1103 eorpus
697 1037 726 1087 et
740 1033 905 1102 sanguinem
918 1048 1000 1086 suurn
1040 1030 1141 1086 redimi
1153 1036 1182 1086 et
1192 1030 1369 1085 redimendos
1380 1031 1456 1086 dieat
1466 1033 1639 1100 (deriperas,
1652 1047 1716 1100 cap.
1727 1029 1754 1099 l)
1766 1047 1773 1086 t
1783 1048 1839 1086 cum

201 1130 278 1185 dedit
292 1124 435 1197 discipulis
450 1124 518 1182 suis,
533 1127 664 1177 manente
685 1121 794 1191 integro
810 1137 925 1192 corpore
939 1138 999 1186 suo,
1042 1120 1135 1192 potius
1146 1121 1237 1174 omnis
1254 1120 1388 1192 reprobus
1402 1120 1518 1191 indigne
1532 1126 1748 1174 sacramentum
1759 1119 1839 1191 ipsum

201 1217 274 1290 quod
295 1234 312 1270 a
340 1215 385 1269 die
413 1211 625 1267 resurrectionis
654 1215 828 1280 resumptum
855 1210 929 1279 gerit
951 1210 1003 1263 im·
1044 1208 1208 1281 percipiens,
1223 1209 1360 1279 Judicium
1376 1209 1428 1262 sibi
1445 1209 1645 1263 mandueatet
1666 1207 1745 1263 bibit.
1760 1208 1840 1263 Velim

202 1305 329 1362 mortale.
357 1301 436 1358 Unde
455 1317 552 1354 revera
571 1299 639 1352 satis
663 1303 852 1369 congruenter
870 1297 1003 1352 divinitus
1043 1304 1139 1352 tamen
1153 1298 1240 1369 'nobis
1265 1298 1433 1369 respoudeat
1447 1304 1475 1352 et
1490 1298 1567 1352 dicat
1588 1297 1637 1369 qui
1654 1298 1708 1352 hoc
1722 1297 1755 1352 ed
1769 1315 1839 1352 suam

201 1394 368 1466 dispositum
383 1390 507 1445 simulet
526 1387 629 1441 sactum
646 1392 697 1451 est,
721 1386 794 1457 quod
816 1386 1002 1457 antepassio-
1045 1386 1126 1459 (proh
1161 1386 1274 1456 neiasi)
1303 1393 1330 1441 et
1352 1387 1495 1441 edentium
1521 1386 1683 1458 perniciem
1711 1386 1838 1459 pmdieat,

202 1501 267 1540 nem
289 1480 400 1537 Domini
425 1477 596 1533 celebratum
623 1482 665 1529 est
690 1474 743 1528 hoc
771 1481 1001 1528 sacramentum:
1045 1474 1174 1546 quisnam
1191 1475 1309 1529 Domino
1319 1475 1477 1548 passionem
1490 1475 1578 1530 toties
1589 1475 1730 1542 intulerit,
1741 1474 1838 1541 inferat,

203 1579 341 1646 quatenus
355 1585 455 1639 corpus
475 1564 587 1621 Domini
608 1565 681 1635 quod
703 1563 873 1618 seminatum
889 1571 940 1630 est,
957 1582 1002 1618 re·
1045 1571 1074 1619 et
1087 1564 1189 1618 iulerre
1204 1563 1334 1637 deinceps
1348 1564 1460 1630 habeat,
1474 1570 1571 1619 utrum
1583 1564 1840 1619 ridelicetsaeerdas

203 1678 320 1731 surgens
336 1660 476 1728 integrum
493 1659 605 1708 maneat
622 1670 734 1724 semper
747 1658 776 1707 et
788 1653 1000 1725 incorruptum,
1045 1653 1092 1724 qui
1112 1653 1260 1716 sacrificat,
1276 1670 1312 1708 an
1327 1653 1411 1707 Pater
1431 1654 1478 1725 qui
1502 1652 1666 1708 sacrificata
1689 1653 1839 1719 machicol,

203 1756 232 1806 et
247 1757 342 1804 tamen
357 1749 430 1801 hunc
444 1761 528 1816 quem
543 1744 602 1814 ejus
621 1743 744 1797 instante
765 1748 856 1796 morte
878 1727 1034 1815 percepi-B
1046 1759 1080 1796 an
1097 1742 1183 1796 Filius
1195 1743 1242 1813 qai
1262 1743 1503 1797 communicantes
1518 1743 1666 1809 vivifican
1682 1758 1718 1796 an
1734 1743 1842 1814 Spiritus

203 1856 276 1905 mus,
305 1853 393 1908 usque
424 1835 458 1887 eid
482 1835 567 1887 sineru
589 1831 681 1886 saeculi
705 1831 740 1886 de
764 1831 824 1902 ipso
843 1831 919 1902 ligno
942 1831 1004 1886 ritae
1045 1836 1160 1886 sanctus
1175 1847 1320 1902 perquem
1338 1838 1463 1886 eacreat
1486 1836 1513 1885 et
1530 1835 1694 1898 consecrat,
1711 1830 1779 1887 etin
1796 1847 1842 1903 quo

204 1943 349 1983 sumamus
365 1922 489 1995 quotidie
504 1921 623 1975 fructum
644 1940 649 1973 :
670 1920 873 1991 quiaprolectn
893 1921 927 1974 de
943 1921 1002 1991 ipso
1045 1919 1175 1974 sacerdos
1191 1920 1246 1974 ista
1269 1920 1330 1974 lieri
1353 1921 1514 1992 supplicet:
1542 1937 1580 1974 an
1604 1920 1739 1992 populus,
1760 1919 1842 1975 idest

203 2017 280 2088 ligno
294 2016 356 2068 ritae
376 2011 504 2083 pullulat,
532 2015 629 2063 manat
651 2025 770 2080 semper,
795 2008 929 2064 exuberat
951 2009 1003 2064 iste
1046 2008 1168 2063 Ecclesia
1183 2014 1212 2063 et
1225 2026 1328 2080 sponsa
1342 2009 1457 2073 Christi,
1475 2026 1537 2080 quae
1553 2008 1769 2064 communicati
1781 2008 1843 2073 Quo·

203 2104 310 2160 fructus
318 2104 388 2157 rita.
402 2101 481 2156 Unde
492 2106 604 2153 sanctus
614 2098 789 2168 Augustinus
798 2115 861 2153 cum
874 2098 1001 2153 dixisset:
1047 2115 1110 2152 rum
1125 2098 1192 2170 quia
1203 2097 1273 2152 nihil
1288 2097 1342 2152 nisi
1357 2098 1441 2151 nimis
1464 2098 1645 2152 mendaciter
1667 2103 1697 2152 et
1716 2098 1843 2170 pernicio-

206 2195 272 2249 «Ut
286 2193 389 2263 exipso
414 2197 442 2243 et
465 2188 499 2242 ab
522 2189 581 2260 ipso
605 2205 655 2241 nos
680 2203 782 2259 corpus
806 2188 867 2259 ejus
891 2205 1004 2242 carnem
1046 2187 1155 2241 sissima
1171 2186 1337 2258 potestdici‚
1360 2193 1438 2258 patet
1456 2186 1582 2257 prolecto
1597 2186 1754 2242 Dominum
1767 2187 1843 2241 semel

203 2282 291 2355 ipsius
316 2281 363 2334 illo
388 2283 520 2332 manente
543 2275 652 2341 integro
667 2292 830 2341 sumamus;
852 2277 1004 2348 ·protinus
1047 2291 1160 2346 passum
1185 2281 1214 2329 et
1236 2280 1389 2352 mortuum,
1415 2275 1579 2329 nullatcnus
1599 2274 1779 2348 postmodum
1800 2264 1850 2346 po-'

204 2371 308 2442 adjecit
322 2375 349 2423 et
364 2368 424 2422 ait:
445 2388 457 2416 ι
478 2368 545 2431 Qum
569 2365 704 2419 nimirum
729 2382 793 2419 caro
817 2365 877 2436 ipsa
901 2371 953 2431 est,
978 2370 1006 2418 et
1047 2360 1143 2428 tuisse,
1160 2361 1202 2414 rel
1225 2377 1305 2432 posse
1327 2359 1411 2431 (quod
1436 2359 1522 2430 absit)
1546 2361 1618 2433 pati,
1643 2361 1753 2416 dicente
1772 2359 1843 2416 besto

204 2460 311 2516 fructus
326 2457 413 2530 ipsius
428 2456 530 2521 carnia,
547 2462 579 2509 ut
602 2454 677 2508 idem
702 2471 814 2526 semper
835 2459 957 2520 maneat,
978 2460 1006 2508 et
1047 2450 1130 2504 Petro
1137 2449 1281 2520 apostolo:
1296 2469 1308 2501 ι
1321 2448 1449 2504 Christus
1463 2450 1612 2521 semelpro
1624 2449 1844 2521 peccatisnostris

205 2550 349 2605 universos
364 2547 411 2619 qui
426 2544 536 2600 suntin
551 2560 677 2614 corpore,
694 2551 800 2615 pascat.
829 2562 842 2596 a
868 2543 947 2608 Quod
970 2542 1005 2596 ob
1049 2558 1061 2590 ι
1078 2555 1176 2611 passus
1200 2543 1244 2593 est
1268 2541 1293 2607 ll
1311 2541 1383 2593 Patr.
1405 2553 1446 2604 111,
1466 2537 1519 2607 l8l.
1536 2560 1548 2591 ι
1565 2539 1643 2594 Ηίιιο
1656 2539 1733 2593 dicat
1744 2538 1774 2594 'et
1785 2556 1843 2612 apo-

205 2637 232 2691 id
248 2653 312 2690 euru
327 2635 409 2689 credo
424 2633 535 2696 dixisse,
553 2637 584 2685 ut
605 2630 693 2701 ipsius
715 2629 828 2684 Domini
848 2630 1004 2684 humanum
1046 2628 1134 2682 stolus
1151 2628 1271 2681 Paulus:
1289 2648 1300 2678 ι
1316 2626 1445 2682 Christus
1455 2629 1543 2681 senrel
1555 2627 1673 2683 oblatus
1685 2628 1771 2683 estad
1781 2629 1843 2682 niul·

205 2743 315 2797 corpus,
333 2723 406 2795 quod
423 2721 592 2775 seminatum
607 2718 692 2772 estin
709 2723 809 2784 morte,
825 2717 910 2771 suerit
925 2717 1004 2787 quasi
1048 2714 1699 2787 «torumexlrauriendapeeeatalllrb.1x,‘28).
1714 2738 1726 2765 ι
1740 2716 1844 2771 Verum-

202 2831 324 2886 granum
336 2827 487 2882 semenque
502 2809 574 2874 rite,
590 2815 674 2879 atque
689 2806 868 2879 postmodum
890 2806 924 2859 de
944 2806 1004 2877 ipso
1046 2810 1139 2860 tamen
1156 2822 1191 2860 ne
1204 2802 1315 2876 reprobi
1330 2805 1425 2859 electis
1440 2805 1537 2860 dicant
1553 2824 1559 2858 :
1578 2807 1676 2861 Semel
1691 2822 1790 2878 passus
1800 2822 1842 2879 pro

205 2907 379 2973 resurgente,
396 2908 529 2970 tanquam
544 2899 578 2950 de
592 2897 667 2967 ligno
678 2896 749 2962 rita,
766 2896 918 2966 pullularet
930 2912 1004 2949 sem-
1046 2893 1286 2965 peccatisnostris,
1298 2891 1460 2965 frequenter
1470 2894 1581 2966 patitur
1592 2911 1647 2966 pro
1656 2897 1777 2962 nostris,
1787 2902 1842 2950 tunc

205 3008 265 3063 per,
281 2998 309 3044 et
322 2990 441 3061 pullulet
455 2986 622 3041 sumendum
638 2984 728 3050 nobis,
743 2984 817 3038 unde
829 2985 913 3038 sitam
923 2990 1005 3039 eeter-
1047 2983 1081 3037 ad
1098 2982 1288 3037 exhaurienda
1302 2983 1460 3055 specialiter
1470 2990 1589 3055 peccata
1603 2984 1772 3050 multorum,
1783 3000 1842 3040 nuuc

206 3097 271 3135 nani
285 3081 313 3133 in
339 3077 418 3132 nobis
438 3079 597 3130 manentem
619 3073 764 3127 habemus.
792 3073 869 3127 Unde
891 3043 1216 3145 promuscgeneraliter
1227 3073 1262 3126 ad
1273 3076 1446 3127 cunctorum.
1463 3073 1535 3127 Nam
1550 3073 1606 3144 ipsi
1623 3074 1842 3130 solummodum·

206 3167 332 3240 reprobis
350 3182 405 3219 non
419 3165 484 3218 lieet
498 3180 618 3222 sumere,
640 3161 722 3214 beato
737 3178 835 3215 rursus
849 3162 1006 3232 Augustino
1047 3161 1126 3233 probi
1137 3162 1297 3231 contingere
1305 3161 1504 3233 possuntintrn
1512 3178 1542 3215 se
1557 3162 1755 3219 deliramenta
1762 3164 1842 3236 hujis

205 3257 245 3312 sic
255 3258 283 3311 in
295 3255 393 3309 eodem
400 3252 523 3324 capitulo
533 3250 662 3321 superius
672 3255 793 3304 testante
806 3268 810 3302 :
827 3271 837 3300 ι
851 3250 924 3321 quod
939 3267 1007 3304 sane
1048 3250 1165 3316 cenredi,
1182 3249 1335 3305 secundum
1348 3250 1416 3304 illud
1431 3251 1557 3321 Apostoli
1573 3270 1579 3304 :
1599 3251 1753 3307 «Rursum
1767 3251 1842 3308 cruci-

205 3363 306 3417 corpus
318 3343 421 3398 Christi
432 3348 536 3396 utrem
546 3356 611 3393 earo
622 3339 658 3392 sit
668 3337 771 3392 Christi
782 3356 831 3410 pro
843 3338 939 3393 mundi
951 3339 1007 3393 rita
1051 3357 1063 3391 ι
1079 3341 1197 3410 figentes
1219 3337 1399 3410 sibimetipsis
1418 3338 1519 3393 Filium
1544 3338 1599 3394 Dei
1622 3341 1720 3407 (liebr.
1736 3356 1772 3405 rr,
1784 3340 1818 3410 6).
1832 3360 1842 3389 r

206 3434 331 3507 quotidie
342 3449 392 3504 per
403 3431 539 3503 Spiritum
550 3435 677 3483 sanctum
692 3434 881 3494 consecratur,
899 3446 932 3482 ex
951 3445 1007 3499 qua
1047 3427 1127 3482 Absit
1142 3427 1218 3482 enim
1235 3434 1266 3482 ut
1279 3428 1341 3498 ejus
1352 3427 1509 3482 Ecclesiaet
1520 3445 1630 3500 sponsa
1641 3429 1843 3501 passionemin·

206 3541 263 3578 non
272 3522 396 3576 habeant
406 3524 573 3593 potestatem
583 3518 665 3571 edere
676 3517 723 3588 qui
734 3534 767 3571 ex
776 3517 892 3571 adverso
906 3523 981 3572 sunt.
992 3538 1003 3565 r
1047 3515 1120 3571 ierat
1130 3516 1164 3584 ei,
1181 3533 1225 3583 ne,
1246 3516 1370 3588 inquam,
1389 3516 1521 3588 deinceps
1535 3517 1598 3573 haec
1619 3518 1737 3592 reprobi
1753 3520 1842 3581 dicant,

205 3612 365 3666 Vescuntur
378 3615 473 3664 autem
488 3626 522 3662 ea
536 3607 673 3677 condigne
688 3606 736 3678 qui
755 3612 821 3662 sunt
843 3607 871 3661 in
891 3623 1006 3678 corpore
1048 3604 1115 3677 quid
1124 3605 1190 3660 hinc
1198 3605 1277 3659 nobis
1287 3605 1437 3676 Apostolus
1446 3605 1522 3660 dicat
1532 3607 1676 3664 audiant:
1696 3629 1710 3662 ι
1726 3609 1795 3677 Nou,
1808 3607 1843 3663 in·

205 3701 291 3767 illius,
322 3705 354 3754 ut
379 3699 469 3753 solum
494 3713 595 3768 corpus
616 3695 719 3750 Christi
743 3695 810 3749 dum
835 3702 877 3750 est
902 3696 930 3749 in
952 3696 1003 3762 via,
1049 3717 1062 3743 α
1080 3694 1151 3766 quit,
1162 3693 1190 3748 in
1202 3693 1368 3748 manufactis
1379 3695 1483 3749 sanctis
1493 3695 1577 3750 lesus
1589 3696 1725 3752 introivit
1733 3696 1844 3771 exempli

206 3790 295 3861 ipsius
309 3805 392 3844 carne
407 3786 559 3853 reficiatur,
577 3791 604 3839 et
618 3786 707 3839 discat
722 3783 792 3838 nihil
808 3785 882 3839 alind
899 3785 1005 3838 esurire
1050 3802 1062 3836 a
1078 3800 1218 3849 verorum,
1234 3783 1325 3838 sedin
1341 3783 1434 3856 ipsum
1449 3783 1562 3848 coelum,
1580 3790 1615 3840 ut
1630 3793 1772 3860 appareat
1782 3801 1843 3842 nunc

207 3896 290 3951 quam
308 3876 462 3941 Christum,
479 3875 548 3929 nihil
564 3874 667 3928 sentire
683 3872 737 3928 nisi
761 3873 915 3939 Christum,
935 3874 1005 3928 nihil
1048 3890 1061 3924 ι
1078 3872 1166 3927 cultui
1178 3872 1228 3927 Dei
1238 3889 1289 3944 pro
1299 3871 1393 3935 nohis3
1406 3888 1496 3944 neque
1509 3878 1630 3947 utsaepe
1641 3876 1843 3932 ollemtseruet·

207 3969 282 4022 aliud
296 3982 404 4037 sapere,
424 3981 479 4018 nou
503 3963 615 4016 aliunde
639 3963 739 4029 rivere,
766 3980 820 4016 non
845 3962 920 4016 aliud
946 3980 1006 4017 esse
1049 3962 1181 4035 «ipsum,
1199 3961 1435 4032 quemadmodum
1452 3961 1579 4032 pontifex
1595 3963 1690 4020 intrat
1711 3965 1741 4020 in
1763 3970 1843 4019 saum

207 4074 291 4127 quam
307 4070 407 4125 corpus
428 4052 540 4106 Christi.
564 4051 635 4104 lline
655 4051 714 4121 ipse
737 4069 855 4123 sponsus
880 4052 1006 4108 Ecclesiae
1050 4069 1062 4101 a
1083 4067 1133 4122 per
1145 4049 1270 4122 singulos
1285 4066 1373 4105 annos
1393 4049 1578 4121 insanguine
1598 4053 1718 4109 alieno:
1736 4052 1842 4127 alioquin

206 4144 353 4203 Dominus.
380 4159 468 4212 aquo
488 4139 568 4212 panis
593 4140 684 4205 datus,
714 4140 807 4205 datur,
823 4148 859 4210 ,et
882 4141 1003 4208 dabitur,
1049 4138 1225 4211 «oportebat
1239 4156 1303 4194 eum
1318 4138 1480 4210 frequenter
1494 4139 1555 4211 pati
1567 4140 1605 4196 ab
1618 4142 1735 4215 origine
1749 4140 1841 4198 mundi.

207 4233 236 4288 id
250 4238 293 4287 est
306 4248 371 4285 caro
385 4247 445 4296 sua,
461 4246 517 4283 non
528 4246 577 4300 pro
593 4228 718 4299 reprobis
734 4237 761 4282 et
780 4229 943 4296 immundis,
957 4230 1005 4284 sed
1051 4249 1062 4280 ι
1079 4229 1160 4284 Nune
1174 4233 1268 4283 numm
1284 4227 1370 4283 semel
1383 4227 1413 4282 in
1424 4229 1677 4288 consummatione
1693 4233 1841 4289 montona
1864 4297 1866 4301 ¹

207 4339 257 4397 pro
269 4320 419 4386 mundatis,
430 4326 458 4372 et
468 4317 556 4388 magis
567 4317 711 4388 magisque
727 4318 896 4373 mundandis
909 4339 914 4386 ;
926 4336 1006 4373 mun-
1048 4335 1062 4370 ι
1078 4318 1112 4372 ad
1119 4317 1338 4373 destructionem
1349 4317 1455 4389 peccati
1464 4334 1515 4388 per
1524 4318 1655 4376 hostiam
1674 4339 1757 4378 suam
1770 4335 1840 4395 appe·

207 4412 250 4467 dis
266 4411 323 4465 rita
336 4410 403 4463 solis
417 4408 484 4462 dicit
499 4407 594 4461 electis
608 4407 687 4460 suis:
707 4425 720 4459 ι
737 4407 891 4473 Comedite,
907 4407 1003 4476 amici,
1049 4430 1060 4456 ι
1076 4405 1352 4478 ruitlllcbr.1x,‘ill.
1369 4426 1380 4458 ι
1398 4406 1468 4460 Hinc
1488 4422 1610 4478 prorsus
1636 4410 1783 4467 evidenter
1802 4425 1838 4482 ap

210 4521 221 4552 ι
240 4500 325 4553 bibite
340 4505 368 4552 et
388 4496 576 4561 inebriamini,
597 4496 753 4550 charissimi
778 4497 867 4563 (Cant.
885 4513 911 4561 r,
936 4495 970 4566 l).
991 4517 1001 4547 ι
1045 4501 1134 4569 paret,
1147 4501 1175 4551 et
1186 4496 1255 4550 satis
1265 4495 1372 4568 liquido
1382 4494 1478 4561 claret,
1493 4512 1552 4552 nen
1562 4500 1741 4571 oportuisse,
1756 4499 1838 4556 nedum

208 4589 280 4652 Quia
293 4604 389 4641 revera
404 4586 511 4655 lignum
526 4585 587 4640 ritae
602 4586 669 4639 solis
687 4585 820 4639 membris
835 4586 903 4652 suis,
919 4586 946 4640 id
962 4592 1005 4640 est
1045 4592 1183 4658 oportere,
1195 4585 1347 4639 Dominum
1357 4585 1450 4640 Jesum
1460 4584 1630 4658 trequentes
1637 4590 1702 4662 pati
1711 4589 1746 4645 ab
1753 4587 1837 4659 arigim

208 4677 318 4747 corpori
332 4692 392 4739 suo,
409 4676 456 4728 ilat
475 4691 575 4745 corpus
595 4691 677 4727 suum
691 4674 725 4727 de
740 4691 864 4746 corpere.
890 4675 923 4729 ut
947 4675 1007 4746 ipse
1049 4673 1156 4729 mundi.
1172 4675 1244 4728 Nam
1257 4674 1281 4728 si
1297 4674 1408 4746 quando
1428 4674 1498 4729 Cain
1520 4675 1627 4733 occidit
1643 4678 1762 4736 trahem
1775 4693 1836 4735 suun

209 4766 256 4838 qui
272 4764 402 4820 similiter
417 4769 460 4817 est
473 4763 534 4816 ritis
557 4780 630 4829 sera,
654 4763 814 4834 palmitibus
833 4764 861 4818 in
887 4780 920 4818 ea
944 4781 1006 4819 ma·
1048 4763 1126 4829 Abel,
1144 4768 1210 4818 tunc
1225 4779 1324 4834 passus
1337 4762 1434 4818 luisset
1448 4763 1593 4832 Christus,
1610 4772 1642 4823 et
1657 4769 1744 4825 tertia
1755 4768 1794 4823 die
1807 4781 1836 4820 re

207 4853 339 4910 uentibus
353 4854 401 4906 dat
415 4852 566 4906 bibernlum
581 4852 746 4924 sanguinem
757 4869 849 4918 suum,
862 4853 934 4907 sicut
948 4853 1008 4924 ipse
1048 4869 1166 4924 surgens
1182 4869 1294 4907 rursum
1308 4851 1444 4923 potuisset
1457 4853 1588 4925 cruciligi
1612 4862 1644 4912 et
1664 4858 1760 4923 occidi,
1775 4863 1799 4912 et
1808 4855 1836 4908 ita

208 4944 275 4999 dicit
294 4961 299 4993 τ
318 4966 329 4991 a
343 4943 397 5007 Qui
412 4942 563 4995 manducat
576 4958 686 4995 cllrrlem
699 4958 801 5008 meam,
817 4949 845 4995 et
859 4941 928 4996 bibit
941 4959 1006 4997 san·
1048 4959 1160 5014 semper
1173 4941 1257 4995 tertia
1271 4940 1316 4996 die
1332 4957 1441 4995 crucem
1456 4946 1609 5013 pateretur
1622 4961 1717 5019 usque
1730 4947 1756 5002 iu
1769 4946 1832 5001 finem

211 5034 351 5103 eguinem
368 5048 471 5094 meum,
492 5032 519 5084 in
536 5048 581 5085 nie
592 5037 695 5094 ninnet,
711 5036 739 5085 et
754 5048 805 5103 ego
824 5032 853 5086 in
869 5049 902 5086 ee
917 5034 1004 5099 (lonii.
1047 5030 1160 5096 saeculi3
1177 5030 1337 5085 nullatenus
1351 5035 1418 5084 tunc
1431 5029 1516 5085 toties
1531 5032 1681 5104 potuisset
1699 5052 1749 5091 nec
1761 5032 1832 5107 posti

210 5143 222 5167 a
239 5138 275 5188 ιι,
294 5123 339 5177 57.
356 5141 369 5172 a
394 5119 540 5191 Reprobas
560 5138 624 5173 rero
646 5120 767 5174 mundus
784 5121 958 5176 manducans
979 5127 1008 5176 et
1047 5120 1115 5192 peti,
1131 5118 1240 5190 quoties
1254 5135 1354 5190 passus
1368 5118 1467 5174 suisset
1481 5126 1509 5174 et
1520 5126 1685 5192 pateretur,
1703 5124 1728 5179 si
1747 5140 1776 5179 ex
1791 5135 1830 5192 que

209 5211 305 5265 bibens
321 5211 445 5281 indigne,
467 5210 604 5279 judicium
630 5209 683 5262 sibi
706 5210 857 5263 manducat
877 5218 904 5265 et
924 5210 1004 5265 bibit.
1047 5214 1137 5281 empta
1150 5214 1217 5262 sunt
1229 5207 1379 5263 missarum
1393 5208 1532 5263 solemnia
1551 5211 1704 5281 celebrari,
1724 5211 1829 5268 voluisse

208 5300 272 5354 Non
286 5301 360 5353 enim
377 5300 502 5370 pascitur
518 5300 659 5353 l'rumento
683 5298 845 5364 electorum,
863 5299 929 5370 quia
950 5317 1006 5355 non
1050 5298 1134 5370 lquod
1146 5297 1228 5366 absit)
1244 5303 1304 5352 toto
1318 5303 1458 5354 terrarum
1472 5297 1542 5353 orbe
1565 5306 1595 5354 et
1615 5302 1702 5358 vellet
1719 5297 1828 5375 usquein

209 5392 252 5441 est
260 5387 395 5456 triticum,
412 5388 459 5442 sed
483 5389 571 5459 palea,
598 5388 661 5442 licet
684 5387 897 5459 paresentialiter
918 5389 956 5444 sit
979 5390 1006 5444 in
1049 5387 1133 5443 finem
1149 5385 1246 5442 mundi
1260 5386 1295 5442 ad
1311 5386 1435 5457 singulas
1450 5387 1562 5456 missas,
1579 5371 1827 5464 quaequotidicrnil·

209 5477 1006 5549 arcanoquepotatursangnrineDomini,quiasarmentum
1047 5475 1121 5531 libus
1133 5482 1162 5531 et
1175 5475 1329 5539 innumeris
1350 5474 1390 5548 [in
1406 5475 1486 5548 locis]
1500 5476 1694 5547 celebrantur,
1710 5479 1772 5553 pati.
1789 5470 1827 5531 Sed

210 5563 365 5618 sterilenon
374 5573 469 5620 manet
477 5567 505 5619 in
515 5568 579 5623 rite.
589 5569 654 5622 licet
665 5585 726 5622 esse
735 5566 863 5623 videatur
873 5566 901 5622 in
913 5568 1003 5622 vinea.
1047 5582 1144 5623 revera
1155 5563 1390 5636 quemadmodum
1401 5580 1585 5638 nequaqnam
1594 5573 1665 5627 tunc
1674 5569 1703 5628 in
1713 5583 1782 5626 coeaa
1790 5576 1827 5616 ³¹1⁸
