3772 6120
129 326 166 384 ibi
350 322 639 380 ENARRA‘I'IONUM
657 325 696 380 IN
715 326 792 380 EPP.
813 327 920 383 PAULI
940 328 1008 384 LIB.
1029 330 1113 384 XXV.
1131 331 1219 385 -ΙΝ
1238 330 1349 385 EPIST.
1369 330 1417 385 AD
1436 331 1504 386 TIT.
1694 327 1746 383 666
1831 326 1842 341 “

133 452 230 508 cundum
244 450 480 504 consuetudinem
495 467 556 519 quae
580 449 614 503 ad
640 466 762 520 praesens
778 450 906 514 habetur,
916 455 1011 521 Aquae
1026 453 1097 506 solet
1110 469 1143 506 ex
1154 453 1275 506 vinaceis
1290 454 1361 516 lieri,
1378 455 1501 525 potione,
1511 455 1644 526 omnique
1656 457 1745 508 sicera

135 542 302 614 episcopomm
326 539 380 592 sibi
400 539 533 592 vocabula
556 538 730 592 vindicarent
755 558 760 591 :
782 541 908 610 eoquod
950 558 1011 611 quae
1032 548 1154 594 rnemcm
1174 540 1209 593 ab
1232 541 1342 611 integra
1364 543 1484 597 sanitate
1502 543 1645 614 pervertit.
1665 543 1745 612 Dicat

137 629 300 704 apostolorum
324 629 439 682 nomine
452 644 481 681 se
500 628 592 681 vocari
608 627 650 680 sui
666 627 757 681 meriti
773 629 908 698 ruajorem
950 629 1067 700 quisque
1078 630 1247 699 quodrolet:
1260 648 1311 698 ego
1322 632 1625 702 loquorconscientiam
1640 648 1742 685 ineam.

138 737 180 777 ese
191 716 344 771 censebant.
363 716 392 771 Si
409 723 503 770 autem
520 733 577 771 non
599 718 651 770 hoc
674 717 714 770 ita
736 734 766 769 se
782 716 906 779 haberet,
950 717 1012 772 Scio
1027 718 1095 771 mihi
1110 717 1308 772 abstinentiam
1319 727 1348 774 et
1362 721 1489 774 nocuisse
1506 720 1705 785 intermissam,
1717 725 1746 773 et

138 825 178 866 nou
187 806 275 877 utique
283 806 406 860 diceret:
420 807 612 859 utconstituas
625 822 676 876 per
691 806 833 860 civitatem
843 824 906 877 pre-
949 806 1086 876 profuisse
1111 807 1269 878 repetitam.
1293 809 1359 862 Post
1381 810 1563 863 vinolentiam
1585 810 1671 863 etiam
1692 808 1745 862 hoc

141 900 245 968 sbpems,
252 895 300 949 sed
311 895 431 948 diceret:
441 900 473 947 ut
482 894 636 948 constituas
650 895 907 967 percivitatemepi-
948 895 1088 965 pracepit,
1104 912 1138 949 ne
1150 912 1297 967 percussor
1306 897 1358 951 sit:
1371 898 1445 968 quod
1456 899 1570 968 quidem
1580 897 1745 968 simpliciter

141 1000 235 1056 scopum,
251 982 299 1054 qui
315 983 462 1036 eminutus
476 990 577 1037 cuncta
592 983 708 1053 quasillo
720 985 813 1037 minus
823 983 907 1038 habe-
948 983 1121 1037 intellectum
1142 985 1261 1040 acdificat
1274 986 1444 1051 audientem,
1460 1004 1505 1041 me
1526 987 1605 1041 facile
1629 1003 1744 1040 manum

141 1075 216 1128 tantm
226 1077 335 1142 poterat
350 1072 514 1144 adimplere.
532 1073 630 1139 (llice.)
647 1072 723 1125 Sciat
737 1073 831 1143 itaque
846 1074 905 1143 epi-
947 1073 1073 1143 porrigat
1087 1073 1122 1126 ad
1137 1074 1308 1135 credendum,
1325 1091 1359 1128 ue
1376 1076 1404 1129 in
1418 1092 1449 1129 os
1464 1076 1580 1131 alterius
1593 1075 1743 1129 verberan-

142 1179 212 1233 sropus
223 1165 250 1214 ct
271 1159 420 1232 presbyter
433 1160 484 1215 sibi
499 1161 635 1231 populum
653 1178 817 1215 conservum
833 1179 903 1227 esse,
947 1161 1013 1214 dum
1030 1162 1144 1215 insanus
1166 1168 1304 1233 erumpat.
1331 1164 1429 1218 hlelius
1450 1172 1544 1219 autem
1568 1171 1620 1231 cst,
1637 1170 1669 1218 ut
1687 1180 1743 1217 nou

143 1268 179 1306 mu
189 1266 298 1304 serium
316 1250 504 1316 Creterajt'ero
520 1266 580 1320 quae
596 1255 753 1320 sequuntur
775 1250 804 1303 iu
826 1251 906 1304 nobis
947 1266 1139 1320 percussorem
1153 1251 1229 1304 illum
1245 1269 1305 1305 csse
1319 1252 1454 1319 dicamus,
1472 1254 1519 1325 qui
1537 1259 1700 1308 mansuetus
1715 1257 1744 1306 et

143 1340 205 1411 posita
216 1346 286 1392 sunt.
301 1359 314 1389 e
327 1338 390 1392 Non
400 1346 571 1410 protervum,
585 1360 597 1390 a
608 1338 637 1391 id
654 1344 706 1403 est,
724 1355 778 1392 non
793 1345 906 1393 tumen·
947 1338 1066 1409 patiens,
1083 1340 1135 1392 scit
1147 1340 1175 1392 in
1189 1346 1316 1411 tempore
1327 1342 1393 1412 quid
1402 1342 1573 1412 loquendum
1588 1343 1634 1407 sit,
1642 1342 1743 1413 quidve

143 1438 180 1482 teu
190 1436 213 1482 et
220 1427 376 1498 placentem
386 1427 439 1481 sibi
446 1426 520 1498 quod
531 1428 677 1498 episcopus
687 1428 733 1491 sit,
751 1429 809 1493 sed,
827 1430 906 1498 quasi
947 1428 1106 1492 tacendum,
1124 1444 1175 1481 nec
1197 1446 1325 1484 serruoue
1351 1431 1443 1484 inutili
1462 1432 1662 1485 conscientiam
1677 1448 1742 1501 per-

142 1516 215 1570 bonum
226 1515 357 1577 uillicum,
374 1516 401 1569 id
417 1517 607 1587 requirentem
617 1517 691 1586 <prod
703 1516 830 1586 pluribus
843 1534 905 1588 pro-
946 1516 1016 1570 cutit
1035 1517 1221 1571 intirmorum.
1247 1519 1309 1572 Nou
1335 1520 1411 1573 enim
1439 1520 1588 1590 Apostolus
1615 1519 1743 1574 Ecclesiae

141 1606 171 1658 sit
184 1626 193 1655 ι
206 1605 263 1658 Nou
277 1605 454 1658 iracundum.
473 1624 485 1657 e
508 1605 661 1658 Iracundus
676 1606 780 1675 estqui
794 1622 905 1676 semper
946 1605 1098 1676 principem
1113 1606 1246 1667 formans,
1262 1615 1338 1661 vetat
1350 1625 1411 1662 esse
1426 1609 1549 1679 pugilem
1573 1614 1601 1662 et
1624 1625 1742 1678 pancra-

141 1693 245 1757 irascitue
266 1700 294 1745 et
318 1693 354 1746 ad
377 1693 464 1746 levem
486 1691 674 1763 responsionis
697 1709 795 1747 {iuram
820 1701 904 1764 atque
946 1693 1059 1759 tiasteu,
1077 1696 1150 1764 quod
1166 1695 1288 1763 etiamin
1304 1697 1411 1766 plebeio
1427 1704 1456 1751 et
1466 1714 1632 1767 quocunque
1643 1696 1741 1766 gentili

140 1782 222 1851 peccati
239 1781 317 1851 quasi
334 1787 441 1835 orento
455 1780 551 1834 lolium
568 1790 767 1836 eororam-etur.
787 1783 820 1836 Et
842 1800 904 1836 rere
916 1755 937 1816 B
947 1782 970 1835 si
980 1782 1073 1843 luerit,
1088 1784 1319 1853 reprehenditur:
1335 1787 1383 1839 sed
1398 1787 1458 1851 hoc,
1474 1794 1507 1839 ut
1520 1786 1587 1851 dixi,
1604 1791 1743 1838 uei-ontu-

140 1870 185 1923 uibil
191 1880 226 1924 est
239 1869 339 1923 loedius
349 1876 519 1941 praeceptore
539 1870 654 1929 furioso,
667 1870 714 1940 qui
728 1888 791 1924 cum
806 1871 906 1925 debeat
947 1871 1079 1925 meliosus
1093 1878 1122 1924 et
1135 1873 1266 1941 garrulus
1281 1875 1461 1944 perdateum.
1475 1892 1559 1945 quem
1572 1875 1664 1944 potuit
1681 1890 1742 1927 mo-

140 1974 179 2011 see
197 1965 365 2021 mansuetus
379 1965 408 2011 et
421 1958 575 2012 secundum
598 1958 666 2012 illud
681 1959 754 2029 quod
770 1960 904 2030 scriptum
945 1959 1036 2013 destia
1050 1965 1078 2013 et
1092 1961 1207 2014 leniore
1222 1962 1675 2033 corrigere.Turpisquoquelucri
1690 1979 1741 2032 ap-

139 2052 177 2100 est:
187 2070 197 2095 ι
209 2047 323 2101 Servum
336 2054 430 2101 autem
442 2047 553 2100 Domini
563 2063 619 2100 uon
629 2053 740 2117 oportet
749 2048 843 2114 rixari,
855 2050 903 2102 sed
945 2048 1048 2118 petitus
1062 2048 1097 2102 ab
1113 2066 1146 2103 eo
1161 2050 1207 2120 qui
1219 2050 1364 2121 episcopus
1378 2051 1489 2105 iuturus
1509 2056 1560 2113 est,
1578 2068 1638 2104 esse
1659 2051 1742 2104 debet

139 2134 241 2188 humilem
250 2136 904 2207 csseadomnes,doct01·e1n‚patieutemetatan-
944 2137 1062 2191 alienus.
1076 2139 1147 2194 Sunt
1161 2139 1236 2192 enim
1246 2139 1464 2194 multidoceutes
1474 2157 1535 2210 quae
1550 2156 1606 2193 non
1619 2146 1739 2209 oportet,

138 2224 253 2277 uetudine
266 2224 441 2278 erudientem
458 2241 505 2278 eos
522 2224 569 2295 qui
583 2226 797 2280 contraveniunt
810 2244 839 2277 :»
856 2226 903 2279 ille
943 2227 1035 2297 turpis
1048 2226 1118 2280 lucri
1132 2228 1242 2296 gratia:
1259 2229 1305 2298 qui
1321 2235 1395 2282 totas
1410 2229 1507 2282 domos
1521 2228 1696 2293 subvertunt,
1713 2235 1742 2282 et

137 2312 248 2366 ediverso
266 2318 346 2366 torro
365 2314 452 2376 vultu,
473 2314 659 2368 trementibus
687 2314 777 2379 labiis,
801 2322 902 2384 rugata
943 2320 1193 2386 putantquaestum
1209 2334 1270 2369 esse
1290 2317 1424 2386 pietatem
1440 2318 1463 2383 (l
1483 2319 1553 2370 Tim.
1579 2319 1626 2383 u).
1644 2316 1742 2370 Melior

136 2398 359 2459 atbelherone
375 2402 514 2469 conviciis,
530 2402 598 2455 facie
614 2403 687 2457 inter
707 2404 842 2475 {rallorem
856 2420 902 2458 ru·
942 2408 1036 2457 autem
1051 2411 1094 2457 cst
1099 2405 1181 2473 juxta
1189 2406 1367 2458 Salomonem
1378 2407 1467 2471 (Prae.
1485 2408 1540 2467 aul
1551 2424 1563 2451 «
1574 2404 1684 2457 modica
1692 2420 1739 2456 oc-

136 2486 254 2561 laremque
266 2491 383 2551 variata,
403 2492 525 2545 clamore
536 2498 694 2563 perstrepat
709 2511 714 2544 :
733 2499 761 2546 et
776 2500 902 2547 errantes
944 2492 1035 2562 ceptio
1048 2509 1112 2546 cum
1122 2493 1242 2563 justitia,
1259 2510 1342 2563 quam
1358 2494 1447 2546 mulla
1458 2493 1602 2563 genimina
1610 2510 1674 2545 cum
1685 2493 1740 2545 ini-

89 2620 91 2643 ,
136 2588 233 2632 nouum
253 2580 288 2633 ad
311 2579 416 2633 bouum
430 2579 566 2646 retrahat,
583 2598 667 2651 quarn
683 2582 718 2635 ad
732 2582 838 2635 malum
853 2598 904 2636 sua
944 2580 1134 2651 quitate;»et
1147 2583 1237 2650 caragis
1247 2582 1405 2651 eligendum
1421 2583 1449 2635 in
1463 2588 1627 2653 paupertate
1637 2598 1739 2635 nomen

89 2656 91 2731 f
135 2667 394 2740 endapraecipiten
411 2669 476 2723 inde
495 2676 538 2723 est
557 2671 630 2740 quod
648 2677 679 2723 et
693 2671 824 2724 Salomon
840 2671 900 2724 ait:
944 2667 1047 2722 bonum
1070 2671 1203 2740 quantia
1225 2671 1328 2724 divitiis
1354 2688 1456 2725 nomen
1479 2671 1631 2741 pessimum
1657 2672 1738 2737 (Psoi.

137 2756 192 2809 rlra
202 2757 290 2827 perdit
304 2758 391 2811 etiam
404 2758 544 2829 sapientes
561 2760 655 2825 (dccli.
673 2765 720 2827 ru)
739 2778 745 2821 ;
762 2766 811 2812 et:
831 2761 904 2813 «ha
944 2758 1047 2827 xxxvi).
1065 2758 1217 2829 Episcopus
1227 2759 1274 2829 qui
1295 2760 1420 2814 inritator
1435 2776 1495 2813 esse
1512 2759 1637 2830 Apostoli
1652 2759 1738 2829 cupit,

89 2898 91 2905 ,
136 2843 306 2914 adjustitiam
321 2847 372 2900 Dei
386 2864 443 2901 non
458 2853 591 2918 operatur
616 2848 715 2914 (Jacob.
734 2857 761 2911 η.
776 2872 788 2900 a
805 2849 903 2918 Neque
943 2845 1049 2899 habens
1063 2847 1165 2900 rictum
1181 2854 1210 2901 et
1224 2849 1364 2911 vestitum,
1382 2849 1425 2902 his
1447 2854 1558 2903 tantum
1578 2847 1661 2902 debet
1675 2864 1737 2901 esse

89 3006 91 3013 Ι
136 2946 179 2986 tero
190 2934 231 3004 qui
245 2936 397 3005 aliquando
416 2936 546 2990 irascitur
559 2937 709 2990 iracundus
724 2942 775 3001 est,
791 2936 840 2989 sed
856 2936 902 2990 ille
943 2936 1091 2989 contentus
1101 2938 1126 3003 (l
1142 2938 1265 3003 Tinea).
1276 2937 1329 3001 Qui
1344 2936 1629 2997 altarioserriunt,de
1640 2936 1740 2990 altorio

135 3019 900 3096 dioturiracundus,quicrebrohacpassionesuperatur.
942 3023 1036 3078 virent
1060 3027 1086 3092 ll
1108 3025 1168 3078 Cor.
1192 3030 1244 3095 ixl:
1263 3027 1366 3092 vivant,
1382 3027 1483 3097 inquit,
1504 3033 1533 3080 et
1561 3042 1616 3080 non
1639 3025 1740 3079 divites

137 3107 238 3167 Prohibet
246 3129 358 3183 quoque
373 3113 533 3184 episcopum
549 3131 609 3167 esse
620 3114 825 3168 «vinolentum.
836 3133 849 3164 a
861 3115 901 3168 De
912 3082 1022 3166 Cliant.
1040 3114 1119 3167 Unde
1135 3120 1162 3168 et
1177 3132 1214 3168 ees
1227 3115 1307 3169 nobis
1332 3116 1470 3170 excutitur
1484 3133 1517 3168 ex
1539 3131 1617 3175 zona,
1634 3120 1663 3167 et
1684 3130 1740 3167 una

135 3200 211 3267 quoad
222 3201 401 3256 Timotheum
412 3202 543 3257 scribitur
559 3223 564 3256 :
584 3224 597 3254 a
613 3205 675 3258 Non
687 3203 845 3257 multovino
855 3204 901 3256 de·
942 3207 1052 3256 tanturn
1064 3203 1159 3256 tunica
1169 3203 1321 3269 induimur,
1337 3221 1389 3257 uec
1401 3205 1436 3258 de
1451 3204 1737 3272 crastinocogitamus

135 3284 207 3342 iilum
221 3309 234 3343 i
246 3290 335 3355 Quale
346 3296 389 3345 est
395 3296 489 3345 autem
498 3293 659 3363 episcopum
670 3292 764 3345 videre
779 3293 901 3346 vinolen-
943 3291 1037 3357 (ruere.
1054 3300 1099 3344 rr.
1116 3293 1217 3363 Tarpis
1231 3293 1301 3346 lucri
1316 3295 1452 3364 appetitio
1468 3299 1511 3347 est
1524 3294 1588 3364 plus
1604 3309 1689 3362 quam
1704 3291 1738 3345 de

133 3380 184 3431 tuu.
200 3386 226 3433 ut
247 3396 331 3433 sensu
356 3386 489 3450 occupato
509 3382 550 3434 vel
572 3381 675 3434 exaltet
699 3381 788 3435 risum
802 3388 900 3435 contra
941 3379 1124 3449 praesentibus
1138 3382 1270 3449 cogitare.
1283 3381 1572 3453 Hucusquoquidnou
1582 3381 1684 3434 debeat
1692 3380 1741 3434 hu-

134 3466 247 3531 meotis
270 3468 409 3534 decorem,
427 3475 455 3522 et
477 3469 557 3522 laliiis
572 3470 714 3524 dissolutis
729 3470 875 3524 cachinnet
892 3489 898 3536 3
940 3467 1006 3521 bere
1022 3469 1176 3539 episcopus,
1201 3471 1257 3523 sire
1276 3470 1433 3540 presbyter,
1456 3470 1582 3541 Apostoli
1609 3485 1738 3523 sermone

135 3553 163 3605 rel
174 3554 193 3607 si
205 3557 345 3626 paululum
359 3558 448 3611 tristis
461 3559 607 3628 cujusdam
623 3560 662 3612 rei
673 3559 759 3612 fuerit
772 3559 900 3613 recorda-
940 3564 1110 3628 praeceptum
1125 3565 1168 3610 est.
1178 3576 1183 3609 z
1195 3574 1269 3611 nunc
1279 3559 1440 3613 econtrario
1451 3559 1518 3629 quid
1528 3556 1738 3611 haberedebeat

134 3643 172 3701 tos,
184 3644 247 3698 inter
261 3648 360 3716 pocula
374 3647 402 3699 in
418 3647 557 3716 singultus
571 3655 737 3718 prorumpat
760 3654 788 3701 et
812 3648 899 3719 lacry-
939 3645 1100 3716 explicatur.
1790 3642 1801 3651 '

135 3744 183 3783 aas.
195 3733 313 3806 longum
325 3741 369 3789 est
383 3735 423 3789 ire
438 3753 487 3807 per
506 3737 627 3807 singula,
644 3743 672 3790 et
689 3737 813 3790 insanias
828 3754 899 3807 quas
977 3753 988 3784 r
1006 3735 1060 3788 Sed
1076 3733 1253 3804 hospitalem,
1272 3734 1410 3789 bonorum
1434 3741 1599 3800 aleatorem,
1616 3738 1734 3798 castum,

134 3815 226 3876 ebrietas
239 3825 365 3894 suggerit
385 3824 530 3895 explicare.
548 3826 649 3879 Videas
669 3825 739 3880 alios
754 3826 855 3896 pocillo
869 3827 898 3879 in
942 3842 953 3873 ι
967 3823 1086 3893 justum,
1102 3830 1239 3889 sanctum,
1249 3823 1447 3881 continentem.
1461 3819 1737 3885 abstinentemobti·

133 3906 319 3979 reuertentes,
334 3914 470 3984 scyphum
487 3914 514 3966 in
533 3915 632 3967 faciem
644 3915 739 3984 jacere
754 3915 873 3969 convivae
891 3935 897 3967 :
942 3929 956 3965 c
971 3918 1085 3966 nentem
1095 3929 1160 3966 eum
1170 3913 1218 3983 qui
1230 3912 1383 3965 secundum
1394 3911 1551 3965 doctrinam
1567 3915 1610 3964 est
1623 3909 1735 3963 fidelem

134 3994 196 4051 alium
207 4000 294 4054 scissis
303 4001 427 4055 restibus
440 4002 469 4055 iu
485 4003 601 4056 vulnera
623 4003 716 4057 aliena
741 4021 875 4074 proruere
891 4024 897 4070 ;
943 4017 1137 4060 «sermonem,
1148 4006 1285 4072 utpotens
1295 4000 1511 4055 siteonsolariin
1521 3998 1735 4065 doctrinasano,

134 4082 184 4138 alia
201 4089 324 4155 clamare,
349 4091 418 4144 alios
438 4091 609 4158 dormitare3
635 4092 683 4162 qui
709 4092 771 4162 plus
785 4092 897 4158 hiberii,
942 4095 1000 4143 «et
1009 4090 1230 4143 contradicentes
1246 4106 1372 4158 arguere.
1386 4110 1397 4140 r
1411 4090 1530 4158 (Arabe.)
1550 4088 1734 4159 Hospitalem‚

134 4168 207 4227 torua
217 4184 400 4249 computatur,
413 4180 713 4233 accusationisoccasio
726 4187 776 4243 est,
785 4181 898 4250 adjura·
940 4179 1041 4249 inquit,
1051 4179 1103 4232 hoc
1111 4184 1161 4241 est,
1172 4196 1219 4232 eos
1230 4179 1392 4249 peregrinos
1403 4179 1450 4249 qui
1461 4179 1516 4231 sule
1524 4177 1577 4231 sibi
1595 4185 1661 4231 sunt
1672 4178 1737 4246 jeur-

134 4266 177 4315 lum
188 4281 230 4335 per
243 4284 346 4337 regem,
358 4267 533 4338 frequentius
540 4284 595 4322 non
606 4268 718 4322 bibisse.
737 4270 859 4323 Vomuut
868 4276 901 4323 ut
940 4268 976 4321 cti
992 4267 1112 4321 libenter
1126 4268 1317 4338 recipientem.
1329 4287 1343 4319 r
1354 4268 1521 4335 Benignuru,
1536 4285 1549 4319 u
1564 4272 1595 4320 ut
1609 4282 1675 4335 erga
1691 4266 1737 4318 bo-

134 4345 214 4419 bibant,
223 4354 319 4410 bibunt
328 4361 359 4410 ut
368 4363 490 4412 rornant.
503 4357 628 4427 Digestis
639 4358 744 4411 ventris
759 4365 788 4411 et
800 4364 900 4426 guttur
941 4356 1059 4409 nitatem
1074 4357 1111 4410 sit
1128 4357 1280 4410 studiosus.
1296 4377 1307 4408 e
1327 4357 1490 4423 Pudicam»
1507 4363 1537 4410 ut
1552 4354 1586 4408 ab
1603 4354 1678 4408 omni
1698 4354 1737 4406 la·

134 4449 174 4491 1110
184 4454 341 4516 occupamur
352 4446 452 4499 officio.
470 4447 528 4499 Hoc
543 4462 617 4499 nunc
637 4446 739 4500 dixisse
764 4446 893 4511 sufficiat,
940 4444 1093 4498 sciriasese
1100 4446 1274 4515 superiorem
1284 4445 1435 4499 contineat.
1450 4466 1461 4496 ι
1474 4446 1649 4508 Justurn,»ut
1652 4442 1735 4511 justi-

136 4528 189 4593 leod
200 4534 344 4588 secundum
358 4535 523 4605 Apostolum
535 4536 638 4603 (Ephes.
652 4540 690 4602 r),
704 4536 733 4588 iu
748 4535 811 4588 vino
821 4536 899 4588 luxu·
939 4533 986 4586 tiae
995 4534 1116 4587 studeat.
1129 4554 1140 4584 c
1153 4535 1298 4599 Sanctum,
1310 4552 1323 4585 a
1335 4539 1368 4587 ut
1382 4531 1416 4586 ab
1428 4533 1505 4586 oraui
1524 4550 1553 4584 se
1569 4532 1642 4584 malo
1656 4546 1736 4601 supe-

136 4612 202 4672 mest
212 4639 217 4673 :
228 4629 254 4676 et
260 4622 419 4693 ubicunque
429 4623 896 4693 saturitasatqueebrietasfueriat,
939 4620 1042 4674 morem
1058 4628 1187 4676 reservet.
1202 4623 1431 4685 «continentem,
1446 4640 1457 4670 r
1476 4619 1597 4690 quinon
1611 4620 1736 4690 voluptu-

137 4698 242 4764 ibilibido
254 4711 423 4767 dominetur.
441 4712 541 4782 Specta
555 4718 681 4766 ventrem
705 4719 734 4765 et
751 4712 896 4781 genitalia,
939 4708 1013 4764 tibus
1021 4711 1185 4765 delectetur.
1198 4730 1209 4762 r
1221 4711 1444 4781 Ammectentem
1461 4710 1488 4762 id
1500 4709 1736 4779 quodsecundum

136 4802 171 4858 ll>
180 4799 300 4866 qualitate
311 4800 441 4854 vitiorum
462 4807 504 4854 est
516 4801 584 4854 ordo
600 4800 801 4856 membrorum.
819 4802 898 4855 Nun·
940 4799 1096 4853 doctrinam
1109 4800 1191 4853 ildcle
1204 4799 1329 4865 verbum,
1341 4799 1415 4851 »hoc
1424 4805 1475 4863 est,
1491 4798 1654 4868 diligentem
1669 4815 1737 4868 erge

136 4892 252 4957 tuamego
266 4888 374 4942 ebrium
389 4896 496 4943 castum
510 4889 624 4960 putabo,
642 4889 898 4959 quielsirinooon-
940 4887 1097 4941 doctrinam
1121 4888 1242 4958 pietatis
1267 4893 1296 4941 et
1319 4904 1380 4957 quae
1408 4888 1479 4941 nihil
1517 4888 1614 4959 prosit,
1643 4888 1667 4941 si
1701 4888 1738 4941 sit

136 4970 214 5040 apim
225 4976 380 5037 dormierit,
396 4983 490 5031 tamma
506 4978 597 5049 potuit
613 4979 896 5049 peccoreperrinum.
940 4975 1060 5045 diligens
1075 4992 1142 5045 erga
1155 4977 1321 5039 doctrinam,
1338 4976 1361 5029 si
1385 4993 1440 5030 nou
1462 4977 1547 5031 etiam
1571 4983 1600 5029 et
1618 4974 1737 5046 possibi-

135 5052 338 5120 Tflunurautem
347 5068 548 5138 Apostolumin
559 5067 705 5137 episcopis,
717 5067 774 5121 sire
786 5067 898 5138 preshy—
941 5065 1020 5118 litate
1035 5065 1122 5136 ipsius
1136 5065 1268 5120 doctrinae
1282 5065 1368 5119 suerit
1387 5066 1540 5135 praeditum
1559 5084 1572 5117 c
1588 5070 1621 5118 ut
1639 5070 1737 5134 potens

132 5148 598 5221 hasdomuasserinolentiamcum
612 5157 699 5210 veteri
714 5173 825 5227 quoque
840 5157 900 5225 lege
942 5154 979 5207 sit
1005 5154 1142 5207 consolari
1165 5153 1193 5207 in
1218 5153 1346 5207 doctrina
1364 5171 1441 5223 sona,
1475 5160 1503 5209 et
1531 5170 1578 5207 eos
1605 5153 1652 5223 qui
1673 5168 1737 5206 eon-

89 5224 92 5255 ⁹
128 5248 268 5312 receptam
282 5244 321 5297 sit
335 5246 428 5311 (terit.
442 5261 477 5311 x3
495 5245 816 5312 Nirrrr.v1),sacerd0tes
837 5262 900 5298 cum
941 5242 1084 5297 tradieunt
1097 5260 1224 5312 arguere.
1245 5263 1255 5293 ι
1273 5244 1391 5313 Oportet
1401 5250 1496 5297 autem
1511 5242 1609 5295 adesse
1632 5241 1658 5294 ei
1681 5240 1737 5293 rir-

89 5384 91 5399 ,
126 5322 299 5397 bgoediuntur
313 5334 449 5403 templum
462 5333 621 5387 ministrare
631 5335 699 5393 Deo,
709 5334 803 5386 vinum
813 5334 901 5386 omni·
941 5338 1040 5395 tutem,
1054 5339 1146 5385 utnon
1155 5332 1245 5384 solum
1262 5331 1361 5385 (locere
1380 5332 1490 5402 copiose
1502 5330 1590 5401 possit
1604 5331 1737 5401 pietatem

89 5410 91 5415 ’
120 5419 897 5493 louonbibcre:ctNamreumquaudiusanctamcomam
939 5421 1009 5492 pios,
1023 5421 1072 5474 sed
1088 5428 1118 5474 ut
1131 5425 1267 5490 etpotens
1277 5421 1314 5473 sit
1329 5437 1447 5490 arguere
1466 5420 1575 5490 eosqui
1592 5421 1735 5484 resistunt,

118 5509 332 5572 utrimetnihil
342 5510 652 5569 contaminatumnihil
664 5511 781 5565 mortale
792 5511 899 5580 conspi·
940 5510 1104 5580 dogmatum
1119 5508 1206 5563 fultus
1222 5509 1348 5564 veritate.
1375 5510 1473 5577 (llicr.)
1487 5510 1560 5562 Ante
1581 5509 1677 5562 omnia
1689 5508 1738 5562 ho·

112 5595 165 5663 ciat,
175 5598 451 5666 etovinoobstinere,
464 5606 493 5654 et
498 5600 532 5655 ah
538 5616 592 5655 ura
598 5616 690 5670 passa,
697 5606 748 5653 eta
756 5599 896 5657 dilutiore.
940 5598 1080 5670 spitelitas
1090 5598 1322 5670 futuroepiscopo
1333 5597 1525 5652 denuntiatur.
1538 5598 1568 5653 Si
1585 5599 1661 5652 enim
1675 5613 1736 5651 om-
