3772 6120
406 255 624 314 ALLEGORIAE
643 257 683 312 IN
703 254 848 311 secudu
867 254 1108 311 SCRIPTURAM.
1526 264 1578 324 866

99 380 150 436 nod
164 382 215 452 qui
230 381 456 451 reprehensionis
471 399 556 436 manu
570 382 768 451 arroganterA
777 378 843 431 facit
856 379 888 442 ¹¹,
903 398 915 429 e
928 378 1002 449 quod
1012 395 1069 433 non
1084 385 1126 434 est
1139 382 1290 438 tuncbona
1299 383 1464 440 voluntasin
1473 394 1577 453 mente,
1653 412 1655 417 2

99 470 202 525 cclesiae
208 476 338 540 tangunt,
346 470 580 540 spiritualimorte
586 470 734 523 feriuntur.
778 469 889 538 quando
905 468 971 521 mali
986 478 1124 539 apparent
1138 471 1245 525 fructus
1258 472 1287 527 iu
1301 490 1394 544 opere.
1411 478 1430 529 A
1436 477 1509 543 rbor,
1518 494 1581 548 per·

99 564 234 621 seaucta,
248 563 280 610 ut
295 557 323 611 in
339 558 458 611 Genesi:
483 578 494 609 o
513 560 567 611 Fac
580 556 631 611 tibi
642 572 736 609 arcam
777 555 865 609 fectus
876 555 994 626 quilibet
1009 556 1037 610 in
1058 558 1121 620 side,
1138 559 1212 613 utin
1231 562 1396 633 Apocalypsi
1411 581 1416 615 :
1434 580 1447 614 o
1471 564 1579 619 Praece-

99 647 209 717 tvigatis
225 647 244 710 ¹,
263 666 275 697 a
293 646 383 712 idest,
400 647 443 699 iac
458 653 582 700 mentem
597 662 614 698 a
629 644 735 716 peceati
777 651 857 716 ptum
872 650 915 698 est
928 645 970 699 illi
985 645 1017 712 ¹⁸,
1027 665 1039 699 u
1051 646 1079 700 id
1094 652 1145 712 est,
1162 665 1180 701 a
1194 648 1251 702 Deo
1267 647 1424 720 injunctum
1439 657 1483 705 est
1496 654 1580 708 llnti-

98 735 200 790 ieuam.

99 829 178 879 tcor
193 826 358 887 humanum,
375 828 407 876 ut
422 823 449 876 in
476 822 588 877 Exodo:
615 824 735 877 «Penes
776 823 839 875 dem
852 823 975 893 aliquem
989 823 1018 876 in
1031 823 1095 889 lide,
1111 844 1123 875 ι
1139 841 1191 878 nec
1206 843 1289 880 omne
1303 827 1392 881 viride
1409 847 1422 879 a
1439 828 1467 882 id
1482 836 1533 889 est,
1550 830 1579 884 in

99 913 189 967 mulos
205 929 290 982 super
310 913 419 966 arulam
440 912 537 966 altaris
552 911 573 976 ¹,
591 930 604 962 a
630 911 657 964 id
681 919 733 972 est,
777 911 859 964 sidem
871 928 982 966 omnem
1000 918 1170 983 provectum,
1186 932 1198 965 u
1215 931 1266 968 uec
1280 932 1363 970 omne
1373 916 1511 982 arborem,
1526 937 1538 970 u
1551 920 1579 972 id

99 1002 305 1072 'angelistarum
320 1001 405 1055 libros
413 1017 464 1072 per
474 1001 647 1054 intellectum
657 1017 734 1054 com-
776 1006 827 1064 est,
844 1001 995 1056 necullum
1016 1000 1046 1055 iu
1069 1002 1123 1055 fide
1147 1003 1311 1073 perfeetum.
1335 1006 1435 1071 Arbor,
1450 1006 1576 1062 humana

99 1091 121 1145 li
134 1096 195 1145 tuo.
776 1095 926 1156 natura,ut
935 1089 964 1144 in
976 1091 1125 1160 Evangelio
1142 1109 1148 1144 :
1163 1092 1286 1159 «Arbor,
1299 1110 1360 1164 quae
1373 1111 1429 1148 uon
1440 1095 1507 1149 tacit
1518 1097 1579 1151 iru-

99 1198 112 1245 :,
129 1179 267 1243 diabolus,
282 1184 314 1232 ut
328 1178 357 1232 in
371 1177 440 1232 Job:
460 1196 473 1231 o
491 1179 525 1232 Et
539 1178 631 1249 ipsum
645 1177 735 1248 rapiet
775 1182 836 1231 ctus
851 1178 948 1244 bonos,
967 1179 1134 1246 exscidetur,
1158 1188 1187 1234 et
1210 1180 1348 1252 inignem
1368 1183 1497 1238 mittetur
1511 1185 1542 1252 11,
1566 1205 1579 1239 a

99 1309 107 1335 ,
125 1288 139 1319 u
157 1269 232 1339 quod
256 1268 372 1338 impium
397 1267 427 1320 iu
450 1274 541 1321 morte
563 1267 597 1321 ad
621 1283 733 1338 poenam
776 1267 849 1336 quod
856 1266 969 1337 impius,
981 1267 1029 1338 qui
1040 1267 1109 1321 bene
1119 1268 1229 1323 vincere
1241 1287 1296 1324 non
1307 1277 1396 1338 curat,
1408 1289 1425 1325 a
1436 1275 1578 1328 consortio

99 1358 159 1430 ipit.
174 1360 317 1416 Armatus,
335 1356 453 1427 quilibet
476 1355 614 1426 superbus
634 1356 681 1426 qui
704 1372 733 1409 se
772 1355 915 1424 justorum
930 1356 1117 1424 exscindetur,
1135 1357 1202 1410 etin
1217 1358 1310 1428 ignem
1323 1361 1459 1430 gehennae
1482 1364 1579 1418 mitte-

99 1463 198 1514 tusare,
212 1447 277 1500 utin
286 1444 363 1499 libris
370 1444 515 1513 Regnum⁴
525 1445 611 1498 David
620 1444 736 1498 nescirit
776 1448 831 1497 tur.
844 1446 943 1512 Arbor,
957 1450 1019 1499 tota
1033 1446 1117 1500 simul
1133 1446 1316 1517 reproborum
1332 1465 1434 1516 massa,
1451 1457 1483 1505 ut
1503 1452 1530 1506 iu
1546 1454 1579 1507 E-

99 1536 220 1597 rcedere,
238 1535 312 1605 quod
336 1533 450 1587 humilis
476 1532 593 1604 quisque
616 1532 734 1604 superbe
775 1532 921 1603 vangelio:
935 1553 948 1587 ι
960 1534 1072 1591 Securis
1083 1536 1118 1588 ad
1127 1536 1250 1590 radicem
1259 1536 1366 1591 arboris
1373 1539 1464 1609 posita
1472 1546 1514 1594 est
1523 1540 1574 1606 ’⁰,r

116 1641 259 1680 excusare.
283 1624 336 1676 Per
354 1628 477 1676 orrrrutos
500 1622 623 1693 tyranni,
649 1629 681 1674 ut
703 1622 733 1676 iu
776 1623 850 1692 quod
868 1620 959 1677 ludex
971 1623 1109 1687 Christus,
1126 1623 1173 1694 qui
1190 1628 1199 1647 ⁹
1215 1631 1243 1678 te
1259 1643 1291 1678 ex
1313 1627 1461 1682 manubrio
1476 1630 1578 1684 hunta-

99 1729 241 1768 sccursum
258 1717 379 1782 pergunt
389 1711 505 1764 armatis
515 1711 536 1775 ⁵,
551 1729 565 1762 a
583 1711 657 1782 qued
672 1728 734 1764 san·
745 1685 872 1764 Bnitatis
886 1711 1013 1776 extraxit,
1032 1717 1061 1766 et
1075 1712 1175 1766 incidit
1189 1730 1222 1767 ex
1242 1715 1315 1768 ferro
1335 1716 1499 1783 diuinitatis,
1517 1736 1579 1773 om-

99 1809 174 1858 cator
184 1809 368 1872 tyrannorum
381 1800 518 1870 superbire
534 1799 664 1853 resistere
679 1817 734 1854 nou
775 1815 825 1852 nes
835 1798 968 1870 reprobos
982 1806 1137 1854 consumet.
1165 1802 1219 1855 Per
1243 1805 1369 1857 arborem.
1387 1805 1432 1859 hic
1446 1807 1578 1875 mundae,

776 1887 850 1942 utin
864 1888 1014 1960 Evangelio
1033 1909 1038 1943 :
1059 1908 1072 1941 o
1087 1890 1158 1944 Cum
1169 1891 1329 1961 producunt
1343 1892 1457 1948 arbores
1469 1896 1529 1965 jam
1546 1913 1579 1951 ex

99 1980 247 2044 Dominus,
264 1987 296 2033 ut
306 1979 332 2033 in
349 1980 463 2033 Cantico
476 1999 481 2033 ε
496 1998 509 2028 «
526 1978 736 2042 Quaelabricata
777 1994 838 2032 sese
847 1978 978 2042 fructum,
989 1977 1065 2032 scitis
1076 1979 1149 2048 quod
1165 1995 1251 2050 prope
1265 1985 1308 2033 est
1322 1998 1440 2051 regnum
1453 1984 1502 2037 Dei
1517 1984 1549 2037 ²¹.
1565 2004 1577 2035 ι

99 2069 233 2123 .εηὶίὶοίε
245 2070 266 2134 ⁰,
286 2088 298 2120 a
316 2069 390 2139 quod
414 2085 464 2138 per
487 2067 598 2121 Domini
615 2067 737 2137 gratiam
777 2067 832 2120 Per
844 2069 971 2121 arborem
985 2066 1119 2131 haretici,
1133 2073 1165 2120 ut
1185 2068 1214 2121 in
1231 2068 1355 2139 Epistola
1369 2071 1447 2125 Judae
1463 2089 1469 2124 :
1485 2055 1501 2123 ἶ(
1525 2074 1580 2126 Ar-

102 2157 184 2212 nohis
199 2157 477 2211 ‹lonaconferuntur
778 2155 859 2209 hores
883 2157 1061 2210 autumnales
1089 2155 1121 2222 ²¹,
1143 2175 1154 2207 r
1178 2157 1253 2228 quod
1278 2159 1354 2212 salus
1384 2159 1578 2215 hereticorum

100 2246 356 2319 pinguedorerum,
370 2251 402 2300 ut
416 2247 444 2299 in
461 2245 530 2300 Job:
552 2265 562 2296 ι
581 2246 615 2299 Et
630 2245 737 2299 inlate·
780 2246 955 2317 desperatur.
1142 2306 1144 2310 ,

99 2336 201 2390 arvina
216 2336 356 2406 dependet
370 2336 390 2401 ⁷,
408 2355 420 2386 a
438 2335 511 2405 quod
526 2335 555 2388 in
570 2333 737 2388 consiliariis
813 2337 946 2388 Aromata
960 2334 1197 2400 suntvirisancti,
1211 2335 1281 2389 utin
1296 2336 1411 2390 Cantica
1424 2355 1429 2388 :
1449 2338 1576 2402 «Perde,

99 2425 194 2496 tgnedo
208 2442 268 2478 rem
283 2425 415 2478 abundat.
778 2428 882 2489 auster,
900 2422 1014 2478 hortum
1030 2440 1134 2487 meum,
1147 2430 1176 2477 et
1185 2425 1273 2478 lluent
1283 2430 1410 2478 aromata
1424 2425 1499 2480 illius
1512 2425 1545 2491 ¹¹³,
1563 2447 1577 2479 »

98 2520 138 2568 uit
148 2514 282 2568 intestina
292 2513 419 2567 Ecclesiae
435 2511 569 2576 membra,
587 2511 655 2564 utin
665 2510 734 2565 Job:
779 2511 874 2577 idest,
891 2511 1283 2583 secundmosanctesponse,
1310 2513 1462 2567 Ecclesiam
1475 2531 1577 2581 meam,

99 2620 133 2658 un
152 2609 219 2656 sunt
236 2603 341 2656 redacti
362 2619 459 2655 ornnes
474 2607 552 2655 artus
567 2600 622 2653 mei
636 2601 656 2665 ¹,
675 2619 687 2652 u
710 2600 737 2653 id
780 2605 808 2654 et
817 2600 991 2671 apparebunt
999 2599 1087 2654 sancti
1104 2601 1174 2670 ejus.
1187 2602 1320 2654 Aromata
1336 2607 1402 2655 sunt
1415 2601 1580 2675 bonaopera

99 2708 118 2746 a
132 2691 260 2745 membra
274 2708 337 2744 mea
351 2692 471 2744 multum
486 2691 671 2744 delectantur.
780 2696 950 2755 selectorum,
962 2696 994 2743 ut
1008 2689 1037 2743 in
1052 2689 1167 2743 Cautico
1185 2707 1190 2740 :
1211 2708 1224 2740 o
1241 2690 1275 2743 Et
1289 2690 1358 2743 odor
1372 2699 1580 2760 unguentorum

99 2797 104 2835 ;
117 2781 250 2843 Ecclesia,
263 2781 332 2833 utin
345 2780 493 2850 Evangelio
507 2798 512 2832 :
532 2798 543 2830 r
561 2780 596 2833 Et
609 2778 740 2850 purgabit
779 2784 893 2832 tuorum
908 2795 993 2849 super
1007 2778 1101 2832 omnia
1111 2783 1240 2832 aromata
1253 2777 1286 2844 ²¹,
1304 2797 1317 2830 a
1338 2779 1412 2850 quod
1427 2780 1580 2835 suavitates

99 2871 162 2932 10⁹,
177 2888 190 2921 r
208 2869 235 2922 id
251 2876 301 2934 est,
318 2870 457 2923 mundans
479 2869 631 2922 Ecclesiam
647 2884 737 2921 suam.
780 2867 925 2931 virtutum,
939 2883 1000 2937 quae
1016 2866 1113 2921 sintin
1128 2867 1235 2937 virgine
1251 2867 1432 2933 illaria,bona
1446 2869 1582 2924 excedant

99 2959 163 3013 idus
183 2959 245 3022 iste,
259 2966 291 3012 ut
306 2959 334 3011 in
349 2958 419 3011 libro
433 2958 580 3012 iudicum:
605 2976 616 3007 o
634 2958 739 3010 Ponam
781 2973 865 3027 opera
885 2962 1058 3010 sanctorum.
1082 2959 1216 3010 Aromata
1230 2963 1297 3011 sunt
1310 2957 1422 3010 mundae
1436 2958 1581 3029 cogitatio·

99 3067 103 3101 :
128 3048 200 3102 lance
225 3049 252 3100 in
276 3065 342 3101 area
367 3047 398 3115 ¹⁰,
422 3067 432 3096 ι
460 3048 534 3117 quod
558 3047 592 3100 ad
619 3016 839 3108 salutemcnes,
856 3045 930 3098 utin
945 3045 1061 3099 cantico
1079 3062 1085 3097 :
1104 3045 1232 3099 ohlessui
1248 3045 1393 3116 myrrham
1408 3062 1500 3100 ineam
1516 3064 1580 3102 curn

112 3137 250 3205 virginem
268 3137 385 3190 Mariam
409 3136 483 3189 Deus
512 3136 604 3207 posuit
624 3136 737 3190 mundo.
781 3133 954 3187 aromatibus
965 3134 1035 3188 meis
1045 3133 1077 3200 ¹⁵,
1092 3152 1105 3185 u
1123 3135 1197 3205 quod
1216 3134 1264 3205 qui
1281 3135 1364 3189 modo
1380 3152 1492 3189 carnem
1508 3153 1581 3191 mor·

99 3224 264 3295 udopopuli
280 3225 402 3293 gentilis,
420 3225 489 3278 utin
506 3223 583 3277 libris
595 3225 702 3295 Regum
719 3224 737 3258 ¹¹
781 3222 877 3288 tifrcat,
895 3228 924 3276 et
937 3229 1062 3278 mentem
1077 3223 1204 3289 mundat,
1230 3241 1262 3276 ox
1286 3230 1406 3295 utraque
1425 3225 1455 3278 in
1474 3225 1578 3291 futura,

99 3314 182 3368 David
200 3315 288 3367 altare
299 3310 418 3367 Domino
430 3313 459 3367 in
474 3330 539 3367 area
549 3315 644 3366 Arnan
659 3312 741 3366 Jebu·
781 3311 866 3365 vitam
880 3319 968 3367 metet
981 3318 1124 3367 eetemam.
1141 3314 1160 3366 A
1166 3317 1284 3378 roruata,
1305 3313 1466 3368 dulcedines
1479 3316 1582 3370 oratio·

99 3403 250 3458 Ecclesiam
262 3403 339 3456 Petri
355 3403 481 3456 Christus
501 3407 645 3456 consecrat
656 3402 685 3456 in
698 3402 740 3455 la·
782 3417 859 3467 num,
876 3401 945 3455 utin
961 3401 1110 3472 Evangelio
1123 3399 1147 3436 ¹⁶
1162 3404 1182 3467 ·,
1194 3401 1308 3455 venient
1320 3401 1443 3456 diluculo
1449 3404 1583 3459 mulieres

99 3492 190 3547 entilis
204 3491 309 3562 populi.
781 3495 925 3561 portantes
940 3496 1076 3553 aromata,
1101 3507 1162 3561 quae
1185 3495 1420 3561 praeparaverant,
1438 3493 1513 3562 quod
1527 3493 1584 3546 dis-

99 3589 126 3635 st
138 3581 274 3645 Christus
292 3586 324 3634 ut
337 3582 365 3634 iu
381 3581 509 3635 Cantico:
530 3598 543 3632 o
559 3579 637 3633 Sicut
651 3581 741 3633 malus
782 3579 871 3633 cussis
886 3578 1009 3632 tenebris
1024 3578 1127 3632 inentis
1142 3579 1246 3633 devotae
1264 3581 1275 3602 ¹
1289 3578 1403 3632 veniant
1416 3580 1527 3646 animae,
1544 3583 1583 3635 fe-

99 3687 118 3724 a
140 3670 282 3730 silvarum,
309 3670 347 3723 sic
370 3671 487 3723 dilectus
509 3686 587 3723 meus
610 3669 685 3721 inter
708 3670 741 3721 fi·
783 3673 876 3721 rentes
886 3667 1094 3738 praemeditatas
1113 3666 1262 3720 orationes.

99 3757 164 3828 quod
180 3758 299 3811 multum
318 3759 392 3810 inter
414 3757 556 3811 Christum
580 3761 608 3810 et
631 3760 742 3815 sanctos
818 3759 920 3812 Areua
933 3762 999 3810 sunt
1019 3756 1152 3810 doctrina
1173 3755 1317 3819 virtutum,
1341 3762 1374 3809 ut
1395 3756 1424 3810 iu
1442 3757 1578 3812 Cantica:

103 3846 175 3900 lilios
201 3846 295 3911 distat,
324 3847 397 3916 quod
425 3845 486 3915 puri
515 3847 642 3900 homines
665 3852 739 3900 sunt.
786 3868 796 3897 r
818 3846 902 3900 Genae
917 3846 978 3915 ojus
993 3845 1065 3899 sicut
1080 3844 1180 3898 areolae
1195 3848 1353 3898 aromatum
1377 3843 1410 3910 ¹¹,
1435 3863 1448 3896 a
1475 3845 1503 3898 id
1528 3854 1580 3912 est,

99 3952 128 4001 x,
140 3943 171 3989 ut
183 3936 210 3989 in
223 3936 355 3988 Cantica:
376 3935 459 3989 «Sub
474 3935 573 3988 arbore
589 3935 662 3987 malo
679 3950 740 3988 sus·
783 3940 921 4006 martyres
945 3935 1006 4003 eius
1034 3933 1168 3988 doctrinis
1195 3940 1223 3986 et
1246 3932 1395 3987 virtutibus
1423 3933 1579 3989 insistunt:

99 4064 102 4090 ,
115 4025 168 4077 »id
177 4030 228 4081 est,
236 4042 286 4094 per
295 4025 378 4077 fidem
391 4024 527 4094 passionis
543 4041 611 4077 mere
622 4040 639 4076 a
651 4029 741 4076 morte
781 4027 800 4079 A
807 4028 889 4089 reela,
903 4022 1021 4094 quilibet
1034 4022 1158 4089 humilis,
1175 4022 1250 4076 utin
1266 4022 1381 4077 Cantico
1400 4040 1405 4075 :
1423 4043 1436 4076 o
1458 4024 1582 4080 Dilectus

99 4119 136 4167 te.
162 4114 260 4171 Arbor,
286 4113 399 4166 humilis
429 4113 478 4166 Dei
504 4112 630 4177 scientia,
657 4111 739 4165 utin
780 4129 860 4166 meus
874 4110 1019 4169 descendit
1034 4112 1063 4166 in
1078 4113 1191 4166 hortum
1215 4128 1306 4178 suum,
1328 4112 1363 4166 ad
1383 4114 1506 4167 areolam
1521 4132 1584 4169 aro·
1651 4135 1653 4139 ⁷

99 4218 127 4255 a:
146 4202 303 4255 «Ascendit
316 4202 444 4256 Zachaeus
460 4219 645 4272 sycomorum,
662 4207 694 4255 ut
703 4200 741 4254 vi-
781 4201 907 4268 mattea,
919 4201 974 4257 nid
988 4207 1040 4268 eet,
1058 4203 1186 4256 Christus
1200 4202 1317 4256 renitad
1329 4202 1479 4257 Ecclesiam
1490 4220 1580 4272 suam,

99 4290 175 4356 rm¹¹,
193 4312 207 4341 a
224 4291 362 4361 quodnisi
379 4293 495 4344 stultam
509 4291 557 4345 Dei
574 4290 740 4361 sapientiam
782 4290 877 4356 idest,
894 4297 955 4345 tum
964 4291 1074 4352 humili,
1092 4297 1124 4345 ut
1136 4291 1221 4345 farciat
1237 4290 1411 4345 mansionem
1420 4297 1509 4346 tuam.

99 4379 199 4443 lamus,
216 4380 356 4433 Christum
373 4381 570 4451 comprehendi
585 4396 641 4434 non
656 4396 744 4432 mere·
819 4382 939 4443 Aroma,
956 4381 1061 4435 afflicta
1075 4381 1179 4445 anima,
1195 4380 1268 4434 utin
1282 4380 1419 4434 Psalmis:
1433 4381 1492 4434 «Et
1508 4380 1586 4434 tabe·

99 4484 130 4533 rr,
140 4469 210 4522 fides
220 4468 343 4534 robusta,
356 4476 387 4523 ut
405 4470 432 4522 in
451 4468 613 4539 Evangelio:
627 4488 639 4521 o
652 4468 746 4523 Crevit
786 4486 862 4523 scere
886 4469 985 4535 iecisti,
1002 4469 1073 4523 sicut
1090 4486 1233 4536 araneam,
1254 4468 1377 4522 animam
1393 4470 1454 4538 eius
1470 4468 1502 4534 ¹⁰,
1521 4490 1533 4520 a
1555 4469 1582 4522 id

99 4556 205 4627 sinapis,
237 4564 265 4610 et
287 4559 390 4611 lactum
416 4564 459 4611 ost
479 4559 508 4611 in
533 4557 660 4611 arborem
684 4574 745 4610 ma·
787 4563 838 4622 est,
863 4558 898 4612 ad
922 4559 1013 4612 instar
1037 4575 1146 4612 araneae
1165 4556 1319 4629 permisisti
1332 4556 1419 4626 afiligi
1433 4557 1582 4612 animam·

99 4666 106 4696 ι
122 4645 197 4716 quod
208 4647 293 4699 crevit
309 4647 386 4713 fides,
407 4665 467 4716 quae
481 4647 557 4717 prius
572 4646 681 4716 abjecta
704 4645 745 4699 ri·
787 4649 847 4718 ejus
863 4647 970 4700 vanitas
985 4647 1057 4711 vitae,
1075 4651 1107 4700 ut
1124 4647 1152 4700 in
1169 4645 1307 4700 Psalmis:
1321 4663 1333 4696 «
1349 4645 1423 4698 llnni
1443 4646 1532 4700 nostri
1549 4646 1585 4700 si-

99 4751 132 4788 er
148 4735 295 4799 mundum,
319 4741 348 4789 et
370 4736 455 4790 robur
472 4735 578 4805 accepit
601 4751 744 4804 magnum.
787 4742 834 4789 cut
847 4750 951 4788 aranea
970 4733 1183 4787 meditabuntur
1199 4732 1231 4798 ³⁰,
1255 4730 1268 4783 i
1288 4732 1318 4786 id
1341 4734 1584 4799 est,anninost1i

99 4824 279 4887 naroluntas,
292 4825 362 4877 utin
372 4825 535 4895 Evangelio:
550 4843 562 4874 ι(
574 4823 665 4876 Arbor
673 4821 747 4875 bona
787 4823 909 4877 vanitate
923 4827 990 4876 sunt
1004 4822 1089 4892 pleni.
1320 4895 1322 4898 Δ

100 4913 159 4966 alos
173 4928 228 4966 non
240 4913 306 4966 lacit
317 4915 346 4980 11,
362 4934 373 4965 u
387 4915 460 4984 quod
471 4932 504 4967 ex
521 4907 588 4967 voce
604 4912 677 4965 bona
691 4927 746 4964 uon
822 4914 956 4966 Armenta
974 4914 1041 4964 sunt
1061 4911 1188 4964 doctores
1206 4911 1247 4964 rel
1262 4915 1384 4965 rectores
1400 4911 1538 4977 Ecclesia,
1554 4918 1587 4966 ut

99 5001 161 5055 ictio
177 5002 260 5055 mala.
282 5006 379 5067 Arbor,
405 5004 531 5057 uoluntas
556 5003 639 5067 mala,
664 5006 697 5053 ut
718 4999 745 5052 in
787 5001 816 5054 in
831 5000 946 5054 Cantica
964 4999 1118 5053 Habacuc:
1139 5018 1151 5050 o
1173 5000 1208 5053 Et
1221 5016 1277 5053 non
1301 4999 1356 5053 erit
1373 5005 1533 5054 armentum
1555 5001 1584 5056 in

99 5109 116 5144 1:
131 5091 218 5145 «Non
229 5092 363 5145 estarbor
374 5092 454 5156 bona,
470 5108 530 5162 quae
540 5092 647 5145 fructus
658 5088 746 5143 malos
788 5088 957 5159 praesepibus
966 5087 999 5154 ³¹,
1013 5109 1025 5140 a
1043 5088 1133 5152 idest,
1149 5105 1204 5142 non
1220 5088 1274 5142 erit
1285 5088 1416 5159 praelatus
1427 5088 1455 5142 iu
1471 5089 1585 5160 populo,

99 5264 138 5311 rr,
150 5250 308 5303 tetuxod.
325 5265 410 5314 xxvii,
422 5252 448 5304 5.
464 5250 537 5304 ³Job
554 5266 579 5309 r,
596 5251 622 5303 5.
639 5251 756 5320 ⁴1Reg.
773 5248 899 5314 xv11,30,
917 5246 1094 5315 ⁵Jobxrxn,
1106 5246 1150 5300 11.
1167 5247 1272 5302 ⁰Oant.
1288 5262 1337 5313 vn,
1353 5248 1379 5301 1.
1392 5247 1463 5302 ¹Job
1478 5263 1523 5305 xv.
1539 5248 1584 5304 27.

99 5321 140 5380 ,7.
156 5320 168 5353 ¹
183 5322 281 5375 Matth.
298 5336 339 5387 111,
354 5322 406 5380 122
423 5323 488 5376 Luc.
506 5336 547 5383 111,
563 5322 608 5375 l7.
626 5322 647 5355 ¹⁰
661 5322 724 5376 lud.
742 5336 779 5387 rr,
794 5321 839 5375 37.
857 5322 876 5354 ¹¹
893 5321 919 5375 ΙΙ
931 5321 1000 5390 Reg.
1014 5334 1088 5385 xxiv,
1106 5318 1149 5373 18.
1167 5318 1190 5353 11
1204 5320 1285 5374 Cant.
1300 5334 1330 5384 11,
1343 5317 1370 5372 3.
1390 5317 1412 5352 ¹³
1425 5320 1506 5375 Cant.
1523 5335 1584 5388 vin,

114 5405 170 5458 xix,
182 5392 208 5446 4.
228 5392 249 5427 ¹⁵
260 5394 325 5447 Luc.
342 5393 454 5456 rualli.
470 5393 597 5447 ¹¹l1atth.
610 5408 658 5456 vn,
674 5393 719 5447 18.
737 5393 758 5426 ¹¹
773 5394 839 5447 Luc.
856 5407 894 5457 vr,
910 5391 955 5446 13.
969 5391 1086 5463 ¹⁸Apoc.
1103 5405 1152 5457 vn,
1167 5392 1194 5445 1.
1211 5391 1234 5425 ¹¹
1244 5391 1343 5454 Matth.
1358 5404 1407 5456 vn,
1422 5390 1467 5446 19.
1480 5390 1585 5449 ¹⁰1bid.

99 5476 128 5530 u,
139 5463 182 5529 30,
197 5464 242 5518 31.
258 5463 281 5497 ¹¹
291 5465 368 5519 Vere.
385 5465 429 5518 12.
444 5464 467 5498 ¹³
482 5465 562 5519 Cant.
580 5480 617 5530 rr,
633 5465 677 5518 16.
692 5464 716 5499 ¹¹
726 5465 806 5519 Cant.
826 5479 863 5529 ιν,
883 5463 923 5520 10.
937 5462 960 5497 ¹¹
970 5462 1051 5518 Cant.
1066 5478 1092 5528 v,
1109 5464 1122 5517 1
1138 5482 1145 5531 ;
1157 5464 1227 5518 Mar.
1238 5476 1295 5528 xri,
1310 5465 1336 5516 1.
1347 5460 1371 5496 ¹¹
1385 5463 1451 5518 Luc.
1468 5479 1543 5531 xxiv,
1557 5465 1585 5518 1.

99 5549 117 5597 r,
131 5533 175 5589 13.
192 5533 215 5570 ¹¹¹
230 5536 311 5591 Cant.
327 5550 364 5600 vr,
384 5535 408 5592 l.
424 5536 447 5570 ²¹
462 5537 534 5590 Psal.
550 5551 664 5591 nrxtnu.
680 5534 724 5592 ta.
742 5535 766 5570 ³⁰
780 5536 854 5590 Psal.
871 5548 981 5600 enixis,
999 5532 1025 5591 9.
1038 5535 1059 5570 ³¹
1075 5535 1179 5590 Habac.
1192 5549 1234 5601 111,
1255 5533 1297 5591 17.
