3772 6120
122 284 188 343 ¹307
415 289 446 345 Β.
468 291 603 348 ΗΑΒΑΝΙ
623 292 738 350 usual
760 293 1282 351 Ascfllsp.ttouuur.01>ssuu
1308 293 1400 349 PARS
1419 294 1470 351 lll.
1693 294 1758 354 1308

119 426 176 469 non
190 412 282 467 solum
296 413 325 469 in
337 413 363 467 id
374 414 522 470 restituere
533 417 607 488 quod
623 417 711 484 fuisti,
722 417 918 473 sedetbeatio·
927 420 1044 490 Aatque
1058 420 1087 475 in
1102 418 1272 490 protundum
1286 418 1427 472 malorum
1445 423 1590 487 enecetur,
1608 419 1685 491 quod
1698 435 1759 476 cum

118 515 179 556 rem
194 502 284 556 multo
311 519 396 573 quarn
418 504 495 574 prius
515 506 652 561 videbaris
667 507 799 562 efficere?
819 508 917 579 Neque
957 508 1077 563 senserit
1090 507 1227 573 inimicus,
1244 513 1273 561 et
1284 507 1384 561 viderit
1392 524 1444 561 nos
1454 515 1637 578 peccatorum
1653 515 1757 565 nostro·

118 589 195 644 euim
209 596 320 645 tautum
335 593 470 648 concedas
482 594 586 658 animo,
604 612 655 650 nec
670 596 807 651 bonorum
823 612 916 668 quaeso
957 613 1021 651 rum
1035 595 1510 667 multitudinemperhorrescentes,
1521 596 1759 668 increpationibus

118 694 198 750 spem
212 678 262 734 tibi
283 679 446 748 abscondas,
471 700 505 737 ne
525 685 633 739 accidat
651 684 702 740 tibi
725 687 798 757 quod
822 685 917 758 impiis
957 685 1042 739 etiam
1055 685 1144 756 ipsius
1158 684 1336 739 conscientiae
1352 685 1500 751 deterreri,
1519 684 1630 744 accedit
1640 689 1671 740 et
1693 685 1757 758 ipse,

118 767 200 834 solet,
207 785 263 823 non
273 770 349 825 enim
360 771 693 843 multitudopeccatorum
708 774 737 829 in
746 775 917 846 desperatio·
958 777 987 828 et
1008 773 1191 844 cogitationes
1209 771 1289 827 nobis
1314 771 1428 844 subjicit
1450 773 1624 846 desperandi
1651 773 1758 845 plumbo

118 872 183 911 nem
196 856 305 913 inducit
322 859 456 927 animam,
481 862 529 916 sed
553 862 692 935 impietas,
718 868 748 918 et
769 869 918 936 propterea
957 861 1034 917 omni
1049 867 1078 917 et
1090 861 1167 916 omni
1181 877 1267 916 arena
1279 861 1430 931 gaviores,
1443 862 1550 934 quassi
1561 863 1756 934 receperimus,

120 944 252 1001 Salomon
267 946 337 1001 dixit
347 949 414 1019 quia
433 968 446 1000 c
463 951 554 1006 omnis
573 951 622 1022 qui
635 951 743 1007 venerit
756 952 786 1008 in
799 953 916 1023 prosun·
957 967 1070 1005 necesse
1085 957 1128 1004 est
1138 967 1188 1004 nos
1198 951 1295 1005 statim
1305 950 1428 1022 pondere
1442 950 1504 1022 ipso
1519 948 1653 1022 abruptis
1665 952 1758 1007 salutis

119 1031 187 1090 dum
200 1035 351 1103 malorum,
366 1039 521 1095 contemnit
536 1041 625 1106 (Proo.
642 1057 715 1102 xuni,
732 1040 769 1109 3).
791 1060 801 1091 s
816 1041 917 1112 lmpio·
958 1042 1060 1095 nostrae
1074 1038 1236 1094 retinaculis
1248 1039 1278 1093 in
1287 1039 1456 1110 protundum
1466 1039 1598 1111 demergi
1611 1039 1757 1109 malorum,

118 1138 183 1179 rum
197 1140 264 1194 ergo
274 1131 318 1179 est
328 1126 476 1197 desperare
491 1128 610 1183 salutem
619 1135 647 1183 et
656 1136 916 1196 contemnere,cum
958 1128 1060 1183 scimus
1074 1128 1149 1182 enim
1164 1128 1259 1199 plures
1267 1132 1296 1183 et
1308 1144 1341 1183 ex
1356 1128 1459 1182 nostris
1467 1128 1656 1200 temporibus,
1671 1134 1759 1185 etme-

119 1211 150 1267 in
163 1213 333 1286 profundum
346 1215 486 1271 malorum
505 1218 633 1272 venerint
652 1223 840 1289 peccatorum.
858 1220 916 1275 lm·
958 1217 1048 1272 moria
1059 1218 1199 1287 majorum
1214 1217 1359 1288 prolapsos
1373 1216 1526 1272 abitinere
1544 1223 1635 1283 recto,
1651 1224 1680 1273 et
1692 1235 1759 1290 pre·

119 1300 210 1373 pietas
224 1302 300 1358 euim
314 1320 371 1359 non
386 1304 452 1359 sinit
470 1322 518 1360 eos
531 1306 565 1360 ad
593 1307 741 1363 Dominum
767 1307 915 1379 respicere,
958 1305 1088 1378 cipitatos
1103 1305 1138 1359 ab
1154 1306 1283 1376 ingressu
1302 1305 1353 1359 vie
1367 1309 1504 1376 anguste,
1522 1305 1565 1360 ita
1579 1322 1681 1361 narsus
1700 1322 1759 1362 csso

120 1394 150 1446 et
158 1391 225 1447 illuc
231 1392 323 1447 redire
333 1394 520 1466 undedelapsi
533 1402 609 1450 sunt.
625 1397 684 1451 lata
696 1414 763 1469 ergo
773 1397 916 1468 cogitatio,
959 1400 1114 1466 reparatos,
1130 1399 1162 1450 ut
1176 1393 1377 1466 posterioribus
1387 1394 1482 1466 priora.
1490 1394 1671 1462 transierint,
1680 1400 1759 1468 etque

119 1495 181 1552 quae
196 1497 274 1552 spem
289 1481 478 1537 conversionis
496 1483 623 1549 abscidit,
643 1484 680 1539 ah
698 1485 842 1557 impietate
867 1486 918 1540 de·
959 1484 994 1538 ad
1009 1484 1133 1557 palmam
1158 1483 1345 1555 pervenerint,
1368 1488 1397 1538 et
1417 1499 1562 1545 coronam,
1589 1498 1760 1556 numeroque

120 1568 238 1633 scendit,
254 1570 367 1625 etsicut
381 1571 804 1643 lapisgravissimuscervicibus
817 1575 919 1630 anime
959 1588 1057 1627 rursus
1070 1588 1103 1626 ac
1117 1572 1202 1627 choro
1216 1572 1312 1644 scripti
1327 1571 1483 1627 creduntur
1499 1589 1563 1627 esse
1586 1579 1756 1642 sanctorum,

119 1655 292 1724 incumbens,
309 1675 420 1731 semper
433 1677 505 1727 eam,
522 1662 597 1732 cogit
615 1662 746 1718 deorsum
763 1664 792 1718 in
813 1656 949 1719 terramB
959 1661 1008 1715 sed
1022 1662 1111 1716 donec
1124 1661 1186 1732 quis
1201 1665 1349 1733 permanet
1366 1660 1396 1715 in
1416 1661 1477 1731 ipsa
1491 1661 1587 1717 adhuc
1603 1662 1717 1717 flamma
1729 1678 1758 1717 sc

120 1745 254 1818 aspicere,
271 1746 306 1801 ad
322 1748 472 1803 Dominum
487 1767 552 1805 vero
570 1768 654 1806 suum
669 1769 726 1807 non
742 1753 811 1808 sinit
824 1753 919 1808 oculos
958 1749 1301 1816 fornacalibidinis,hecei
1312 1749 1757 1820 impossibiliavidentur,ctiamsi

120 1835 256 1903 allevare;
273 1837 322 1891 sed
343 1836 430 1891 virilis
445 1839 532 1894 animi
548 1845 591 1895 est
610 1846 639 1896 et
652 1842 792 1912 praeclaras
816 1842 918 1898 mentis
959 1839 1036 1894 mille
1046 1843 1212 1910 provocetur
1225 1839 1374 1910 exemplis;
1391 1839 1415 1893 si
1431 1855 1497 1893 vero
1512 1839 1634 1910 coeperit
1647 1839 1708 1894 tisri
1720 1840 1757 1894 tel

119 1923 240 1994 dejicere
252 1941 269 1980 a
283 1925 434 1981 cervicibus
448 1927 548 1982 animae
563 1946 620 1984 suae
634 1931 743 2001 pondus
758 1930 917 1985 ininricissi-
959 1945 1045 2001 parva
1059 1927 1211 1995 conversio,
1226 1932 1255 1982 et
1266 1927 1378 1982 initium
1392 1927 1503 1982 dederit
1517 1929 1678 1999 repetendi,
1694 1944 1758 2001 pau·

121 2030 209 2081 mum,
226 2014 282 2069 imo
302 2016 505 2088 deprimentem
524 2034 555 2073 se
572 2018 692 2090 abjicere
711 2019 864 2086 diabolum,
889 2026 919 2074 et
958 2016 1038 2072 latim
1049 2017 1211 2088 procedens,
1222 2017 1292 2071 etad
1303 2016 1449 2088 superiora
1458 2017 1586 2071 reserens
1596 2016 1706 2088 pedem,
1716 2017 1759 2073 ills

119 2103 259 2176 imperare
273 2104 374 2160 animae
388 2122 456 2172 suae,
472 2113 505 2161 ut
522 2123 625 2162 canem
647 2107 731 2162 verba
754 2109 919 2180 prophetica
959 2105 1071 2177 quidem
1085 2122 1147 2177 quae
1162 2105 1353 2160 vehementior
1367 2111 1427 2160 erat
1442 2106 1558 2160 flamma
1575 2110 1641 2178 post
1654 2110 1758 2178 tergum

119 2193 243 2249 dicatad
256 2194 424 2249 Dominum:
443 2215 458 2248 s
474 2195 551 2252 Sicut
567 2197 640 2252 oculi
655 2214 798 2252 servorum
812 2198 841 2252 in
856 2214 917 2253 ma·
960 2195 1125 2261 remanebit,
1143 2199 1209 2249 ante
1223 2195 1308 2266 pedes
1323 2211 1388 2249 vero
1402 2200 1509 2266 quanto
1523 2195 1620 2249 acrius
1650 2194 1757 2267 ooeperit

119 2281 386 2338 nibusdominorum
398 2301 524 2352 suorum,
539 2285 612 2340 sicut
621 2286 695 2342 oculi
707 2287 917 2343 ancillaainma-
960 2283 1099 2349 incedere,
1109 2288 1189 2338 tanto
1198 2283 1294 2339 omnia
1302 2283 1425 2338 inveniet
1432 2282 1520 2338 divini
1529 2284 1681 2355 cujusdam
1692 2284 1755 2339 roris

120 2371 202 2428 nibus
216 2373 336 2428 dominae
350 2390 418 2440 suae,
435 2373 476 2428 ita
498 2375 570 2429 oculi
594 2376 682 2430 nostri
708 2376 743 2430 ad
766 2375 917 2431 Dominum
959 2373 1051 2444 sopita
1065 2371 1220 2443 refrigerio,
1235 2376 1348 2427 tantum
1361 2376 1404 2426 est
1418 2378 1450 2427 ut
1463 2389 1555 2427 unum
1571 2372 1648 2444 quod
1667 2372 1753 2445 preci·

119 2461 209 2517 Deum
223 2467 361 2528 nostrum,
377 2463 465 2518 donoc
479 2463 648 2518 misereatur
670 2463 760 2520 nobis.
785 2465 917 2521 Miserere
958 2477 1012 2533 pue
1026 2461 1172 2517 inimicum
1191 2466 1235 2516 est
1253 2461 1338 2516 saluti
1351 2461 1417 2516 huic
1429 2477 1591 2517 caveamus.

119 2549 209 2618 nobis,
221 2551 348 2619 Domine,
359 2553 493 2607 miserere
504 2552 593 2619 nobis,
606 2553 673 2624 quia
683 2554 803 2608 multum
816 2555 916 2625 repleti
998 2552 1011 2575 ‘

118 2656 216 2696 sumus
230 2640 407 2712 despectione
419 2643 500 2708 (Paul.
518 2658 596 2709 cxxn,
612 2642 651 2711 ⁶2).
670 2662 683 2695 s
701 2643 837 2699 Praeclara
851 2660 916 2699 vcro

118 2727 148 2784 in
162 2728 207 2783 his
220 2728 311 2783 verbis
325 2733 354 2784 et
367 2730 486 2784 coelestis
501 2731 684 2802 philosophia
705 2732 834 2787 doctrina
853 2737 913 2787 est:
992 2729 1108 2784 Inimica
1120 2733 1164 2784 est
1177 2734 1271 2786 autem
1284 2729 1459 2784 conversioni
1474 2736 1503 2784 et
1517 2729 1691 2801 penitentis
1704 2729 1745 2784 ds·

120 2836 133 2871 s
150 2817 269 2887 Replcti,
285 2818 386 2889 inquit,
398 2835 496 2874 sumus
504 2819 691 2890 despectione,
707 2840 719 2871 s
732 2821 832 2876 hocest
843 2821 916 2893 quod
957 2819 1088 2890 aparatio,
1100 2835 1162 2889 quae
1172 2818 1195 2873 si
1205 2817 1340 2872 insederit
1349 2817 1448 2885 menti,
1460 2824 1709 2890 quantumcunque
1717 2818 1748 2872 sit

118 2907 218 2962 docere
232 2922 283 2960 nos
298 2907 394 2974 voluit,
409 2908 475 2978 quia
490 2909 541 2962 etsi
558 2926 607 2980 pro
616 2917 792 2981 peccatorum
805 2916 916 2966 nostro·
957 2907 1056 2962 salutis
1070 2907 1250 2973 desiderium,
1258 2907 1385 2979 quamvis
1398 2907 1506 2977 mande
1517 2907 1555 2961 sit
1563 2906 1745 2978 salvandipro·

119 3012 182 3052 rum
196 2994 375 3050 multitudine
397 2996 495 3068 repleti
515 3014 611 3052 sumus
634 2998 811 3069 despectione
832 2977 1090 3071 atqucflpositum
1117 2995 1311 3068 desperatione
1339 3001 1513 3061 occurrente,
1536 2996 1631 3051 omnis
1662 2995 1748 3051 salutis

118 3084 275 3157 opprobriis
289 3083 380 3156 operti
394 3101 500 3150 sumus,
513 3085 585 3140 oculi
600 3086 689 3140 nostri
703 3092 798 3142 tamen
813 3089 849 3142 ad
864 3089 917 3142 Do·
957 3085 1051 3140 aditus
1066 3083 1242 3139 obstruetur:
1258 3084 1406 3154 interjecta
1419 3084 1495 3138 enim
1517 3085 1690 3155 poenitentia
1703 3084 1747 3149 vis,

118 3173 227 3229 minum
237 3174 327 3228 Deum
342 3174 847 3242 nostrumdonccmisereaturnobis,
864 3193 916 3231 nec
957 3173 1096 3229 clauditur
1124 3173 1231 3244 pariter
1257 3173 1355 3244 agonis
1382 3172 1535 3243 ingressus,
1561 3178 1591 3228 et
1619 3172 1745 3246 quomodo

119 3263 196 3335 prius
213 3262 248 3317 ab
269 3261 460 3317 obsecratione
482 3279 633 3330 cessemus,
655 3281 739 3335 quarn
763 3264 916 3337 impetrare
954 3262 1130 3335 jampoten't
1144 3261 1191 3334 qui
1205 3261 1372 3316 extrariam
1388 3265 1431 3315 est
1445 3266 1474 3314 et
1489 3261 1535 3315 cui
1550 3262 1656 3317 ostium
1680 3262 1745 3316 clau-

117 3357 294 3425 peocatorum
305 3356 465 3406 nostrorum
476 3352 586 3406 veniam
598 3368 766 3408 mereamur.
774 3354 914 3410 Hocenim
956 3352 1033 3407 ditur
1046 3350 1112 3406 boni
1123 3350 1228 3422 aliquid
1238 3350 1331 3422 operis
1350 3350 1479 3421 implere,
1493 3366 1558 3405 cum
1572 3351 1607 3405 ad
1621 3349 1744 3406 bonorum

118 3457 182 3496 vere
191 3446 235 3496 cst
244 3439 397 3496 constantis
412 3440 513 3495 animm
529 3445 558 3495 et
578 3441 738 3513 pertinacis,
758 3449 792 3497 ut
809 3460 916 3515 nequa·
957 3439 1746 3511 nonveniatingressum,desperationeprohibentelpm-

119 3547 203 3604 quam
217 3530 397 3602 repellatura
411 3531 619 3602 perseverantia
634 3532 801 3604 deposcendi
817 3532 916 3605 dcspe·
956 3534 1020 3601 pter
1031 3528 1083 3584 hoc
1097 3533 1126 3583 et
1135 3527 1262 3584 diabolus
1276 3526 1406 3582 omnibus
1421 3527 1511 3581 modis
1526 3527 1644 3583 molitur
1658 3528 1744 3599 hujus·

1029 2596 1094 2650 Car.
1106 2596 1174 2649 V.-·
1188 2597 1278 2664 Qacm
1289 2598 1445 2664 periculoso
1459 2597 1498 2650 sit
1514 2596 1681 2665 desperatio.

118 3620 227 3677 ratione
242 3619 423 3690 impetrandi,
439 3620 488 3673 sed
503 3627 662 3691 perseveret
680 3637 712 3675 ac
735 3621 869 3693 persistat
886 3623 915 3677 in
957 3618 1032 3673 modi
1046 3617 1230 3688 cogitationes
1244 3616 1371 3689 plantare
1385 3616 1415 3670 in
1438 3615 1570 3671 cordibus
1589 3616 1706 3681 nostris3
1724 3614 1743 3669 ei

117 3708 246 3782 precibus
261 3709 349 3764 donec
364 3708 390 3762 ei
403 3708 571 3764 misereatur
585 3710 669 3777 Deus,
681 3715 750 3765 etne
761 3711 832 3766 sorte
844 3710 917 3766 arbi·
958 3707 1033 3762 enim
1048 3723 1099 3761 nos
1114 3705 1318 3778 desperationis
1337 3710 1429 3759 metus
1444 3706 1540 3776 procul
1556 3722 1574 3758 a
1588 3706 1634 3760 via
1648 3704 1744 3760 virtutis

117 3799 384 3855 treristeollensam
392 3798 482 3868 magis
492 3798 658 3853 contrahere
669 3800 741 3870 apud
752 3800 915 3867 Dominum,
958 3796 1090 3862 effecerit,
1106 3795 1215 3849 nullum
1229 3795 1256 3849 ei
1276 3794 1423 3848 advorsum
1438 3809 1490 3847 nos
1515 3800 1661 3848 certamen
1682 3794 1744 3848 ultra

118 3888 220 3945 sicum
233 3904 289 3943 non
303 3887 438 3941 mercaris
448 3887 736 3959 audiriimportunius
747 3888 881 3960 persistas
887 3889 917 3944 in
957 3884 1123 3951 remanebit,
1141 3900 1224 3955 quem
1240 3883 1314 3937 enim
1330 3882 1478 3954 impugnet
1491 3897 1556 3936 cum
1572 3882 1666 3938 nullus
1680 3880 1742 3936 obsi·

117 3977 255 4051 precibus,
272 3978 419 4032 recordare
432 3976 574 4046 Evangelii
589 3976 762 4048 parabolam,
779 3983 807 4032 et
822 3977 860 4032 ibi
875 3978 917 4033 in·
957 3973 1034 4028 stat?
1048 3973 1142 4046 siquis
1151 3977 1245 4028 autem
1256 3972 1329 4026 istud
1340 3970 1479 4026 resolvere
1489 3971 1594 4042 poterit
1603 3972 1740 4035 vinculum,

116 4067 212 4123 venies
222 4066 295 4138 quod
306 4070 517 4137 perseverantes
532 4071 560 4118 et
569 4065 745 4137 importunos
756 4073 915 4137 precatores
956 4062 1088 4118 continuo
1103 4061 1175 4116 vires
1188 4078 1245 4116 suae
1260 4060 1379 4115 redeunt
1388 4060 1424 4114 ad
1438 4076 1513 4126 eum,
1525 4060 1670 4116 incalescit
1677 4059 1742 4130 vigor

116 4155 253 4214 Dominus
268 4153 386 4210 nonsibi
402 4153 524 4207 ostendit
540 4154 675 4224 ingratos,
690 4154 731 4209 ait
744 4155 834 4209 enirn:
854 4175 867 4209 a
883 4156 917 4210 Et
957 4151 1054 4218 animi,
1067 4149 1288 4207 delectabiturin
1302 4149 1360 4205 suis
1374 4149 1531 4204 certamina
1542 4165 1641 4204 rursus
1652 4149 1742 4203 instau-

117 4245 141 4301 si
156 4260 213 4302 non
227 4242 305 4298 dabit
318 4248 433 4314 propter
448 4242 609 4308 amicitiam,
626 4249 721 4298 tanim
738 4251 851 4315 propter
866 4245 917 4299 im·
957 4258 1021 4296 rare
1035 4258 1041 4294 :
1056 4238 1161 4295 videbit
1176 4239 1251 4294 enim
1266 4238 1396 4309 refugare
1406 4254 1471 4292 eum
1486 4254 1515 4292 se
1527 4253 1612 4309 quem
1621 4236 1738 4310 fugiebat,

117 4333 320 4408 portunitatem
334 4333 395 4403 ejus
409 4337 515 4403 surget,
532 4331 647 4387 etdabit
657 4332 683 4387 ei
697 4339 833 4404 quantum
847 4350 916 4405 opus
957 4336 985 4385 et
999 4329 1129 4401 persequi
1143 4334 1356 4400 persequentem
1369 4345 1376 4394 ;
1393 4327 1467 4397 quod
1483 4331 1512 4382 et
1525 4327 1550 4381 si
1564 4328 1645 4395 sorta,
1671 4331 1699 4382 ut
1715 4338 1738 4378 se

117 4422 211 4479 habet.
230 4421 386 4493 »Intellige
401 4438 478 4493 ergo,
494 4421 667 4488 charissime,
684 4422 750 4493 quia
768 4428 916 4493 propterea
957 4419 1079 4475 conditio
1090 4417 1175 4473 habet
1188 4417 1295 4488 agonis,
1313 4433 1426 4471 rursum
1436 4414 1541 4470 labitur
1555 4422 1587 4472 ut
1600 4417 1735 4480 eadat,non

118 4511 474 4583 diaholuedesperatianem
488 4510 601 4582 subjicit
610 4510 788 4582 impetrandi,
800 4516 916 4582 utspem
957 4507 1089 4564 contiuuo
1104 4509 1199 4578 lapsus
1210 4506 1254 4561 sui
1268 4506 1374 4578 pudore
1389 4506 1540 4577 desperare
1552 4505 1652 4560 iterum
1660 4502 1733 4565 debet

20 4630 26 4641 ι
119 4599 198 4656 nobis
209 4600 260 4654 Dei
275 4599 408 4654 bonitatis
422 4598 575 4666 abscindat,
593 4617 654 4670 que
679 4605 722 4653 est
742 4599 841 4654 salutis
864 4615 917 4654 no·
958 4598 1006 4652 sed
1022 4596 1182 4652 meminerit
1195 4597 1267 4651 hanc
1282 4611 1343 4650 esse
1355 4594 1453 4665 αςοιιίε
1470 4599 1499 4648 et
1516 4594 1694 4650 certaminum
1703 4591 1733 4643 le

116 4694 168 4745 trae
191 4689 321 4755 anchora,
350 4695 379 4743 et
401 4689 464 4744 vitae
489 4695 590 4743 nostrae
611 4689 834 4755 fundamentum,
862 4689 917 4744 dux
957 4704 1031 4759 gem,
1045 4702 1102 4741 non
1116 4691 1149 4740 ut
1162 4701 1306 4758 nunquam
1320 4684 1382 4756 quis
1396 4683 1488 4750 cadat,
1506 4684 1556 4738 sed
1571 4690 1733 4753 utnusquam

117 4777 237 4845 itineris,
254 4794 309 4850 quo
323 4777 381 4832 itur
393 4778 428 4832 ad
444 4778 554 4845 oratum,
571 4778 691 4849 denique
705 4777 914 4849 Apostolusait:
958 4775 1021 4847 quis
1035 4774 1134 4829 cedat:
1151 4774 1218 4845 quia
1238 4790 1295 4829 non
1314 4773 1360 4828 ille
1384 4772 1432 4845 qui
1453 4788 1527 4844 sepe
1548 4772 1646 4827 cecidit
1666 4771 1733 4823 rictus

118 4887 133 4920 s
150 4868 205 4941 Spe¹
219 4873 314 4922 autem
327 4867 395 4921 salvi
405 4867 469 4921 iacti
482 4883 580 4921 sumus
588 4868 673 4934 (Rana.
691 4865 917 4938 a'111,24),sspes
958 4864 1069 4929 dicitur,
1086 4863 1134 4918 sed
1150 4862 1197 4917 ille
1213 4863 1261 4934 qui
1275 4863 1311 4916 ad
1323 4862 1454 4917 ultimum
1470 4859 1685 4932 cessit,uamqui
1697 4855 1732 4909 de·

117 4973 184 5029 ergo
195 4962 247 5023 est,
258 4956 288 5010 in
300 4972 356 5029 qua
367 4956 442 5010 salus
453 4962 550 5010 nostra
559 4955 696 5021 consistit,
707 4961 802 5027 etquae
813 4955 847 5010 dc
858 4960 916 5010 ter-
957 4952 1125 5026 sperationis
1138 4950 1354 5023 cogitationibus
1368 4951 1456 5005 victus
1473 4955 1526 5015 est,
1556 4949 1687 5022 quomodo
1702 4941 1734 4996 rel

117 5047 157 5102 ris
170 5048 279 5102 animas
293 5046 370 5100 velut
384 5044 551 5116 quibusdam
570 5044 676 5099 catenis
690 5045 799 5100 caelitus
812 5045 916 5117 depen·
957 5042 1030 5097 vires
1042 5057 1174 5114 reparare
1188 5039 1325 5105 certandi,
1339 5041 1382 5094 vel
1394 5038 1527 5093 resistere
1536 5045 1690 5111 etpugnarr
1700 5047 1734 5104 pb

119 5137 249 5192 dentibus
264 5138 380 5192 innexas
393 5134 447 5189 sibi
461 5134 554 5189 evehit
567 5135 603 5189 ad
615 5151 747 5207 superna,
767 5140 795 5188 et
807 5139 919 5189 revocat
958 5136 1014 5186 test
1025 5147 1089 5185 curn
1103 5129 1203 5200 fugiat,
1211 5146 1262 5184 nec
1269 5127 1384 5183 omnino
1393 5128 1492 5207 redeat
1505 5127 1543 5183 ad
1555 5119 1736 5183 certamenlEl

118 5225 153 5280 ud
169 5226 248 5281 sedes
262 5225 387 5280 coelcstes
402 5241 449 5278 eos
470 5224 517 5295 qui
534 5223 588 5278 sibi
612 5223 805 5279 vehementius
829 5223 917 5278 inhae-
959 5236 1010 5292 ego
1025 5221 1089 5274 nolo
1104 5218 1170 5292 quia
1182 5223 1216 5274 tu
1229 5223 1311 5291 putes
1326 5217 1393 5289 quia
1407 5217 1441 5272 de
1455 5217 1500 5272 his
1522 5217 1592 5272 mihi
1605 5231 1690 5271 sermo
1709 5208 1737 5264 sit

119 5317 191 5380 rent,
202 5313 387 5384 celsioresque
400 5330 447 5368 eos
457 5313 519 5368 vitae
529 5313 613 5383 hujus
624 5330 657 5367 ac
667 5319 843 5368 terrenorum
858 5328 918 5366 ma·
957 5314 1069 5364 tantum
1084 5308 1132 5379 qui
1147 5308 1176 5364 in
1191 5307 1286 5379 paucis
1300 5311 1328 5360 et
1339 5305 1443 5360 levibus
1457 5310 1651 5376 peccaverunt,
1661 5298 1736 5359 seddt

119 5401 209 5456 lorum
223 5401 382 5458 turbinibus
392 5403 510 5470 reddet,
527 5403 550 5456 si
565 5402 627 5473 quis
640 5419 706 5473 ergo
717 5403 791 5456 inter
801 5402 859 5455 haec
870 5417 917 5472 po·
958 5398 1005 5452 illo
1020 5399 1119 5469 loquor
1133 5396 1182 5468 qui
1196 5395 1325 5451 omnibus
1338 5393 1496 5450 succumbit
1516 5394 1608 5460 malis,
1635 5392 1681 5466 qui
1697 5390 1738 5444 in·

118 5489 189 5545 situs
203 5491 358 5546 resolvatur
372 5492 533 5558 satiasset
546 5491 746 5563 salutarisspei
763 5491 915 5545 anchoram
958 5487 1093 5542 munitate
1107 5486 1245 5540 scelerum
1260 5484 1332 5538 viam
1346 5482 1398 5537 sibi
1413 5484 1565 5538 excluserit
1578 5483 1657 5554 regni
1670 5479 1738 5536 celo·
1776 5510 1780 5518 ·

119 5577 245 5634 dimittat
255 5595 271 5634 a
280 5579 418 5646 manibus,
431 5580 544 5636 decidat
557 5597 669 5637 necasse
679 5586 722 5637 est
733 5580 762 5635 in
772 5578 914 5652 abyssum,
957 5593 1030 5644 rum,
1047 5582 1076 5631 et
1090 5591 1146 5631 non
1159 5574 1195 5631 de
1205 5572 1364 5630 infidelibus
1370 5572 1420 5629 sed
1433 5572 1469 5627 de
1479 5571 1609 5628 fidelibus
1622 5570 1740 5634 ments
