3772 6120
127 283 178 340 735
424 286 456 340 B.
477 283 614 341 RABANI
634 283 749 339 usual
768 284 937 340 AROHlEP.
957 283 1121 340 MOGUNT.
1142 280 1291 337 OPERUM
1309 278 1403 335 Pius
1421 278 1473 335 111.
1743 299 1774 361 735

126 410 211 463 etiam
225 410 329 464 Paulus
341 410 474 464 admonet
488 426 535 463 eos
551 409 598 479 qui
613 409 805 479 dignationem
820 417 926 482 myste-
935 413 1012 471 Aest
1024 410 1162 481 judicium
1178 407 1279 469 Dei,ut
1291 405 1762 481 discernatintercarnaliapeacg⁸

126 499 232 552 riorum
246 499 387 570 suscipere
402 505 578 563 meruerunt,
593 499 688 551 «licens
700 518 730 551 :r
750 499 926 554 Festinamus
968 508 996 553 et
1011 499 1159 570 spiritalia,
1177 496 1249 567 quis.
1264 495 1408 566 quidque
1419 494 1596 564 agetanimo,
1606 495 1648 547 sel
1659 510 1756 565 quode.

128 607 140 638 r
163 588 271 659 ingredi
286 589 314 641 in
339 588 416 641 illam
432 587 568 657 requiem.
586 608 599 637 ι)
616 589 803 647 Festinemus.
821 589 923 660 inquit,
966 588 1135 642 siderioDeo
1145 586 1248 640 serviat
1256 584 1389 638 incorde:
1400 589 1460 637 tam
1471 583 1750 663 penetrabilisestejg,

126 676 259 747 quoniam
274 694 332 732 non
349 677 453 732 sufficit
469 677 546 741 tides
563 677 610 729 sed
637 675 721 730 debet
739 678 804 730 addi
821 686 849 731 et
870 678 926 732 vita
967 677 1095 732 intuitus.
1107 681 1139 731 ut
1152 675 1423 744 omnianostraquae
1431 673 1543 742 agimus
1558 673 1600 725 rel
1617 673 1745 742 cogitamus

80 752 84 757 ⁵
126 765 926 836 iideioondigna‚etmultumstudiumdebetadhiberi,ne
967 767 1070 821 certius
1080 765 1299 836 agnoscitquam
1315 761 1489 832 nosmetipsi,
1507 761 1589 815 illum
1601 769 1743 833 semperh.

126 856 196 909 tides
209 856 246 909 sit
261 857 360 910 otiosa.
378 858 461 922 tilii.)
478 856 507 909 Si
531 856 606 908 enim
629 862 735 909 terram
758 856 865 910 intrare
883 857 925 910 illi
967 854 1066 909 bemus
1080 859 1183 908 testem
1200 859 1314 906 actuum
1330 858 1492 904 nostrorum
1511 850 1555 904 vel
1571 851 1740 920 cogitationum

126 961 182 999 non
198 951 363 998 meruerunt
374 946 424 1015 qui
442 945 609 998 murmurati
624 949 691 998 suut
705 951 802 998 contra
824 946 924 1011 Deum,
967 961 1050 1015 quern
1077 943 1202 1015 judicem
1232 941 1355 995 habituri
1382 956 1491 993 sumus.
1520 938 1676 994 Timeamus
1696 947 1739 1014 eins

127 1033 266 1103 quomodo
280 1050 331 1087 nos
347 1034 449 1088 coelum
464 1033 634 1088 merebimus
648 1034 754 1087 intrare
768 1034 926 1089 indillcren-
967 1031 1387 1104 presentiamcujusscientiam
1396 1029 1738 1098 nullatenusetlugerevale-

126 1129 170 1176 ter
184 1122 307 1176 virentes
326 1123 399 1176 sicut
419 1123 542 1192 gentes?
568 1122 645 1193 Opus
667 1128 709 1176 est
731 1124 834 1194 quippe
848 1125 925 1177 omui
968 1121 1068 1176 bimus.
1086 1121 1161 1176 [lixit
1175 1121 1249 1175 enim
1265 1125 1299 1173 ut
1311 1119 1449 1173 discretor
1463 1117 1501 1172 sit
1515 1133 1609 1171 sermo
1619 1118 1673 1183 Dei,
1683 1120 1738 1176 idest

127 1210 229 1264 volenti
238 1211 338 1265 culum
347 1211 490 1282 possidere
498 1212 581 1265 sidem
590 1212 923 1282 operibusbonisornare.
968 1210 1214 1282 pronuntianti,
1228 1193 1430 1279 cogitationum
1442 1207 1529 1261 etiam
1541 1212 1571 1260 et
1583 1206 1739 1263 intentionum

127 1301 185 1354 Nec
201 1301 251 1354 lioc
267 1301 357 1353 solum
368 1301 463 1354 damni
483 1300 568 1354 habet
578 1301 651 1354 male
664 1301 767 1367 virens,
784 1302 857 1373 quod
870 1318 925 1356 non
966 1300 1227 1361 cordisostendens,
1238 1295 1738 1368 quiaomnianostrainteriorarelex·

127 1390 217 1442 intrat
228 1389 255 1443 in
264 1406 383 1459 regnum
395 1390 455 1451 Dei,
467 1390 666 1453 verumetiam,
679 1392 752 1460 quod
764 1391 926 1461 majorisest
966 1389 1071 1443 teriora
1082 1385 1353 1458 dijudicabunturab
1364 1403 1407 1447 eo,
1415 1385 1463 1456 qui
1473 1384 1570 1438 omnia
1580 1386 1736 1453 nostranosit,

127 1479 252 1544 terroris,
271 1495 359 1549 poenae
374 1486 515 1550 perpetuae
540 1479 703 1550 mancipari.
721 1481 787 1533 ldeo
805 1480 922 1535 addidit.
967 1484 997 1532 et
1010 1485 1086 1532 totus
1096 1495 1147 1549 per
1158 1484 1250 1531 totum
1263 1480 1392 1547 penetrat
1401 1474 1556 1527 hominem.
1568 1474 1625 1527 Nec
1633 1474 1738 1529 nurumsi

128 1586 142 1620 (r
161 1573 194 1620 ut
204 1584 239 1620 ne
255 1567 283 1621 in
298 1567 419 1638 idipsum
431 1569 493 1638 quis
508 1569 613 1622 incidat
622 1568 825 1623 incredulitatis
836 1586 926 1622 exem·
966 1572 1043 1620 totus
1058 1566 1162 1636 ubique
1172 1572 1262 1620 totam
1279 1581 1359 1618 suam
1373 1574 1511 1632 agnoscat
1527 1570 1687 1625 creaturam,
1698 1563 1737 1616 sire

129 1675 142 1709 c
163 1658 251 1726 plum.
271 1677 282 1706 i
301 1657 404 1713 Eorum
420 1657 535 1711 interitu
552 1658 600 1727 qui
615 1658 760 1728 perierunt
773 1658 801 1711 in
814 1659 924 1712 deserto
966 1656 1120 1726 spiritalem
1131 1655 1187 1708 sive
1202 1654 1386 1725 corporalem,
1408 1652 1474 1722 quia
1489 1652 1560 1705 nihil
1576 1652 1648 1722 quod
1660 1652 1737 1707 lacten

126 1746 228 1799 terruit
238 1745 393 1805 audientes,
405 1764 440 1800 ne
451 1747 479 1799 in
490 1746 602 1800 illorum
614 1747 769 1801 inciderent
775 1748 923 1817 judicium,
934 1741 1017 1809 Best,
1027 1745 1088 1798 sine
1104 1761 1136 1797 eo
1150 1744 1254 1797 sactum
1270 1746 1313 1796 est
1325 1761 1331 1807 ;
1341 1743 1404 1795 ideo
1419 1741 1530 1794 addidit
1546 1758 1551 1793 :
1572 1764 1583 1791 o
1603 1741 1636 1794 Et
1649 1750 1737 1796 nonest

127 1835 207 1904 quasi
215 1834 330 1888 dixisset
343 1852 348 1886 z
363 1835 539 1889 Sullicienter
549 1853 582 1889 ex
591 1836 754 1906 parentibus
765 1837 869 1890 nostris
880 1837 927 1891 do-
970 1834 1051 1887 ‹ulla
1064 1839 1196 1887 creatura
1210 1831 1356 1885 invisibilis
1372 1832 1400 1884 in
1419 1836 1572 1900 conspeetu
1587 1831 1654 1899 ejus,
1668 1830 1738 1884 omnia

126 1939 274 1987 cenurr,ne
286 1924 314 1977 in
329 1924 431 1978 similia
447 1925 611 1985 incidamus,
622 1940 657 1978 ne
673 1925 770 1978 eadem
785 1926 927 1995 patiamur
969 1919 1473 1992 rautemnudaetapertasuntoculis
1483 1918 1737 1988 qususeraouita

126 2029 188 2083 quae
203 2012 243 2064 illi
256 2013 328 2082 passi
339 2020 415 2069 sunt.
432 2014 490 2066 lloc
501 2020 551 2079 est,
569 2013 750 2084 «inidipsum
767 2015 925 2087 exemplum
967 2008 1737 2080 manifestecolligiturnihilesseincorporeumnisilleuu

128 2101 311 2155 infidelitatis.
327 2128 338 2151 υ
352 2103 458 2156 Deinde
468 2108 500 2155 ut
514 2104 650 2172 majorem
662 2102 840 2172 peccantibus
851 2105 927 2158 incu-
967 2101 1069 2167 solum,
1082 2101 1219 2154 etidcirco
1230 2100 1283 2170 ipsi
1298 2098 1495 2153 tantummodo
1508 2114 1591 2168 posse
1609 2095 1737 2168 penetrabi-

126 2196 200 2243 teret
209 2190 387 2244 formidinem
398 2191 559 2262 subjungit:
574 2214 584 2242 ι
599 2192 683 2246 l'ivus
694 2199 738 2245 ost
749 2192 925 2248 enimsermo
967 2190 1007 2242 les
1022 2206 1120 2243 omnes
1135 2189 1275 2259 spiritales
1290 2194 1374 2259 atque
1393 2187 1599 2240 intellectuales
1621 2203 1674 2239 esse
1691 2184 1737 2238 sul·

128 2296 141 2330 c
156 2266 923 2352 Ilei.etefficax,etpenet1·al)ilioromnigladioancipiti,
968 2279 1095 2343 stantiae,
1104 2279 1216 2349 eoquod
1229 2278 1304 2331 solus
1319 2284 1348 2330 et
1361 2283 1438 2330 totus
1451 2283 1480 2329 et
1488 2275 1593 2346 ubique
1603 2276 1665 2329 etin
1674 2274 1737 2328 ormi

125 2386 138 2418 c
155 2373 184 2421 et
198 2368 359 2438 pertingens
367 2385 456 2439 usque
466 2369 500 2421 ad
516 2369 680 2422 divisionem
693 2370 834 2424 anirnaeac
843 2370 925 2440 spiri·
968 2367 1020 2420 bus
1032 2367 1078 2431 sit,
1094 2368 1135 2420 ita
1149 2373 1177 2420 et
1190 2372 1222 2420 ut
1236 2366 1420 2436 cogitationes
1436 2365 1584 2419 hominum
1600 2370 1628 2418 et
1641 2365 1736 2417 internos

127 2482 138 2506 a
155 2464 202 2510 tus
217 2475 400 2528 :compagum
417 2475 527 2529 quoque
538 2464 567 2512 et
581 2459 768 2513 medullarum
787 2464 815 2512 et
826 2460 926 2514 discre-
968 2463 1061 2510 motus
1076 2456 1152 2509 adita
1168 2457 1270 2510 mentis
1285 2456 1415 2509 universa
1431 2453 1564 2524 inspiciat
1576 2461 1657 2524 atque
1670 2452 1736 2524 perlu-

128 2567 139 2597 ι
158 2552 203 2599 ter
215 2547 417 2616 cogitationum
434 2554 462 2600 et
475 2547 664 2601 intentionum
681 2548 781 2601 cordis.
794 2568 807 2599 a
818 2550 922 2619 (Joorr.)
966 2550 1043 2599 stret.
1061 2546 1205 2600 Exteriore
1219 2561 1341 2615 namque
1356 2560 1440 2615 opera
1455 2548 1555 2614 patent
1568 2543 1652 2597 oculis
1668 2540 1735 2595 horni-

127 2633 178 2686 llic
193 2635 317 2688 ostendit
327 2635 459 2704 quoniam
471 2641 499 2688 et
509 2635 557 2689 illa
567 2636 640 2688 idem
653 2636 711 2706 ipse
724 2643 856 2707 operatus
871 2643 922 2704 est,
965 2651 1044 2698 num,
1061 2634 1142 2705 longe
1157 2633 1485 2704 seroincomparuliiliter
1494 2633 1642 2686 interiores
1654 2648 1681 2685 ac
1688 2629 1733 2684 suls

124 2729 152 2775 et
165 2721 241 2788 vivit,
261 2739 317 2776 non
331 2729 375 2776 est
384 2724 546 2778 exstinctus.
569 2725 658 2794 Igitur
672 2726 805 2796 quoniam
821 2743 925 2780 sermo·
965 2722 1102 2778 tilissimae
1125 2724 1309 2793 cogitationes
1336 2728 1439 2776 nostre
1464 2728 1562 2792 patent
1589 2721 1670 2776 oculis
1691 2718 1732 2773 uei.

129 2827 192 2863 nem
205 2811 317 2875 audisti,
331 2812 540 2883 nesimpliciter
550 2813 679 2884 accipias,
690 2814 785 2883 gladio
795 2815 923 2874 enimin-
967 2832 978 2863 r
997 2813 1099 2868 Omnia
1113 2814 1198 2879 enim,
1216 2812 1288 2866 sicut
1310 2813 1446 2882 scriptum
1462 2817 1514 2875 est,
1534 2811 1611 2865 nuda
1624 2818 1649 2864 et
1662 2814 1732 2880 aperta

127 2899 196 2968 quit,
214 2906 257 2952 est
266 2899 475 2970 penetrabilior.
491 2902 612 2956 Attende
622 2902 830 2957 distinctionem
843 2905 922 2959 Pauli
963 2908 1031 2956 sunt
1042 2902 1130 2957 oculis
1140 2905 1210 2973 ejus.
1223 2921 1234 2954 r
1250 2902 1394 2969 ldr·rq.)l]t
1405 2917 1478 2971 saepe
1488 2900 1517 2954 in
1528 2900 1661 2954 exteriore
1673 2912 1732 2968 opere

124 2994 153 3040 et
168 2988 232 3041 hinc
245 2989 391 3043 considera
405 3007 455 3061 pro
480 3007 535 3061 qua
560 3008 644 3045 causa
667 3008 736 3062 opus
764 2992 924 3048 habuerunt
963 2998 1029 3045 ante
1046 2992 1142 3045 oculos
1167 2990 1313 3045 hominum
1341 2988 1493 3043 inordinati
1510 3005 1643 3059 apparere
1656 2984 1732 3040 metui·

124 3077 266 3146 prophetae
282 3077 374 3132 dicere
394 3080 529 3149 gladium,
545 3081 736 3151 rhomphaeam
752 3087 780 3135 et
801 3099 897 3136 areum
914 3063 1036 3143 :fimus
1053 3086 1082 3134 et
1094 3081 1226 3134 interiore
1249 3079 1418 3149 cogitatione
1433 3078 1510 3132 illius
1533 3083 1680 3148 respectum
1692 3088 1731 3128 non

126 3185 138 3218 c
156 3166 216 3219 Nisi
226 3168 736 3240 convertamini,inquit,rhomphaeam
745 3187 825 3224 suam
834 3171 923 3226 vibra·
964 3169 1125 3223 metuimus.
1151 3169 1299 3222 Videntem
1314 3168 1409 3222 omnia
1431 3183 1487 3220 non
1506 3167 1651 3221 videmus:
1667 3162 1731 3218 multo

123 3255 362 3320 vit‚a1·cumsuum
372 3257 525 3311 tetenditet
538 3258 647 3328 parauit
656 3258 737 3311 illum
749 3262 831 3325 (Psoi.
840 3261 920 3329 sul.»
963 3258 1039 3312 enim
1052 3258 1141 3328 magis
1154 3258 1322 3311 intrinsecus
1336 3257 1387 3311 Dei
1396 3273 1480 3328 quam
1493 3257 1661 3310 extrinsecus
1669 3248 1732 3306 honi·

123 3344 152 3397 si
167 3344 243 3397 onim
257 3361 331 3399 nunc
345 3352 409 3416 post
422 3352 502 3424 tanta
517 3353 652 3417 tempora,
666 3354 766 3418 etpost
780 3350 923 3419 perlectio-
963 3346 1249 3418 uibuseenspicibiles
1265 3363 1372 3400 sumus.
1382 3345 1461 3400 Unde
1476 3346 1567 3399 sancti
1582 3360 1672 3398 omnes
1683 3337 1731 3394 ioris

122 3450 187 3487 uem
206 3450 261 3487 non
276 3439 368 3504 potest
382 3436 495 3489 nomine
516 3436 653 3490 sermonis
675 3443 785 3491 tantum
804 3443 920 3506 terrere,
963 3453 992 3489 se
1006 3437 1138 3507 intusque
1149 3435 1387 3506 circumspiciunt,
1400 3442 1428 3487 et
1438 3435 1481 3487 vel
1488 3430 1729 3505 reprehendendos

122 3523 170 3576 sed
186 3540 256 3594 opus
271 3523 355 3578 habet
369 3525 454 3577 otiam
471 3526 532 3579 istis
547 3525 647 3592 verbis,
664 3534 696 3580 ut
708 3528 838 3581 ostendat
850 3528 921 3582 emi-
962 3525 1092 3590 arteriae,
1108 3526 1150 3579 rel
1167 3525 1277 3596 iniquos
1291 3541 1320 3577 se
1336 3523 1455 3577 interius
1475 3523 1564 3577 sideri
1585 3518 1732 3577 invisibiliter

122 3611 246 3664 nentiam
263 3628 295 3664 ex
311 3613 644 3684 comparatione:multo
661 3616 824 3684 magistunc
841 3636 852 3666 ι
870 3633 920 3688 pe-
961 3614 1070 3668 timent.
1095 3618 1198 3683 (loeti.)
1224 3614 1274 3666 Hic.
1299 3613 1419 3666 maxime
1435 3629 1482 3666 eos
1510 3613 1619 3673 terruit,
1636 3608 1731 3664 nolonte

122 3700 296 3764 netrabilior,
321 3702 422 3773 inquit,
440 3719 528 3774 usque
543 3704 578 3756 ad
594 3703 758 3757 divisionem
777 3705 877 3760 animae
891 3712 920 3759 et
960 3703 1060 3769 adhuc,
1071 3703 1172 3773 inquit,
1185 3703 1213 3756 in
1224 3704 1278 3756 sule
1289 3708 1405 3765 stantes,
1418 3719 1476 3756 non
1485 3719 1550 3755 cum
1561 3702 1667 3772 integra
1675 3694 1731 3752 satia

121 3789 247 3858 spiritus
265 3810 278 3842 n
296 3791 368 3854 Quid
385 3799 428 3846 est
442 3791 494 3846 hoc
508 3793 520 3844 ?
533 3792 698 3847 Terribilius
714 3792 820 3865 aliquid
835 3794 919 3864 signi·
958 3790 1079 3846 factione
1105 3793 1257 3863 perliciatis
1280 3792 1345 3845 itdei
1361 3807 1455 3861 opera,
1473 3791 1541 3861 quia
1564 3791 1623 3861 ipse
1647 3804 1699 3860 qua
1711 3784 1732 3836 il

120 3879 222 3944 ficavit,
247 3885 297 3932 aut
322 3881 388 3950 quia
416 3881 546 3951 spiritum
576 3881 675 3935 dividit
697 3881 732 3935 ab
751 3883 854 3949 anima,
871 3890 921 3938 aut
960 3882 1042 3935 corde
1060 3888 1127 3936 sunt
1149 3881 1292 3940 disceruit.
1309 3880 1347 3934 ibi
1363 3880 1514 3944 examinat,
1535 3879 1575 3933 ibi
1591 3879 1733 3937 considerat

122 3968 188 4035 quia
200 3973 228 4020 et
242 3968 304 4038 ipsa
327 3968 491 4039 incorporea
513 3975 644 4041 penetrat
659 3977 687 4023 et
701 3971 845 4041 pertingit,
863 3988 919 4025 non
959 3971 1079 4025 reddens
1092 3971 1243 4041 unicuique
1272 3971 1425 4024 seeundum
1451 3968 1553 4022 merita
1567 3986 1627 4023 sua.
1643 3970 1675 4023 Et
1687 3962 1736 4038 quid

121 4059 231 4108 tantum
246 4056 319 4109 sicut
331 4057 441 4125 gladius
456 4075 581 4128 corpora.
599 4059 651 4112 llic
666 4060 797 4119 ostendit,
814 4061 880 4129 quia
891 4067 919 4115 et
960 4059 1021 4112 dico
1042 4060 1076 4112 de
1097 4059 1257 4113 hominibus
1271 4060 1280 4111 ἲ
1296 4067 1325 4112 at
1340 4059 1362 4112 si
1388 4058 1503 4127 angelos
1518 4059 1604 4122 dicas,
1629 4063 1658 4112 at
1672 4057 1692 4111 si
1704 4071 1740 4109 ar-

120 4143 215 4196 anima
229 4145 345 4214 punitur
355 4152 383 4198 et
398 4146 532 4199 interiora
547 4147 751 4201 examinantur.
765 4148 816 4201 llic
828 4158 918 4203 osten·
959 4148 1118 4218 coaugens,
1135 4156 1164 4202 at
1174 4149 1196 4202 si
1209 4148 1360 4203 Cherubin.
1372 4155 1401 4201 at
1410 4148 1588 4218 siSerapliin,
1600 4153 1630 4201 at
1641 4149 1664 4201 si
1672 4147 1743 4202 aliam

120 4231 162 4284 dit
178 4233 307 4285 eumdem
322 4249 373 4286 nos
388 4233 491 4287 habere
513 4235 647 4303 judicem.
664 4236 710 4306 qui
727 4237 789 4289 illos
805 4245 918 4308 propter
959 4237 1387 4308 quamlibetcreaturam,omnia
1396 4238 1677 4291 revelatasuntoculo
1685 4238 1744 4306 ejus,

120 4320 345 4376 incredulitatem
372 4339 471 4376 eoruru
503 4324 665 4378 damnavit.
701 4325 777 4378 Dixit
804 4327 879 4380 enim
908 4348 913 4380 ε
958 4326 1053 4379 omnia
1063 4333 1159 4396 aperta
1170 4326 1450 4390 etrnanifesta.·Qurd
1460 4333 1503 4379 est
1513 4327 1661 4395 quodcum
1672 4324 1751 4398 possit

122 4428 135 4463 o
155 4410 241 4465 l'ivus
256 4416 299 4466 est
312 4428 406 4467 sermo
421 4413 482 4478 Dei,
498 4432 509 4457 a
527 4429 620 4466 sermo
636 4413 685 4467 Dei
701 4414 787 4468 Filius
797 4422 840 4469 est
853 4416 914 4479 Dei,
925 4398 1183 4469 Dlatere'litlnmia
1194 4416 1305 4468 nudaet
1316 4414 1749 4485 apertasuntoculisejus.=Quid

121 4499 168 4569 qui
183 4500 217 4553 de
232 4501 293 4572 ipso
305 4501 363 4555 ait:
383 4520 395 4551 a
415 4501 444 4556 Si
459 4501 521 4573 quis
536 4518 693 4556 sermonem
709 4520 803 4558 uicum
822 4522 916 4559 serva·
957 4510 1052 4558 autent
1063 4505 1208 4575 «apertuit
1220 4503 1627 4574 Exmetaplrorapellium,quae
1637 4505 1755 4576 depecu-

120 4589 198 4652 verit,
216 4596 336 4644 mortem
351 4608 408 4646 non
422 4591 527 4645 videbit
539 4591 567 4644 in
582 4598 717 4646 aeternum
735 4611 740 4660 ;
760 4614 771 4643 ι
789 4592 862 4648 sicut
875 4594 914 4647 illi
956 4592 1544 4657 dibus,detraliuntu1·utriderelicetSieut
1554 4593 1704 4647 enimcum
1713 4612 1757 4666 pe·

119 4677 142 4728 si
172 4685 317 4733 semareut
343 4697 502 4734 sermonem
531 4681 727 4746 lleirirereut,
753 4688 914 4753 terramque
956 4682 1757 4755 cudesoccideritquis,etexcarnibusdetraxeritpellem,

119 4766 310 4835 promissionis
334 4769 481 4836 intrarent,
499 4771 582 4824 sicet
603 4788 653 4825 nos
673 4773 696 4825 si
713 4773 915 4826 servaverimus
956 4772 1193 4826 omniaiuteriora
1207 4773 1366 4824 revelantur
1378 4777 1509 4841 etapcrta
1520 4773 1695 4827 liuntoculis
1709 4791 1760 4829 no·

117 4870 274 4908 sermonem
293 4858 363 4926 ejus,
380 4858 504 4913 tiramus
524 4860 705 4930 requiemque
720 4861 860 4915 calestem
875 4862 916 4915 in·
957 4862 1022 4914 stris
1039 4879 1045 4914 ε
1062 4861 1101 4914 sic
1114 4868 1142 4916 et
1155 4863 1213 4916 lleo
1224 4869 1323 4931 aperta
1338 4860 1596 4930 subjacentomnia.
1607 4862 1653 4916 Tu
1664 4868 1760 4920 autem

117 4942 296 4998 trahimus«
320 4945 405 4999 Visus
420 4954 463 5001 est
483 4948 557 5001 enim
572 4949 621 5002 Dei
637 4967 739 5014 sermo,
764 4951 912 5017 ctefficar,
956 4951 1069 5004 attende
1094 4952 1179 5005 etiarn
1209 4953 1269 5009 lioe,
1287 4950 1425 5020 qriomodo
1454 4966 1566 5019 semper
1585 4953 1763 5020 opushabet

116 5039 145 5086 et
158 5033 359 5104 penetrabilior
374 5036 450 5088 omni
460 5037 553 5105 gladio
568 5038 692 5109 ancipiti.
710 5039 826 5093 Gladius
840 5040 915 5094 enim
956 5040 1097 5111 corporcis
1112 5041 1255 5111 exemplis,
1278 5039 1350 5110 quod
1366 5041 1398 5091 lit
1412 5056 1443 5090 ex
1459 5038 1627 5092 infirmitate
1645 5042 1763 5099 audieu-

117 5127 210 5192 potest
224 5122 350 5176 membra
363 5123 486 5178 dividere
502 5142 654 5196 acorpore,
671 5133 699 5179 et
712 5136 860 5197 penetrare
874 5147 915 5183 se·
955 5130 1037 5197 tium3
1046 5130 1111 5200 quia
1121 5131 1196 5184 errim
1210 5130 1315 5184 intirmi
1324 5127 1573 5188 ‹frantdeelararit
1584 5128 1687 5184 dicens
1701 5138 1763 5188 tar-

117 5217 193 5264 creta
206 5219 235 5264 et
248 5213 555 5268 natu1·amcarnis:sed
571 5231 603 5268 eo
619 5216 707 5270 multo
717 5217 915 5287 penetrabilior
955 5219 1061 5272 doseos
1075 5237 1136 5273 esse
1146 5226 1174 5274 et
1187 5237 1256 5290 opus
1271 5218 1405 5272 habentes
1415 5217 1495 5280 lacte,
1505 5233 1560 5269 non
1577 5218 1673 5274 solido
1688 5222 1761 5277 cilio.

118 5305 161 5351 est
175 5316 266 5354 sermo
279 5303 340 5363 Dei,
353 5302 516 5373 pertingens
526 5304 864 5376 utaitllpostoluS,usque
879 5307 913 5361 od
957 5325 970 5359 o
987 5308 1089 5362 Omnia
1103 5310 1177 5363 nuda
1192 5315 1258 5362 sunt
1273 5316 1301 5360 ct
1318 5312 1415 5377 aperta
1429 5306 1516 5359 oculis
1531 5306 1603 5376 ejus,
1622 5309 1662 5362 ad
1676 5327 1762 5380 quem

116 5386 671 5463 divisionemanimaeacspiritusllnirua
680 5395 913 5467 vivimus,spiritu
955 5396 1035 5450 nobis
1049 5414 1151 5451 sermo.
1165 5419 1176 5445 ιι
1187 5395 1258 5458 Quid
1266 5396 1374 5449 estcad
1387 5411 1470 5466 quem
1477 5393 1558 5447 nobis
1572 5400 1762 5455 ser-moesti»

116 5473 308 5543 intelligimus,
319 5480 376 5533 vita
389 5481 469 5535 nobis
483 5481 671 5536 carnaliscum
680 5483 776 5538 bestiis
786 5501 911 5539 commu·
953 5487 1005 5540 lroe
1023 5492 1075 5552 est,
1087 5485 1140 5556 ipsi
1155 5484 1291 5537 reddituri
1305 5502 1403 5538 sumus
1418 5484 1555 5538 rationem
1572 5492 1694 5541 actuum
1708 5506 1764 5543 no·

117 5562 160 5616 nis
173 5568 224 5630 est,
241 5565 314 5619 ratio
329 5569 463 5637 spiritalis
477 5587 541 5625 eum
560 5571 677 5641 angelis.
694 5573 800 5628 Tamen
813 5574 911 5630 efficax
952 5580 1083 5629 strorum.
1769 5562 1772 5567 ’
