3772 6120
68 245 109 303 ne
305 247 596 304 ENARRATIONUM
614 248 654 303 IN
673 247 749 302 EPP.
772 248 878 304 Pnnhl
898 248 966 304 LlB.
988 249 1128 304 xL-lN
1148 221 1258 304 EPIST.
1280 249 1291 304 l
1311 250 1359 304 AD
1378 251 1459 306 COR.
1656 251 1720 308 130⁷

66 388 110 442 que
123 370 199 424 selus
214 387 252 425 ea
271 389 336 442 quae
349 372 422 428 bona
437 379 512 438 sunt,
530 374 607 427 nullo
622 381 709 436 metu,
726 374 804 427 nulla
818 377 896 435 rei-A
906 381 1027 446 quatuor
1040 376 1145 445 species
1168 376 1203 430 ad
1225 375 1426 447 quadrifariam
1452 394 1536 432 sacrm
1556 378 1706 450 Scriptum

65 460 265 514 munerationis
280 462 378 531 gratia
392 468 568 533 provocante,
585 464 634 516 sed
657 464 715 517 solo
731 463 864 517 bonitatis
904 464 1129 534 intelligentiam,
1153 465 1205 518 hoc
1232 471 1283 522 est,
1315 466 1471 527 historiam,
1507 468 1704 537 tropologiam,

65 553 187 620 oporatur
203 549 435 606 affectuoinnie
450 551 535 614 enim,
549 559 581 605 ut
594 552 633 605 ait
648 553 791 615 Salomon,
808 568 865 620 ope·
905 553 1078 623 allegoriam,
1104 570 1259 623 anagogen,
1276 555 1431 607 transferri.
1455 555 1495 609 De
1521 556 1565 609 his
1586 563 1708 627 quatuor

66 644 133 690 ratos
146 643 185 691 est
196 639 341 692 Dominus
356 646 469 708 propte-r
486 643 659 708 semetipsum
683 638 773 709 (Pron.
798 644 863 703 xiil,
906 641 1185 713 interpretationnem
1195 642 1345 712 generibus
1353 643 1450 697 heatus
1458 645 1608 713 Apostolus
1618 645 1658 699 ita
1669 645 1709 699 di·
1765 708 1769 719 .

65 743 113 781 suae
125 743 252 796 namque
265 727 404 781 bonitatis
419 727 536 782 obtentu
551 727 809 782 omnembonorum
819 745 865 781 co·
907 731 945 784 cit
960 749 966 782 ι
983 731 1064 784 Nom
1075 738 1180 788 entem,
1192 732 1302 799 fratrer,
1311 735 1336 784 ri
1345 748 1441 784 crrrrro
1454 734 1491 785 ert
1502 749 1544 784 ros
1555 736 1707 799 tinpnirlo-

66 904 167 974 injuriis
183 911 291 975 potest.
310 923 362 959 nec
377 904 574 976 iniquitatibus
590 905 736 959 hominum
748 905 867 975 passibi-
907 911 1080 964 revelatione.
1091 914 1141 962 ent
1156 911 1187 960 in
1201 911 1326 970 scientio,
1339 914 1388 962 ant
1406 912 1435 962 in
1448 909 1602 977 prophetie,
1612 916 1662 963 ent
1677 914 1708 964 in

66 993 121 1046 liter
132 995 310 1063 permoveri,
319 994 546 1064 semperscilicet
555 1011 671 1048 manens
683 994 807 1064 perfecta
821 994 867 1048 bo-
908 998 1044 1055 doetrine.
1053 997 1195 1051 Revelatio
1211 1013 1332 1068 namque
1348 998 1382 1050 ad
1397 997 1561 1066 allegoriam
1575 999 1707 1069 pertinet,

66 1081 140 1145 nitas,
158 1082 410 1153 immutabilisque
426 1089 536 1137 natura.
907 1102 1057 1157 perquam
1073 1103 1106 1140 ea
1120 1102 1181 1155 quei
1193 1085 1264 1155 tegit
1281 1085 1416 1139 historica
1440 1087 1564 1139 narratio
1588 1086 1708 1157 spiritali

366 1190 484 1244 CAPUT
498 1189 571 1244 xlv,
909 1191 993 1228 sensu
1007 1181 1036 1227 et
1049 1174 1220 1246 expositione
1235 1180 1411 1241 reserantur,
1430 1181 1462 1228 ut
1475 1174 1551 1228 rcrbi
1564 1175 1665 1245 gratia,
1685 1176 1709 1230 si
1771 1241 1779 1249 .

69 1279 181 1334 Ostendit
192 1282 381 1332 erninentiem
388 1279 536 1347 prophetia
547 1294 629 1346 seper
640 1279 744 1332 donrnn
754 1281 868 1347 tingue-
909 1262 978 1316 illssd
992 1263 1101 1334 aperire
1116 1269 1268 1317 tentemus·
1284 1263 1527 1326 QuefflstdfflOdum
1546 1272 1641 1335 patros
1662 1281 1710 1318 ¹¹⁰·

115 1366 191 1414 rein,
209 1355 234 1402 et
251 1351 387 1418 quomodo
403 1355 517 1418 utroque
531 1351 601 1403 dono
616 1352 652 1402 ait
664 1351 807 1403 utendum.
909 1351 955 1418 tri,
969 1369 1060 1405 omnes
1074 1352 1124 1405 snb
1139 1353 1209 1405 indm
1222 1354 1348 1420 secrrnil,
1366 1358 1389 1405 ct
1405 1370 1496 1406 ornnes
1512 1357 1542 1407 in
1558 1355 1646 1421 Moyse
1661 1355 1708 1408 ba-

98 1439 868 1506 Seetaminieheritetem,erneleminispiriteh'emapis
906 1443 1009 1510 pileati
1022 1447 1088 1494 sterit
1100 1444 1129 1494 in
1141 1442 1210 1494 nolio
1225 1446 1248 1493 rt
1265 1444 1295 1493 in
1311 1445 1387 1494 niori
1402 1443 1425 1506 (Ι
1437 1441 1496 1494 (tor.
1517 1442 1555 1512 x),
1572 1447 1599 1495 ot
1614 1459 1710 1512 quem·

68 1533 149 1581 antem
167 1532 199 1580 nt
212 1528 392 1595 prophetetis.
418 1527 486 1579 Post
501 1526 667 1580 charitatem
681 1526 868 1596 prophetandi
909 1529 1159 1583 admodumomnes
1169 1531 1291 1582 eerndem
1302 1533 1710 1597 esearnspiriteteminanduca-

68 1615 187 1669 studium
202 1615 298 1684 magis
313 1614 474 1668 habendum
489 1615 628 1681 hortatur,
652 1615 719 1685 quia
741 1615 868 1684 quamvis
908 1623 1008 1672 nerent
1023 1619 1163 1686 (thithet
1177 1618 1309 1671 eurndem
1320 1618 1476 1688 spiritalem
1488 1619 1521 1672 de
1530 1620 1710 1690 consequenti
1791 1652 1798 1665 κ

70 1704 156 1774 magni
180 1704 242 1758 sint
265 1704 408 1775 spiritales
428 1704 541 1774 gradus,
558 1721 628 1774 quos
650 1709 807 1767 enumerat,
824 1695 899 1758 hicB
909 1706 1240 1778 petrabiberuntpotum3
1246 1712 1325 1775 petre
1333 1713 1426 1760 antem
1434 1713 1493 1760 erat
1504 1709 1710 1772 eni-istoscine

68 1803 156 1847 amen
171 1793 287 1856 melior,
304 1793 352 1864 qui
372 1793 408 1845 ad
424 1792 576 1847 utilitatem
600 1792 728 1846 Ecclesiae
748 1791 866 1863 proficit,
910 1795 1709 1867 expositioprmhgurationieorporisctsanguinisChristi,

69 1890 96 1935 ut
107 1881 219 1935 discant
230 1881 440 1935 omnesdirinae
450 1881 675 1951 legislationem.
688 1882 720 1935 ln
730 1880 868 1951 quoenim
911 1900 994 1955 quom
1009 1884 1132 1954 quotidie
1148 1885 1284 1949 suminus,
1301 1891 1472 1955 comparata.
1490 1885 1629 1956 allegorice
1644 1904 1711 1941 con-

69 1971 124 2041 qnis
144 1971 280 2024 animum
303 1969 423 2035 dederit,
448 1969 478 2023 in
501 1986 534 2023 eo
557 1970 618 2041 ipso
637 1970 738 2040 accipit
752 1968 868 2035 donum,
911 1973 982 2027 tinet
996 1973 1144 2029 rationem.
1162 1973 1279 2026 scientia
1294 1990 1358 2026 roro
1374 1990 1435 2043 qum
1449 1974 1579 2028 similiter
1592 1974 1627 2028 ab
1639 1977 1712 2047 hpo-

68 2060 173 2125 diceme
188 2059 343 2113 Salomone
360 2078 366 2110 :
389 2058 465 2113 Scire
481 2062 563 2127 legem
578 2075 672 2112 sensen-
687 2064 724 2112 est
739 2062 868 2126 optimos.
912 2062 983 2116 stolo
997 2068 1180 2127 memoratur,
1198 2061 1354 2133 tropologia
1368 2069 1420 2127 est,
1437 2079 1492 2133 qua
1506 2063 1637 2117 univorsa
1651 2083 1711 2135 quae

70 2148 189 2203 &ientia
204 2149 286 2203 enim
306 2147 426 2202 subnixa
446 2147 576 2202 charitati
597 2164 654 2201 non
675 2148 800 2211 inllatur,
822 2147 871 2201 sed
912 2152 946 2204 ad
960 2151 1158 2204 discretionem
1179 2151 1322 2221 pertinent
1343 2151 1490 2217 actualem,
1507 2157 1603 2206 utrum
1619 2154 1710 2220 utilia,

69 2246 107 2292 est
119 2244 285 2301 mansueta,
302 2235 805 2308 proficiensomnibusscintilitatem.
818 2236 871 2302 Oai
911 2240 953 2293 cel
976 2240 1093 2293 honesta
1114 2239 1179 2299 sint,
1204 2239 1334 2309 prudenti
1356 2240 1561 2293 <examinatione
1580 2242 1712 2295 discerni-

70 2331 138 2380 em'm
151 2330 283 2395 loquitur
294 2329 412 2394 linquis,
429 2342 484 2379 non
501 2326 660 2379 horninibus
676 2328 809 2393 loquitor,
826 2325 872 2377 sed
912 2345 984 2389 mus,
1002 2334 1034 2381 ut
1055 2334 1097 2382 est
1117 2328 1187 2381 illud
1211 2345 1273 2382 cum
1288 2328 1362 2398 apud
1385 2328 1571 2399 nosmetipsos
1584 2330 1712 2400 judicare

70 2417 128 2479 Deo,
144 2431 226 2469 necno
238 2414 764 2482 eniinemtit,Spiritnentemteqrritnr
775 2419 871 2480 rnyste·
912 2416 1099 2489 praecipimnr,
1114 2424 1210 2471 utrum
1225 2417 1322 2469 deceat
1337 2416 1482 2470 mulierem
1498 2434 1552 2470 non
1567 2418 1657 2471 velato
1669 2436 1712 2472 ca-

70 2509 120 2557 rio.
138 2503 248 2572 (amb.)
265 2504 326 2557 Hoc
341 2509 384 2556 cst
399 2503 474 2573 quod
489 2502 566 2568 dicit,
585 2502 652 2574 qnia
679 2501 725 2572 qni
749 2501 873 2573 loquitur
913 2506 971 2576 pite
991 2522 1071 2559 orare
1093 2506 1204 2560 Deum?
1219 2506 1286 2569 Quae
1306 2506 1387 2568 ratio,
1404 2512 1436 2558 ut
1455 2505 1560 2559 dictum
1581 2514 1632 2567 est,
1650 2525 1712 2562 mo-

71 2593 210 2664 incognita
223 2592 334 2663 lingua,
351 2592 409 2646 Deo
425 2592 558 2662 loquitur,
574 2591 710 2662 quiaipse
721 2590 873 2644 omniane-
913 2595 1001 2649 ratem
1016 2595 1141 2649 continet
1159 2595 1343 2648 intellectum.
1363 2595 1434 2647 ltcm
1456 2595 1603 2665 prophetia
1626 2614 1711 2667 quam

73 2684 118 2745 rit„¹
132 2683 267 2737 homines
280 2682 359 2736 enim
373 2682 522 2735 nesciunt:
540 2680 657 2750 ideoque
671 2679 764 2733 nullus
784 2685 873 2733 estex
913 2684 997 2738 tertio
1018 2685 1167 2754 Apostolus
1188 2683 1284 2737 intulit
1304 2683 1365 2736 loco
1388 2699 1534 2754 anagogen
1557 2692 1647 2751 sonat,
1664 2703 1713 2757 per

71 2772 165 2826 haere
181 2771 335 2843 profectus,
353 2770 460 2840 Spiritu
474 2775 569 2823 autem
582 2768 716 2839 loquitur,
734 2784 790 2821 non
811 2784 872 2821 scu·
913 2789 997 2842 quam
1013 2773 1047 2826 ad
1063 2772 1211 2826 invisibilia
1226 2790 1257 2825 ac
1269 2772 1365 2826 sutura
1379 2788 1471 2824 serino
1487 2774 1664 2840 transfertur,
1681 2779 1714 2828 ut

71 2878 111 2925 cu,
121 2858 398 2932 quiaignoratquod
414 2857 490 2911 dicit.
503 2857 555 2924 Qui
569 2860 644 2911 enirn
654 2857 809 2925 prophetat,
823 2856 871 2911 ho·
913 2867 955 2915 est
970 2861 1038 2914 illud
1055 2880 1060 2914 ς
1077 2863 1212 2916 notemus
1226 2867 1318 2915 antem
1333 2864 1464 2927 ipnorere
1480 2877 1532 2921 ros,
1546 2864 1659 2929 fratres,
1677 2865 1709 2917 de

72 2952 194 3003 minibus
204 2949 378 3017 ioqoitnred
387 2945 636 3016 edificationemet
645 2945 870 3010 ostentationem,
913 2952 1124 3014 normannnis,
1144 2955 1174 3003 nt
1189 2967 1245 3003 non
1261 2953 1473 3015 contristemini,
1489 2954 1561 3004 sicet
1580 2957 1604 3005 ct
1620 2957 1710 3006 ceteri

71 3045 94 3092 et
107 3041 334 3093 conmutationem.
347 3036 511 3090 AEdihcatur
524 3034 600 3088 enim
611 3034 723 3105 quando
739 3033 869 3103 quaestio·
881 3040 902 3099 G
914 3042 963 3108 qni
982 3056 1056 3108 spem
1079 3056 1134 3092 non
1152 3039 1259 3092 liabent.
1281 3038 1313 3092 Si
1328 3042 1403 3093 enim
1420 3041 1557 3093 credimus
1575 3044 1714 3109 paeoniam

71 3143 137 3182 num
152 3126 326 3181 solutionem
341 3124 468 3190 addiscit,
482 3123 637 3177 exhortatio
648 3128 742 3177 autem
752 3122 831 3175 fitilli
841 3127 873 3176 ut
914 3128 1039 3182 dinisius
1056 3133 1180 3181 niortnns
1200 3133 1237 3180 est
1252 3133 1276 3180 et
1300 3131 1461 3181 recurrerit.
1480 3131 1521 3182 llo
1542 3134 1565 3182 et
1586 3131 1656 3183 Dens
1670 3147 1711 3184 eos

71 3216 244 3271 desiderium
266 3214 392 3285 patiatur
406 3212 592 3284 prophetandi
608 3230 613 3264 :
630 3211 790 3265 consolatur
808 3227 872 3264 vero
913 3233 960 3285 prr
974 3219 1066 3270 Jearrm
1078 3218 1192 3270 addicent
1203 3233 1266 3270 corn
1275 3233 1312 3273 eo.
1323 3216 1453 3269 hocrnim
1464 3219 1538 3270 nobis
1548 3219 1668 3273 dicimus
1679 3223 1711 3274 in

71 3307 136 3377 quia
149 3310 348 3374 contemptum
362 3302 514 3373 disciplinae
529 3302 557 3355 in
573 3317 622 3372 spe
636 3301 714 3354 ridet
731 3318 736 3352 :
757 3299 874 3354 scientia
913 3307 992 3359 curbo
1003 3306 1125 3372 Domini,
1136 3307 1268 3373 quon-iem
1285 3321 1341 3370 nos,
1356 3308 1405 3374 qni
1417 3307 1575 3360 vicinioria
1588 3309 1708 3362 adcanto

71 3396 145 3449 euim
160 3392 234 3463 legis
250 3393 346 3446 lineat
359 3391 478 3453 animos,
493 3397 521 3444 et
533 3393 665 3461 provocat
685 3389 720 3442 ad
740 3388 799 3460 spei
813 3405 873 3442 me·
915 3396 1037 3457 Domini,
1057 3409 1114 3446 non
1134 3397 1332 3461 praeveniemus
1356 3410 1397 3446 cos
1418 3397 1468 3463 qni
1481 3396 1658 3450 dormierunt
1679 3400 1711 3452 in

71 3483 148 3538 lioris
163 3482 333 3554 proiectum.
345 3480 398 3547 Oet
412 3483 536 3548 toqoitnr
551 3482 778 3547 tinpnaseipanm
788 3479 873 3545 editt-
915 3484 1031 3547 Christo,
1047 3484 1180 3550 qnoniam
1202 3485 1256 3550 ipse
1270 3483 1405 3535 Dominus
1421 3486 1450 3536 in
1461 3487 1544 3551 jussu
1564 3490 1588 3537 rt
1603 3488 1634 3538 in
1650 3502 1710 3540 rece

72 3578 122 3637 rat,
138 3574 191 3642 qui
207 3587 271 3624 cero
291 3571 436 3638 prophetet
455 3570 601 3623 Ecclesiam
624 3569 748 3634 edi'fieat.
774 3568 827 3620 Per
845 3565 874 3618 id
915 3572 1084 3638 erctmnpeli,
1102 3575 1127 3623 ct
1143 3573 1175 3646 in
1190 3572 1254 3623 tabe
1270 3571 1320 3624 Dei
1333 3572 1471 3625 descendet
1481 3574 1513 3625 de
1527 3577 1596 3637 celo,
1606 3579 1629 3626 et
1640 3591 1712 3628 rnor-

72 3663 146 3715 euim
162 3660 240 3732 quod
254 3658 331 3713 solus
345 3658 417 3712 sorte
432 3657 484 3711 scit
500 3658 575 3728 quod
589 3657 722 3728 loquitur,
741 3673 770 3709 se
783 3656 874 3709 solum
917 3662 1016 3727 iniqui
1032 3662 1063 3711 in
1075 3659 1181 3712 Ciminia
1196 3664 1271 3722 sterit,
1285 3665 1428 3726 interponi
1439 3663 1530 3726 primi
1543 3662 1568 3727 (Ι
1578 3662 1651 3715 Thes.
1662 3667 1711 3728 rr).

72 3751 201 3815 edificat,
219 3765 288 3803 nam
303 3747 351 3818 qui
365 3747 515 3818 prophetat
529 3762 641 3799 omnem
657 3744 766 3815 plebem
787 3744 874 3798 adin·
916 3747 988 3811 Quia
1002 3746 1202 3800 exhortationis
1210 3746 1301 3815 specie
1311 3762 1450 3815 arragoges
1459 3749 1710 3818 hgurapraeiortnr.

72 3849 125 3894 eat.
145 3838 322 3908 Intelligitur
337 3836 371 3891 ab
385 3834 515 3889 omnibus
530 3834 875 3905 quidloquatur.P1·oplrc·
916 3835 1049 3889 Doctrina
1062 3852 1126 3887 roro
1145 3833 1300 3904 simplicem
1322 3833 1458 3887 historica*
1473 3836 1652 3905 expositionis
1667 3856 1713 3892 or-

72 3936 114 3983 tas
128 3929 305 3999 interpretes
318 3925 387 3980 dicit
402 3924 620 3994 Scripturarum,
635 3923 795 3977 sicutenim
809 3939 874 3993 pro·
916 3924 1011 3978 dinem
1033 3923 1139 3994 pandit,
1155 3922 1185 3975 in
1206 3938 1261 3992 qun
1283 3922 1375 3975 nullus
1396 3923 1529 3976 occultior
1544 3924 1711 4006 intellectus,

71 4019 159 4089 pheta
178 4018 281 4072 futura
299 4014 376 4080 dicit,
401 4031 462 4085 quae
484 4012 655 4077 nesciuntur,
679 4013 720 4065 ita
740 4010 784 4064 hic
808 4011 875 4065 dum
916 4012 972 4066 nisi
987 4012 1034 4082 qni
1047 4011 1139 4064 verbis
1154 4016 1267 4064 resonat
1281 4010 1448 4077 continetur,
1465 4011 1537 4067 sicut
1552 4019 1595 4068 est
1614 4014 1683 4070 illud
1705 4035 1711 4070 :

72 4107 288 4179 Sciipturamm
303 4120 427 4164 sensum,
443 4102 491 4174 qui
505 4100 601 4156 multis
615 4101 739 4155 occultus
754 4106 876 4166 est,ma·
920 4103 1036 4156 Tradidi
1059 4104 1133 4154 enim
1154 4101 1227 4154 nobis
1244 4103 1382 4169 interimis
1400 4102 1471 4170 qnod
1489 4107 1513 4156 et
1532 4108 1622 4174 accepi
1641 4109 1710 4175 qnia

72 4197 166 4262 restat,
182 4194 291 4251 dicitur
306 4193 483 4265 prophetare.
506 4191 667 4246 Volcentem
677 4206 721 4243 nos
732 4206 824 4243 omnes
839 4192 876 4243 lo-
917 4191 1042 4247 Christus
1057 4195 1184 4243 morinos
1199 4194 1236 4242 est
1248 4206 1299 4258 pro
1313 4194 1430 4258 peccetis
1448 4195 1549 4245 nostris
1563 4196 1713 4251 sectindem

72 4291 121 4355 qni
134 4288 257 4354 tingnis,
268 4286 459 4351 mentientem
471 4279 754 4349 altprephetetishon
766 4282 876 4349 poterat
916 4278 1085 4348 Scriptores,
1107 4285 1132 4332 rt
1151 4281 1217 4347 quio
1232 4281 1354 4347 sepultus
1367 4285 1413 4341 est,
1431 4285 1456 4333 et
1470 4283 1537 4348 qnia
1560 4287 1713 4338 resurrerit

72 4374 225 4447 probibere
238 4373 316 4443 loqui
330 4370 444 4440 lingula,
460 4368 667 4440 quiasuperius
682 4351 1000 4433 dixit,donuthertie
1014 4370 1067 4434 iiic,
1083 4374 1108 4422 et
1122 4371 1189 4437 qnia
1209 4370 1283 4421 cisti-s
1299 4373 1336 4421 esi
1359 4370 1450 4437 Cepha
1470 4371 1496 4435 (l
1508 4370 1568 4423 Cor.
1585 4375 1647 4436 xil:
1666 4378 1711 4426 et:

73 4464 148 4519 istud
171 4479 237 4518 esse
260 4460 382 4532 Spiritus
400 4459 488 4514 sancti
504 4476 510 4509 :
527 4457 575 4511 sed
599 4458 662 4511 ideo
690 4456 876 4527 prophetandi
917 4458 992 4512 illisit
1010 4459 1192 4512 DensFitinm
1206 4473 1289 4509 snum
1303 4458 1452 4524 saeternae
1466 4460 1591 4521 muliere,
1607 4460 1713 4526 seciam

73 4553 164 4624 magis
177 4550 308 4606 studium
322 4548 481 4602 habendum
496 4546 561 4618 quia
575 4546 672 4601 utilius
681 4551 732 4600 est.
741 4547 831 4614 Major
839 4550 877 4599 est
917 4548 966 4599 snb
989 4551 1051 4614 lege,
1068 4551 1099 4599 ut
1118 4548 1223 4614 eosqui
1237 4546 1286 4597 enh
1303 4548 1357 4611 lopo
1379 4549 1461 4597 orent
1476 4547 1627 4600 redimeret
1642 4548 1711 4615 (Gai.

73 4646 148 4696 enim
162 4642 216 4711 qui
226 4639 382 4708 prophetet,
393 4653 477 4706 quem
494 4639 544 4705 qni
560 4638 684 4704 loquitor
697 4638 805 4703 linque,
819 4636 876 4687 nisi
918 4638 963 4701 rr).
986 4635 1048 4690 Sire
1064 4635 1133 4688 illud
1152 4652 1157 4685 :
1176 4634 1258 4695 Atidi,
1280 4634 1375 4696 Isroet,
1399 4634 1533 4688 Dominus
1552 4637 1622 4690 Dens
1638 4643 1712 4703 tntis,

73 4734 286 4800 interpretetur.
299 4726 371 4791 Quia
386 4727 410 4780 si
425 4725 606 4796 interpretari
623 4723 734 4795 poterit,
751 4740 807 4776 non
821 4723 876 4776 erit
916 4725 1050 4778 Dominus
1064 4740 1138 4777 unies
1153 4727 1190 4774 ert
1207 4723 1294 4787 (Dent.
1312 4722 1357 4787 rr).

72 4821 167 4874 minor
181 4818 251 4890 quia
264 4815 384 4871 aeditioat
399 4815 560 4879 Ecclesiam,
575 4814 628 4867 hoc
642 4813 717 4866 enim
733 4813 825 4882 majus
833 4817 876 4865 est
957 4814 1056 4867 Temen
1070 4828 1129 4880 qne
1151 4812 1322 4863 sincerrima
1337 4815 1411 4875 stitit,
1429 4827 1518 4865 cocorn.
1535 4815 1642 4879 deniie,
1659 4818 1715 4870 sine

74 4909 148 4981 quod
162 4906 299 4963 ominbus
313 4904 427 4976 prodest
443 4923 448 4956 :
465 4903 510 4957 hic
531 4904 613 4960 enim
627 4919 678 4974 per
697 4902 803 4955 donum
824 4900 874 4954 Dei
920 4903 996 4966 tibio,
1011 4898 1621 4962 cirecittreremidr'siinctioncmsonitusnon
1635 4905 1715 4958 dede-

75 4998 181 5070 hnguis
198 4995 334 5067 loquitur,
353 4993 401 5065 qui
421 4992 505 5048 etiam
526 4993 738 5063 interpretatur,
759 4989 831 5044 sicut
849 4994 878 5043 et
918 4994 987 5053 rint,
1005 4990 1136 5058 quomodo
1150 4990 1403 5056 copnoecetnrqnoet
1413 5004 1462 5056 per
1478 4991 1575 5044 tibiam
1589 4995 1712 5059 canitur,

77 5088 115 5142 illi
141 5084 295 5141 duodecim
318 5083 347 5137 in
374 5082 489 5137 Actibus
515 5082 706 5154 apostolorum
729 5078 798 5146 (Act.
828 5079 875 5147 rr).
919 5079 1715 5148 eotqnodcitlrerizetnr;etenimn'incertemeoccmtube

77 5177 166 5243 ll‘unc,
181 5177 299 5243 fratres,
314 5176 340 5226 si
354 5188 450 5226 venero
464 5173 501 5226 ert
510 5188 553 5226 cos
568 5174 673 5239 tingnis
684 5169 879 5238 taquamquam
920 5169 1103 5236 dederitque
1117 5182 1144 5219 se
1157 5167 1314 5234 perohited
1322 5166 1716 5235 pretiothuoniamexem-

77 5267 147 5320 totis
163 5266 304 5335 prodero?
322 5261 355 5316 Si
374 5277 430 5315 non
449 5265 548 5329 toqner
561 5261 644 5325 robis,
662 5264 712 5314 ant
726 5261 758 5312 in
773 5261 879 5311 reuele—
921 5258 968 5329 pla
981 5255 1088 5311 facilius
1104 5255 1222 5310 suadent
1233 5254 1419 5326 quamverba,
1435 5256 1717 5327 exempliscommen-

79 5358 155 5423 tione,
169 5359 223 5409 eet
247 5352 487 5415 inmanitatem
506 5352 537 5402 in
554 5350 708 5419 prophetie,
724 5353 774 5427 erit
789 5351 820 5400 in
835 5348 880 5400 do-
921 5346 979 5409 dat,
995 5361 1045 5416 per
1068 5360 1128 5416 quae
1148 5344 1227 5400 facile
1249 5349 1434 5415 assequantur
1455 5360 1510 5399 non
1532 5345 1633 5401 debere
1654 5347 1717 5402 illos

78 5448 177 5500 cirine.
202 5444 272 5499 Haec
286 5439 386 5494 omnia
399 5454 488 5493 unum
502 5439 671 5510 significant,
687 5438 787 5492 docere
804 5436 879 5490 enim
920 5435 949 5488 in
965 5433 1088 5488 Ecclesia
1100 5434 1176 5505 loqui
1192 5433 1303 5503 linguis,
1320 5431 1368 5502 qui
1382 5432 1562 5504 interpretari
1575 5452 1632 5490 non
1655 5452 1718 5506 pos-

79 5552 156 5592 nemo
168 5532 290 5609 peterit,
308 5529 366 5586 nisi
380 5528 553 5600 intelligatur
568 5546 574 5582 ε
592 5533 711 5599 possunt
727 5533 824 5582 tamen
837 5525 880 5581 hm
921 5529 1006 5590 sunt,
1024 5523 1059 5579 ad
1075 5523 1142 5594 quid
1156 5523 1232 5578 enim
1239 5521 1374 5593 loquitur,
1384 5537 1468 5592 quem
1475 5540 1558 5579 nomo
1567 5522 1717 5594 intelligit?
