<?xml version="1.0" encoding="UTF-8"?>
<!DOCTYPE html PUBLIC "-//W3C//DTD XHTML 1.0 Transitional//EN"
    "http://www.w3.org/TR/xhtml1/DTD/xhtml1-transitional.dtd">
<html xmlns="http://www.w3.org/1999/xhtml" xml:lang="en" lang="en">
 <head>
  <title>
</title>
<meta http-equiv="Content-Type" content="text/html;charset=utf-8" />
  <meta name='ocr-system' content='tesseract 3.04.00' />
  <meta name='ocr-capabilities' content='ocr_page ocr_carea ocr_par ocr_line ocrx_word'/>
</head>
<body>
  <div class='ocr_page' id='page_1' title='image "./patrologiaecurs22goog/patrologiaecurs22goog_0202.png"; bbox 0 0 3772 6120; ppageno 0'>
   <div class='ocr_carea' id='block_1_1' title="bbox 188 240 1826 305">
    <p class='ocr_par' dir='ltr' id='par_1_1' title="bbox 188 240 1826 305">
     <span class='ocr_line' id='line_1_1' title="bbox 188 240 1826 305; baseline -0.003 -1"><span class='ocrx_word' id='word_1_1' title='bbox 188 249 238 305; x_wconf 78' lang='lat'>391</span> <span class='ocrx_word' id='word_1_2' title='bbox 479 250 511 304; x_wconf 93' lang='grc' dir='ltr'>Β.</span> <span class='ocrx_word' id='word_1_3' title='bbox 532 247 668 304; x_wconf 80' lang='lat' dir='ltr'><strong>RABANI</strong></span> <span class='ocrx_word' id='word_1_4' title='bbox 692 247 808 303; x_wconf 82' lang='lat' dir='ltr'><strong>MAURI</strong></span> <span class='ocrx_word' id='word_1_5' title='bbox 826 248 996 304; x_wconf 81' lang='lat' dir='ltr'>ARCHIEP.</span> <span class='ocrx_word' id='word_1_6' title='bbox 1016 248 1179 304; x_wconf 85' lang='lat' dir='ltr'><strong>MOGUNT.</strong></span> <span class='ocrx_word' id='word_1_7' title='bbox 1200 245 1350 302; x_wconf 82' lang='lat' dir='ltr'>OPERUM</span> <span class='ocrx_word' id='word_1_8' title='bbox 1367 245 1460 302; x_wconf 81' lang='lat' dir='ltr'>PARS</span> <span class='ocrx_word' id='word_1_9' title='bbox 1478 245 1529 302; x_wconf 89' lang='lat'>111.</span> <span class='ocrx_word' id='word_1_10' title='bbox 1772 240 1826 299; x_wconf 73' lang='lat'>392</span> 
     </span>
    </p>
   </div>
   <div class='ocr_carea' id='block_1_2' title="bbox 189 365 1872 5602">
    <p class='ocr_par' dir='ltr' id='par_1_2' title="bbox 189 365 1872 5602">
     <span class='ocr_line' id='line_1_2' title="bbox 189 365 1827 445; baseline -0.004 -18"><span class='ocrx_word' id='word_1_11' title='bbox 189 390 220 428; x_wconf 92' lang='lat' dir='ltr'>re</span> <span class='ocrx_word' id='word_1_12' title='bbox 226 379 279 440; x_wconf 90' lang='lat' dir='ltr'>est,</span> <span class='ocrx_word' id='word_1_13' title='bbox 286 373 389 445; x_wconf 90' lang='lat' dir='ltr'>partim</span> <span class='ocrx_word' id='word_1_14' title='bbox 395 374 429 427; x_wconf 93' lang='lat' dir='ltr'>de</span> <span class='ocrx_word' id='word_1_15' title='bbox 435 377 576 445; x_wconf 77' lang='lat' dir='ltr'>usurpatae</span> <span class='ocrx_word' id='word_1_16' title='bbox 591 373 750 444; x_wconf 87' lang='lat' dir='ltr'>tyrannidis</span> <span class='ocrx_word' id='word_1_17' title='bbox 758 373 1019 444; x_wconf 51' lang='lat' dir='ltr'>praesumptionen</span> <span class='ocrx_word' id='word_1_18' title='bbox 1029 373 1157 428; x_wconf 79' lang='lat' dir='ltr'>ordinem</span> <span class='ocrx_word' id='word_1_19' title='bbox 1167 369 1295 425; x_wconf 89' lang='lat' dir='ltr'>lectionis</span> <span class='ocrx_word' id='word_1_20' title='bbox 1308 385 1366 423; x_wconf 90' lang='lat' dir='ltr'>non</span> <span class='ocrx_word' id='word_1_21' title='bbox 1380 373 1456 423; x_wconf 81' lang='lat' dir='ltr'>stare</span> <span class='ocrx_word' id='word_1_22' title='bbox 1471 365 1621 431; x_wconf 85' lang='lat' dir='ltr'>sententia,</span> <span class='ocrx_word' id='word_1_23' title='bbox 1636 382 1688 420; x_wconf 87' lang='lat' dir='ltr'>nec</span> <span class='ocrx_word' id='word_1_24' title='bbox 1710 365 1738 419; x_wconf 92' lang='lat' dir='ltr'>ei</span> <span class='ocrx_word' id='word_1_25' title='bbox 1751 366 1827 436; x_wconf 88' lang='lat' dir='ltr'>quod</span> 
     </span>
     <span class='ocr_line' id='line_1_3' title="bbox 228 456 1830 533; baseline -0.004 -16"><span class='ocrx_word' id='word_1_26' title='bbox 228 464 987 531; x_wconf 68' lang='lat' dir='ltr'>laqueetiamrortavocatisamaapradestiaotisecun·</span> <span class='ocrx_word' id='word_1_27' title='bbox 1026 462 1174 533; x_wconf 71' lang='lat' dir='ltr'>prelatum</span> <span class='ocrx_word' id='word_1_28' title='bbox 1187 466 1240 524; x_wconf 89' lang='lat' dir='ltr'>est,</span> <span class='ocrx_word' id='word_1_29' title='bbox 1256 462 1288 512; x_wconf 79' lang='lat' dir='ltr'>in</span> <span class='ocrx_word' id='word_1_30' title='bbox 1301 475 1355 527; x_wconf 86' lang='lat' dir='ltr'>qao</span> <span class='ocrx_word' id='word_1_31' title='bbox 1369 464 1394 512; x_wconf 85' lang='lat' dir='ltr'>et</span> <span class='ocrx_word' id='word_1_32' title='bbox 1418 474 1473 524; x_wconf 83' lang='lat' dir='ltr'>vos,</span> <span class='ocrx_word' id='word_1_33' title='bbox 1487 457 1585 510; x_wconf 81' lang='lat' dir='ltr'>audito</span> <span class='ocrx_word' id='word_1_34' title='bbox 1606 456 1685 509; x_wconf 85' lang='lat' dir='ltr'>uerbo</span> <span class='ocrx_word' id='word_1_35' title='bbox 1700 458 1830 510; x_wconf 76' lang='lat' dir='ltr'>veritatis</span> 
     </span>
     <span class='ocr_line' id='line_1_4' title="bbox 191 544 1831 621; baseline -0.005 -15"><span class='ocrx_word' id='word_1_36' title='bbox 191 554 260 609; x_wconf 85' lang='lat' dir='ltr'>dum</span> <span class='ocrx_word' id='word_1_37' title='bbox 270 553 440 620; x_wconf 81' lang='lat' dir='ltr'>propositum</span> <span class='ocrx_word' id='word_1_38' title='bbox 450 554 516 619; x_wconf 69' lang='lat' dir='ltr'>aar,</span> <span class='ocrx_word' id='word_1_39' title='bbox 529 554 579 619; x_wconf 82' lang='lat' dir='ltr'>qui</span> <span class='ocrx_word' id='word_1_40' title='bbox 587 555 685 605; x_wconf 76' lang='lat' dir='ltr'>omma</span> <span class='ocrx_word' id='word_1_41' title='bbox 697 553 987 621; x_wconf 79' lang='lat' dir='ltr'>operatursecundum</span> <span class='ocrx_word' id='word_1_42' title='bbox 1028 552 1172 618; x_wconf 76' lang='lat' dir='ltr'>Ecurrpclii</span> <span class='ocrx_word' id='word_1_43' title='bbox 1185 553 1285 604; x_wconf 79' lang='lat' dir='ltr'>salutis</span> <span class='ocrx_word' id='word_1_44' title='bbox 1299 552 1401 613; x_wconf 71' lang='lat' dir='ltr'>uestra,</span> <span class='ocrx_word' id='word_1_45' title='bbox 1411 546 1555 600; x_wconf 90' lang='lat' dir='ltr'>redditum</span> <span class='ocrx_word' id='word_1_46' title='bbox 1570 544 1687 615; x_wconf 84' lang='lat' dir='ltr'>aliquid,</span> <span class='ocrx_word' id='word_1_47' title='bbox 1698 545 1774 615; x_wconf 90' lang='lat' dir='ltr'>quod</span> <span class='ocrx_word' id='word_1_48' title='bbox 1788 561 1831 599; x_wconf 85' lang='lat' dir='ltr'>se·</span> 
     </span>
     <span class='ocr_line' id='line_1_5' title="bbox 191 633 1832 717; baseline -0.002 -24"><span class='ocrx_word' id='word_1_49' title='bbox 191 642 338 694; x_wconf 82' lang='lat' dir='ltr'>consilium</span> <span class='ocrx_word' id='word_1_50' title='bbox 353 641 504 693; x_wconf 76' lang='lat' dir='ltr'>voluntatis</span> <span class='ocrx_word' id='word_1_51' title='bbox 517 656 581 693; x_wconf 78' lang='lat' dir='ltr'>sua.</span> <span class='ocrx_word' id='word_1_52' title='bbox 592 640 804 710; x_wconf 66' lang='lat' dir='ltr'>{Aug.)Sortem</span> <span class='ocrx_word' id='word_1_53' title='bbox 815 640 893 717; x_wconf 83' lang='lat' dir='ltr'>dixit,</span> <span class='ocrx_word' id='word_1_54' title='bbox 902 656 988 711; x_wconf 86' lang='lat' dir='ltr'>quan·</span> <span class='ocrx_word' id='word_1_55' title='bbox 1029 646 1142 710; x_wconf 86' lang='lat' dir='ltr'>quatur,</span> <span class='ocrx_word' id='word_1_56' title='bbox 1159 638 1225 709; x_wconf 92' lang='lat' dir='ltr'>quia</span> <span class='ocrx_word' id='word_1_57' title='bbox 1240 638 1337 693; x_wconf 89' lang='lat' dir='ltr'>statim</span> <span class='ocrx_word' id='word_1_58' title='bbox 1352 635 1475 690; x_wconf 86' lang='lat' dir='ltr'>secundo</span> <span class='ocrx_word' id='word_1_59' title='bbox 1490 634 1615 705; x_wconf 90' lang='lat' dir='ltr'>ponitur,</span> <span class='ocrx_word' id='word_1_60' title='bbox 1632 636 1665 688; x_wconf 84' lang='lat' dir='ltr'>in</span> <span class='ocrx_word' id='word_1_61' title='bbox 1675 650 1739 702; x_wconf 84' lang='lat' dir='ltr'>quo,</span> <span class='ocrx_word' id='word_1_62' title='bbox 1755 633 1832 704; x_wconf 86' lang='lat' dir='ltr'>quod</span> 
     </span>
     <span class='ocr_line' id='line_1_6' title="bbox 192 722 1832 799; baseline -0.002 -17"><span class='ocrx_word' id='word_1_63' title='bbox 192 735 252 783; x_wconf 91' lang='lat' dir='ltr'>tum</span> <span class='ocrx_word' id='word_1_64' title='bbox 267 744 319 798; x_wconf 87' lang='lat' dir='ltr'>ego</span> <span class='ocrx_word' id='word_1_65' title='bbox 330 727 466 789; x_wconf 82' lang='lat' dir='ltr'>existimo,</span> <span class='ocrx_word' id='word_1_66' title='bbox 481 728 613 797; x_wconf 81' lang='lat' dir='ltr'><strong>gratiam,</strong></span> <span class='ocrx_word' id='word_1_67' title='bbox 636 744 691 799; x_wconf 88' lang='lat' dir='ltr'>qua</span> <span class='ocrx_word' id='word_1_68' title='bbox 707 728 775 782; x_wconf 79' lang='lat' dir='ltr'>salsi</span> <span class='ocrx_word' id='word_1_69' title='bbox 789 728 855 783; x_wconf 81' lang='lat' dir='ltr'>facti</span> <span class='ocrx_word' id='word_1_70' title='bbox 871 745 986 796; x_wconf 89' lang='lat' dir='ltr'>sumus;</span> <span class='ocrx_word' id='word_1_71' title='bbox 1030 729 1097 799; x_wconf 88' lang='lat' dir='ltr'>quia</span> <span class='ocrx_word' id='word_1_72' title='bbox 1123 728 1298 799; x_wconf 89' lang='lat' dir='ltr'>superfluum</span> <span class='ocrx_word' id='word_1_73' title='bbox 1320 731 1373 792; x_wconf 86' lang='lat' dir='ltr'>est,</span> <span class='ocrx_word' id='word_1_74' title='bbox 1400 723 1543 779; x_wconf 87' lang='lat' dir='ltr'>sublatum</span> <span class='ocrx_word' id='word_1_75' title='bbox 1567 740 1582 777; x_wconf 91' lang='lat' dir='ltr'>e</span> <span class='ocrx_word' id='word_1_76' title='bbox 1615 722 1708 776; x_wconf 90' lang='lat' dir='ltr'>medio</span> <span class='ocrx_word' id='word_1_77' title='bbox 1729 729 1832 794; x_wconf 79' lang='lat' dir='ltr'>potest</span> 
     </span>
     <span class='ocr_line' id='line_1_7' title="bbox 193 811 1832 888; baseline -0.004 -17"><span class='ocrx_word' id='word_1_78' title='bbox 193 816 988 888; x_wconf 81' lang='lat' dir='ltr'>quaresortisnomineappellatgratiamlqniainsorte</span> <span class='ocrx_word' id='word_1_79' title='bbox 1029 823 1136 872; x_wconf 84' lang='lat' dir='ltr'>textum</span> <span class='ocrx_word' id='word_1_80' title='bbox 1161 817 1278 871; x_wconf 83' lang='lat' dir='ltr'>reddere</span> <span class='ocrx_word' id='word_1_81' title='bbox 1306 814 1431 868; x_wconf 91' lang='lat' dir='ltr'>lectioni.</span> <span class='ocrx_word' id='word_1_82' title='bbox 1456 813 1516 867; x_wconf 87' lang='lat' dir='ltr'>Hoc</span> <span class='ocrx_word' id='word_1_83' title='bbox 1545 818 1642 866; x_wconf 87' lang='lat' dir='ltr'>autem</span> <span class='ocrx_word' id='word_1_84' title='bbox 1669 811 1832 882; x_wconf 87' lang='lat' dir='ltr'>patiebatur</span> 
     </span>
     <span class='ocr_line' id='line_1_8' title="bbox 193 901 1830 977; baseline -0.005 -16"><span class='ocrx_word' id='word_1_85' title='bbox 193 905 679 977; x_wconf 79' lang='lat' dir='ltr'>nonestclcctio,sedrolantasDei.</span> <span class='ocrx_word' id='word_1_86' title='bbox 695 906 989 961; x_wconf 85' lang='lat' dir='ltr'>Namubidicituriste</span> <span class='ocrx_word' id='word_1_87' title='bbox 1030 906 1134 960; x_wconf 88' lang='lat' dir='ltr'>Paulus</span> <span class='ocrx_word' id='word_1_88' title='bbox 1148 906 1183 959; x_wconf 93' lang='lat' dir='ltr'>de</span> <span class='ocrx_word' id='word_1_89' title='bbox 1210 904 1297 959; x_wconf 89' lang='lat' dir='ltr'>nimio</span> <span class='ocrx_word' id='word_1_90' title='bbox 1321 920 1417 958; x_wconf 90' lang='lat' dir='ltr'>amore</span> <span class='ocrx_word' id='word_1_91' title='bbox 1438 901 1553 964; x_wconf 86' lang='lat' dir='ltr'>Christi,</span> <span class='ocrx_word' id='word_1_92' title='bbox 1569 907 1602 955; x_wconf 90' lang='lat' dir='ltr'>ut</span> <span class='ocrx_word' id='word_1_93' title='bbox 1623 917 1689 954; x_wconf 87' lang='lat' dir='ltr'>eum</span> <span class='ocrx_word' id='word_1_94' title='bbox 1708 917 1830 971; x_wconf 86' lang='lat' dir='ltr'>semper,</span> 
     </span>
     <span class='ocr_line' id='line_1_9' title="bbox 193 989 1833 1067; baseline -0.003 -19"><span class='ocrx_word' id='word_1_95' title='bbox 193 995 269 1061; x_wconf 81' lang='lat' dir='ltr'>lacit,</span> <span class='ocrx_word' id='word_1_96' title='bbox 284 995 337 1050; x_wconf 90' lang='lat' dir='ltr'>iste</span> <span class='ocrx_word' id='word_1_97' title='bbox 360 1011 416 1049; x_wconf 92' lang='lat' dir='ltr'>non</span> <span class='ocrx_word' id='word_1_98' title='bbox 432 995 508 1061; x_wconf 85' lang='lat' dir='ltr'>facit,</span> <span class='ocrx_word' id='word_1_99' title='bbox 534 995 637 1049; x_wconf 89' lang='lat' dir='ltr'>merita</span> <span class='ocrx_word' id='word_1_100' title='bbox 656 995 878 1061; x_wconf 89' lang='lat' dir='ltr'>considerantur,</span> <span class='ocrx_word' id='word_1_101' title='bbox 895 1001 924 1050; x_wconf 90' lang='lat' dir='ltr'>et</span> <span class='ocrx_word' id='word_1_102' title='bbox 942 996 990 1049; x_wconf 90' lang='lat' dir='ltr'>ubi</span> <span class='ocrx_word' id='word_1_103' title='bbox 1031 1011 1114 1067; x_wconf 91' lang='lat' dir='ltr'>quem</span> <span class='ocrx_word' id='word_1_104' title='bbox 1129 993 1272 1064; x_wconf 85' lang='lat' dir='ltr'>diligebat,</span> <span class='ocrx_word' id='word_1_105' title='bbox 1289 993 1375 1047; x_wconf 89' lang='lat' dir='ltr'>etiam</span> <span class='ocrx_word' id='word_1_106' title='bbox 1399 992 1543 1062; x_wconf 90' lang='lat' dir='ltr'>superllue</span> <span class='ocrx_word' id='word_1_107' title='bbox 1558 995 1588 1044; x_wconf 92' lang='lat' dir='ltr'>et</span> <span class='ocrx_word' id='word_1_108' title='bbox 1608 989 1833 1044; x_wconf 80' lang='lat' dir='ltr'>extraordinarie</span> 
     </span>
     <span class='ocr_line' id='line_1_10' title="bbox 193 1078 1834 1152; baseline -0.004 -13"><span class='ocrx_word' id='word_1_109' title='bbox 193 1084 295 1139; x_wconf 88' lang='lat' dir='ltr'>merita</span> <span class='ocrx_word' id='word_1_110' title='bbox 307 1084 522 1138; x_wconf 88' lang='lat' dir='ltr'>considerantur</span> <span class='ocrx_word' id='word_1_111' title='bbox 531 1084 629 1138; x_wconf 89' lang='lat' dir='ltr'>electio</span> <span class='ocrx_word' id='word_1_112' title='bbox 648 1089 700 1149; x_wconf 86' lang='lat' dir='ltr'>est,</span> <span class='ocrx_word' id='word_1_113' title='bbox 714 1101 771 1138; x_wconf 91' lang='lat' dir='ltr'>non</span> <span class='ocrx_word' id='word_1_114' title='bbox 783 1101 854 1138; x_wconf 89' lang='lat' dir='ltr'>sors.</span> <span class='ocrx_word' id='word_1_115' title='bbox 872 1084 989 1148; x_wconf 83' lang='lat' dir='ltr'>Quando</span> <span class='ocrx_word' id='word_1_116' title='bbox 1030 1083 1198 1147; x_wconf 85' lang='lat' dir='ltr'>nominaret,</span> <span class='ocrx_word' id='word_1_117' title='bbox 1234 1082 1308 1152; x_wconf 93' lang='lat' dir='ltr'>quod</span> <span class='ocrx_word' id='word_1_118' title='bbox 1332 1085 1396 1152; x_wconf 91' lang='lat' dir='ltr'>post</span> <span class='ocrx_word' id='word_1_119' title='bbox 1422 1079 1527 1150; x_wconf 81' lang='lat' dir='ltr'>absque</span> <span class='ocrx_word' id='word_1_120' title='bbox 1549 1078 1630 1133; x_wconf 89' lang='lat' dir='ltr'>nobis</span> <span class='ocrx_word' id='word_1_121' title='bbox 1656 1079 1686 1133; x_wconf 93' lang='lat' dir='ltr'>in</span> <span class='ocrx_word' id='word_1_122' title='bbox 1702 1078 1834 1132; x_wconf 90' lang='lat' dir='ltr'>omnibus</span> 
     </span>
     <span class='ocr_line' id='line_1_11' title="bbox 194 1169 1833 1242; baseline -0.004 -15"><span class='ocrx_word' id='word_1_123' title='bbox 194 1179 289 1228; x_wconf 87' lang='lat' dir='ltr'>autem</span> <span class='ocrx_word' id='word_1_124' title='bbox 299 1175 374 1227; x_wconf 87' lang='lat' dir='ltr'>Deus</span> <span class='ocrx_word' id='word_1_125' title='bbox 392 1174 471 1226; x_wconf 89' lang='lat' dir='ltr'>nulla</span> <span class='ocrx_word' id='word_1_126' title='bbox 492 1173 593 1226; x_wconf 89' lang='lat' dir='ltr'>merita</span> <span class='ocrx_word' id='word_1_127' title='bbox 611 1179 707 1227; x_wconf 91' lang='lat' dir='ltr'>nostra</span> <span class='ocrx_word' id='word_1_128' title='bbox 724 1173 838 1239; x_wconf 78' lang='lat' dir='ltr'>invenit,</span> <span class='ocrx_word' id='word_1_129' title='bbox 854 1179 929 1228; x_wconf 81' lang='lat' dir='ltr'>sorte</span> <span class='ocrx_word' id='word_1_130' title='bbox 944 1190 992 1226; x_wconf 85' lang='lat' dir='ltr'>ro·</span> <span class='ocrx_word' id='word_1_131' title='bbox 1033 1171 1158 1242; x_wconf 89' lang='lat' dir='ltr'>epistolis</span> <span class='ocrx_word' id='word_1_132' title='bbox 1171 1172 1233 1241; x_wconf 86' lang='lat' dir='ltr'>ejus</span> <span class='ocrx_word' id='word_1_133' title='bbox 1240 1172 1328 1225; x_wconf 89' lang='lat' dir='ltr'>lector</span> <span class='ocrx_word' id='word_1_134' title='bbox 1342 1169 1461 1240; x_wconf 87' lang='lat' dir='ltr'>diligens</span> <span class='ocrx_word' id='word_1_135' title='bbox 1470 1169 1606 1223; x_wconf 82' lang='lat' dir='ltr'>invenire.</span> <span class='ocrx_word' id='word_1_136' title='bbox 1623 1169 1705 1223; x_wconf 88' lang='lat' dir='ltr'>Unde</span> <span class='ocrx_word' id='word_1_137' title='bbox 1720 1173 1750 1222; x_wconf 89' lang='lat' dir='ltr'>et</span> <span class='ocrx_word' id='word_1_138' title='bbox 1758 1184 1833 1222; x_wconf 88' lang='lat' dir='ltr'>nunc</span> 
     </span>
     <span class='ocr_line' id='line_1_12' title="bbox 194 1255 1835 1334; baseline -0.004 -18"><span class='ocrx_word' id='word_1_139' title='bbox 194 1262 311 1318; x_wconf 91' lang='lat' dir='ltr'>luntatis</span> <span class='ocrx_word' id='word_1_140' title='bbox 328 1279 385 1317; x_wconf 82' lang='lat' dir='ltr'>suae</span> <span class='ocrx_word' id='word_1_141' title='bbox 399 1279 450 1316; x_wconf 83' lang='lat' dir='ltr'>nos</span> <span class='ocrx_word' id='word_1_142' title='bbox 465 1262 555 1316; x_wconf 87' lang='lat' dir='ltr'>salvos</span> <span class='ocrx_word' id='word_1_143' title='bbox 569 1261 644 1328; x_wconf 84' lang='lat' dir='ltr'>lecit,</span> <span class='ocrx_word' id='word_1_144' title='bbox 662 1261 729 1332; x_wconf 88' lang='lat' dir='ltr'>quia</span> <span class='ocrx_word' id='word_1_145' title='bbox 741 1262 837 1327; x_wconf 78' lang='lat' dir='ltr'>voluit,</span> <span class='ocrx_word' id='word_1_146' title='bbox 856 1279 911 1317; x_wconf 92' lang='lat' dir='ltr'>non</span> <span class='ocrx_word' id='word_1_147' title='bbox 927 1262 993 1334; x_wconf 91' lang='lat' dir='ltr'>quia</span> <span class='ocrx_word' id='word_1_148' title='bbox 1033 1261 1156 1314; x_wconf 88' lang='lat' dir='ltr'>secundo</span> <span class='ocrx_word' id='word_1_149' title='bbox 1185 1260 1317 1331; x_wconf 90' lang='lat' dir='ltr'>positum,</span> <span class='ocrx_word' id='word_1_150' title='bbox 1343 1261 1375 1312; x_wconf 80' lang='lat' dir='ltr'>in</span> <span class='ocrx_word' id='word_1_151' title='bbox 1390 1275 1443 1327; x_wconf 87' lang='lat' dir='ltr'>qao</span> <span class='ocrx_word' id='word_1_152' title='bbox 1462 1257 1590 1312; x_wconf 88' lang='lat' dir='ltr'>ordinem</span> <span class='ocrx_word' id='word_1_153' title='bbox 1612 1255 1835 1329; x_wconf 87' lang='lat' dir='ltr'>deprehenditur</span> 
     </span>
     <span class='ocr_line' id='line_1_13' title="bbox 194 1345 1835 1422; baseline -0.004 -16"><span class='ocrx_word' id='word_1_154' title='bbox 194 1351 272 1422; x_wconf 82' lang='lat' dir='ltr'>digni</span> <span class='ocrx_word' id='word_1_155' title='bbox 286 1351 390 1405; x_wconf 87' lang='lat' dir='ltr'>fuimus</span> <span class='ocrx_word' id='word_1_156' title='bbox 406 1369 411 1403; x_wconf 75' lang='grc' dir='ltr'>ε</span> <span class='ocrx_word' id='word_1_157' title='bbox 434 1351 532 1406; x_wconf 78' lang='lat' dir='ltr'>Gratia</span> <span class='ocrx_word' id='word_1_158' title='bbox 547 1353 619 1404; x_wconf 85' lang='lat' dir='ltr'>salci</span> <span class='ocrx_word' id='word_1_159' title='bbox 638 1352 708 1418; x_wconf 75' lang='lat' dir='ltr'>sacti</span> <span class='ocrx_word' id='word_1_160' title='bbox 721 1354 783 1404; x_wconf 81' lang='lat' dir='ltr'>estis</span> <span class='ocrx_word' id='word_1_161' title='bbox 800 1367 851 1419; x_wconf 83' lang='lat' dir='ltr'>par</span> <span class='ocrx_word' id='word_1_162' title='bbox 864 1353 955 1418; x_wconf 83' lang='lat' dir='ltr'>fidern,</span> <span class='ocrx_word' id='word_1_163' title='bbox 968 1356 992 1406; x_wconf 86' lang='lat' dir='ltr'>et</span> <span class='ocrx_word' id='word_1_164' title='bbox 1032 1347 1161 1403; x_wconf 87' lang='lat' dir='ltr'>turbasse</span> <span class='ocrx_word' id='word_1_165' title='bbox 1175 1347 1331 1413; x_wconf 74' lang='lat' dir='ltr'>sententia,</span> <span class='ocrx_word' id='word_1_166' title='bbox 1344 1352 1373 1401; x_wconf 89' lang='lat' dir='ltr'>et</span> <span class='ocrx_word' id='word_1_167' title='bbox 1382 1347 1553 1401; x_wconf 88' lang='lat' dir='ltr'>anteriorem</span> <span class='ocrx_word' id='word_1_168' title='bbox 1562 1345 1835 1418; x_wconf 86' lang='lat' dir='ltr'>propositionemre·</span> 
     </span>
     <span class='ocr_line' id='line_1_14' title="bbox 195 1433 1835 1509; baseline -0.004 -15"><span class='ocrx_word' id='word_1_169' title='bbox 195 1443 243 1494; x_wconf 84' lang='lat' dir='ltr'>boc</span> <span class='ocrx_word' id='word_1_170' title='bbox 258 1457 315 1494; x_wconf 86' lang='lat' dir='ltr'>aon</span> <span class='ocrx_word' id='word_1_171' title='bbox 332 1457 365 1494; x_wconf 77' lang='lat' dir='ltr'>aa</span> <span class='ocrx_word' id='word_1_172' title='bbox 387 1441 469 1503; x_wconf 80' lang='lat' dir='ltr'>robis,</span> <span class='ocrx_word' id='word_1_173' title='bbox 492 1441 541 1493; x_wconf 81' lang='lat' dir='ltr'>ua·</span> <span class='ocrx_word' id='word_1_174' title='bbox 557 1441 633 1493; x_wconf 83' lang='lat' dir='ltr'>caim</span> <span class='ocrx_word' id='word_1_175' title='bbox 660 1441 764 1493; x_wconf 83' lang='lat' dir='ltr'>don-am</span> <span class='ocrx_word' id='word_1_176' title='bbox 782 1444 819 1492; x_wconf 77' lang='lat' dir='ltr'>cst</span> <span class='ocrx_word' id='word_1_177' title='bbox 833 1440 936 1507; x_wconf 71' lang='lat' dir='ltr'>(Endos.</span> <span class='ocrx_word' id='word_1_178' title='bbox 953 1443 991 1505; x_wconf 87' lang='lat'>11).</span> <span class='ocrx_word' id='word_1_179' title='bbox 1033 1438 1149 1508; x_wconf 88' lang='lat' dir='ltr'>liquisse</span> <span class='ocrx_word' id='word_1_180' title='bbox 1163 1437 1341 1509; x_wconf 86' lang='lat' dir='ltr'>pendentem.</span> <span class='ocrx_word' id='word_1_181' title='bbox 1357 1437 1455 1506; x_wconf 86' lang='lat' dir='ltr'>Neque</span> <span class='ocrx_word' id='word_1_182' title='bbox 1462 1453 1527 1490; x_wconf 79' lang='lat' dir='ltr'>vero</span> <span class='ocrx_word' id='word_1_183' title='bbox 1537 1453 1623 1507; x_wconf 83' lang='lat' dir='ltr'>parva</span> <span class='ocrx_word' id='word_1_184' title='bbox 1632 1436 1694 1489; x_wconf 89' lang='lat' dir='ltr'>laus</span> <span class='ocrx_word' id='word_1_185' title='bbox 1702 1433 1835 1506; x_wconf 86' lang='lat' dir='ltr'>Ephesio-</span> 
     </span>
     <span class='ocr_line' id='line_1_15' title="bbox 195 1522 1835 1598; baseline -0.003 -16"><span class='ocrx_word' id='word_1_186' title='bbox 195 1529 262 1582; x_wconf 82' lang='lat' dir='ltr'>llaec</span> <span class='ocrx_word' id='word_1_187' title='bbox 280 1527 486 1598; x_wconf 89' lang='lat' dir='ltr'>quodammodo</span> <span class='ocrx_word' id='word_1_188' title='bbox 497 1544 558 1581; x_wconf 91' lang='lat' dir='ltr'>sors</span> <span class='ocrx_word' id='word_1_189' title='bbox 578 1528 686 1581; x_wconf 86' lang='lat' dir='ltr'>occulta</span> <span class='ocrx_word' id='word_1_190' title='bbox 697 1532 740 1581; x_wconf 88' lang='lat' dir='ltr'>est</span> <span class='ocrx_word' id='word_1_191' title='bbox 754 1527 882 1581; x_wconf 82' lang='lat' dir='ltr'>voluntas</span> <span class='ocrx_word' id='word_1_192' title='bbox 896 1526 947 1581; x_wconf 88' lang='lat' dir='ltr'>Dei</span> <span class='ocrx_word' id='word_1_193' title='bbox 962 1526 992 1580; x_wconf 91' lang='lat' dir='ltr'>in</span> <span class='ocrx_word' id='word_1_194' title='bbox 1033 1530 1166 1590; x_wconf 80' lang='lat' dir='ltr'>ramosi,</span> <span class='ocrx_word' id='word_1_195' title='bbox 1193 1542 1250 1579; x_wconf 91' lang='lat' dir='ltr'>non</span> <span class='ocrx_word' id='word_1_196' title='bbox 1265 1525 1496 1596; x_wconf 82' lang='lat' dir='ltr'>praedicationem</span> <span class='ocrx_word' id='word_1_197' title='bbox 1512 1531 1633 1585; x_wconf 81' lang='lat' dir='ltr'>tantum.</span> <span class='ocrx_word' id='word_1_198' title='bbox 1651 1523 1701 1578; x_wconf 90' lang='lat' dir='ltr'>sed</span> <span class='ocrx_word' id='word_1_199' title='bbox 1717 1522 1835 1577; x_wconf 74' lang='lat' dir='ltr'>verbum</span> 
     </span>
     <span class='ocr_line' id='line_1_16' title="bbox 196 1611 1836 1687; baseline -0.003 -16"><span class='ocrx_word' id='word_1_200' title='bbox 196 1618 320 1671; x_wconf 85' lang='lat' dir='ltr'>humano</span> <span class='ocrx_word' id='word_1_201' title='bbox 333 1634 446 1687; x_wconf 80' lang='lat' dir='ltr'>genere,</span> <span class='ocrx_word' id='word_1_202' title='bbox 463 1616 538 1686; x_wconf 89' lang='lat' dir='ltr'>apud</span> <span class='ocrx_word' id='word_1_203' title='bbox 552 1632 702 1686; x_wconf 91' lang='lat' dir='ltr'>quemnon</span> <span class='ocrx_word' id='word_1_204' title='bbox 716 1622 760 1670; x_wconf 86' lang='lat' dir='ltr'>est</span> <span class='ocrx_word' id='word_1_205' title='bbox 772 1616 920 1686; x_wconf 90' lang='lat' dir='ltr'>iniquitas;</span> <span class='ocrx_word' id='word_1_206' title='bbox 935 1632 990 1670; x_wconf 90' lang='lat' dir='ltr'>non</span> <span class='ocrx_word' id='word_1_207' title='bbox 1035 1615 1161 1669; x_wconf 78' lang='lat' dir='ltr'>veritatis</span> <span class='ocrx_word' id='word_1_208' title='bbox 1185 1614 1307 1669; x_wconf 86' lang='lat' dir='ltr'>audisse.</span> <span class='ocrx_word' id='word_1_209' title='bbox 1331 1613 1403 1677; x_wconf 89' lang='lat' dir='ltr'>Quid</span> <span class='ocrx_word' id='word_1_210' title='bbox 1426 1620 1470 1668; x_wconf 91' lang='lat' dir='ltr'>est</span> <span class='ocrx_word' id='word_1_211' title='bbox 1488 1612 1604 1668; x_wconf 86' lang='lat' dir='ltr'>verbum</span> <span class='ocrx_word' id='word_1_212' title='bbox 1626 1613 1765 1672; x_wconf 77' lang='lat' dir='ltr'>veritatis.</span> <span class='ocrx_word' id='word_1_213' title='bbox 1782 1611 1836 1666; x_wconf 88' lang='lat' dir='ltr'>nisi</span> 
     </span>
     <span class='ocr_line' id='line_1_17' title="bbox 198 1693 1836 1776; baseline -0.004 -16"><span class='ocrx_word' id='word_1_214' title='bbox 198 1707 272 1760; x_wconf 90' lang='lat' dir='ltr'>enim</span> <span class='ocrx_word' id='word_1_215' title='bbox 285 1707 332 1759; x_wconf 89' lang='lat' dir='ltr'>ille</span> <span class='ocrx_word' id='word_1_216' title='bbox 342 1722 476 1776; x_wconf 89' lang='lat' dir='ltr'>personas</span> <span class='ocrx_word' id='word_1_217' title='bbox 492 1704 600 1776; x_wconf 87' lang='lat' dir='ltr'>accipit,</span> <span class='ocrx_word' id='word_1_218' title='bbox 617 1705 665 1759; x_wconf 89' lang='lat' dir='ltr'>scd</span> <span class='ocrx_word' id='word_1_219' title='bbox 681 1705 790 1759; x_wconf 88' lang='lat' dir='ltr'>occulta</span> <span class='ocrx_word' id='word_1_220' title='bbox 803 1705 878 1758; x_wconf 90' lang='lat' dir='ltr'>illius</span> <span class='ocrx_word' id='word_1_221' title='bbox 885 1693 1124 1775; x_wconf 80' lang='lat' dir='ltr'>justitiaBFilius</span> <span class='ocrx_word' id='word_1_222' title='bbox 1139 1703 1200 1767; x_wconf 89' lang='lat' dir='ltr'>Dei,</span> <span class='ocrx_word' id='word_1_223' title='bbox 1218 1703 1266 1774; x_wconf 93' lang='lat' dir='ltr'>qui</span> <span class='ocrx_word' id='word_1_224' title='bbox 1282 1709 1325 1757; x_wconf 88' lang='lat' dir='ltr'>est</span> <span class='ocrx_word' id='word_1_225' title='bbox 1340 1702 1452 1768; x_wconf 72' lang='lat' dir='ltr'>veritas,</span> <span class='ocrx_word' id='word_1_226' title='bbox 1475 1702 1541 1773; x_wconf 88' lang='lat' dir='ltr'>quia</span> <span class='ocrx_word' id='word_1_227' title='bbox 1563 1703 1618 1757; x_wconf 89' lang='lat' dir='ltr'>ait:</span> <span class='ocrx_word' id='word_1_228' title='bbox 1637 1704 1693 1770; x_wconf 76' lang='lat' dir='ltr'>Epo</span> <span class='ocrx_word' id='word_1_229' title='bbox 1704 1719 1768 1756; x_wconf 75' lang='lat' dir='ltr'>sune</span> <span class='ocrx_word' id='word_1_230' title='bbox 1790 1705 1836 1755; x_wconf 79' lang='lat' dir='ltr'>oia</span> 
     </span>
     <span class='ocr_line' id='line_1_18' title="bbox 197 1791 1836 1862; baseline -0.002 -13"><span class='ocrx_word' id='word_1_231' title='bbox 197 1794 247 1849; x_wconf 91' lang='lat' dir='ltr'>tibi</span> <span class='ocrx_word' id='word_1_232' title='bbox 262 1811 323 1849; x_wconf 82' lang='lat' dir='ltr'>sors</span> <span class='ocrx_word' id='word_1_233' title='bbox 333 1800 384 1848; x_wconf 84' lang='lat' dir='ltr'>est.</span> <span class='ocrx_word' id='word_1_234' title='bbox 402 1794 499 1862; x_wconf 74' lang='lat' dir='ltr'>(Hier.)</span> <span class='ocrx_word' id='word_1_235' title='bbox 518 1792 641 1848; x_wconf 83' lang='lat' dir='ltr'>Verbum</span> <span class='ocrx_word' id='word_1_236' title='bbox 662 1794 833 1848; x_wconf 65' lang='lat' dir='ltr'>haereditatis</span> <span class='ocrx_word' id='word_1_237' title='bbox 858 1800 887 1848; x_wconf 91' lang='grc' dir='ltr'>θῖ</span> <span class='ocrx_word' id='word_1_238' title='bbox 900 1793 993 1861; x_wconf 86' lang='lat' dir='ltr'>sortis,</span> <span class='ocrx_word' id='word_1_239' title='bbox 1036 1799 1059 1847; x_wconf 85' lang='lat' dir='ltr'>ct</span> <span class='ocrx_word' id='word_1_240' title='bbox 1074 1795 1174 1847; x_wconf 82' lang='lat' dir='ltr'>veritas</span> <span class='ocrx_word' id='word_1_241' title='bbox 1185 1795 1276 1859; x_wconf 76' lang='lat' dir='ltr'>(loun.</span> <span class='ocrx_word' id='word_1_242' title='bbox 1288 1792 1331 1860; x_wconf 76' lang='lat' dir='ltr'>x)t</span> <span class='ocrx_word' id='word_1_243' title='bbox 1347 1791 1419 1855; x_wconf 86' lang='lat' dir='ltr'>Quid</span> <span class='ocrx_word' id='word_1_244' title='bbox 1433 1796 1476 1845; x_wconf 89' lang='lat' dir='ltr'>est</span> <span class='ocrx_word' id='word_1_245' title='bbox 1489 1791 1666 1845; x_wconf 87' lang='lat' dir='ltr'>audirehanc</span> <span class='ocrx_word' id='word_1_246' title='bbox 1677 1791 1836 1857; x_wconf 84' lang='lat' dir='ltr'>veritatem,</span> 
     </span>
     <span class='ocr_line' id='line_1_19' title="bbox 199 1879 1837 1955; baseline -0.002 -17"><span class='ocrx_word' id='word_1_247' title='bbox 199 1901 250 1955; x_wconf 89' lang='lat' dir='ltr'>per</span> <span class='ocrx_word' id='word_1_248' title='bbox 263 1883 369 1955; x_wconf 83' lang='lat' dir='ltr'>quasin</span> <span class='ocrx_word' id='word_1_249' title='bbox 381 1882 484 1937; x_wconf 88' lang='lat' dir='ltr'>Christi</span> <span class='ocrx_word' id='word_1_250' title='bbox 493 1888 601 1953; x_wconf 89' lang='lat' dir='ltr'>partem</span> <span class='ocrx_word' id='word_1_251' title='bbox 616 1883 753 1946; x_wconf 80' lang='lat' dir='ltr'>venimus,</span> <span class='ocrx_word' id='word_1_252' title='bbox 767 1883 891 1937; x_wconf 84' lang='lat' dir='ltr'>ostendit</span> <span class='ocrx_word' id='word_1_253' title='bbox 900 1899 952 1937; x_wconf 93' lang='lat' dir='ltr'>nos</span> <span class='ocrx_word' id='word_1_254' title='bbox 961 1883 996 1936; x_wconf 91' lang='lat' dir='ltr'>de</span> <span class='ocrx_word' id='word_1_255' title='bbox 1036 1881 1091 1935; x_wconf 92' lang='lat' dir='ltr'>nisi</span> <span class='ocrx_word' id='word_1_256' title='bbox 1100 1881 1131 1935; x_wconf 92' lang='lat' dir='ltr'>in</span> <span class='ocrx_word' id='word_1_257' title='bbox 1152 1881 1296 1936; x_wconf 85' lang='lat' dir='ltr'>Christum</span> <span class='ocrx_word' id='word_1_258' title='bbox 1311 1881 1462 1935; x_wconf 88' lang='lat' dir='ltr'>credidisse</span> <span class='ocrx_word' id='word_1_259' title='bbox 1476 1887 1505 1935; x_wconf 89' lang='lat' dir='ltr'>et</span> <span class='ocrx_word' id='word_1_260' title='bbox 1523 1879 1651 1935; x_wconf 85' lang='lat' dir='ltr'>obedisse</span> <span class='ocrx_word' id='word_1_261' title='bbox 1666 1881 1703 1946; x_wconf 84' lang='lat' dir='ltr'>ei,</span> <span class='ocrx_word' id='word_1_262' title='bbox 1720 1881 1795 1935; x_wconf 87' lang='lat' dir='ltr'>sicut</span> <span class='ocrx_word' id='word_1_263' title='bbox 1807 1881 1837 1934; x_wconf 88' lang='lat' dir='ltr'>in</span> 
     </span>
     <span class='ocr_line' id='line_1_20' title="bbox 199 1970 1837 2045; baseline -0.004 -18"><span class='ocrx_word' id='word_1_264' title='bbox 199 1973 256 2028; x_wconf 87' lang='lat' dir='ltr'>alia</span> <span class='ocrx_word' id='word_1_265' title='bbox 264 1978 402 2045; x_wconf 88' lang='lat' dir='ltr'>potestate</span> <span class='ocrx_word' id='word_1_266' title='bbox 417 1972 451 2026; x_wconf 88' lang='lat' dir='ltr'>ad</span> <span class='ocrx_word' id='word_1_267' title='bbox 466 1970 549 2025; x_wconf 89' lang='lat' dir='ltr'>aliam</span> <span class='ocrx_word' id='word_1_268' title='bbox 559 1972 785 2041; x_wconf 81' lang='lat' dir='ltr'>transmigrasse,</span> <span class='ocrx_word' id='word_1_269' title='bbox 795 1972 882 2039; x_wconf 87' lang='lat' dir='ltr'>idest,</span> <span class='ocrx_word' id='word_1_270' title='bbox 898 1972 933 2025; x_wconf 91' lang='lat' dir='ltr'>de</span> <span class='ocrx_word' id='word_1_271' title='bbox 949 1988 997 2026; x_wconf 92' lang='lat' dir='ltr'>an·</span> <span class='ocrx_word' id='word_1_272' title='bbox 1038 1970 1188 2040; x_wconf 89' lang='lat' dir='ltr'>Evangelio</span> <span class='ocrx_word' id='word_1_273' title='bbox 1195 1971 1298 2025; x_wconf 89' lang='lat' dir='ltr'>dieitur</span> <span class='ocrx_word' id='word_1_274' title='bbox 1310 1986 1318 2021; x_wconf 90' lang='lat'><em>:</em></span> <span class='ocrx_word' id='word_1_275' title='bbox 1328 1971 1425 2037; x_wconf 77' lang='lat' dir='ltr'>Amen,</span> <span class='ocrx_word' id='word_1_276' title='bbox 1437 1971 1586 2022; x_wconf 74' lang='lat' dir='ltr'>arnandico</span> <span class='ocrx_word' id='word_1_277' title='bbox 1595 1971 1679 2033; x_wconf 81' lang='lat' dir='ltr'>cobis,</span> <span class='ocrx_word' id='word_1_278' title='bbox 1689 1970 1837 2038; x_wconf 80' lang='lat' dir='ltr'>quiarenit</span> 
     </span>
     <span class='ocr_line' id='line_1_21' title="bbox 198 2059 1836 2133; baseline -0.004 -17"><span class='ocrx_word' id='word_1_279' title='bbox 198 2062 327 2133; x_wconf 90' lang='lat' dir='ltr'>gelorum</span> <span class='ocrx_word' id='word_1_280' title='bbox 342 2065 481 2133; x_wconf 87' lang='lat' dir='ltr'>potestate</span> <span class='ocrx_word' id='word_1_281' title='bbox 493 2060 632 2115; x_wconf 92' lang='lat' dir='ltr'>malorum</span> <span class='ocrx_word' id='word_1_282' title='bbox 646 2061 816 2115; x_wconf 85' lang='lat' dir='ltr'>translatiin</span> <span class='ocrx_word' id='word_1_283' title='bbox 829 2066 997 2132; x_wconf 81' lang='lat' dir='ltr'>potestatem</span> <span class='ocrx_word' id='word_1_284' title='bbox 1038 2060 1117 2127; x_wconf 75' lang='lat' dir='ltr'>liora,</span> <span class='ocrx_word' id='word_1_285' title='bbox 1134 2062 1245 2128; x_wconf 80' lang='lat' dir='ltr'>quaudo</span> <span class='ocrx_word' id='word_1_286' title='bbox 1258 2062 1367 2113; x_wconf 80' lang='lat' dir='ltr'>mortui</span> <span class='ocrx_word' id='word_1_287' title='bbox 1381 2060 1497 2112; x_wconf 81' lang='lat' dir='ltr'>audient</span> <span class='ocrx_word' id='word_1_288' title='bbox 1514 2074 1603 2112; x_wconf 81' lang='lat' dir='ltr'>coeam</span> <span class='ocrx_word' id='word_1_289' title='bbox 1618 2059 1686 2112; x_wconf 80' lang='lat' dir='ltr'>Filii</span> <span class='ocrx_word' id='word_1_290' title='bbox 1691 2059 1741 2111; x_wconf 81' lang='lat' dir='ltr'>uei</span> <span class='ocrx_word' id='word_1_291' title='bbox 1748 2060 1836 2127; x_wconf 76' lang='lat' dir='ltr'>(loca.</span> 
     </span>
     <span class='ocr_line' id='line_1_22' title="bbox 200 2146 1840 2221; baseline -0.002 -16"><span class='ocrx_word' id='word_1_292' title='bbox 200 2150 261 2216; x_wconf 84' lang='lat' dir='ltr'>Dei,</span> <span class='ocrx_word' id='word_1_293' title='bbox 282 2149 415 2221; x_wconf 88' lang='lat' dir='ltr'>quoniam</span> <span class='ocrx_word' id='word_1_294' title='bbox 429 2167 486 2217; x_wconf 90' lang='lat' dir='ltr'>cos,</span> <span class='ocrx_word' id='word_1_295' title='bbox 500 2149 624 2220; x_wconf 88' lang='lat' dir='ltr'>quiante</span> <span class='ocrx_word' id='word_1_296' title='bbox 638 2150 740 2220; x_wconf 81' lang='lat' dir='ltr'>captivi</span> <span class='ocrx_word' id='word_1_297' title='bbox 754 2149 866 2204; x_wconf 87' lang='lat' dir='ltr'>fuerant</span> <span class='ocrx_word' id='word_1_298' title='bbox 887 2149 917 2203; x_wconf 90' lang='lat' dir='ltr'>in</span> <span class='ocrx_word' id='word_1_299' title='bbox 932 2165 997 2221; x_wconf 92' lang='lat' dir='ltr'>per·</span> <span class='ocrx_word' id='word_1_300' title='bbox 1038 2148 1164 2218; x_wconf 68' lang='lat' dir='ltr'>pluuia</span> <span class='ocrx_word' id='word_1_301' title='bbox 1179 2154 1223 2202; x_wconf 87' lang='lat' dir='ltr'>est</span> <span class='ocrx_word' id='word_1_302' title='bbox 1232 2154 1359 2202; x_wconf 87' lang='lat' dir='ltr'>mortuos</span> <span class='ocrx_word' id='word_1_303' title='bbox 1368 2146 1475 2212; x_wconf 90' lang='lat' dir='ltr'>audire,</span> <span class='ocrx_word' id='word_1_304' title='bbox 1486 2147 1540 2201; x_wconf 91' lang='lat' dir='ltr'>nisi</span> <span class='ocrx_word' id='word_1_305' title='bbox 1547 2152 1709 2217; x_wconf 87' lang='lat' dir='ltr'>peccatores</span> <span class='ocrx_word' id='word_1_306' title='bbox 1724 2146 1840 2201; x_wconf 87' lang='lat' dir='ltr'>credere</span> 
     </span>
     <span class='ocr_line' id='line_1_23' title="bbox 200 2235 1839 2310; baseline -0.001 -18"><span class='ocrx_word' id='word_1_307' title='bbox 200 2239 345 2306; x_wconf 85' lang='lat' dir='ltr'>ditionem,</span> <span class='ocrx_word' id='word_1_308' title='bbox 363 2239 491 2293; x_wconf 89' lang='lat' dir='ltr'>Christus</span> <span class='ocrx_word' id='word_1_309' title='bbox 504 2239 579 2310; x_wconf 91' lang='lat' dir='ltr'>cepit</span> <span class='ocrx_word' id='word_1_310' title='bbox 600 2239 634 2293; x_wconf 90' lang='lat' dir='ltr'>ad</span> <span class='ocrx_word' id='word_1_311' title='bbox 649 2239 744 2304; x_wconf 90' lang='lat' dir='ltr'>vitam,</span> <span class='ocrx_word' id='word_1_312' title='bbox 761 2244 793 2292; x_wconf 95' lang='lat' dir='ltr'>ut</span> <span class='ocrx_word' id='word_1_313' title='bbox 807 2239 954 2292; x_wconf 87' lang='lat' dir='ltr'>reduceret</span> <span class='ocrx_word' id='word_1_314' title='bbox 968 2238 997 2292; x_wconf 92' lang='lat' dir='ltr'>in</span> <span class='ocrx_word' id='word_1_315' title='bbox 1039 2235 1067 2291; x_wconf 92' lang='lat' dir='ltr'>in</span> <span class='ocrx_word' id='word_1_316' title='bbox 1076 2237 1179 2290; x_wconf 86' lang='lat' dir='ltr'>Filium</span> <span class='ocrx_word' id='word_1_317' title='bbox 1188 2236 1239 2290; x_wconf 88' lang='lat' dir='ltr'>Dei</span> <span class='ocrx_word' id='word_1_318' title='bbox 1252 2243 1281 2291; x_wconf 90' lang='lat' dir='ltr'>et</span> <span class='ocrx_word' id='word_1_319' title='bbox 1293 2236 1352 2290; x_wconf 82' lang='lat' dir='ltr'>uoci</span> <span class='ocrx_word' id='word_1_320' title='bbox 1367 2237 1437 2306; x_wconf 90' lang='lat' dir='ltr'>ejus,</span> <span class='ocrx_word' id='word_1_321' title='bbox 1455 2236 1508 2291; x_wconf 93' lang='lat' dir='ltr'>hoc</span> <span class='ocrx_word' id='word_1_322' title='bbox 1532 2241 1584 2303; x_wconf 83' lang='lat' dir='ltr'>est,</span> <span class='ocrx_word' id='word_1_323' title='bbox 1600 2236 1749 2307; x_wconf 86' lang='lat' dir='ltr'>praeceptis</span> <span class='ocrx_word' id='word_1_324' title='bbox 1764 2235 1839 2291; x_wconf 85' lang='lat' dir='ltr'>illius</span> 
     </span>
     <span class='ocr_line' id='line_1_24' title="bbox 200 2325 1838 2399; baseline -0.001 -17"><span class='ocrx_word' id='word_1_325' title='bbox 200 2328 350 2383; x_wconf 84' lang='lat' dir='ltr'>excelsum.</span> <span class='ocrx_word' id='word_1_326' title='bbox 364 2328 525 2398; x_wconf 80' lang='lat' dir='ltr'>thuodarn</span> <span class='ocrx_word' id='word_1_327' title='bbox 535 2329 618 2382; x_wconf 91' lang='lat' dir='ltr'>modo</span> <span class='ocrx_word' id='word_1_328' title='bbox 629 2334 762 2399; x_wconf 83' lang='lat' dir='ltr'>estcapta</span> <span class='ocrx_word' id='word_1_329' title='bbox 768 2327 998 2399; x_wconf 71' lang='lat' dir='ltr'>captivitasdum</span> <span class='ocrx_word' id='word_1_330' title='bbox 1039 2325 1162 2390; x_wconf 87' lang='lat' dir='ltr'>obedire,</span> <span class='ocrx_word' id='word_1_331' title='bbox 1170 2325 1200 2380; x_wconf 90' lang='lat' dir='ltr'>in</span> <span class='ocrx_word' id='word_1_332' title='bbox 1206 2341 1344 2396; x_wconf 87' lang='lat' dir='ltr'>quonunc</span> <span class='ocrx_word' id='word_1_333' title='bbox 1350 2325 1567 2395; x_wconf 84' lang='lat' dir='ltr'>cognoscemini,</span> <span class='ocrx_word' id='word_1_334' title='bbox 1577 2342 1626 2380; x_wconf 85' lang='lat' dir='ltr'>vos</span> <span class='ocrx_word' id='word_1_335' title='bbox 1636 2330 1838 2397; x_wconf 85' lang='lat' dir='ltr'>gentes‚unum</span> 
     </span>
     <span class='ocr_line' id='line_1_25' title="bbox 200 2413 1837 2488; baseline -0.002 -16"><span class='ocrx_word' id='word_1_336' title='bbox 200 2435 251 2488; x_wconf 92' lang='lat' dir='ltr'>per</span> <span class='ocrx_word' id='word_1_337' title='bbox 272 2417 424 2472; x_wconf 90' lang='lat' dir='ltr'>secundam</span> <span class='ocrx_word' id='word_1_338' title='bbox 443 2417 644 2488; x_wconf 79' lang='lat' dir='ltr'>captivitatem.</span> <span class='ocrx_word' id='word_1_339' title='bbox 665 2417 713 2488; x_wconf 90' lang='lat' dir='ltr'>qni</span> <span class='ocrx_word' id='word_1_340' title='bbox 731 2417 809 2488; x_wconf 89' lang='lat' dir='ltr'>prius</span> <span class='ocrx_word' id='word_1_341' title='bbox 821 2416 921 2487; x_wconf 80' lang='lat' dir='ltr'>captivi</span> <span class='ocrx_word' id='word_1_342' title='bbox 936 2415 997 2471; x_wconf 80' lang='lat' dir='ltr'>fue·</span> <span class='ocrx_word' id='word_1_343' title='bbox 1040 2431 1101 2468; x_wconf 90' lang='lat' dir='ltr'>esse</span> <span class='ocrx_word' id='word_1_344' title='bbox 1124 2413 1280 2478; x_wconf 87' lang='lat' dir='ltr'>nobiscum,</span> <span class='ocrx_word' id='word_1_345' title='bbox 1298 2414 1364 2484; x_wconf 89' lang='lat' dir='ltr'>quia</span> <span class='ocrx_word' id='word_1_346' title='bbox 1389 2414 1519 2468; x_wconf 91' lang='lat' dir='ltr'>eumdem</span> <span class='ocrx_word' id='word_1_347' title='bbox 1535 2414 1666 2484; x_wconf 90' lang='lat' dir='ltr'>spiritum</span> <span class='ocrx_word' id='word_1_348' title='bbox 1679 2414 1837 2485; x_wconf 82' lang='lat' dir='ltr'>accepistis,</span> 
     </span>
     <span class='ocr_line' id='line_1_26' title="bbox 198 2502 1836 2577; baseline -0.002 -18"><span class='ocrx_word' id='word_1_349' title='bbox 198 2512 271 2571; x_wconf 88' lang='lat' dir='ltr'>rant,</span> <span class='ocrx_word' id='word_1_350' title='bbox 282 2506 449 2560; x_wconf 87' lang='lat' dir='ltr'>liberantur.</span> <span class='ocrx_word' id='word_1_351' title='bbox 462 2505 796 2577; x_wconf 81' lang='lat' dir='ltr'>Considerandum,quod</span> <span class='ocrx_word' id='word_1_352' title='bbox 807 2505 851 2558; x_wconf 90' lang='lat' dir='ltr'>hic</span> <span class='ocrx_word' id='word_1_353' title='bbox 871 2520 997 2574; x_wconf 79' lang='grc' dir='ltr'>προορισ·</span> <span class='ocrx_word' id='word_1_354' title='bbox 1038 2503 1119 2572; x_wconf 90' lang='lat' dir='ltr'>cujus</span> <span class='ocrx_word' id='word_1_355' title='bbox 1133 2503 1208 2556; x_wconf 90' lang='lat' dir='ltr'>dona</span> <span class='ocrx_word' id='word_1_356' title='bbox 1220 2503 1305 2556; x_wconf 88' lang='lat' dir='ltr'>arrha</span> <span class='ocrx_word' id='word_1_357' title='bbox 1315 2502 1563 2557; x_wconf 84' lang='lat' dir='ltr'>sunthaereditatis</span> <span class='ocrx_word' id='word_1_358' title='bbox 1572 2502 1683 2557; x_wconf 69' lang='lat' dir='ltr'>futurae.</span> <span class='ocrx_word' id='word_1_359' title='bbox 1705 2503 1736 2557; x_wconf 93' lang='lat' dir='ltr'>Si</span> <span class='ocrx_word' id='word_1_360' title='bbox 1752 2502 1836 2564; x_wconf 85' lang='lat' dir='ltr'>enim,</span> 
     </span>
     <span class='ocr_line' id='line_1_27' title="bbox 198 2588 1839 2666; baseline -0.004 -14"><span class='ocrx_word' id='word_1_361' title='bbox 198 2588 245 2664; x_wconf 72' lang='grc' dir='ltr'>μὸε</span> <span class='ocrx_word' id='word_1_362' title='bbox 261 2601 290 2648; x_wconf 89' lang='lat' dir='ltr'>et</span> <span class='ocrx_word' id='word_1_363' title='bbox 303 2590 437 2666; x_wconf 78' lang='grc' dir='ltr'>πρόθεσις,</span> <span class='ocrx_word' id='word_1_364' title='bbox 455 2595 482 2648; x_wconf 93' lang='lat' dir='ltr'>id</span> <span class='ocrx_word' id='word_1_365' title='bbox 492 2601 544 2655; x_wconf 84' lang='lat' dir='ltr'>est,</span> <span class='ocrx_word' id='word_1_366' title='bbox 556 2594 765 2666; x_wconf 72' lang='lat' dir='ltr'>predestinatio</span> <span class='ocrx_word' id='word_1_367' title='bbox 775 2593 995 2664; x_wconf 86' lang='lat' dir='ltr'>etpropositum,</span> <span class='ocrx_word' id='word_1_368' title='bbox 1039 2592 1124 2645; x_wconf 86' lang='lat' dir='ltr'>arrha</span> <span class='ocrx_word' id='word_1_369' title='bbox 1137 2597 1217 2645; x_wconf 88' lang='lat' dir='ltr'>tanta</span> <span class='ocrx_word' id='word_1_370' title='bbox 1227 2598 1278 2657; x_wconf 90' lang='lat' dir='ltr'>est,</span> <span class='ocrx_word' id='word_1_371' title='bbox 1300 2597 1405 2662; x_wconf 88' lang='lat' dir='ltr'>quanta</span> <span class='ocrx_word' id='word_1_372' title='bbox 1415 2591 1469 2645; x_wconf 88' lang='lat' dir='ltr'>en&#39;t</span> <span class='ocrx_word' id='word_1_373' title='bbox 1479 2592 1628 2646; x_wconf 76' lang='lat' dir='ltr'>hareditas</span> <span class='ocrx_word' id='word_1_374' title='bbox 1644 2592 1839 2663; x_wconf 87' lang='lat' dir='ltr'>promissionis</span> 
     </span>
     <span class='ocr_line' id='line_1_28' title="bbox 199 2680 1839 2754; baseline -0.001 -18"><span class='ocrx_word' id='word_1_375' title='bbox 199 2683 283 2737; x_wconf 83' lang='lat' dir='ltr'>siniul</span> <span class='ocrx_word' id='word_1_376' title='bbox 298 2682 389 2754; x_wconf 83' lang='lat' dir='ltr'>posita</span> <span class='ocrx_word' id='word_1_377' title='bbox 402 2682 468 2749; x_wconf 87' lang='lat' dir='ltr'>sint,</span> <span class='ocrx_word' id='word_1_378' title='bbox 477 2684 559 2753; x_wconf 86' lang='lat' dir='ltr'>juxta</span> <span class='ocrx_word' id='word_1_379' title='bbox 579 2699 640 2753; x_wconf 72' lang='lat' dir='ltr'>quse</span> <span class='ocrx_word' id='word_1_380' title='bbox 654 2688 788 2754; x_wconf 86' lang='lat' dir='ltr'>operatur</span> <span class='ocrx_word' id='word_1_381' title='bbox 801 2682 896 2736; x_wconf 90' lang='lat' dir='ltr'>omnia</span> <span class='ocrx_word' id='word_1_382' title='bbox 911 2683 995 2747; x_wconf 90' lang='lat' dir='ltr'>Deus,</span> <span class='ocrx_word' id='word_1_383' title='bbox 1038 2680 1168 2735; x_wconf 82' lang='lat' dir='ltr'>aeternae?</span> <span class='ocrx_word' id='word_1_384' title='bbox 1184 2681 1318 2751; x_wconf 86' lang='lat' dir='ltr'>Signatur</span> <span class='ocrx_word' id='word_1_385' title='bbox 1342 2686 1447 2745; x_wconf 88' lang='lat' dir='ltr'>autem,</span> <span class='ocrx_word' id='word_1_386' title='bbox 1460 2681 1484 2733; x_wconf 87' lang='lat' dir='ltr'>si</span> <span class='ocrx_word' id='word_1_387' title='bbox 1497 2681 1560 2751; x_wconf 89' lang='lat' dir='ltr'>quis</span> <span class='ocrx_word' id='word_1_388' title='bbox 1575 2681 1698 2735; x_wconf 88' lang='lat' dir='ltr'>audierit</span> <span class='ocrx_word' id='word_1_389' title='bbox 1721 2680 1839 2735; x_wconf 77' lang='lat' dir='ltr'>verbum</span> 
     </span>
     <span class='ocr_line' id='line_1_29' title="bbox 199 2768 1841 2842; baseline 0 -17"><span class='ocrx_word' id='word_1_390' title='bbox 199 2772 354 2826; x_wconf 88' lang='lat' dir='ltr'>seeundum</span> <span class='ocrx_word' id='word_1_391' title='bbox 368 2770 679 2825; x_wconf 83' lang='lat' dir='ltr'>consiliumvoluntatis</span> <span class='ocrx_word' id='word_1_392' title='bbox 694 2788 750 2825; x_wconf 76' lang='lat' dir='ltr'>suae</span> <span class='ocrx_word' id='word_1_393' title='bbox 767 2790 772 2823; x_wconf 95' lang='lat'>:</span> <span class='ocrx_word' id='word_1_394' title='bbox 789 2770 925 2842; x_wconf 90' lang='lat' dir='ltr'>nonquod</span> <span class='ocrx_word' id='word_1_395' title='bbox 940 2788 997 2824; x_wconf 91' lang='lat' dir='ltr'>om·</span> <span class='ocrx_word' id='word_1_396' title='bbox 1038 2768 1165 2823; x_wconf 77' lang='lat' dir='ltr'>veritatis</span> <span class='ocrx_word' id='word_1_397' title='bbox 1180 2775 1209 2824; x_wconf 87' lang='lat' dir='ltr'>et</span> <span class='ocrx_word' id='word_1_398' title='bbox 1233 2769 1383 2823; x_wconf 87' lang='lat' dir='ltr'>crediderit</span> <span class='ocrx_word' id='word_1_399' title='bbox 1398 2770 1428 2823; x_wconf 90' lang='lat' dir='ltr'>in</span> <span class='ocrx_word' id='word_1_400' title='bbox 1443 2785 1475 2824; x_wconf 94' lang='lat' dir='ltr'>eo</span> <span class='ocrx_word' id='word_1_401' title='bbox 1498 2769 1598 2840; x_wconf 83' lang='lat' dir='ltr'>spiritu</span> <span class='ocrx_word' id='word_1_402' title='bbox 1612 2769 1841 2841; x_wconf 87' lang='lat' dir='ltr'>repromissionis</span> 
     </span>
     <span class='ocr_line' id='line_1_30' title="bbox 200 2857 1840 2930; baseline -0.001 -17"><span class='ocrx_word' id='word_1_403' title='bbox 200 2859 257 2914; x_wconf 89' lang='lat' dir='ltr'>nia.</span> <span class='ocrx_word' id='word_1_404' title='bbox 275 2877 336 2930; x_wconf 81' lang='lat' dir='ltr'>quae</span> <span class='ocrx_word' id='word_1_405' title='bbox 359 2859 388 2913; x_wconf 93' lang='lat' dir='ltr'>in</span> <span class='ocrx_word' id='word_1_406' title='bbox 398 2859 595 2924; x_wconf 73' lang='lat' dir='ltr'>mundabunt,</span> <span class='ocrx_word' id='word_1_407' title='bbox 607 2860 657 2913; x_wconf 84' lang='lat' dir='ltr'>Ilei</span> <span class='ocrx_word' id='word_1_408' title='bbox 679 2860 822 2914; x_wconf 73' lang='lat' dir='ltr'>voluntate</span> <span class='ocrx_word' id='word_1_409' title='bbox 837 2865 866 2912; x_wconf 91' lang='lat' dir='ltr'>et</span> <span class='ocrx_word' id='word_1_410' title='bbox 882 2859 997 2913; x_wconf 83' lang='lat' dir='ltr'>consilio</span> <span class='ocrx_word' id='word_1_411' title='bbox 1039 2863 1135 2912; x_wconf 85' lang='lat' dir='ltr'>saneto</span> <span class='ocrx_word' id='word_1_412' title='bbox 1152 2876 1158 2924; x_wconf 74' lang='grc' dir='ltr'><strong>ς</strong></span> <span class='ocrx_word' id='word_1_413' title='bbox 1176 2858 1243 2928; x_wconf 89' lang='lat' dir='ltr'>quia</span> <span class='ocrx_word' id='word_1_414' title='bbox 1255 2858 1414 2913; x_wconf 90' lang='lat' dir='ltr'>multisunt</span> <span class='ocrx_word' id='word_1_415' title='bbox 1428 2858 1475 2929; x_wconf 94' lang='lat' dir='ltr'>qui</span> <span class='ocrx_word' id='word_1_416' title='bbox 1487 2859 1647 2924; x_wconf 90' lang='lat' dir='ltr'>audierunt,</span> <span class='ocrx_word' id='word_1_417' title='bbox 1660 2857 1840 2913; x_wconf 88' lang='lat' dir='ltr'>etincreduli</span> 
     </span>
     <span class='ocr_line' id='line_1_31' title="bbox 202 2946 1840 3019; baseline -0.001 -18"><span class='ocrx_word' id='word_1_418' title='bbox 202 2953 385 3019; x_wconf 86' lang='lat' dir='ltr'>peragantur,</span> <span class='ocrx_word' id='word_1_419' title='bbox 394 2946 555 3018; x_wconf 90' lang='lat' dir='ltr'>alioquinet</span> <span class='ocrx_word' id='word_1_420' title='bbox 565 2948 704 3001; x_wconf 84' lang='lat' dir='ltr'>malalleo</span> <span class='ocrx_word' id='word_1_421' title='bbox 712 2947 995 3019; x_wconf 86' lang='lat' dir='ltr'>poteruntimputari,</span> <span class='ocrx_word' id='word_1_422' title='bbox 1039 2952 1246 3017; x_wconf 81' lang='lat' dir='ltr'>permanentes,</span> <span class='ocrx_word' id='word_1_423' title='bbox 1267 2963 1447 3017; x_wconf 87' lang='lat' dir='ltr'>nequaquam</span> <span class='ocrx_word' id='word_1_424' title='bbox 1471 2947 1648 3017; x_wconf 81' lang='lat' dir='ltr'>signaculum</span> <span class='ocrx_word' id='word_1_425' title='bbox 1675 2947 1768 3002; x_wconf 85' lang='lat' dir='ltr'>sancti</span> <span class='ocrx_word' id='word_1_426' title='bbox 1780 2946 1840 3019; x_wconf 86' lang='lat' dir='ltr'>Spi-</span> 
     </span>
     <span class='ocr_line' id='line_1_32' title="bbox 197 3009 1838 3108; baseline -0.001 -19"><span class='ocrx_word' id='word_1_427' title='bbox 197 3036 246 3090; x_wconf 89' lang='lat' dir='ltr'>sed</span> <span class='ocrx_word' id='word_1_428' title='bbox 261 3037 336 3108; x_wconf 91' lang='lat' dir='ltr'>quod</span> <span class='ocrx_word' id='word_1_429' title='bbox 350 3036 490 3101; x_wconf 79' lang='lat' dir='ltr'>universa,</span> <span class='ocrx_word' id='word_1_430' title='bbox 508 3053 569 3108; x_wconf 71' lang='lat' dir='ltr'>quar</span> <span class='ocrx_word' id='word_1_431' title='bbox 584 3036 659 3100; x_wconf 87' lang='lat' dir='ltr'>lacit,</span> <span class='ocrx_word' id='word_1_432' title='bbox 677 3036 793 3091; x_wconf 82' lang='lat' dir='ltr'>consilio</span> <span class='ocrx_word' id='word_1_433' title='bbox 812 3036 897 3090; x_wconf 88' lang='lat' dir='ltr'>saciat</span> <span class='ocrx_word' id='word_1_434' title='bbox 911 3042 941 3090; x_wconf 91' lang='lat' dir='ltr'>et</span> <span class='ocrx_word' id='word_1_435' title='bbox 950 3009 1027 3090; x_wconf 70' lang='lat' dir='ltr'>voc</span> <span class='ocrx_word' id='word_1_436' title='bbox 1039 3035 1111 3089; x_wconf 84' lang='lat' dir='ltr'>ritus</span> <span class='ocrx_word' id='word_1_437' title='bbox 1125 3035 1267 3090; x_wconf 87' lang='lat' dir='ltr'>consecuti</span> <span class='ocrx_word' id='word_1_438' title='bbox 1282 3042 1356 3090; x_wconf 89' lang='lat' dir='ltr'>sunt.</span> <span class='ocrx_word' id='word_1_439' title='bbox 1374 3036 1483 3090; x_wconf 88' lang='lat' dir='ltr'>Dicitur</span> <span class='ocrx_word' id='word_1_440' title='bbox 1490 3036 1560 3091; x_wconf 87' lang='lat' dir='ltr'>etad</span> <span class='ocrx_word' id='word_1_441' title='bbox 1573 3036 1730 3108; x_wconf 89' lang='lat' dir='ltr'>principem</span> <span class='ocrx_word' id='word_1_442' title='bbox 1745 3035 1813 3108; x_wconf 80' lang='lat' dir='ltr'>Tyri</span> <span class='ocrx_word' id='word_1_443' title='bbox 1829 3051 1838 3087; x_wconf 88' lang='grc'>.·</span> 
     </span>
     <span class='ocr_line' id='line_1_33' title="bbox 199 3125 1838 3196; baseline 0.002 -19"><span class='ocrx_word' id='word_1_444' title='bbox 199 3125 318 3191; x_wconf 88' lang='lat' dir='ltr'>luntate,</span> <span class='ocrx_word' id='word_1_445' title='bbox 338 3125 411 3196; x_wconf 92' lang='lat' dir='ltr'>quod</span> <span class='ocrx_word' id='word_1_446' title='bbox 427 3125 535 3179; x_wconf 87' lang='lat' dir='ltr'>seilicet</span> <span class='ocrx_word' id='word_1_447' title='bbox 554 3130 583 3180; x_wconf 90' lang='lat' dir='ltr'>et</span> <span class='ocrx_word' id='word_1_448' title='bbox 609 3125 718 3180; x_wconf 89' lang='lat' dir='ltr'>ratione</span> <span class='ocrx_word' id='word_1_449' title='bbox 736 3126 820 3196; x_wconf 87' lang='lat' dir='ltr'>plena</span> <span class='ocrx_word' id='word_1_450' title='bbox 833 3125 890 3179; x_wconf 89' lang='lat' dir='ltr'>sint</span> <span class='ocrx_word' id='word_1_451' title='bbox 905 3130 934 3179; x_wconf 89' lang='lat' dir='ltr'>et</span> <span class='ocrx_word' id='word_1_452' title='bbox 947 3142 997 3196; x_wconf 92' lang='lat' dir='ltr'>po·</span> <span class='ocrx_word' id='word_1_453' title='bbox 1042 3126 1080 3178; x_wconf 85' lang='lat' dir='ltr'>Tu</span> <span class='ocrx_word' id='word_1_454' title='bbox 1096 3141 1121 3177; x_wconf 84' lang='lat' dir='ltr'>es</span> <span class='ocrx_word' id='word_1_455' title='bbox 1135 3127 1312 3192; x_wconf 67' lang='lat' dir='ltr'>samaram</span> <span class='ocrx_word' id='word_1_456' title='bbox 1323 3127 1522 3180; x_wconf 75' lang='lat' dir='ltr'>similitudinis</span> <span class='ocrx_word' id='word_1_457' title='bbox 1536 3127 1586 3179; x_wconf 68' lang='lat' dir='ltr'>uei·</span> <span class='ocrx_word' id='word_1_458' title='bbox 1599 3126 1709 3196; x_wconf 71' lang='lat' dir='ltr'>(Erech.</span> <span class='ocrx_word' id='word_1_459' title='bbox 1732 3127 1838 3194; x_wconf 77' lang='lat' dir='ltr'>xitum),</span> 
     </span>
     <span class='ocr_line' id='line_1_34' title="bbox 199 3212 1838 3286; baseline 0.001 -18"><span class='ocrx_word' id='word_1_460' title='bbox 199 3218 312 3268; x_wconf 84' lang='lat' dir='ltr'>testate.</span> <span class='ocrx_word' id='word_1_461' title='bbox 329 3213 397 3268; x_wconf 80' lang='lat' dir='ltr'>Vult</span> <span class='ocrx_word' id='word_1_462' title='bbox 407 3212 502 3283; x_wconf 88' lang='lat' dir='ltr'>itaque</span> <span class='ocrx_word' id='word_1_463' title='bbox 521 3230 693 3285; x_wconf 75' lang='lat' dir='ltr'>quacunque</span> <span class='ocrx_word' id='word_1_464' title='bbox 708 3214 817 3267; x_wconf 88' lang='lat' dir='ltr'>ratione</span> <span class='ocrx_word' id='word_1_465' title='bbox 830 3214 913 3284; x_wconf 90' lang='lat' dir='ltr'>plena</span> <span class='ocrx_word' id='word_1_466' title='bbox 931 3219 999 3267; x_wconf 91' lang='lat' dir='ltr'>sunt</span> <span class='ocrx_word' id='word_1_467' title='bbox 1039 3212 1215 3283; x_wconf 88' lang='lat' dir='ltr'>signaculum</span> <span class='ocrx_word' id='word_1_468' title='bbox 1225 3213 1378 3268; x_wconf 89' lang='lat' dir='ltr'>autemDei</span> <span class='ocrx_word' id='word_1_469' title='bbox 1389 3214 1628 3284; x_wconf 88' lang='lat' dir='ltr'>est,utquomod0</span> <span class='ocrx_word' id='word_1_470' title='bbox 1639 3214 1838 3286; x_wconf 89' lang='lat' dir='ltr'>primushomo</span> 
     </span>
     <span class='ocr_line' id='line_1_35' title="bbox 200 3302 1839 3377; baseline 0.001 -22"><span class='ocrx_word' id='word_1_471' title='bbox 200 3308 285 3373; x_wconf 88' lang='lat' dir='ltr'>atque</span> <span class='ocrx_word' id='word_1_472' title='bbox 304 3302 432 3369; x_wconf 90' lang='lat' dir='ltr'>consilio,</span> <span class='ocrx_word' id='word_1_473' title='bbox 449 3303 619 3377; x_wconf 36' lang='lat' dir='ltr'>rult&#39;salrari</span> <span class='ocrx_word' id='word_1_474' title='bbox 630 3319 727 3356; x_wconf 90' lang='lat' dir='ltr'>omnes</span> <span class='ocrx_word' id='word_1_475' title='bbox 738 3308 767 3357; x_wconf 88' lang='lat' dir='ltr'>et</span> <span class='ocrx_word' id='word_1_476' title='bbox 780 3303 809 3356; x_wconf 94' lang='lat' dir='ltr'>in</span> <span class='ocrx_word' id='word_1_477' title='bbox 824 3302 997 3371; x_wconf 82' lang='lat' dir='ltr'>agnitionem</span> <span class='ocrx_word' id='word_1_478' title='bbox 1039 3302 1168 3356; x_wconf 90' lang='lat' dir='ltr'>conditus</span> <span class='ocrx_word' id='word_1_479' title='bbox 1185 3307 1228 3356; x_wconf 89' lang='lat' dir='ltr'>est</span> <span class='ocrx_word' id='word_1_480' title='bbox 1243 3302 1278 3356; x_wconf 90' lang='lat' dir='ltr'>ad</span> <span class='ocrx_word' id='word_1_481' title='bbox 1288 3303 1440 3373; x_wconf 90' lang='lat' dir='ltr'>imaginem</span> <span class='ocrx_word' id='word_1_482' title='bbox 1451 3308 1479 3356; x_wconf 88' lang='lat' dir='ltr'>et</span> <span class='ocrx_word' id='word_1_483' title='bbox 1488 3303 1704 3357; x_wconf 87' lang='lat' dir='ltr'>similitudinem</span> <span class='ocrx_word' id='word_1_484' title='bbox 1719 3303 1772 3358; x_wconf 87' lang='lat' dir='ltr'>Dei</span> <span class='ocrx_word' id='word_1_485' title='bbox 1783 3321 1789 3356; x_wconf 92' lang='lat'>:</span> <span class='ocrx_word' id='word_1_486' title='bbox 1800 3302 1839 3357; x_wconf 88' lang='lat' dir='ltr'>sic</span> 
     </span>
     <span class='ocr_line' id='line_1_36' title="bbox 198 3390 1838 3462; baseline 0.001 -18"><span class='ocrx_word' id='word_1_487' title='bbox 198 3391 326 3445; x_wconf 82' lang='lat' dir='ltr'>veritatis</span> <span class='ocrx_word' id='word_1_488' title='bbox 343 3392 437 3446; x_wconf 85' lang='lat' dir='ltr'>venire</span> <span class='ocrx_word' id='word_1_489' title='bbox 461 3393 489 3462; x_wconf 87' lang='lat' dir='ltr'>(l</span> <span class='ocrx_word' id='word_1_490' title='bbox 510 3393 581 3445; x_wconf 80' lang='lat' dir='ltr'>Tim.</span> <span class='ocrx_word' id='word_1_491' title='bbox 603 3394 641 3457; x_wconf 79' lang='lat' dir='ltr'>nl,</span> <span class='ocrx_word' id='word_1_492' title='bbox 669 3391 719 3445; x_wconf 89' lang='lat' dir='ltr'>sed</span> <span class='ocrx_word' id='word_1_493' title='bbox 743 3391 809 3462; x_wconf 86' lang='lat' dir='ltr'>quia</span> <span class='ocrx_word' id='word_1_494' title='bbox 828 3392 921 3445; x_wconf 89' lang='lat' dir='ltr'>nullus</span> <span class='ocrx_word' id='word_1_495' title='bbox 936 3390 998 3445; x_wconf 87' lang='lat' dir='ltr'>abs·</span> <span class='ocrx_word' id='word_1_496' title='bbox 1038 3390 1067 3444; x_wconf 94' lang='lat' dir='ltr'>in</span> <span class='ocrx_word' id='word_1_497' title='bbox 1077 3391 1432 3462; x_wconf 88' lang='lat' dir='ltr'>secundaregeneratione,</span> <span class='ocrx_word' id='word_1_498' title='bbox 1445 3392 1605 3462; x_wconf 91' lang='lat' dir='ltr'>quicunque</span> <span class='ocrx_word' id='word_1_499' title='bbox 1620 3391 1759 3462; x_wconf 89' lang='lat' dir='ltr'>Spiritum</span> <span class='ocrx_word' id='word_1_500' title='bbox 1773 3409 1838 3446; x_wconf 88' lang='lat' dir='ltr'>san·</span> 
     </span>
     <span class='ocr_line' id='line_1_37' title="bbox 200 3479 1839 3551; baseline 0.001 -18"><span class='ocrx_word' id='word_1_501' title='bbox 200 3497 253 3550; x_wconf 91' lang='lat' dir='ltr'>qne</span> <span class='ocrx_word' id='word_1_502' title='bbox 269 3479 383 3551; x_wconf 87' lang='lat' dir='ltr'>propria</span> <span class='ocrx_word' id='word_1_503' title='bbox 396 3481 540 3535; x_wconf 83' lang='lat' dir='ltr'>voluntate</span> <span class='ocrx_word' id='word_1_504' title='bbox 555 3480 679 3534; x_wconf 78' lang='lat' dir='ltr'>salvatur</span> <span class='ocrx_word' id='word_1_505' title='bbox 695 3479 784 3549; x_wconf 75' lang='lat' dir='ltr'>[liberi</span> <span class='ocrx_word' id='word_1_506' title='bbox 798 3480 875 3535; x_wconf 90' lang='lat' dir='ltr'>enim</span> <span class='ocrx_word' id='word_1_507' title='bbox 887 3479 996 3535; x_wconf 90' lang='lat' dir='ltr'>arbitrii</span> <span class='ocrx_word' id='word_1_508' title='bbox 1038 3486 1114 3534; x_wconf 89' lang='lat' dir='ltr'>ctum</span> <span class='ocrx_word' id='word_1_509' title='bbox 1129 3480 1214 3535; x_wconf 88' lang='lat' dir='ltr'>suerit</span> <span class='ocrx_word' id='word_1_510' title='bbox 1239 3486 1414 3547; x_wconf 88' lang='lat' dir='ltr'>consecutus,</span> <span class='ocrx_word' id='word_1_511' title='bbox 1432 3481 1559 3551; x_wconf 87' lang='lat' dir='ltr'>signetur</span> <span class='ocrx_word' id='word_1_512' title='bbox 1571 3480 1606 3534; x_wconf 92' lang='lat' dir='ltr'>ab</span> <span class='ocrx_word' id='word_1_513' title='bbox 1616 3498 1659 3548; x_wconf 88' lang='lat' dir='ltr'>eo,</span> <span class='ocrx_word' id='word_1_514' title='bbox 1674 3485 1705 3535; x_wconf 87' lang='lat' dir='ltr'>et</span> <span class='ocrx_word' id='word_1_515' title='bbox 1718 3482 1839 3551; x_wconf 79' lang='lat' dir='ltr'>liguram</span> 
     </span>
     <span class='ocr_line' id='line_1_38' title="bbox 198 3568 1839 3641; baseline 0.002 -19"><span class='ocrx_word' id='word_1_516' title='bbox 198 3569 316 3640; x_wconf 85' lang='lat' dir='ltr'>sumus),</span> <span class='ocrx_word' id='word_1_517' title='bbox 328 3570 388 3623; x_wconf 86' lang='lat' dir='ltr'>vult</span> <span class='ocrx_word' id='word_1_518' title='bbox 398 3586 449 3624; x_wconf 92' lang='lat' dir='ltr'>nos</span> <span class='ocrx_word' id='word_1_519' title='bbox 460 3570 564 3624; x_wconf 91' lang='lat' dir='ltr'>bonum</span> <span class='ocrx_word' id='word_1_520' title='bbox 580 3568 660 3629; x_wconf 84' lang='lat' dir='ltr'>velle,</span> <span class='ocrx_word' id='word_1_521' title='bbox 680 3574 721 3636; x_wconf 91' lang='lat' dir='ltr'>ut,</span> <span class='ocrx_word' id='word_1_522' title='bbox 738 3585 802 3623; x_wconf 89' lang='lat' dir='ltr'>cum</span> <span class='ocrx_word' id='word_1_523' title='bbox 816 3569 997 3635; x_wconf 85' lang='lat' dir='ltr'>voluerimus,</span> <span class='ocrx_word' id='word_1_524' title='bbox 1040 3569 1192 3623; x_wconf 88' lang='lat' dir='ltr'>conditoris</span> <span class='ocrx_word' id='word_1_525' title='bbox 1208 3569 1336 3640; x_wconf 88' lang='lat' dir='ltr'>accipiat.</span> <span class='ocrx_word' id='word_1_526' title='bbox 1352 3570 1542 3634; x_wconf 80' lang='lat' dir='ltr'>Quaerendum</span> <span class='ocrx_word' id='word_1_527' title='bbox 1557 3569 1604 3623; x_wconf 94' lang='lat' dir='ltr'>ubi</span> <span class='ocrx_word' id='word_1_528' title='bbox 1624 3569 1692 3623; x_wconf 83' lang='lat' dir='ltr'>alibi</span> <span class='ocrx_word' id='word_1_529' title='bbox 1703 3570 1839 3641; x_wconf 88' lang='lat' dir='ltr'>scriptum</span> 
     </span>
     <span class='ocr_line' id='line_1_39' title="bbox 198 3657 1839 3730; baseline 0.002 -19"><span class='ocrx_word' id='word_1_530' title='bbox 198 3658 265 3712; x_wconf 87' lang='lat' dir='ltr'>velit</span> <span class='ocrx_word' id='word_1_531' title='bbox 277 3658 307 3712; x_wconf 90' lang='lat' dir='ltr'>iu</span> <span class='ocrx_word' id='word_1_532' title='bbox 322 3657 401 3712; x_wconf 91' lang='lat' dir='ltr'>nobis</span> <span class='ocrx_word' id='word_1_533' title='bbox 416 3664 445 3712; x_wconf 91' lang='lat' dir='ltr'>et</span> <span class='ocrx_word' id='word_1_534' title='bbox 466 3659 526 3730; x_wconf 86' lang='lat' dir='ltr'>ipse</span> <span class='ocrx_word' id='word_1_535' title='bbox 542 3674 625 3713; x_wconf 90' lang='lat' dir='ltr'>suum</span> <span class='ocrx_word' id='word_1_536' title='bbox 650 3658 767 3729; x_wconf 89' lang='lat' dir='ltr'>implere</span> <span class='ocrx_word' id='word_1_537' title='bbox 796 3658 952 3712; x_wconf 91' lang='lat' dir='ltr'>consilium.</span> <span class='ocrx_word' id='word_1_538' title='bbox 967 3659 998 3713; x_wconf 79' lang='lat' dir='ltr'>dt</span> <span class='ocrx_word' id='word_1_539' title='bbox 1040 3657 1078 3711; x_wconf 84' lang='lat' dir='ltr'>sit</span> <span class='ocrx_word' id='word_1_540' title='bbox 1094 3676 1100 3710; x_wconf 90' lang='lat'>:</span> <span class='ocrx_word' id='word_1_541' title='bbox 1117 3657 1233 3728; x_wconf 88' lang='lat' dir='ltr'>spiritus</span> <span class='ocrx_word' id='word_1_542' title='bbox 1248 3659 1474 3729; x_wconf 90' lang='lat' dir='ltr'>repromissionis</span> <span class='ocrx_word' id='word_1_543' title='bbox 1488 3659 1664 3725; x_wconf 83' lang='lat' dir='ltr'>sanctus,rel</span> <span class='ocrx_word' id='word_1_544' title='bbox 1679 3659 1839 3730; x_wconf 87' lang='lat' dir='ltr'>quidsigni·</span> 
     </span>
     <span class='ocr_line' id='line_1_40' title="bbox 198 3747 1840 3819; baseline 0.001 -18"><span class='ocrx_word' id='word_1_545' title='bbox 198 3749 286 3801; x_wconf 76' lang='lat' dir='ltr'>siricus</span> <span class='ocrx_word' id='word_1_546' title='bbox 302 3750 333 3801; x_wconf 85' lang='lat' dir='ltr'>in</span> <span class='ocrx_word' id='word_1_547' title='bbox 348 3749 458 3802; x_wconf 65' lang='lat' dir='ltr'>latidum</span> <span class='ocrx_word' id='word_1_548' title='bbox 479 3750 575 3815; x_wconf 71' lang='lat' dir='ltr'>aleria</span> <span class='ocrx_word' id='word_1_549' title='bbox 592 3751 660 3816; x_wconf 79' lang='lat' dir='ltr'>ejas,</span> <span class='ocrx_word' id='word_1_550' title='bbox 680 3751 730 3815; x_wconf 80' lang='lat' dir='ltr'>qai</span> <span class='ocrx_word' id='word_1_551' title='bbox 745 3753 810 3801; x_wconf 81' lang='lat' dir='ltr'>autc</span> <span class='ocrx_word' id='word_1_552' title='bbox 828 3750 999 3816; x_wconf 79' lang='lat' dir='ltr'>speravimus</span> <span class='ocrx_word' id='word_1_553' title='bbox 1040 3747 1106 3801; x_wconf 82' lang='lat' dir='ltr'>sicet</span> <span class='ocrx_word' id='word_1_554' title='bbox 1118 3747 1130 3799; x_wconf 85' lang='lat' dir='ltr'>l</span> <span class='ocrx_word' id='word_1_555' title='bbox 1143 3747 1201 3816; x_wconf 81' lang='lat' dir='ltr'>Ego</span> <span class='ocrx_word' id='word_1_556' title='bbox 1211 3747 1286 3801; x_wconf 90' lang='lat' dir='ltr'>enirn</span> <span class='ocrx_word' id='word_1_557' title='bbox 1301 3747 1418 3814; x_wconf 74' lang='lat' dir='ltr'>aestimo,</span> <span class='ocrx_word' id='word_1_558' title='bbox 1429 3748 1495 3819; x_wconf 90' lang='lat' dir='ltr'>quia</span> <span class='ocrx_word' id='word_1_559' title='bbox 1505 3748 1578 3802; x_wconf 90' lang='lat' dir='ltr'>sicut</span> <span class='ocrx_word' id='word_1_560' title='bbox 1587 3747 1710 3819; x_wconf 87' lang='lat' dir='ltr'>Spiritus</span> <span class='ocrx_word' id='word_1_561' title='bbox 1725 3752 1840 3802; x_wconf 86' lang='lat' dir='ltr'>sanctus</span> 
     </span>
     <span class='ocr_line' id='line_1_41' title="bbox 199 3835 1839 3908; baseline 0.001 -19"><span class='ocrx_word' id='word_1_562' title='bbox 199 3838 231 3890; x_wconf 79' lang='lat' dir='ltr'>in</span> <span class='ocrx_word' id='word_1_563' title='bbox 245 3837 362 3906; x_wconf 75' lang='lat' dir='ltr'>Christo.</span> <span class='ocrx_word' id='word_1_564' title='bbox 381 3836 500 3902; x_wconf 70' lang='lat' dir='ltr'>lumbar</span> <span class='ocrx_word' id='word_1_565' title='bbox 523 3837 582 3890; x_wconf 89' lang='lat' dir='ltr'>lloc</span> <span class='ocrx_word' id='word_1_566' title='bbox 599 3841 650 3903; x_wconf 86' lang='lat' dir='ltr'>est,</span> <span class='ocrx_word' id='word_1_567' title='bbox 668 3837 742 3906; x_wconf 91' lang='lat' dir='ltr'>quod</span> <span class='ocrx_word' id='word_1_568' title='bbox 761 3835 838 3902; x_wconf 91' lang='lat' dir='ltr'>dicit,</span> <span class='ocrx_word' id='word_1_569' title='bbox 856 3836 922 3907; x_wconf 90' lang='lat' dir='ltr'>quia</span> <span class='ocrx_word' id='word_1_570' title='bbox 940 3835 998 3889; x_wconf 89' lang='lat' dir='ltr'>dis-</span> <span class='ocrx_word' id='word_1_571' title='bbox 1039 3841 1167 3889; x_wconf 90' lang='lat' dir='ltr'>sanctum</span> <span class='ocrx_word' id='word_1_572' title='bbox 1183 3836 1338 3904; x_wconf 87' lang='lat' dir='ltr'>faciteam,</span> <span class='ocrx_word' id='word_1_573' title='bbox 1355 3837 1839 3908; x_wconf 84' lang='lat' dir='ltr'>cuifneritinlusus,etspiritusse·</span> 
     </span>
     <span class='ocr_line' id='line_1_42' title="bbox 199 3924 1840 3996; baseline 0.002 -18"><span class='ocrx_word' id='word_1_574' title='bbox 199 3924 325 3995; x_wconf 88' lang='lat' dir='ltr'>pensatio</span> <span class='ocrx_word' id='word_1_575' title='bbox 336 3924 542 3995; x_wconf 71' lang='lat' dir='ltr'>predicationis</span> <span class='ocrx_word' id='word_1_576' title='bbox 555 3925 600 3978; x_wconf 92' lang='lat' dir='ltr'>his</span> <span class='ocrx_word' id='word_1_577' title='bbox 610 3925 723 3979; x_wconf 89' lang='lat' dir='ltr'>decreta</span> <span class='ocrx_word' id='word_1_578' title='bbox 737 3931 806 3979; x_wconf 89' lang='lat' dir='ltr'>esta</span> <span class='ocrx_word' id='word_1_579' title='bbox 821 3926 888 3990; x_wconf 86' lang='lat' dir='ltr'>Deo,</span> <span class='ocrx_word' id='word_1_580' title='bbox 906 3924 1000 3995; x_wconf 87' lang='lat' dir='ltr'>quiex</span> <span class='ocrx_word' id='word_1_581' title='bbox 1039 3925 1151 3996; x_wconf 85' lang='lat' dir='ltr'>pientiae</span> <span class='ocrx_word' id='word_1_582' title='bbox 1162 3925 1328 3996; x_wconf 86' lang='lat' dir='ltr'>sapientem,</span> <span class='ocrx_word' id='word_1_583' title='bbox 1338 3931 1366 3980; x_wconf 90' lang='lat' dir='ltr'>et</span> <span class='ocrx_word' id='word_1_584' title='bbox 1375 3925 1568 3996; x_wconf 79' lang='lat' dir='ltr'>intelligentiae</span> <span class='ocrx_word' id='word_1_585' title='bbox 1581 3926 1800 3996; x_wconf 87' lang='lat' dir='ltr'>intelligentem,</span> <span class='ocrx_word' id='word_1_586' title='bbox 1811 3933 1840 3981; x_wconf 89' lang='lat' dir='ltr'>et</span> 
     </span>
     <span class='ocr_line' id='line_1_43' title="bbox 199 4012 1841 4086; baseline 0.003 -21"><span class='ocrx_word' id='word_1_587' title='bbox 199 4012 302 4066; x_wconf 80' lang='lat' dir='ltr'>Judaeis</span> <span class='ocrx_word' id='word_1_588' title='bbox 322 4012 503 4067; x_wconf 86' lang='lat' dir='ltr'>erediderunt</span> <span class='ocrx_word' id='word_1_589' title='bbox 522 4013 552 4066; x_wconf 92' lang='lat' dir='ltr'>in</span> <span class='ocrx_word' id='word_1_590' title='bbox 580 4014 733 4068; x_wconf 88' lang='lat' dir='ltr'>Christum.</span> <span class='ocrx_word' id='word_1_591' title='bbox 755 4014 834 4067; x_wconf 93' lang='lat' dir='ltr'>Unde</span> <span class='ocrx_word' id='word_1_592' title='bbox 856 4013 951 4068; x_wconf 89' lang='lat' dir='ltr'>nullus</span> <span class='ocrx_word' id='word_1_593' title='bbox 966 4031 1000 4068; x_wconf 85' lang='lat' dir='ltr'>ex</span> <span class='ocrx_word' id='word_1_594' title='bbox 1040 4013 1150 4068; x_wconf 89' lang='lat' dir='ltr'>consilii</span> <span class='ocrx_word' id='word_1_595' title='bbox 1165 4019 1289 4082; x_wconf 87' lang='lat' dir='ltr'>cautum,</span> <span class='ocrx_word' id='word_1_596' title='bbox 1314 4021 1399 4086; x_wconf 89' lang='lat' dir='ltr'>atque</span> <span class='ocrx_word' id='word_1_597' title='bbox 1426 4016 1596 4082; x_wconf 83' lang='lat' dir='ltr'>consultum,</span> <span class='ocrx_word' id='word_1_598' title='bbox 1620 4019 1649 4069; x_wconf 91' lang='lat' dir='ltr'>et</span> <span class='ocrx_word' id='word_1_599' title='bbox 1663 4015 1841 4070; x_wconf 80' lang='lat' dir='ltr'>fortitudinis</span> 
     </span>
     <span class='ocr_line' id='line_1_44' title="bbox 198 4099 1843 4176; baseline 0.004 -23"><span class='ocrx_word' id='word_1_600' title='bbox 198 4099 330 4170; x_wconf 89' lang='lat' dir='ltr'>gentibus</span> <span class='ocrx_word' id='word_1_601' title='bbox 345 4100 380 4153; x_wconf 89' lang='lat' dir='ltr'>ad</span> <span class='ocrx_word' id='word_1_602' title='bbox 397 4101 586 4171; x_wconf 87' lang='lat' dir='ltr'>apostolatum</span> <span class='ocrx_word' id='word_1_603' title='bbox 601 4101 706 4156; x_wconf 90' lang='lat' dir='ltr'>electus</span> <span class='ocrx_word' id='word_1_604' title='bbox 723 4107 781 4156; x_wconf 92' lang='lat' dir='ltr'>est:</span> <span class='ocrx_word' id='word_1_605' title='bbox 798 4102 914 4171; x_wconf 87' lang='lat' dir='ltr'>dignum</span> <span class='ocrx_word' id='word_1_606' title='bbox 925 4103 1000 4157; x_wconf 88' lang='lat' dir='ltr'>onim</span> <span class='ocrx_word' id='word_1_607' title='bbox 1041 4102 1153 4169; x_wconf 84' lang='lat' dir='ltr'>fortem,</span> <span class='ocrx_word' id='word_1_608' title='bbox 1169 4109 1198 4157; x_wconf 88' lang='lat' dir='ltr'>ct</span> <span class='ocrx_word' id='word_1_609' title='bbox 1222 4104 1345 4160; x_wconf 70' lang='lat' dir='ltr'>scientiae</span> <span class='ocrx_word' id='word_1_610' title='bbox 1360 4105 1504 4169; x_wconf 87' lang='lat' dir='ltr'>scientem,</span> <span class='ocrx_word' id='word_1_611' title='bbox 1522 4109 1552 4159; x_wconf 89' lang='lat' dir='ltr'>et</span> <span class='ocrx_word' id='word_1_612' title='bbox 1571 4104 1685 4176; x_wconf 90' lang='lat' dir='ltr'>pietatis</span> <span class='ocrx_word' id='word_1_613' title='bbox 1707 4105 1797 4176; x_wconf 88' lang='lat' dir='ltr'>pium,</span> <span class='ocrx_word' id='word_1_614' title='bbox 1813 4110 1843 4159; x_wconf 90' lang='grc' dir='ltr'>θῖ</span> 
     </span>
     <span class='ocr_line' id='line_1_45' title="bbox 201 4188 1843 4265; baseline 0.003 -23"><span class='ocrx_word' id='word_1_615' title='bbox 201 4194 262 4242; x_wconf 88' lang='lat' dir='ltr'>erat</span> <span class='ocrx_word' id='word_1_616' title='bbox 272 4205 305 4242; x_wconf 86' lang='lat' dir='ltr'>ex</span> <span class='ocrx_word' id='word_1_617' title='bbox 320 4188 364 4242; x_wconf 89' lang='lat' dir='ltr'>his</span> <span class='ocrx_word' id='word_1_618' title='bbox 380 4189 451 4258; x_wconf 89' lang='lat' dir='ltr'>clegi</span> <span class='ocrx_word' id='word_1_619' title='bbox 461 4189 666 4260; x_wconf 84' lang='lat' dir='ltr'>praedicatores,</span> <span class='ocrx_word' id='word_1_620' title='bbox 676 4190 724 4260; x_wconf 92' lang='lat' dir='ltr'>qui</span> <span class='ocrx_word' id='word_1_621' title='bbox 739 4195 805 4244; x_wconf 87' lang='lat' dir='ltr'>ante</span> <span class='ocrx_word' id='word_1_622' title='bbox 817 4196 1001 4261; x_wconf 80' lang='lat' dir='ltr'>speraverunt</span> <span class='ocrx_word' id='word_1_623' title='bbox 1040 4192 1151 4247; x_wconf 86' lang='lat' dir='ltr'>timoris</span> <span class='ocrx_word' id='word_1_624' title='bbox 1164 4192 1303 4257; x_wconf 87' lang='lat' dir='ltr'>timidum,</span> <span class='ocrx_word' id='word_1_625' title='bbox 1328 4194 1436 4265; x_wconf 89' lang='lat' dir='ltr'>Deique</span> <span class='ocrx_word' id='word_1_626' title='bbox 1452 4194 1554 4249; x_wconf 90' lang='lat' dir='ltr'>timore</span> <span class='ocrx_word' id='word_1_627' title='bbox 1581 4194 1783 4264; x_wconf 87' lang='lat' dir='ltr'>trepidantem,</span> <span class='ocrx_word' id='word_1_628' title='bbox 1801 4194 1843 4248; x_wconf 81' lang='lat' dir='ltr'>ita</span> 
     </span>
     <span class='ocr_line' id='line_1_46' title="bbox 200 4276 1843 4390; baseline 0.004 -58"><span class='ocrx_word' id='word_1_629' title='bbox 200 4276 329 4341; x_wconf 89' lang='lat' dir='ltr'>salutem,</span> <span class='ocrx_word' id='word_1_630' title='bbox 346 4294 408 4348; x_wconf 75' lang='lat' dir='ltr'>quse</span> <span class='ocrx_word' id='word_1_631' title='bbox 422 4277 478 4331; x_wconf 93' lang='lat' dir='ltr'>illis</span> <span class='ocrx_word' id='word_1_632' title='bbox 495 4277 635 4348; x_wconf 86' lang='lat' dir='ltr'>promissa</span> <span class='ocrx_word' id='word_1_633' title='bbox 650 4279 704 4333; x_wconf 89' lang='lat' dir='ltr'>erit</span> <span class='ocrx_word' id='word_1_634' title='bbox 719 4279 749 4332; x_wconf 92' lang='lat' dir='ltr'>in</span> <span class='ocrx_word' id='word_1_635' title='bbox 763 4279 884 4333; x_wconf 75' lang='lat' dir='ltr'>Christo,</span> <span class='ocrx_word' id='word_1_636' title='bbox 895 4279 1001 4352; x_wconf 81' lang='lat' dir='ltr'>(llier.)</span> <span class='ocrx_word' id='word_1_637' title='bbox 1009 4287 1071 4390; x_wconf 89' lang='lat' dir='ltr'>Det</span> <span class='ocrx_word' id='word_1_638' title='bbox 1084 4281 1199 4352; x_wconf 87' lang='lat' dir='ltr'>spiritns</span> <span class='ocrx_word' id='word_1_639' title='bbox 1209 4283 1401 4354; x_wconf 88' lang='lat' dir='ltr'>promissionis</span> <span class='ocrx_word' id='word_1_640' title='bbox 1416 4284 1460 4338; x_wconf 83' lang='lat' dir='ltr'>vel</span> <span class='ocrx_word' id='word_1_641' title='bbox 1470 4283 1585 4355; x_wconf 90' lang='lat' dir='ltr'>spiritus</span> <span class='ocrx_word' id='word_1_642' title='bbox 1600 4283 1660 4350; x_wconf 87' lang='lat' dir='ltr'>Dei,</span> <span class='ocrx_word' id='word_1_643' title='bbox 1674 4300 1843 4354; x_wconf 89' lang='lat' dir='ltr'>sponsorem</span> 
     </span>
     <span class='ocr_line' id='line_1_47' title="bbox 200 4365 1842 4443; baseline 0.002 -19"><span class='ocrx_word' id='word_1_644' title='bbox 200 4368 273 4425; x_wconf 85' lang='lat' dir='ltr'>Ante</span> <span class='ocrx_word' id='word_1_645' title='bbox 289 4372 473 4438; x_wconf 82' lang='lat' dir='ltr'>speraverunt</span> <span class='ocrx_word' id='word_1_646' title='bbox 495 4367 525 4419; x_wconf 92' lang='lat' dir='ltr'>in</span> <span class='ocrx_word' id='word_1_647' title='bbox 550 4365 671 4433; x_wconf 84' lang='lat' dir='ltr'>Christo,</span> <span class='ocrx_word' id='word_1_648' title='bbox 688 4367 789 4438; x_wconf 88' lang='lat' dir='ltr'>quibus</span> <span class='ocrx_word' id='word_1_649' title='bbox 804 4368 933 4422; x_wconf 86' lang='lat' dir='ltr'>Christus</span> <span class='ocrx_word' id='word_1_650' title='bbox 948 4385 999 4439; x_wconf 92' lang='lat' dir='ltr'>per</span> <span class='ocrx_word' id='word_1_651' title='bbox 1040 4376 1069 4425; x_wconf 89' lang='lat' dir='ltr'>et</span> <span class='ocrx_word' id='word_1_652' title='bbox 1083 4370 1174 4424; x_wconf 90' lang='lat' dir='ltr'>Deum</span> <span class='ocrx_word' id='word_1_653' title='bbox 1191 4370 1348 4438; x_wconf 82' lang='lat' dir='ltr'>faciteam,</span> <span class='ocrx_word' id='word_1_654' title='bbox 1364 4373 1394 4426; x_wconf 92' lang='lat' dir='ltr'>in</span> <span class='ocrx_word' id='word_1_655' title='bbox 1421 4389 1476 4443; x_wconf 93' lang='lat' dir='ltr'>quo</span> <span class='ocrx_word' id='word_1_656' title='bbox 1497 4372 1675 4426; x_wconf 82' lang='lat' dir='ltr'>habitaverit.</span> <span class='ocrx_word' id='word_1_657' title='bbox 1692 4372 1842 4436; x_wconf 89' lang='lat' dir='ltr'>Quomodo</span> 
     </span>
     <span class='ocr_line' id='line_1_48' title="bbox 201 4455 1842 4532; baseline 0.004 -23"><span class='ocrx_word' id='word_1_658' title='bbox 201 4457 292 4527; x_wconf 86' lang='lat' dir='ltr'>legem</span> <span class='ocrx_word' id='word_1_659' title='bbox 300 4457 342 4510; x_wconf 84' lang='lat' dir='ltr'>rel</span> <span class='ocrx_word' id='word_1_660' title='bbox 355 4457 506 4527; x_wconf 90' lang='lat' dir='ltr'>prophetas</span> <span class='ocrx_word' id='word_1_661' title='bbox 517 4455 666 4526; x_wconf 76' lang='lat' dir='ltr'>praedictus</span> <span class='ocrx_word' id='word_1_662' title='bbox 681 4461 733 4524; x_wconf 90' lang='grc' dir='ltr'>θεῖ,</span> <span class='ocrx_word' id='word_1_663' title='bbox 751 4457 877 4527; x_wconf 89' lang='lat' dir='ltr'>quamvis</span> <span class='ocrx_word' id='word_1_664' title='bbox 887 4463 953 4512; x_wconf 85' lang='lat' dir='ltr'>ante</span> <span class='ocrx_word' id='word_1_665' title='bbox 963 4458 998 4512; x_wconf 89' lang='lat' dir='ltr'>ad</span> <span class='ocrx_word' id='word_1_666' title='bbox 1040 4460 1211 4514; x_wconf 89' lang='lat' dir='ltr'>econtrario</span> <span class='ocrx_word' id='word_1_667' title='bbox 1236 4460 1398 4515; x_wconf 90' lang='lat' dir='ltr'>immundus</span> <span class='ocrx_word' id='word_1_668' title='bbox 1424 4460 1539 4532; x_wconf 91' lang='lat' dir='ltr'>spiritus</span> <span class='ocrx_word' id='word_1_669' title='bbox 1557 4461 1735 4515; x_wconf 90' lang='lat' dir='ltr'>immundum</span> <span class='ocrx_word' id='word_1_670' title='bbox 1763 4460 1842 4527; x_wconf 85' lang='lat' dir='ltr'>iacit,</span> 
     </span>
     <span class='ocr_line' id='line_1_49' title="bbox 200 4545 1843 4621; baseline 0.002 -21"><span class='ocrx_word' id='word_1_671' title='bbox 200 4562 307 4612; x_wconf 83' lang='lat' dir='ltr'>onmes,</span> <span class='ocrx_word' id='word_1_672' title='bbox 325 4545 414 4616; x_wconf 91' lang='lat' dir='ltr'>quiin</span> <span class='ocrx_word' id='word_1_673' title='bbox 442 4545 586 4600; x_wconf 86' lang='lat' dir='ltr'>Christum</span> <span class='ocrx_word' id='word_1_674' title='bbox 614 4545 741 4609; x_wconf 88' lang='lat' dir='ltr'>credunt,</span> <span class='ocrx_word' id='word_1_675' title='bbox 762 4547 902 4617; x_wconf 88' lang='lat' dir='ltr'>pertinere</span> <span class='ocrx_word' id='word_1_676' title='bbox 917 4563 999 4618; x_wconf 88' lang='lat' dir='ltr'>posse</span> <span class='ocrx_word' id='word_1_677' title='bbox 1040 4554 1069 4602; x_wconf 88' lang='lat' dir='ltr'>et</span> <span class='ocrx_word' id='word_1_678' title='bbox 1081 4564 1211 4619; x_wconf 88' lang='lat' dir='ltr'>spurcam</span> <span class='ocrx_word' id='word_1_679' title='bbox 1227 4549 1278 4603; x_wconf 92' lang='lat' dir='ltr'>sibi</span> <span class='ocrx_word' id='word_1_680' title='bbox 1293 4551 1411 4604; x_wconf 91' lang='lat' dir='ltr'>domum</span> <span class='ocrx_word' id='word_1_681' title='bbox 1426 4555 1566 4621; x_wconf 68' lang='lat' dir='ltr'>praeparat</span> <span class='ocrx_word' id='word_1_682' title='bbox 1591 4566 1710 4621; x_wconf 91' lang='lat' dir='ltr'>spurcus</span> <span class='ocrx_word' id='word_1_683' title='bbox 1727 4549 1843 4604; x_wconf 87' lang='lat' dir='ltr'>habita-</span> 
     </span>
     <span class='ocr_line' id='line_1_50' title="bbox 201 4634 1842 4711; baseline 0.005 -24"><span class='ocrx_word' id='word_1_684' title='bbox 201 4635 340 4701; x_wconf 86' lang='lat' dir='ltr'>videatur,</span> <span class='ocrx_word' id='word_1_685' title='bbox 357 4642 390 4689; x_wconf 89' lang='lat' dir='ltr'>ut</span> <span class='ocrx_word' id='word_1_686' title='bbox 409 4635 533 4706; x_wconf 90' lang='lat' dir='ltr'>quiante</span> <span class='ocrx_word' id='word_1_687' title='bbox 548 4635 577 4688; x_wconf 93' lang='lat' dir='ltr'>in</span> <span class='ocrx_word' id='word_1_688' title='bbox 597 4634 649 4688; x_wconf 88' lang='lat' dir='ltr'>hac</span> <span class='ocrx_word' id='word_1_689' title='bbox 659 4634 715 4688; x_wconf 82' lang='lat' dir='ltr'>rita</span> <span class='ocrx_word' id='word_1_690' title='bbox 734 4635 763 4689; x_wconf 91' lang='lat' dir='ltr'>in</span> <span class='ocrx_word' id='word_1_691' title='bbox 779 4635 922 4690; x_wconf 91' lang='lat' dir='ltr'>Christum</span> <span class='ocrx_word' id='word_1_692' title='bbox 937 4653 998 4690; x_wconf 92' lang='lat' dir='ltr'>cre·</span> <span class='ocrx_word' id='word_1_693' title='bbox 1039 4637 1299 4704; x_wconf 79' lang='lat' dir='ltr'>tor3sornicationis</span> <span class='ocrx_word' id='word_1_694' title='bbox 1311 4656 1421 4710; x_wconf 92' lang='lat' dir='ltr'>quoque</span> <span class='ocrx_word' id='word_1_695' title='bbox 1432 4640 1548 4711; x_wconf 86' lang='lat' dir='ltr'>spiritus</span> <span class='ocrx_word' id='word_1_696' title='bbox 1559 4640 1646 4694; x_wconf 84' lang='lat' dir='ltr'>elficit</span> <span class='ocrx_word' id='word_1_697' title='bbox 1657 4645 1842 4707; x_wconf 87' lang='lat' dir='ltr'>scortatores,</span> 
     </span>
     <span class='ocr_line' id='line_1_51' title="bbox 202 4722 1845 4799; baseline 0.005 -22"><span class='ocrx_word' id='word_1_698' title='bbox 202 4723 281 4786; x_wconf 83' lang='lat' dir='ltr'>dunt,</span> <span class='ocrx_word' id='word_1_699' title='bbox 296 4724 325 4775; x_wconf 91' lang='lat' dir='ltr'>in</span> <span class='ocrx_word' id='word_1_700' title='bbox 347 4722 443 4777; x_wconf 85' lang='lat' dir='ltr'>futura</span> <span class='ocrx_word' id='word_1_701' title='bbox 457 4724 515 4778; x_wconf 86' lang='lat' dir='ltr'>vita</span> <span class='ocrx_word' id='word_1_702' title='bbox 537 4723 595 4779; x_wconf 90' lang='lat' dir='ltr'>sint</span> <span class='ocrx_word' id='word_1_703' title='bbox 607 4723 638 4778; x_wconf 91' lang='lat' dir='ltr'>in</span> <span class='ocrx_word' id='word_1_704' title='bbox 661 4724 774 4779; x_wconf 90' lang='lat' dir='ltr'>laudem</span> <span class='ocrx_word' id='word_1_705' title='bbox 794 4725 865 4779; x_wconf 90' lang='lat' dir='ltr'>etin</span> <span class='ocrx_word' id='word_1_706' title='bbox 880 4725 1000 4796; x_wconf 90' lang='lat' dir='ltr'>gloriam</span> <span class='ocrx_word' id='word_1_707' title='bbox 1041 4726 1075 4779; x_wconf 93' lang='lat' dir='ltr'>de</span> <span class='ocrx_word' id='word_1_708' title='bbox 1093 4725 1193 4796; x_wconf 88' lang='lat' dir='ltr'>quibus</span> <span class='ocrx_word' id='word_1_709' title='bbox 1209 4729 1347 4798; x_wconf 85' lang='lat' dir='ltr'>propheta</span> <span class='ocrx_word' id='word_1_710' title='bbox 1360 4728 1502 4799; x_wconf 89' lang='lat' dir='ltr'>loquitur:</span> <span class='ocrx_word' id='word_1_711' title='bbox 1518 4730 1628 4797; x_wconf 67' lang='lat' dir='ltr'>Spiritu</span> <span class='ocrx_word' id='word_1_712' title='bbox 1641 4731 1845 4796; x_wconf 76' lang='lat' dir='ltr'>fornicationis</span> 
     </span>
     <span class='ocr_line' id='line_1_52' title="bbox 202 4810 1872 4889; baseline 0.005 -24"><span class='ocrx_word' id='word_1_713' title='bbox 202 4811 263 4880; x_wconf 89' lang='lat' dir='ltr'>ejus</span> <span class='ocrx_word' id='word_1_714' title='bbox 279 4811 375 4864; x_wconf 84' lang='lat' dir='ltr'>lutari.</span> <span class='ocrx_word' id='word_1_715' title='bbox 392 4811 446 4865; x_wconf 89' lang='lat' dir='ltr'>Sed</span> <span class='ocrx_word' id='word_1_716' title='bbox 457 4812 513 4880; x_wconf 86' lang='lat' dir='ltr'>alia</span> <span class='ocrx_word' id='word_1_717' title='bbox 527 4820 571 4867; x_wconf 90' lang='lat' dir='ltr'>est</span> <span class='ocrx_word' id='word_1_718' title='bbox 581 4830 688 4868; x_wconf 91' lang='lat' dir='ltr'>merces</span> <span class='ocrx_word' id='word_1_719' title='bbox 702 4815 774 4884; x_wconf 86' lang='lat' dir='ltr'>ejus,</span> <span class='ocrx_word' id='word_1_720' title='bbox 787 4814 834 4884; x_wconf 92' lang='lat' dir='ltr'>qui</span> <span class='ocrx_word' id='word_1_721' title='bbox 855 4815 1000 4869; x_wconf 86' lang='lat' dir='ltr'>voluntate</span> <span class='ocrx_word' id='word_1_722' title='bbox 1041 4817 1146 4869; x_wconf 81' lang='lat' dir='ltr'>seducti</span> <span class='ocrx_word' id='word_1_723' title='bbox 1158 4820 1221 4870; x_wconf 78' lang='lat' dir='ltr'>catis</span> <span class='ocrx_word' id='word_1_724' title='bbox 1239 4817 1305 4886; x_wconf 71' lang='lat' dir='ltr'>(Oce.</span> <span class='ocrx_word' id='word_1_725' title='bbox 1320 4823 1367 4885; x_wconf 71' lang='grc' dir='ltr'>πεῖ,</span> <span class='ocrx_word' id='word_1_726' title='bbox 1393 4822 1421 4871; x_wconf 90' lang='grc' dir='ltr'>θῖ</span> <span class='ocrx_word' id='word_1_727' title='bbox 1434 4835 1556 4889; x_wconf 82' lang='lat' dir='ltr'>nequam</span> <span class='ocrx_word' id='word_1_728' title='bbox 1578 4817 1695 4889; x_wconf 92' lang='lat' dir='ltr'>spiritus</span> <span class='ocrx_word' id='word_1_729' title='bbox 1708 4818 1777 4874; x_wconf 83' lang='lat' dir='ltr'>facit</span> <span class='ocrx_word' id='word_1_730' title='bbox 1791 4819 1845 4874; x_wconf 89' lang='lat' dir='ltr'>ho·</span> <span class='ocrx_word' id='word_1_731' title='bbox 1869 4810 1872 4815; x_wconf 65' lang='grc'><strong>’</strong></span> 
     </span>
     <span class='ocr_line' id='line_1_53' title="bbox 201 4898 1847 4977; baseline 0.007 -24"><span class='ocrx_word' id='word_1_732' title='bbox 201 4904 297 4971; x_wconf 89' lang='lat' dir='ltr'>sperat</span> <span class='ocrx_word' id='word_1_733' title='bbox 306 4899 336 4953; x_wconf 94' lang='lat' dir='ltr'>in</span> <span class='ocrx_word' id='word_1_734' title='bbox 352 4898 504 4966; x_wconf 88' lang='lat' dir='ltr'>Christum,</span> <span class='ocrx_word' id='word_1_735' title='bbox 531 4902 595 4968; x_wconf 82' lang='lat' dir='ltr'>alia,</span> <span class='ocrx_word' id='word_1_736' title='bbox 614 4903 663 4973; x_wconf 92' lang='lat' dir='ltr'>qui</span> <span class='ocrx_word' id='word_1_737' title='bbox 687 4902 851 4957; x_wconf 82' lang='lat' dir='ltr'>necessitate</span> <span class='ocrx_word' id='word_1_738' title='bbox 872 4904 961 4958; x_wconf 89' lang='lat' dir='ltr'>credit</span> <span class='ocrx_word' id='word_1_739' title='bbox 971 4903 1000 4957; x_wconf 91' lang='lat' dir='ltr'>in</span> <span class='ocrx_word' id='word_1_740' title='bbox 1041 4903 1131 4958; x_wconf 90' lang='lat' dir='ltr'>mines</span> <span class='ocrx_word' id='word_1_741' title='bbox 1146 4921 1268 4975; x_wconf 88' lang='lat' dir='ltr'>nequam</span> <span class='ocrx_word' id='word_1_742' title='bbox 1282 4912 1367 4976; x_wconf 88' lang='lat' dir='ltr'>atque</span> <span class='ocrx_word' id='word_1_743' title='bbox 1387 4906 1775 4977; x_wconf 81' lang='lat' dir='ltr'>perversos,ctdaemoniacus</span> <span class='ocrx_word' id='word_1_744' title='bbox 1790 4908 1847 4964; x_wconf 69' lang='grc' dir='ltr'>ἀεθ-</span> 
     </span>
     <span class='ocr_line' id='line_1_54' title="bbox 202 4991 1847 5066; baseline 0.007 -24"><span class='ocrx_word' id='word_1_745' title='bbox 202 5006 276 5043; x_wconf 90' lang='lat' dir='ltr'>eum.</span> <span class='ocrx_word' id='word_1_746' title='bbox 293 4991 328 5043; x_wconf 85' lang='lat' dir='ltr'>la</span> <span class='ocrx_word' id='word_1_747' title='bbox 342 5005 395 5056; x_wconf 86' lang='lat' dir='ltr'>quo</span> <span class='ocrx_word' id='word_1_748' title='bbox 409 4993 433 5041; x_wconf 88' lang='lat' dir='ltr'>et</span> <span class='ocrx_word' id='word_1_749' title='bbox 446 5005 499 5053; x_wconf 81' lang='lat' dir='ltr'>vos,</span> <span class='ocrx_word' id='word_1_750' title='bbox 511 5006 574 5044; x_wconf 83' lang='lat' dir='ltr'>curn</span> <span class='ocrx_word' id='word_1_751' title='bbox 585 4993 730 5046; x_wconf 80' lang='lat' dir='ltr'>audissetis</span> <span class='ocrx_word' id='word_1_752' title='bbox 740 4994 852 5046; x_wconf 80' lang='lat' dir='ltr'>uerbum</span> <span class='ocrx_word' id='word_1_753' title='bbox 864 4996 998 5060; x_wconf 79' lang='lat' dir='ltr'>veritatis,</span> <span class='ocrx_word' id='word_1_754' title='bbox 1041 5010 1139 5047; x_wconf 90' lang='lat' dir='ltr'>mones</span> <span class='ocrx_word' id='word_1_755' title='bbox 1149 4994 1632 5066; x_wconf 81' lang='lat' dir='ltr'>:qualisquefueritliquorquinorae</span> <span class='ocrx_word' id='word_1_756' title='bbox 1639 5000 1719 5051; x_wconf 85' lang='lat' dir='ltr'>testae</span> <span class='ocrx_word' id='word_1_757' title='bbox 1731 4997 1847 5054; x_wconf 78' lang='lat' dir='ltr'>infusus</span> 
     </span>
     <span class='ocr_line' id='line_1_55' title="bbox 200 5079 1805 5158; baseline 0.004 -25"><span class='ocrx_word' id='word_1_758' title='bbox 200 5079 385 5145; x_wconf 76' lang='lat' dir='ltr'>Enanqalium</span> <span class='ocrx_word' id='word_1_759' title='bbox 394 5079 495 5131; x_wconf 80' lang='lat' dir='ltr'>salutis</span> <span class='ocrx_word' id='word_1_760' title='bbox 510 5083 611 5142; x_wconf 72' lang='lat' dir='ltr'>cestra,</span> <span class='ocrx_word' id='word_1_761' title='bbox 629 5082 661 5134; x_wconf 81' lang='lat' dir='ltr'>ia</span> <span class='ocrx_word' id='word_1_762' title='bbox 673 5097 726 5148; x_wconf 87' lang='lat' dir='ltr'>quo</span> <span class='ocrx_word' id='word_1_763' title='bbox 741 5082 878 5135; x_wconf 81' lang='lat' dir='ltr'>credentes</span> <span class='ocrx_word' id='word_1_764' title='bbox 894 5084 1000 5150; x_wconf 66' lang='lat' dir='ltr'>sinuati</span> <span class='ocrx_word' id='word_1_765' title='bbox 1040 5087 1092 5150; x_wconf 84' lang='grc' dir='ltr'>θεῖ,</span> <span class='ocrx_word' id='word_1_766' title='bbox 1104 5083 1190 5137; x_wconf 88' lang='lat' dir='ltr'>talem</span> <span class='ocrx_word' id='word_1_767' title='bbox 1204 5083 1252 5138; x_wconf 92' lang='lat' dir='ltr'>diu</span> <span class='ocrx_word' id='word_1_768' title='bbox 1262 5089 1336 5139; x_wconf 89' lang='lat' dir='ltr'>testa</span> <span class='ocrx_word' id='word_1_769' title='bbox 1345 5089 1374 5138; x_wconf 89' lang='lat' dir='ltr'>et</span> <span class='ocrx_word' id='word_1_770' title='bbox 1382 5085 1498 5139; x_wconf 87' lang='lat' dir='ltr'>odorem</span> <span class='ocrx_word' id='word_1_771' title='bbox 1504 5085 1608 5139; x_wconf 89' lang='lat' dir='ltr'>retinet</span> <span class='ocrx_word' id='word_1_772' title='bbox 1621 5090 1650 5138; x_wconf 90' lang='lat' dir='ltr'>et</span> <span class='ocrx_word' id='word_1_773' title='bbox 1664 5102 1805 5158; x_wconf 89' lang='lat' dir='ltr'>saporem.</span> 
     </span>
     <span class='ocr_line' id='line_1_56' title="bbox 202 5168 1846 5243; baseline 0.008 -24"><span class='ocrx_word' id='word_1_774' title='bbox 202 5170 264 5220; x_wconf 79' lang='lat' dir='ltr'>estis</span> <span class='ocrx_word' id='word_1_775' title='bbox 278 5169 382 5235; x_wconf 80' lang='lat' dir='ltr'>spirita</span> <span class='ocrx_word' id='word_1_776' title='bbox 398 5168 594 5235; x_wconf 65' lang='lat' dir='ltr'>pirannissioais</span> <span class='ocrx_word' id='word_1_777' title='bbox 609 5173 711 5222; x_wconf 83' lang='lat' dir='ltr'>sancto.</span> <span class='ocrx_word' id='word_1_778' title='bbox 724 5170 757 5223; x_wconf 90' lang='lat' dir='ltr'>ln</span> <span class='ocrx_word' id='word_1_779' title='bbox 781 5187 845 5240; x_wconf 87' lang='lat' dir='ltr'>quo,</span> <span class='ocrx_word' id='word_1_780' title='bbox 861 5170 935 5224; x_wconf 86' lang='lat' dir='ltr'>haud</span> <span class='ocrx_word' id='word_1_781' title='bbox 950 5171 1000 5225; x_wconf 93' lang='lat' dir='ltr'>du·</span> <span class='ocrx_word' id='word_1_782' title='bbox 1077 5173 1131 5238; x_wconf 76' lang='lat' dir='ltr'>Qut</span> <span class='ocrx_word' id='word_1_783' title='bbox 1143 5177 1180 5226; x_wconf 78' lang='lat' dir='ltr'>cst</span> <span class='ocrx_word' id='word_1_784' title='bbox 1190 5174 1468 5242; x_wconf 71' lang='lat' dir='ltr'>planasdsrcditatis</span> <span class='ocrx_word' id='word_1_785' title='bbox 1483 5176 1846 5243; x_wconf 74' lang='lat' dir='ltr'>nostraeinredcmptr&#39;oncm</span> 
     </span>
     <span class='ocr_line' id='line_1_57' title="bbox 201 5255 1847 5333; baseline 0.009 -26"><span class='ocrx_word' id='word_1_786' title='bbox 201 5255 279 5308; x_wconf 90' lang='lat' dir='ltr'>bium</span> <span class='ocrx_word' id='word_1_787' title='bbox 288 5255 355 5325; x_wconf 89' lang='lat' dir='ltr'>quin</span> <span class='ocrx_word' id='word_1_788' title='bbox 366 5255 396 5310; x_wconf 90' lang='lat' dir='ltr'>in</span> <span class='ocrx_word' id='word_1_789' title='bbox 406 5255 527 5310; x_wconf 88' lang='lat' dir='ltr'>Christo.</span> <span class='ocrx_word' id='word_1_790' title='bbox 546 5256 623 5309; x_wconf 89' lang='lat' dir='ltr'>Inter</span> <span class='ocrx_word' id='word_1_791' title='bbox 637 5262 762 5324; x_wconf 83' lang='lat' dir='ltr'>caeteros,</span> <span class='ocrx_word' id='word_1_792' title='bbox 779 5259 827 5329; x_wconf 92' lang='lat' dir='ltr'>qui</span> <span class='ocrx_word' id='word_1_793' title='bbox 836 5259 996 5326; x_wconf 90' lang='lat' dir='ltr'>audierunt,</span> <span class='ocrx_word' id='word_1_794' title='bbox 1040 5262 1206 5330; x_wconf 82' lang='lat' dir='ltr'>adoptionis,</span> <span class='ocrx_word' id='word_1_795' title='bbox 1219 5264 1367 5316; x_wconf 82' lang='lat' dir='ltr'>inlaudcm</span> <span class='ocrx_word' id='word_1_796' title='bbox 1385 5266 1482 5331; x_wconf 76' lang='lat' dir='ltr'>qlom&#39;a</span> <span class='ocrx_word' id='word_1_797' title='bbox 1495 5266 1592 5333; x_wconf 77' lang='lat' dir='ltr'>ipsius.</span> <span class='ocrx_word' id='word_1_798' title='bbox 1605 5266 1710 5331; x_wconf 68' lang='lat' dir='ltr'>Pignus</span> <span class='ocrx_word' id='word_1_799' title='bbox 1723 5264 1847 5321; x_wconf 83' lang='lat' dir='ltr'>Latinus</span> 
     </span>
     <span class='ocr_line' id='line_1_58' title="bbox 203 5342 1849 5424; baseline 0.009 -29"><span class='ocrx_word' id='word_1_800' title='bbox 203 5359 250 5396; x_wconf 84' lang='lat' dir='ltr'>vos</span> <span class='ocrx_word' id='word_1_801' title='bbox 257 5359 377 5414; x_wconf 87' lang='lat' dir='ltr'>quoque,</span> <span class='ocrx_word' id='word_1_802' title='bbox 387 5342 628 5414; x_wconf 85' lang='lat' dir='ltr'>Ephesii,verbum</span> <span class='ocrx_word' id='word_1_803' title='bbox 640 5346 766 5400; x_wconf 86' lang='lat' dir='ltr'>veritatis</span> <span class='ocrx_word' id='word_1_804' title='bbox 773 5348 901 5414; x_wconf 87' lang='lat' dir='ltr'>audistis,</span> <span class='ocrx_word' id='word_1_805' title='bbox 912 5349 999 5403; x_wconf 85' lang='lat' dir='ltr'>Eran-</span> <span class='ocrx_word' id='word_1_806' title='bbox 1040 5349 1243 5421; x_wconf 82' lang='lat' dir='ltr'>interpretator</span> <span class='ocrx_word' id='word_1_807' title='bbox 1258 5368 1308 5422; x_wconf 91' lang='lat' dir='ltr'>pro</span> <span class='ocrx_word' id='word_1_808' title='bbox 1318 5352 1589 5424; x_wconf 78' lang='lat' dir='ltr'>arrhaboneposuit3</span> <span class='ocrx_word' id='word_1_809' title='bbox 1598 5352 1849 5423; x_wconf 85' lang='lat' dir='ltr'>nonidipsuman·</span> 
     </span>
     <span class='ocr_line' id='line_1_59' title="bbox 202 5430 1849 5510; baseline 0.009 -24"><span class='ocrx_word' id='word_1_810' title='bbox 202 5430 308 5502; x_wconf 80' lang='lat' dir='ltr'>gellam</span> <span class='ocrx_word' id='word_1_811' title='bbox 325 5432 424 5487; x_wconf 87' lang='lat' dir='ltr'>salutis</span> <span class='ocrx_word' id='word_1_812' title='bbox 447 5439 555 5498; x_wconf 80' lang='lat' dir='ltr'>restrae,</span> <span class='ocrx_word' id='word_1_813' title='bbox 575 5433 621 5486; x_wconf 90' lang='lat' dir='ltr'>cui</span> <span class='ocrx_word' id='word_1_814' title='bbox 638 5435 784 5490; x_wconf 87' lang='lat' dir='ltr'>credentes</span> <span class='ocrx_word' id='word_1_815' title='bbox 808 5436 910 5508; x_wconf 88' lang='lat' dir='ltr'>signati</span> <span class='ocrx_word' id='word_1_816' title='bbox 931 5438 998 5492; x_wconf 89' lang='lat' dir='ltr'>estis</span> <span class='ocrx_word' id='word_1_817' title='bbox 1039 5444 1095 5492; x_wconf 89' lang='lat' dir='ltr'>tem</span> <span class='ocrx_word' id='word_1_818' title='bbox 1106 5440 1238 5504; x_wconf 80' lang='lat' dir='ltr'>arrhabo,</span> <span class='ocrx_word' id='word_1_819' title='bbox 1252 5440 1326 5510; x_wconf 91' lang='lat' dir='ltr'>quod</span> <span class='ocrx_word' id='word_1_820' title='bbox 1340 5443 1444 5509; x_wconf 73' lang='lat' dir='ltr'>pipam</span> <span class='ocrx_word' id='word_1_821' title='bbox 1458 5446 1549 5496; x_wconf 84' lang='lat' dir='ltr'>sonat.</span> <span class='ocrx_word' id='word_1_822' title='bbox 1565 5441 1693 5496; x_wconf 81' lang='lat' dir='ltr'>Arrhabo</span> <span class='ocrx_word' id='word_1_823' title='bbox 1704 5443 1784 5497; x_wconf 88' lang='lat' dir='ltr'>enim</span> <span class='ocrx_word' id='word_1_824' title='bbox 1799 5442 1849 5500; x_wconf 77' lang='lat' dir='ltr'>su·</span> 
     </span>
     <span class='ocr_line' id='line_1_60' title="bbox 205 5520 1850 5602; baseline 0.009 -28"><span class='ocrx_word' id='word_1_825' title='bbox 205 5520 307 5592; x_wconf 87' lang='lat' dir='ltr'>spiritu</span> <span class='ocrx_word' id='word_1_826' title='bbox 319 5521 544 5592; x_wconf 88' lang='lat' dir='ltr'>repromissionis</span> <span class='ocrx_word' id='word_1_827' title='bbox 559 5527 665 5577; x_wconf 87' lang='lat' dir='ltr'>sancto.</span> <span class='ocrx_word' id='word_1_828' title='bbox 680 5524 798 5581; x_wconf 86' lang='lat' dir='ltr'>Videtur</span> <span class='ocrx_word' id='word_1_829' title='bbox 812 5531 906 5582; x_wconf 85' lang='lat' dir='ltr'>autera</span> <span class='ocrx_word' id='word_1_830' title='bbox 918 5529 1000 5598; x_wconf 79' lang='lat' dir='ltr'>juxta</span> <span class='ocrx_word' id='word_1_831' title='bbox 1039 5534 1109 5583; x_wconf 86' lang='lat' dir='ltr'>turae</span> <span class='ocrx_word' id='word_1_832' title='bbox 1124 5526 1260 5598; x_wconf 90' lang='lat' dir='ltr'>emptioni</span> <span class='ocrx_word' id='word_1_833' title='bbox 1275 5528 1356 5599; x_wconf 87' lang='lat' dir='ltr'>quasi</span> <span class='ocrx_word' id='word_1_834' title='bbox 1371 5529 1511 5602; x_wconf 90' lang='lat' dir='ltr'>quoddam</span> <span class='ocrx_word' id='word_1_835' title='bbox 1524 5529 1718 5586; x_wconf 79' lang='lat' dir='ltr'>testiinonium</span> <span class='ocrx_word' id='word_1_836' title='bbox 1732 5538 1764 5587; x_wconf 88' lang='lat' dir='ltr'>et</span> <span class='ocrx_word' id='word_1_837' title='bbox 1773 5531 1850 5590; x_wconf 89' lang='lat' dir='ltr'>obli-</span> 
     </span>
    </p>
   </div>
   <div class='ocr_carea' id='block_1_3' title="bbox 0 0 1907 6116">
    <p class='ocr_par' dir='ltr' id='par_1_3' title="bbox 0 0 1907 6116">
     <span class='ocr_line' id='line_1_61' title="bbox 0 0 1907 6116; baseline 0 0"><span class='ocrx_word' id='word_1_838' title='bbox 0 0 1907 6116; x_wconf 95' lang='lat' dir='ltr'> </span> 
     </span>
    </p>
   </div>
  </div>
 </body>
</html>
