3772 6120
72 270 113 328 ul
306 271 596 328 ENARRATIONUM
615 273 654 328 IN
674 272 750 328 EPP.
771 273 879 328 PAULI
898 274 968 329 LIB.
989 274 1036 329 XI.
1059 301 1091 314 ·-
1111 273 1151 328 IN
1170 271 1281 328 EPIST.
1303 271 1382 327 lau
1402 269 1483 326 COR.
1665 269 1717 327 lut

71 399 229 460 eoiololur,
245 396 318 473 quia
330 414 382 468 per
391 397 522 468 hocquod
532 398 702 478 inpraesenti
715 398 819 452 inundo
834 399 875 452 ni·
883 399 1038 459 Aeflrcitur
1052 405 1215 470 serpentum
1230 414 1262 451 ac
1281 397 1423 461 terarum;
1442 412 1493 451 nec
1504 397 1662 467 expavescit
1675 397 1717 450 rir

71 485 105 539 bil
114 485 230 554 appetit
248 485 378 539 insidere
390 486 508 539 terrenis
518 485 691 540 successibus
702 487 804 552 nescit3
823 504 878 540 uon
920 487 981 553 iste,
992 489 1066 558 quod
1079 504 1142 542 cum
1159 503 1191 541 eo
1202 487 1259 539 sint
1270 486 1335 538 serae
1347 485 1375 538 in
1391 501 1456 538 arca
1472 503 1477 536 :
1495 485 1552 538 imo
1566 485 1613 540 ubi
1634 502 1718 556 agno·

72 576 198 642 trostmar.
221 573 293 644 quia
311 591 376 627 curu
391 575 538 645 pronrium
555 575 671 628 internae
686 574 879 629 retributionis
920 578 972 631 scit
986 577 1112 630 ordinem
1128 593 1210 630 suurn
1226 574 1331 633 feritas,
1348 574 1414 644 quia
1425 590 1454 626 se
1475 574 1604 643 cognovit
1617 574 1718 628 buma-

71 662 148 715 anxia
159 661 321 727 desiderat,
333 663 496 717 debonisse
509 663 691 717 exterioribus
702 657 877 718 nunexaltat.
918 666 1002 730 nitas,
1019 672 1048 718 et
1067 664 1178 735 jubenti
1204 663 1311 717 homini
1335 661 1478 727 obediunt,
1495 663 1562 732 quia
1574 663 1717 717 bominem

72 752 126 805 il'oa
142 755 206 818 opit
223 768 386 821 perpererit,
412 753 479 822 quia
504 769 559 822 quo
578 769 607 806 se
623 753 651 806 in
670 753 761 806 solum
785 753 835 806 Dei
848 769 880 806 ac
920 754 1057 825 superiori
1086 754 1200 807 domino
1224 752 1350 806 obedisse
1376 757 1555 821 cognoscunt,
1574 757 1717 806 ostensum

74 839 190 910 proximi
206 856 339 893 amorem
354 840 464 907 dilatat,
476 841 807 911 quidquidarectitudine
821 841 879 894 dis·
920 851 972 909 est,
988 844 1017 897 in
1036 844 1106 905 Noe,
1123 842 1189 914 quid
1208 842 1298 895 lldam
1320 847 1490 911 preceptum
1514 841 1718 894 contemnendo

74 935 176 998 crepat.
197 929 326 998 ignorat.
349 929 413 984 Non
429 935 464 983 erl
477 931 630 995 retributore,
647 929 880 1000 quiaquoarden-
922 932 1084 1003 perdiderit,
1101 937 1129 985 et
1141 932 1364 984 demonstratum
1381 936 1424 983 est
1437 946 1517 999 posse
1527 929 1655 983 homines
1669 929 1718 983 be·

75 1026 115 1070 ter
124 1018 204 1071 intus
215 1018 253 1071 ad
268 1035 321 1071 sua
337 1019 450 1088 satagit,
464 1019 702 1073 lorasnullotenus
713 1018 805 1072 aliena
817 1035 881 1072 con-
921 1022 981 1075 stiis
995 1021 1081 1075 etiarn
1100 1020 1249 1083 dominari,
1265 1019 1288 1072 si
1307 1019 1429 1072 subdant
1447 1017 1636 1071 obedientiam
1656 1034 1719 1071 con-

76 1107 200 1177 cupiscit.
221 1107 285 1160 !l'orr
302 1111 403 1176 querit
427 1125 486 1176 qua
508 1124 560 1161 ruo
582 1113 658 1173 sunl,
679 1107 746 1178 quia
770 1114 879 1172 cuncta,
921 1110 1014 1164 ditori.
1037 1111 1184 1180 Exspectat
1198 1106 1717 1173 ettoleratsanctusistelinemdiluvii‚

78 1211 134 1264 que
147 1193 195 1246 hic
223 1193 390 1248 transitoria
410 1194 534 1265 possedit
559 1195 635 1249 velut
648 1196 741 1249 aliena
752 1196 879 1265 negligit,
921 1215 971 1252 nec
984 1205 1135 1268 antequam
1152 1194 1491 1250 finiaturcausalerarum
1508 1211 1573 1248 arca
1586 1194 1719 1265 relinqui·

78 1299 136 1336 eum
150 1283 224 1336 nihil
244 1282 298 1336 sibi
310 1300 372 1337 esse
388 1284 544 1355 proprium,
557 1284 611 1338 rrisi
625 1285 699 1355 quod
715 1302 809 1339 secum
820 1301 881 1355 per·
921 1294 976 1341 tur.
987 1285 1199 1340 Toleratbonus
1210 1286 1293 1348 mola,
1310 1292 1338 1338 et
1349 1284 1474 1338 donecin
1487 1285 1541 1337 line
1560 1285 1646 1338 etiam
1660 1299 1719 1337 cor·

80 1373 353 1442 maneat,agnosclt.
371 1374 433 1426 Non
450 1376 594 1439 irritetur,
612 1373 881 1444 quiactinjuriisla·
921 1393 988 1448 pore
1004 1382 1150 1446 separetur
1171 1374 1247 1428 intus
1267 1390 1384 1428 inanens
1411 1373 1503 1435 corde,
1520 1389 1576 1426 non
1603 1388 1719 1443 corpore
1784 1366 1788 1379 ⁴

80 1460 185 1525 cessitis,
197 1460 234 1513 ad
250 1461 344 1515 nullos
358 1477 388 1514 se
400 1460 515 1515 ultionis
521 1478 577 1516 sure
585 1468 678 1516 motus
690 1462 800 1527 excitat,
812 1462 880 1516 dum
921 1471 1078 1536 separatur.
1096 1464 1124 1518 Si
1145 1480 1236 1534 qirries
1251 1464 1346 1516 anima
1359 1479 1420 1533 quae
1435 1461 1720 1533 cupispossiderevir-

83 1549 244 1620 promagnis
250 1548 397 1603 laboribus
414 1551 523 1619 majora
532 1557 596 1621 post
604 1551 720 1621 praemia
729 1555 880 1621 exspectat.
922 1560 1012 1608 tutem
1027 1553 1253 1622 charitatisque
1268 1552 1363 1605 omnia
1375 1551 1486 1615 tolerat,
1499 1551 1625 1620 relinque
1636 1566 1719 1603 urun-

84 1638 137 1691 .l'on
151 1641 253 1705 oiqr'tot
269 1641 387 1699 oriolum,
403 1638 469 1708 quia
484 1639 511 1691 in
526 1655 622 1692 amore
637 1639 782 1693 niunditiee
801 1656 880 1693 men·
922 1642 1000 1706 duni,
1017 1643 1134 1710 conflige
1153 1641 1187 1694 ad
1202 1641 1291 1694 crucis
1306 1641 1422 1709 lignum,
1432 1656 1487 1692 non
1499 1647 1607 1693 metuas
1617 1638 1721 1709 procel-

84 1734 134 1779 ltffl
148 1725 366 1792 SOlid81¹S‚du¹11
382 1743 465 1780 omne
480 1727 575 1780 Odium
587 1728 879 1791 rttdicituseruitffer-
891 1724 912 1783 Β
924 1732 964 1784 las
983 1731 1148 1784 etturlrines
1163 1731 1246 1800 lruJus
1262 1729 1369 1789 diluvii,
1390 1746 1446 1782 non
1461 1729 1597 1798 mergeris
1610 1728 1721 1798 siligne

84 1815 174 1867 sarain
183 1814 363 1886 animoquod
372 1815 503 1886 inquinat
513 1815 610 1870 nescit.
624 1818 790 1886 il'oaqoodel
799 1834 881 1886 scorrer
922 1819 1088 1891 portaberis,
1099 1818 1396 1888 noritgubernarequi
1409 1817 1541 1886 dignatus
1554 1824 1596 1870 est
1608 1833 1719 1881 creare;

85 1906 269 1972 iniquitatem,
286 1903 354 1974 quia
363 1921 419 1974 quo
430 1904 489 1958 sola
498 1904 646 1960 dilectione
656 1921 723 1973 erga
734 1922 831 1958 omnes
842 1905 882 1958 iu·
924 1915 1035 1963 tanturn
1051 1907 1125 1961 adsit
1139 1908 1228 1961 sirtim
1246 1906 1401 1969 charitatis
1419 1905 1590 1976 quaomnia
1608 1906 1719 1969 tolerat,

85 1991 654 2063 cheat,necdeperditioneadversantiurn
669 1995 800 2048 exsultat.
815 1995 883 2049 Coa·
923 1998 1001 2051 nulla
1026 2014 1070 2050 res
1096 1996 1181 2051 teob
1203 2014 1274 2049 arca
1297 1995 1437 2049 soliditate
1462 1995 1570 2060 evellat,
1587 2010 1721 2064 permane

85 2082 285 2148 ooomloolcm
300 2085 426 2145 err-itali,
452 2082 517 2152 qula
536 2090 566 2136 ut
580 2100 608 2136 se
623 2090 737 2137 caeteros
752 2083 880 2153 diligenS,
923 2086 1012 2141 bonus
1028 2087 1159 2140 ettolera
1183 2087 1289 2139 malos:
1307 2084 1408 2138 tirellus
1437 2090 1480 2137 est
1503 2084 1579 2137 enim
1596 2090 1628 2137 ut
1646 2084 1723 2137 intus

85 2186 131 2240 per
143 2170 196 2223 hoc
211 2170 288 2241 quod
304 2178 413 2225 rectum
429 2171 457 2225 in
471 2171 761 2243 aliisconspicitquasi
771 2173 805 2226 dc
816 2188 883 2241 aug·
924 2176 1031 2246 positus
1059 2184 1175 2247 propter
1201 2174 1288 2228 bonos
1304 2174 1407 2227 toleres
1432 2173 1529 2237 malos,
1547 2188 1632 2242 quam
1648 2172 1722 2225 sorae

86 2266 173 2312 mento
180 2259 290 2329 proprii
306 2259 449 2329 profectus
462 2259 611 2314 hilarescit.
629 2260 724 2330 (Ario.)
738 2261 815 2315 lnter
829 2278 882 2314 cae·
924 2265 1018 2318 exiens
1025 2269 1053 2318 et
1058 2264 1205 2335 perienset
1215 2263 1302 2315 bonos
1312 2262 1456 2332 relinquas
1468 2268 1496 2314 et
1503 2261 1601 2314 rnalos.
1616 2259 1645 2313 Si
1655 2275 1722 2329 ergo

85 2356 153 2400 teras
162 2348 284 2401 virtutes
295 2349 357 2417 ejus
368 2365 439 2418 quas
449 2355 651 2402 commemorat
658 2350 800 2419 apostolus
813 2351 884 2403 Pau·
924 2359 991 2407 sunt
1009 2359 1101 2407 tecum
1115 2353 1189 2416 sero,
1208 2351 1235 2404 id
1256 2357 1307 2407 cst.
1321 2350 1344 2402 si
1353 2358 1419 2403 sunt
1432 2357 1525 2403 tecum
1546 2349 1575 2401 in
1591 2347 1721 2414 Ecclesia,

85 2436 352 2507 lus,quodcliorilos
365 2441 880 2507 nonorriolotur,cronopilperperom,
925 2442 1155 2512 praradocentes,
1165 2441 1235 2493 salsa
1245 2439 1397 2493 sentientes
1407 2437 1578 2491 lrmreticirel
1587 2437 1723 2490 schisma·

85 2541 132 2578 aare
148 2527 883 2597 irroratur,noricoqrtotmotometc.Inultimoqua·
919 2531 983 2594 tici,
999 2537 1048 2583 aut
1076 2530 1161 2582 etiam
1184 2528 1236 2599 ipsi
1260 2527 1327 2581 mali
1353 2526 1492 2591 catholici,
1508 2542 1585 2579 more
1600 2525 1723 2578 ferarum

84 2622 142 2667 tuor
155 2616 220 2684 eJ‘us
236 2614 356 2668 iirtutes
372 2614 593 2685 comprehendit,
609 2616 718 2669 dicens:
733 2616 833 2670 Oinaio
848 2623 885 2670 lo-
925 2619 1034 2673 animas
1049 2618 1181 2671 devorare
1201 2616 1397 2687 querentium,
1413 2617 1569 2668 tolerentur
1583 2630 1671 2684 usque
1688 2613 1723 2666 ad

83 2706 157 2767 leret,
176 2706 277 2756 orriolo
296 2705 391 2765 credit,
409 2707 504 2758 ararnio
523 2708 736 2773 operatoriam
755 2709 881 2770 stistinet,
925 2709 1010 2762 finem
1027 2707 1129 2767 saeculi,
1146 2713 1280 2776 tanquam
1296 2707 1380 2758 linem
1388 2703 1494 2765 diluvii,
1505 2704 1618 2773 rugiant
1627 2702 1725 2756 licctet

83 2794 204 2846 claritas
220 2808 369 2861 nusquam
379 2793 538 2847 exordialix
549 2792 593 2846 his
607 2793 694 2863 igitur
704 2795 885 2864 quatuorrir·
925 2798 1047 2851 frement
1062 2795 1202 2859 dentibus,
1232 2801 1316 2864 atque
1330 2793 1419 2863 ipsam
1433 2809 1526 2846 aream
1547 2791 1740 2867 confringere·

81 2880 188 2935 tutibus
203 2882 310 2935 sanctae
336 2881 483 2935 charitatis
503 2883 579 2954 loqui
597 2883 727 2936 convenit
741 2884 883 2937 sanctitati
924 2891 1070 2947 conentur,
1088 2901 1143 2938 non
1152 2900 1325 2954 expavescas,
1338 2882 1417 2936 finito
1432 2882 1535 2936 diluvio
1554 2881 1617 2934 illos
1632 2880 1725 2950 capiat
1789 2868 1794 2875 ⁸

81 2977 188 3031 restrae,
204 2970 384 3041 delectatque
395 2971 883 3042 prirnitusintueriquemadmodum
925 2974 1017 3028 inanis
1036 2973 1149 3044 spinosa
1167 2973 1245 3037 silra,
1261 2978 1288 3025 te
1303 2971 1402 3024 fertilis
1421 2970 1537 3042 suscipit
1556 2977 1641 3023 terra.
1658 2970 1725 3023 Post

80 3060 154 3113 relut
164 3068 291 3130 quatuor
300 3059 429 3114 cardines
437 3059 511 3114 orbis
522 3060 676 3125 continens,
688 3068 778 3115 totum
790 3043 915 3132 posse·C
927 3064 1010 3116 linem
1023 3062 1115 3116 saculi
1131 3061 1210 3132 impii
1219 3060 1363 3131 rapientur
1377 3060 1412 3113 ad
1425 3058 1555 3113 tenebras
1562 3058 1723 3123 exteriores,

80 3149 153 3203 derit
168 3149 321 3202 mundum.
343 3149 530 3218 Requiramus
544 3149 633 3220 igitur
647 3150 669 3203 si
681 3150 885 3220 placetaliquo·
927 3152 964 3205 ilii
981 3159 1024 3205 est
1034 3151 1117 3205 lletus
1134 3158 1162 3203 et
1177 3150 1281 3203 stridor
1294 3148 1431 3213 dentium,
1447 3149 1508 3219 pios
1520 3148 1637 3218 suscipit
1650 3153 1726 3200 terra

81 3254 142 3290 rum
153 3238 287 3308 exempla
298 3245 469 3302 sanctorum,
481 3254 579 3291 eorum
590 3238 698 3293 scilicet
714 3239 762 3309 qui
775 3238 818 3291 his
833 3238 886 3291 rir·
907 3266 913 3278 ·
926 3241 1079 3294 virentium
1094 3259 1098 3290 :
1111 3256 1177 3292 uum
1195 3239 1287 3309 etipse
1295 3243 1408 3292 sanctus
1422 3239 1481 3291 Noe
1491 3236 1726 3309 postsmemdilu-

80 3325 189 3380 tutibus
204 3334 309 3380 sanctae
323 3326 469 3380 charitatis
485 3327 604 3397 possessi
616 3333 691 3392 sunt,
704 3327 778 3381 eteis
788 3327 885 3397 singu·
927 3330 963 3383 rii
980 3328 1082 3383 obtulit
1092 3327 1429 3389 sacrificiumDeo,sedde
1440 3324 1727 3380 animalibusmuadis

81 3415 123 3471 lis.
134 3416 178 3469 ita
189 3415 626 3484 singulatribuamus,ut0mnes
642 3416 671 3469 in
685 3415 815 3469 omnibus
825 3433 886 3471 esse
926 3417 1197 3483 nondeimmundis3
1215 3416 1298 3470 simul
1313 3416 1535 3470 enimetmunda
1545 3415 1728 3469 etimuiunda

80 3505 386 3568 noscamusQuoniom
393 3504 484 3557 omnis
490 3505 536 3575 qui
544 3504 696 3575 pietolerat
706 3512 780 3558 recte
786 3505 884 3570 credit,
927 3506 1061 3559 animalia
1074 3505 1102 3559 in
1120 3521 1185 3558 arca
1201 3512 1299 3559 natare
1312 3511 1475 3575 potuerunt,
1485 3504 1532 3556 sed
1545 3503 1612 3556 mali
1626 3503 1660 3555 ad
1676 3501 1726 3559 Dei

80 3601 108 3647 et
117 3593 214 3647 omnis
224 3593 354 3664 quirectc
364 3593 453 3646 credit
462 3593 568 3664 aliquid
585 3600 688 3664 sperat,
698 3600 727 3646 ct
736 3593 783 3664 qui
792 3599 887 3664 sperat
928 3595 1095 3648 sacrificium
1108 3610 1164 3647 rron
1176 3593 1430 3664 pervenerunt.Sed
1438 3590 1727 3662 jamhinealiquando

83 3683 205 3737 sustinet
214 3699 252 3736 ne
262 3681 367 3752 absspe
378 3681 594 3752 cadatsedjam
602 3682 717 3752 quinam
724 3682 769 3736 isti
778 3683 887 3736 suntvi-
927 3691 1114 3750 transcamus,
1132 3689 1165 3735 ut
1179 3689 1280 3735 caetera
1294 3681 1463 3751 perscrutari
1487 3681 1638 3733 valeamus.
1658 3680 1727 3732 Pro-

82 3771 342 3842 deamus,quorum
352 3771 436 3825 fidem
448 3771 477 3824 in
491 3778 628 3841 quantum
643 3771 763 3842 desuper
775 3772 888 3841 adjura·
928 3773 1044 3827 cedatin
1063 3772 1188 3824 medium
1203 3777 1317 3823 sanctus
1329 3769 1375 3822 ille
1396 3768 1548 3832 Abraham,
1569 3772 1598 3819 et
1612 3782 1663 3819 suo
1677 3783 1728 3820 nos

84 3877 158 3923 mur,
172 3861 287 3931 assequi
303 3861 453 3914 valeamus.
463 3861 560 3915 Virtus
570 3860 784 3930 charitatisque
793 3861 888 3914 omnia
929 3862 1029 3915 doceat
1043 3861 1169 3931 exemplo
1186 3858 1326 3929 possidere
1347 3857 1479 3910 virtutem
1495 3855 1649 3920 charitatis,
1667 3871 1728 3925 quae

85 3950 198 4014 tolerat,
216 3949 334 4003 emicuit
344 3949 372 4002 in
383 3955 479 4003 sancto
490 3950 566 4016 Noe,
588 3949 754 4020 quaomnia
765 3949 888 4003 creditin
928 3951 1024 4004 onmia
1037 3948 1134 4013 credit,
1151 3948 1197 4019 qui
1216 3964 1270 4000 nean
1291 3951 1334 4000 est
1361 3950 1509 3999 cunctatus
1525 3945 1558 3998 ad
1580 3960 1665 3997 unam
1679 3959 1728 3996 ro-

85 4046 183 4093 sancto
192 4037 352 4095 Abraham:
378 4039 543 4108 quaeomnia
559 4037 690 4108 speratin
701 4037 830 4092 Patribus
840 4055 889 4092 no·
928 4039 1067 4093 cationcm
1081 4037 1239 4106 relinquere
1251 4035 1382 4106 patriam,
1397 4035 1502 4099 sedem,
1512 4035 1638 4096 domum,
1649 4031 1729 4085 sarrai·

85 4128 160 4193 stris,
170 4126 200 4180 id
212 4127 307 4193 estin
318 4128 420 4198 populo
431 4126 681 4196 lsraelUndeipse
689 4134 784 4180 noster
792 4127 888 4180 exhor·
930 4129 1006 4191 liam,
1024 4127 1118 4181 omnia
1141 4125 1339 4195 relinquuntur
1363 4129 1395 4176 ut
1416 4124 1534 4177 Domino
1559 4121 1729 4194 proripienti

85 4223 161 4270 tatus
169 4216 372 4281 estDominus;
385 4232 447 4286 quae
455 4216 549 4269 omnia
560 4215 680 4269 sustinet
688 4215 716 4268 in
725 4216 785 4286 ipso
798 4217 888 4286 capite
931 4222 1072 4287 pareatur.
1102 4215 1163 4279 Eoi,
1180 4213 1272 4284 inquit
1291 4213 1317 4266 ei
1342 4214 1426 4275 Deus,
1443 4214 1474 4265 de
1495 4215 1654 4281 cogitatione
1670 4217 1728 4277 eoo,

87 4312 184 4359 nomo
200 4303 324 4359 Domino
337 4305 350 4357 J
354 4320 403 4358 esu
414 4303 535 4367 Christo,
557 4305 604 4375 qui
621 4308 664 4357 cst
676 4320 742 4357 rera
754 4304 886 4369 charitas,
930 4311 954 4358 ct
968 4307 1000 4358 dc
1013 4306 1092 4358 emino
1106 4310 1160 4367 too,
1179 4309 1203 4357 et
1217 4305 1281 4356 areni
1301 4305 1331 4355 io
1347 4308 1452 4356 terreor
1466 4316 1659 4369 erroneamque
1680 4300 1731 4352 tibi

86 4411 147 4464 qnae
157 4409 307 4464 nunquam
318 4393 462 4458 cadit,nee
478 4399 713 4447 caeterossanctos
727 4391 762 4446 ab
779 4370 1069 4447 hierio-Docleadero
1099 4393 1173 4453 (Gerr.
1204 4395 1261 4459 xn).
1292 4391 1349 4444 Nec
1373 4388 1447 4459 apim
1476 4405 1505 4440 se
1535 4388 1587 4440 iste
1618 4392 1731 4440 sanctus

86 4482 198 4537 tutibus
228 4487 321 4536 restra
339 4482 461 4535 charitas
482 4482 598 4553 deputet
618 4481 735 4547 alienos,
753 4498 823 4551 quos
838 4498 888 4552 pro
929 4482 1070 4552 cogitarit,
1089 4487 1138 4534 aut
1150 4480 1229 4545 dixit,
1246 4495 1300 4549 quo
1316 4478 1399 4531 carn?
1412 4477 1456 4530 cui
1474 4492 1518 4529 mc
1534 4473 1728 4528 committam:

89 4570 227 4625 bresitate
252 4571 398 4642 temporis,
414 4576 443 4624 et
469 4587 519 4641 pro
544 4587 672 4624 sermone
696 4576 835 4640 suscepto,
851 4570 892 4624 ita
933 4570 962 4624 in
978 4587 1062 4641 quam
1077 4577 1182 4623 terram
1199 4567 1318 4620 radam?
1346 4565 1394 4618 sed
1409 4564 1506 4617 statim
1521 4563 1608 4627 audit,
1629 4563 1729 4632 surgit,

88 4658 296 4730 praetenmssos
317 4675 378 4712 esse
398 4658 565 4730 cognoscite,
586 4664 723 4712 attamen
735 4658 891 4712 certissime
932 4659 1029 4721 currit,
1047 4658 1169 4717 festinat,
1186 4654 1332 4708 accelerat
1353 4653 1470 4706 Terram
1491 4652 1659 4723 promissam
1674 4668 1730 4705 non

88 4749 234 4811 noveritis,
265 4764 362 4801 omues
387 4764 449 4801 csse
470 4748 500 4801 in
519 4747 640 4811 Christo,
656 4753 684 4800 et
708 4747 736 4799 in
760 4746 890 4801 omnibus
932 4747 1016 4807 videt,
1033 4745 1081 4799 scd
1097 4742 1235 4798 credendo
1250 4757 1312 4795 earn
1327 4741 1447 4794 firmiter
1459 4746 1547 4805 tenet,
1558 4739 1731 4794 ambulatre·

89 4839 245 4892 Cbmstum.
267 4837 320 4891 Sed
334 4838 395 4907 iam
408 4836 554 4890 rideamus
572 4835 809 4906 quemadmodum
825 4852 889 4889 san-
931 4844 976 4890 cto
991 4835 1101 4896 itinere,
1121 4849 1172 4885 nec
1196 4829 1391 4884 oberrantibus
1411 4830 1536 4900 vestign'is
1551 4829 1628 4893 alibi,
1646 4845 1731 4900 quam

90 4936 151 4981 ctus
167 4927 230 4981 Noe
243 4926 411 4996 possederit,
428 4924 470 4978 vel
484 4941 629 4996 possessus
643 4924 890 4978 sitrirtutcchari·
932 4923 1028 4978 debuit
1042 4920 1204 4976 declinarit:
1222 4919 1288 4990 quia
1303 4919 1423 4989 quicum
1439 4919 1474 4972 ad
1489 4919 1614 4988 ignotam
1625 4925 1731 4971 terram

90 5017 165 5075 tatis,
182 5031 246 5086 quae
262 5015 359 5068 omnia
374 5013 743 5073 tolerat.PraedixiteiDcus,
757 5013 890 5083 quodini-
932 5011 1071 5077 mittebat,
1087 5011 1146 5081 ipse
1175 5009 1222 5080 qui
1253 5008 1391 5068 mittebat,
1414 5024 1470 5061 non
1494 5006 1663 5067 dimittebat,
1681 5023 1731 5060 nec

89 5106 193 5177 quitata
209 5105 360 5158 bominum
383 5110 524 5156 crescente
546 5102 650 5155 diluvio
666 5102 796 5172 perderet
810 5119 890 5156 mun·
932 5117 997 5154 euin
1013 5101 1072 5171 ipse
1094 5098 1200 5164 fefellit,
1217 5098 1345 5152 redditur
1361 5114 1467 5150 merces
1483 5095 1617 5161 credenti,
1630 5095 1663 5148 ud
1676 5102 1731 5150 ter·

88 5195 162 5257 dum,
182 5193 283 5248 statim
297 5192 346 5246 ille
360 5191 522 5246 admonitus
535 5189 661 5260 confugit
679 5190 714 5244 ad
726 5191 845 5261 lignum,
862 5197 891 5244 et
931 5206 992 5243 ram
1007 5188 1143 5260 pervenit,
1163 5187 1307 5251 dilatatur,
1324 5185 1538 5255 multiplicatur,
1559 5200 1592 5237 ex
1606 5200 1730 5255 paupere

89 5292 148 5353 post
159 5298 331 5354 camporum
347 5296 523 5334 amoenorum
538 5279 638 5334 faciem
651 5279 789 5349 angustiis
804 5296 833 5333 se
844 5296 890 5332 re·
931 5278 1050 5332 efficitur
1063 5277 1149 5343 dives,
1164 5293 1197 5330 ex
1219 5275 1335 5346 ignobili
1354 5280 1462 5345 potens,
1479 5272 1586 5326 ditatur
1599 5273 1730 5328 omnibus

90 5374 171 5428 dudit
182 5390 267 5439 arcae,
279 5370 388 5425 tolerat
405 5368 466 5422 coeli
490 5369 643 5437 fremitum,
668 5368 791 5423 sonitum
806 5384 890 5439 aqua-
932 5365 1022 5433 bonis,
1035 5372 1064 5419 et
1077 5365 1160 5419 inillo
1169 5364 1303 5436 impletur
1315 5361 1534 5435 quedDominus
1540 5361 1569 5416 in
1580 5362 1729 5432 Evangelio

12 5512 14 5519 .
91 5478 155 5530 rum,
172 5463 323 5535 fragorem
336 5457 509 5524 nimborum,
521 5457 837 5529 etpostistaomniaqui
848 5473 891 5510 so
931 5456 990 5510 suis
1004 5454 1147 5525 discipulis
1168 5453 1306 5526 promisit,
1327 5451 1422 5505 dicens
1440 5469 1446 5504 :
1466 5449 1574 5520 Siquis
1588 5453 1728 5504 dimiserit

89 5552 256 5625 letgaudere
266 5546 890 5618 consertiohominum,sociusquodammodo
930 5547 1111 5610 dornom,oul
1121 5546 1290 5611 corrrmout
1299 5545 1425 5610 parentes
1435 5542 1648 5595 eoosonomr'nis
1663 5540 1724 5597 mei,
1739 5534 1752 5559 ⁸
