3772 6120
117 300 186 358 1183
416 302 448 356 Β.
468 300 604 357 esum
622 300 738 357 usum
756 300 924 388 assume.
944 299 1106 356 MOGUNT.
1125 297 1274 354 OPERUM
1292 296 1385 353 PARS
1403 296 1453 353 111.
1694 292 1760 349 titt

119 426 377 490 clementissimum,
392 426 445 481 hoc
465 433 516 492 est,
542 426 699 481 clarissima
721 432 826 491 mente,
850 422 1016 497 quiaAlss.)
1032 425 1066 479 Et
1080 430 1195 496 propter
1214 424 1286 477 hanc
1309 424 1480 479 sententiam
1502 421 1642 477 debemus
1667 435 1762 475 omues

119 516 178 586 ipse
205 514 376 568 clarissimus
398 521 441 569 θεῖ
466 521 559 569 mente
581 521 609 569 et
637 515 916 570 misericordissimus
958 531 1009 585 pro
1024 531 1057 567 eo
1072 531 1154 567 orare
1169 513 1217 583 qui
1233 513 1323 567 eidem
1336 518 1439 584 praeest
1454 511 1595 567 Ecclesia.
1615 508 1761 566 «Erana

44 592 53 607 ⁸
118 603 211 668 corde,
239 604 340 658 etheo
363 605 436 675 quod
462 604 580 658 dicimus
608 621 672 659 eum
696 605 915 671 misericordem,
958 604 1023 657 stite
1037 602 1243 657 nostrozshoc
1252 609 1304 666 est,
1316 619 1366 674 pro
1377 602 1507 673 episeopo
1517 606 1628 666 nostro,
1646 599 1760 669 incujus

45 746 49 755 ,
119 709 175 747 non
185 691 318 747 debemus
328 693 511 765 corporaliter
525 693 689 764 intelligere,
700 693 774 766 quod
784 692 917 748 membris
958 692 1211 764 parochiasumus;
1228 709 1278 763 pro
1292 692 1352 763 ipso
1363 708 1443 745 orare
1458 689 1606 754 debemus,
1625 688 1693 760 quia
1704 689 1758 760 ipse

118 782 258 853 corporeis
266 783 309 836 rel
318 783 401 837 corde
411 788 558 837 autmente
567 783 603 837 sit
612 783 783 854 compositus
790 783 863 837 sicut
869 783 918 836 lro-
958 789 1001 837 est
1016 787 1112 853 pastor
1124 780 1252 837 Ecclesiae
1266 788 1295 835 et
1310 781 1478 852 praedicator
1490 784 1600 834 noster.
1618 780 1755 843 Memento,

118 887 175 933 mo,
192 871 241 925 sed
255 871 318 925 idea
328 872 495 926 clementem
511 889 576 926 eum
590 878 620 926 et
635 871 845 926 misericordem
863 872 917 927 cla·
958 874 1081 936 Domine,
1098 873 1272 939 initiatorum
1286 873 1517 938 famularumque
1535 874 1656 922 tuarum
1670 873 1693 922 ct
1706 884 1757 922 om·

119 976 239 1026 mamm,
254 960 321 1030 quia
333 960 380 1014 ille
395 961 562 1015 naturaliter
571 961 634 1032 pius
644 966 673 1015 et
686 960 854 1025 misericors
871 976 918 1031 pa·
959 963 1037 1014 nium
1053 962 1325 1014 circumastantium.
1353 959 1490 1013 Sacerdos
1510 963 1578 1012 ante
1602 956 1693 1011 orant
1711 972 1756 1028 pro

119 1054 198 1103 ratus
212 1055 256 1103 est
268 1065 378 1120 semper
401 1050 502 1117 adnos
517 1050 674 1113 salvandos,
690 1050 714 1103 si
729 1050 764 1103 acl
779 1066 844 1103 curri
858 1054 918 1102 toto
960 1049 1111 1120 apostolico
1124 1054 1154 1103 et
1167 1048 1297 1120 episcopo
1312 1064 1362 1104 suo
1375 1066 1382 1101 t
1393 1049 1417 1102 si
1429 1049 1579 1119 episcopus
1590 1047 1706 1100 missam
1718 1063 1755 1102 ee·

120 1138 211 1203 eorde,
232 1144 309 1191 recta
331 1139 386 1192 side
410 1145 438 1193 et
458 1139 540 1193 bonis
562 1137 692 1210 operibus
719 1138 917 1192 convertimur.
961 1137 1059 1202 lebret,
1076 1155 1126 1209 pro
1141 1138 1267 1193 antistite
1280 1143 1377 1193 nostro
1401 1139 1494 1193 dicere
1508 1153 1567 1191 non
1584 1135 1678 1199 debet,
1697 1136 1754 1206 quis

119 1228 171 1280 Per
197 1228 288 1280 iesum
312 1227 452 1281 Christum
480 1229 585 1282 Filium
617 1233 706 1281 tuum
737 1229 814 1281 iesus
840 1226 918 1281 Gra·
960 1244 1019 1298 ipse
1034 1227 1151 1282 antistes
1166 1231 1218 1282 est.
1237 1227 1265 1282 Si
1281 1227 1427 1298 presbpter
1439 1227 1557 1280 missam
1571 1223 1703 1289 celebrat,
1713 1223 1752 1279 ille

120 1332 160 1381 ce,
187 1315 285 1369 Latine
312 1316 435 1370 salrator
455 1317 511 1370 sire
533 1316 665 1370 salutaris
686 1315 797 1370 dicitur.
822 1315 918 1370 Salva·
960 1316 1044 1370 debet
1057 1316 1150 1370 dicere
1164 1333 1215 1388 pro
1234 1316 1361 1370 antistite
1376 1317 1559 1371 nostratem
1581 1320 1693 1368 orabam
1714 1318 1750 1368 est

119 1409 174 1469 tar,
184 1420 217 1458 eo
227 1405 302 1475 quod
311 1405 399 1459 salvat
408 1405 543 1477 populum
552 1404 792 1476 suumapeccatis
808 1420 916 1458 eorum.
952 1421 1010 1476 ¹pro
1041 1403 1206 1470 senioribus,
1232 1410 1330 1476 postea
1350 1404 1486 1459 orandum
1512 1411 1556 1457 est
1585 1419 1638 1474 pro
1661 1403 1749 1474 populo

121 1492 186 1547 Ideo
200 1494 453 1565 salvatapeccatis,
468 1494 535 1565 quia
550 1499 718 1565 potestatem
726 1492 810 1547 habet
823 1493 920 1547 dimit-
962 1493 1073 1564 quando
1100 1492 1229 1547 sacerdos
1254 1492 1340 1546 dicit:
1364 1495 1506 1556 hlcmcnto,
1535 1493 1653 1546 Domine
1672 1494 1749 1559 samu·

121 1581 198 1636 tendi
227 1588 350 1653 peccata,
366 1584 512 1655 sicutipse
528 1583 612 1638 dixit:
637 1600 652 1636 ι
669 1584 705 1637 Ut
717 1588 811 1636 autem
826 1581 921 1636 sciatis
963 1584 1058 1634 loram
1071 1583 1301 1649 invitationemque
1323 1585 1457 1639 tuarum:
1483 1581 1655 1651 deprecatur
1673 1580 1747 1635 Deum

121 1671 188 1743 quia
200 1671 286 1725 Filius
301 1672 422 1726 hominis
432 1672 518 1727 habet
528 1677 695 1743 potestatem
707 1671 820 1726 interra
829 1670 922 1724 dimit·
963 1669 1076 1724 Patrem
1090 1676 1122 1725 ut
1135 1686 1292 1725 memorare
1302 1670 1435 1740 dignetur
1447 1670 1576 1725 omnium
1591 1670 1626 1723 ad
1641 1669 1747 1724 officinm

122 1759 201 1813 tendi
215 1767 328 1830 peccata
340 1763 447 1826 (llatth.
463 1779 501 1825 ix,
516 1760 555 1831 6).
573 1760 737 1816 »Salutaris
747 1747 952 1814 ideodiciturB
962 1758 1054 1813 misse
1068 1758 1125 1813 sire
1140 1760 1327 1814 masculorum
1344 1758 1399 1813 sire
1421 1758 1596 1813 seminarum
1617 1759 1747 1813 aduenien-

122 1847 188 1920 quia
206 1849 326 1903 salutern
339 1849 419 1904 nobis
431 1851 519 1915 dedit,
535 1850 744 1922 utsipraecepta
757 1851 819 1919 ejus
831 1865 921 1903 serra·
961 1848 1042 1902 tium.
1074 1848 1108 1902 Et
1130 1848 1203 1919 quod
1229 1848 1298 1902 dicit
1324 1851 1602 1913 circumastantium,
1626 1846 1677 1917 ipsi
1692 1853 1745 1900 sunt

122 1953 194 2004 mus,
224 1937 311 1992 ritem
340 1945 473 1993 aeternam
502 1956 601 2011 capere
630 1939 782 1994 veleamus.
816 1939 920 1992 Filium
962 1936 1079 1991 masculi
1095 1942 1124 1989 et
1137 1936 1246 1992 feminee
1264 1937 1312 2008 qui
1325 1937 1536 1991 circumastant.
1556 1935 1621 1989 lam
1634 1933 1745 1988 sacerdos

123 2032 202 2080 taum
226 2028 375 2081 ltorrn'nnm
400 2034 536 2094 nostrum,
562 2029 662 2083 Filium
684 2044 766 2081 suum
790 2026 920 2096 unigeni·
962 2025 1052 2080 orarit
1065 2042 1115 2096 pro
1132 2026 1316 2097 omnibusqni
1327 2026 1361 2080 ad
1372 2025 1541 2080 audiendam
1553 2025 1669 2079 missam
1680 2039 1744 2077 rene

120 2121 182 2168 tum
197 2113 273 2176 dicit,
289 2116 356 2186 quia
370 2116 429 2187 ipse
452 2122 496 2171 est
518 2117 679 2187 unigenitus
703 2133 736 2170 ex
763 2114 922 2170 substantia
962 2121 1037 2170 runt.
1054 2116 1132 2169 Tunc
1149 2116 1263 2169 demum
1279 2122 1342 2169 orat
1353 2132 1402 2186 pro
1417 2115 1518 2185 lrisqui
1533 2113 1685 2168 oblationes
1692 2128 1742 2165 sues

123 2203 223 2257 Patris.
240 2204 297 2258 Nos
312 2210 406 2259 autem
421 2205 471 2259 mii
486 2206 607 2276 adoptivi
628 2222 726 2259 sumus
746 2222 796 2276 per
817 2204 918 2275 ipsum,
961 2205 1090 2259 afferunt.
1108 2207 1161 2271 (tici
1180 2207 1231 2258 tihi
1252 2208 1371 2271 afferrent
1394 2205 1443 2258 hec
1461 2207 1632 2270 sacrificium
1657 2203 1738 2256 laridi.

122 2291 170 2362 qui
184 2292 346 2363 unigenitus
361 2302 404 2348 est
418 2309 435 2348 a
449 2294 532 2349 Patre
547 2294 707 2366 procedens,
716 2294 793 2348 Patri
805 2297 919 2347 coaeter·
962 2291 1135 2347 Sacrihcium
1151 2292 1219 2345 dicit
1228 2291 1327 2357 laudis,
1345 2293 1419 2362 quod
1435 2307 1486 2362 pro
1504 2292 1588 2345 laude
1602 2290 1650 2345 Ilei
1664 2287 1738 2360 impri

122 2396 184 2447 nus,
198 2385 227 2435 et
241 2381 304 2436 ideo
319 2399 369 2454 per
380 2398 445 2437 eum
470 2383 582 2438 Patrem
609 2384 752 2454 postulare
775 2381 918 2447 debemus,
960 2379 1014 2433 mis
1028 2380 1158 2445 offerunt,
1174 2384 1202 2433 et
1219 2385 1317 2451 postea
1338 2380 1429 2434 addit:
1454 2382 1508 2434 Pro
1522 2397 1549 2433 sc-
1568 2382 1674 2448 suisque
1692 2394 1735 2431 orir-

123 2469 267 2525 humiliter
292 2471 434 2526 dicentes:
463 2472 603 2541 Supplices
642 2488 772 2540 ropainus
802 2477 827 2525 ct
854 2473 921 2539 pett-
961 2470 1053 2535 nibus,
1077 2485 1129 2537 pro
1149 2470 1333 2538 redemptione
1354 2471 1519 2523 animarum
1554 2483 1676 2531 suarum,
1696 2482 1733 2534 pn

122 2575 193 2625 iniis,
211 2559 359 2631 supplices,
376 2560 470 2626 idest,
487 2562 617 2627 humiles,
636 2579 649 2613 e
670 2561 712 2615 uti
734 2568 848 2631 accepta
867 2559 919 2613 ha·
961 2574 1005 2626 spe
1019 2560 1119 2611 solutis
1139 2564 1164 2612 et
1181 2561 1382 2611 incolumitatis
1404 2575 1460 2612 sace
1484 2559 1535 2610 tihi
1561 2557 1675 2610 reddum
1690 2561 1731 2609 rote

123 2645 189 2701 beas
205 2656 233 2702 et
247 2646 404 2713 benedicas,
422 2669 436 2701 a
448 2650 499 2716 uti,
515 2650 543 2704 id
557 2657 608 2715 θεῖ,
620 2655 652 2704 ut
662 2650 782 2721 accipias
797 2655 826 2703 et
838 2649 921 2703 bene·
960 2668 1022 2718 sua,
1036 2657 1136 2705 :eterno
1156 2652 1208 2704 lieo
1222 2653 1282 2704 eico
1307 2656 1330 2704 ct
1352 2666 1423 2704 cere.
1449 2649 1517 2704 ldeo
1541 2650 1665 2712 offerunt,
1686 2647 1730 2717 qu'n

124 2735 209 2800 dicas,
224 2755 237 2788 r
250 2737 308 2791 hac
320 2738 402 2804 dona,
412 2738 604 2801 hacmunera,
613 2739 774 2794 lraecsanctu
785 2737 921 2792 sacrificia
961 2740 1021 2793 viro
1041 2745 1070 2794 et
1083 2756 1148 2793 vero
1162 2739 1220 2793 Deo
1235 2738 1359 2804 oninium
1375 2738 1444 2793 ssdes
1458 2736 1729 2793 circumastantiuue

123 2823 262 2878 illibata.»
276 2827 437 2893 Donasunt,
451 2827 795 2899 quaevolantariedamar,
804 2842 920 2881 munera
962 2835 990 2883 et
1002 2845 1057 2883 non
1072 2827 1249 2883 offerentium
1264 2829 1376 2898 cognita
1390 2833 1470 2882 estet
1483 2832 1553 2881 nota
1566 2826 1729 2891 devotionne

123 2920 190 2967 sunt
201 2929 263 2984 quae
274 2932 323 2986 pro
336 2914 429 2986 aliquo
444 2933 561 2971 munere
584 2917 627 2971 rel
649 2917 776 2970 mercede
801 2916 921 2971 ollerun·
962 2935 1011 2973 nes
1027 2919 1219 2973 reddentrota
1241 2934 1300 2982 sua,
1318 2924 1383 2971 rota
1402 2917 1535 2971 dicuntur
1554 2933 1616 2986 que
1635 2915 1728 2967 colenter

123 3008 180 3063 tur,
198 3003 271 3057 sicut
282 3020 334 3057 nos
348 3005 492 3060 offerimus
502 3006 560 3060 Deo
575 3013 607 3061 ut
629 3013 743 3076 peccata
764 3010 860 3060 nostra
881 3004 921 3058 di·
962 3008 1175 3079 promittuntur,
1192 3006 1257 3078 quia
1270 3006 1397 3060 colenter
1409 3012 1438 3060 et
1457 3004 1579 3059 libenter
1591 3005 1646 3058 Deo
1658 3014 1727 3055 roien

123 3091 433 3148 mittanturSacrilicia
448 3100 514 3147 sunt
530 3111 591 3164 qua
606 3094 691 3148 etiarn
709 3111 772 3148 cum
787 3067 991 3151 orationi-Get
1020 3095 1138 3150 reddere
1164 3094 1307 3150 debemus.
1339 3094 1581 3149 Continunicantcs
1611 3097 1633 3146 ct
1657 3104 1727 3143 meren

123 3178 175 3233 bus
190 3188 399 3236 consecrantur.
412 3182 530 3247 Illibata,
548 3183 575 3236 id
586 3190 628 3237 est
636 3181 826 3246 immaculata,
844 3188 872 3236 et
885 3181 920 3236 ab
962 3189 1036 3239 riam
1050 3190 1220 3249 reiterantes,
1238 3186 1379 3253 imprimis
1403 3186 1527 3250 pluriora
1549 3197 1650 3250 semper
1669 3177 1726 3242 cinai

123 3267 199 3321 omni
214 3269 298 3324 livore
314 3271 427 3325 malitia
442 3272 543 3326 aliena.
559 3273 636 3326 Tunc
651 3279 747 3326 sancta
767 3278 833 3326 sunt
847 3272 921 3326 doira
961 3277 1006 3328 nis
1020 3275 1265 3341 liariaepenitricis
1276 3273 1334 3338 Dei,
1350 3278 1373 3326 et
1388 3273 1503 3326 horiani
1514 3264 1726 3325 nastriiemilei·

123 3363 152 3410 ct
166 3356 300 3412 sacrificia
318 3359 433 3426 illibata,
460 3361 572 3432 quando
593 3360 698 3432 absque
723 3361 919 3416 scandalorum
960 3365 1007 3416 sti.
1033 3361 1130 3416 Sedet
1153 3363 1296 3417 beatorum
1325 3353 1511 3430 aproslotmum
1541 3377 1574 3414 ac
1599 3363 1724 3425 increpa

123 3446 232 3500 macula
246 3456 312 3502 sunt
326 3450 424 3504 ollerta
445 3449 571 3520 [oblata],
589 3457 617 3504 et
638 3451 714 3520 justo
736 3450 830 3504 labore
854 3457 921 3506 scint
961 3456 1085 3505 tuorum.
1102 3450 1315 3506 Cdmmunicare
1329 3467 1359 3504 se
1373 3449 1450 3511 dicit,
1467 3449 1520 3503 hoc
1536 3442 1725 3503 cstcomaaie

123 3536 267 3606 acquisita.
283 3538 346 3591 Non
361 3545 393 3592 ut
407 3539 488 3593 multi
504 3547 609 3605 serrant,
625 3540 672 3610 qni
693 3540 790 3593 dicunt
812 3539 920 3594 illibata
961 3556 1025 3594 nem
1039 3556 1103 3594 eum
1114 3539 1170 3594 illis
1185 3538 1297 3603 habore,
1307 3539 1530 3607 memoriamque
1543 3537 1725 3608 ipsorumreue

122 3639 183 3678 esse
196 3641 253 3679 non
267 3626 413 3681 dedicata:
428 3628 489 3698 lege
498 3634 605 3699 septem
619 3628 781 3683 collationes
792 3629 917 3695 Petrum,
961 3628 1027 3695 rari,
1048 3629 1166 3695 noceat,
1187 3628 1217 3682 in
1236 3627 1372 3681 memoria
1388 3643 1436 3681 eos
1454 3626 1654 3680 honorabiliter
1672 3633 1726 3674 rene

122 3719 151 3766 et
165 3713 194 3767 in
205 3716 326 3770 secunda
334 3717 481 3770 collatione
491 3717 620 3782 Theona,
632 3718 673 3789 in!
683 3733 757 3771 nono
766 3718 865 3788 capite,
878 3717 920 3772 in·
960 3718 1026 3785 rari,
1040 3717 1144 3772 scilicet
1165 3717 1238 3787 quod
1260 3721 1357 3770 sancta
1373 3716 1463 3770 Maria
1481 3715 1560 3785 virgo
1584 3728 1633 3785 per
1654 3711 1725 3765 adver

123 3802 215 3857 venies
228 3820 290 3874 quae
302 3811 369 3860 sunt
384 3806 500 3860 illibata.
521 3805 754 3877 «inprimisque
768 3806 919 3861 tibiolleri·
959 3797 1019 3861 turn
1034 3806 1156 3877 Spiritus
1168 3805 1257 3860 sancti
1271 3805 1392 3875 genitrix
1405 3804 1479 3858 facta
1496 3810 1540 3858 est
1553 3803 1616 3857 Filii
1632 3801 1677 3855 Dei
1692 3797 1726 3851 m

122 3907 185 3945 mus
199 3908 249 3962 pro
265 3893 387 3948 Ecclesia
397 3900 445 3949 tua
456 3902 554 3949 sancta
563 3895 709 3962 catholica,
726 3912 809 3967 quam
826 3896 919 3967 paciss-
959 3895 1028 3949 mini
1044 3894 1131 3948 nostri
1145 3892 1211 3949 Jes'u
1227 3893 1340 3958 Christi,
1358 3893 1405 3964 qui
1416 3894 1492 3947 Deus
1502 3900 1531 3946 et
1541 3893 1624 3947 homo
1638 3896 1682 3952 cst
1694 3897 1730 3956 pti

122 3995 195 4043 care,
223 3982 373 4048 custodire,
398 3983 523 4037 adunare
543 3991 571 4039 et
592 4001 692 4060 regere
712 3984 835 4055 digneris
859 3991 918 4040 toto
961 3999 1044 4054 quem
1059 3984 1170 4038 Patrem
1190 3982 1422 4053 supplicamuset
1444 3982 1498 4036 lide
1518 3997 1589 4035 sana
1607 3971 1732 4034 commmi-

122 4065 188 4119 orbe
203 4074 354 4136 terrarum,
370 4088 426 4124 una
438 4089 501 4125 cum
516 4073 620 4127 sarrrulo
634 4081 683 4127 tuo
694 4089 766 4144 papa
781 4079 877 4127 nostro
892 4080 921 4127 et
961 4072 1049 4125 cando
1066 4071 1184 4126 firmiter
1198 4071 1347 4133 credimus,
1369 4070 1444 4141 quod
1470 4070 1577 4140 Spiritu
1597 4076 1683 4122 sancto
1699 4078 1735 4113 te

123 4156 249 4210 antitiste
260 4164 365 4211 nostro.
384 4176 396 4210 s
409 4160 559 4230 Inprimis,
574 4161 675 4232 inquit,
691 4178 753 4232 quae
768 4161 817 4214 tibi
829 4161 920 4215 oileri-
960 4163 1065 4226 niente,
1082 4162 1168 4216 Filius
1183 4161 1233 4217 Dei
1248 4168 1332 4215 natus
1348 4167 1391 4215 est
1412 4178 1445 4214 cr
1464 4177 1507 4227 ca,
1527 4177 1578 4214 nec
1594 4167 1680 4214 tamen
1693 4151 1735 4204 tif‘

122 4260 195 4309 muS,
213 4245 279 4315 quia
293 4247 408 4301 soliDeo
419 4248 477 4302 haec
487 4248 590 4303 oblatio
601 4251 741 4304 ollerenda
754 4256 806 4316 est,
823 4256 852 4304 et
868 4267 918 4322 pro
958 4250 1063 4321 ginitas
1078 4252 1139 4319 ejus
1149 4256 1192 4305 est
1204 4250 1315 4304 uiolata.
1341 4250 1395 4304 Sed
1409 4254 1437 4303 ct
1449 4249 1596 4304 beatorum
1621 4240 1736 4319 apostolo·

122 4331 223 4403 quibus
234 4334 376 4389 offerenda
387 4336 424 4390 sit
432 4337 546 4395 indicat.
560 4339 611 4392 hoc
621 4345 663 4392 est
673 4338 811 4409 imprimis
824 4338 917 4392 offerri
959 4358 1032 4405 rum,
1042 4346 1237 4411 acmartyrum
1248 4345 1371 4393 tuorum.
1382 4357 1395 4391 r
1405 4337 1557 4408 Apostolus
1565 4350 1676 4407 namque
1682 4325 1733 4383 diti·
1779 4382 1781 4393 .

121 4420 282 4494 debentpro
289 4424 409 4479 Ecclesia
418 4433 514 4480 sancta
522 4427 668 4481 catholica.
680 4427 802 4481 Ecclesia
811 4427 916 4493 Graece,
959 4429 1048 4484 turin
1063 4435 1159 4483 nostra
1180 4429 1275 4498 lingua
1295 4428 1406 4491 missus,
1428 4433 1540 4497 martyr
1558 4426 1732 4496 interpretatur

122 4510 221 4565 Latine
234 4514 414 4584 congregatio
425 4515 537 4582 dicitnr,
550 4516 695 4580 catholica,
706 4516 870 4569 universalis
879 4516 919 4569 di·
959 4517 1049 4583 testis,
1065 4517 1183 4588 apostoli
1198 4516 1260 4570 ideo
1276 4516 1415 4581 dicuntur,
1433 4514 1534 4586 quiaa
1556 4515 1660 4569 Christo
1671 4499 1727 4561 missi

121 4598 210 4652 citur:
228 4600 294 4670 quia
310 4602 431 4657 uniuersi
445 4605 532 4674 quiin
546 4605 665 4659 Domino
680 4605 807 4671 credunt,
824 4605 919 4659 innna
960 4612 1035 4660 sunt.
1047 4606 1185 4677 Martyres
1206 4621 1281 4672 rere,
1302 4604 1368 4676 quia
1384 4610 1473 4658 testes
1493 4610 1571 4668 sunt,
1586 4601 1654 4674 quod
1669 4589 1726 4651 Chii·

121 4686 291 4742 debentcsse
300 4693 525 4762 congregatione.
539 4713 552 4744 a
562 4694 651 4757 Quam
663 4693 818 4764 pacificare,
828 4698 918 4747 custo-
959 4702 1019 4749 stus
1038 4710 1136 4765 passus
1151 4699 1179 4746 et
1191 4710 1240 4764 pro
1252 4693 1320 4764 ipsis
1333 4698 1361 4747 ct
1373 4691 1504 4746 omnibus
1524 4692 1553 4746 in
1568 4709 1597 4746 sc
1622 4691 1666 4744 rite
1683 4695 1723 4734 tit·

120 4775 914 4852 dire,adenarectregerecligneristotoorbeterrarum.»
959 4782 1098 4848 dentibus,
1115 4781 1224 4854 ipsique
1238 4798 1288 4851 pro
1309 4781 1435 4847 Clu·isto;
1455 4780 1509 4835 hoc
1528 4787 1581 4843 est,
1600 4781 1627 4834 in
1647 4770 1720 4831 coustir

121 4866 174 4919 Pro
189 4864 241 4919 bac
255 4868 398 4923 oll‘erimus
423 4870 571 4940 imprimis,
592 4877 624 4925 ut
643 4871 833 4942 supradictam
854 4887 917 4924 con·
958 4871 1036 4925 sionc
1051 4869 1172 4923 nominis
1189 4871 1260 4940 ejus.
1279 4871 1359 4924 Hunc
1378 4872 1469 4937 ipitur
1489 4856 1720 4924 oblationarium·

118 4954 312 5024 gregationem
327 4963 405 5010 tuam
417 4974 465 5028 per
479 4965 569 5013 totum
581 4957 675 5013 orbem
694 4965 832 5013 terrarum
845 4959 917 5030 paci·
959 4963 1025 5013 tatis
1039 4964 1146 5019 nostra,
1162 4960 1207 5012 scd
1219 4963 1242 5012 et
1257 4962 1359 5012 carnote
1379 4959 1499 5024 faenilia}
1517 4964 1569 5013 tue
1579 4989 1582 4994 ·
1592 4962 1717 5027 quaterna,

120 5045 230 5097 licatam
246 5050 275 5097 et
286 5044 437 5099 adunatam
449 5048 589 5102 custodire
601 5047 733 5118 digneris,
752 5066 765 5099 c
781 5064 838 5102 una
852 5064 917 5102 cum
958 5050 1082 5112 Doirrine,
1110 5052 1138 5100 at
1169 5050 1295 5116 placatas
1322 5049 1452 5115 accipies.
1483 5047 1617 5101 Sacerdos
1639 5032 1719 5097 oblatis

120 5130 225 5186 famulo
239 5138 288 5187 tuo
299 5133 346 5188 illo
359 5152 364 5185 :
381 5154 392 5184 r
405 5135 457 5189 boc
469 5143 519 5201 est,
535 5136 618 5190 simul
632 5153 695 5190 cum
707 5136 754 5190 illo
763 5137 812 5207 qui
821 5136 917 5190 sedam
958 5153 1023 5191 nem
1034 5152 1114 5190 suam
1125 5142 1378 5206 atquecunctorum
1386 5136 1433 5207 qui
1444 5136 1565 5190 Domino
1575 5129 1717 5189 renuuntur·

120 5220 240 5289 apostoli
254 5220 330 5275 Petri
343 5228 433 5282 tenet.
459 5225 525 5295 quia
546 5225 669 5280 Ecclesia
687 5225 716 5279 in
741 5241 796 5296 qua
816 5226 915 5280 Petrus
958 5226 985 5280 id
1005 5232 1056 5290 est,
1075 5224 1208 5290 seruiunt,
1226 5226 1405 5279 commendat
1422 5230 1455 5279 ut
1472 5224 1592 5279 Domino
1616 5218 1717 5294 placent

120 5307 249 5378 princeps
263 5311 453 5380 apostolorum
468 5314 556 5378 sedet,
572 5322 656 5386 caput
670 5321 713 5369 est
726 5315 853 5368 ornnium
869 5314 917 5368 Ee-
957 5321 986 5368 et
999 5314 1059 5384 ipse
1074 5313 1128 5367 illis
1142 5313 1281 5384 propitias
1294 5315 1353 5367 liat.
1375 5333 1385 5363 ι
1406 5311 1529 5384 Diesque
1545 5309 1677 5367 nostrosiu
1687 5308 1719 5351 ⁵⁰²³

120 5392 269 5449 elesiarum
280 5399 490 5467 catholicarum,
507 5402 569 5456 ideo
581 5403 648 5474 quia
656 5405 740 5458 Petro
753 5403 823 5457 dixit
834 5402 917 5456 Chri·
958 5419 1025 5474 pace
1047 5402 1186 5471 disponat,
1212 5408 1297 5472 atquc
1320 5403 1355 5456 ab
1373 5408 1481 5456 aeterna
1499 5401 1668 5456 damnatione
1687 5398 1719 5441 na

120 5487 199 5535 stus:
216 5501 229 5532 a
242 5483 283 5538 Tu
296 5502 326 5539 es
341 5488 450 5555 Petrus,
467 5497 495 5545 et
509 5508 594 5563 super
609 5492 681 5547 hanc
699 5499 809 5564 petram
833 5491 918 5546 aedifi·
957 5492 1067 5563 eripiat,
1083 5497 1112 5545 et
1126 5491 1156 5546 in
1172 5491 1326 5546 electorum
1348 5508 1465 5547 suorum
1480 5508 1568 5563 grege
1590 5488 1675 5561 Jubeat
1686 5485 1719 5530 1¹⁰⁵

121 5568 189 5624 cebo
216 5570 366 5629 Ecclesiam
392 5594 494 5645 meam,
512 5598 526 5633 n
546 5586 575 5635 et
598 5587 707 5639 cetera.
736 5582 840 5649 (liatth.
862 5597 915 5648 xri,
958 5580 1110 5650 numerari,
1120 5580 1478 5651 perChristamDominum
1487 5575 1719 5636 ausuum-»Phil
1777 5586 1781 5629 ¹.
