3772 6120
195 267 247 323 487
392 302 394 307 -
486 265 519 320 Β.
538 263 676 322 meru
694 261 811 322 unum
834 264 1004 322 asculan.
1024 263 1187 320 MOGUN'I'.
1208 261 1358 319 OPERUH
1374 263 1468 321 PARS
1484 263 1539 322 111.
1780 263 1837 321 ⁴88

194 391 389 459 oobtmrsts'psis
397 392 568 444 atterutrum
581 391 751 455 arbirontes,
762 387 876 444 etillud.
892 386 1094 460 bonomAipsc
1107 388 1145 443 sit
1158 387 1245 443 Filius
1258 387 1420 458 unigenitus
1433 388 1485 444 Dei
1503 387 1605 452 Patris,
1620 385 1651 442 iu
1678 385 1772 442 forma
1785 383 1840 442 Dei

195 483 366 535 atterutrum
377 480 579 547 prevenientes,
597 483 629 533 ut
641 478 705 548 plus
725 477 995 549 unusquisquecon-
1035 475 1453 552 aequalisPatri,informaqerri
1461 475 1840 532 mediatordeietbomr'num

196 567 264 621 sorti
279 583 330 622 suo
342 565 464 621 scientiae
479 573 507 622 et
520 567 678 621 sanctitatis
696 564 837 621 ascribens
852 570 996 621 'summam
1036 566 1114 619 borno
1126 567 1252 621 ditrictae
1265 568 1342 620 lesus
1354 567 1381 633 (l
1392 568 1461 620 Tira.
1477 571 1517 633 rr),
1529 564 1592 637 quis
1619 580 1676 619 non
1695 563 1840 635 intelligat

195 655 371 710 discretionis
380 672 451 710 verae
461 656 491 710 in
504 656 621 710 alterius
636 655 725 726 magis
734 671 818 726 quam
828 654 858 708 in
869 671 920 709 suo
939 671 997 709 cre-
1037 653 1111 724 quod
1143 653 1172 707 in
1207 653 1298 708 forma
1324 653 1374 709 Dei
1404 653 1488 708 etiam
1519 652 1578 725 ipse
1609 652 1701 724 seipso
1743 654 1840 724 major·

195 745 243 798 dat
256 750 331 798 stare
343 743 461 815 judicio.
473 745 552 816 Saepe
567 750 663 798 autem
673 743 775 798 accidit
794 743 852 798 sivc
866 743 997 799 illusione
1036 742 1135 796 estlin
1149 742 1344 797 sormaautem
1359 742 1431 797 servi
1450 741 1537 796 etiam
1556 741 1648 812 seipso
1662 741 1756 795 minor
1784 747 1837 809 est,

195 831 299 887 diaboli
314 833 372 888 sire
388 832 541 887 intercessu
555 831 659 887 erroris
678 831 803 897 humaui,
822 831 996 901 quianullus
1035 829 1261 885 insimilitudine
1282 830 1429 886 hominum
1453 829 1542 885 sactus
1565 837 1595 884 et
1621 828 1720 884 habitu
1738 829 1839 884 inven-

196 920 497 993 estinhaccarne,qui
513 920 883 976 nonsallivelutbomonon
897 919 994 991 possit,
1035 924 1082 973 tus
1100 923 1133 973 ut
1157 918 1320 974 homolEst
1355 936 1422 990 ergo
1459 919 1510 974 Dei
1547 918 1634 974 Filius
1672 918 1723 972 Dei
1760 918 1841 973 Patri

195 1015 229 1066 ut
243 1017 273 1065 et
284 1010 331 1064 ille
346 1010 499 1078 interdum,
515 1009 686 1082 quiacrioris
700 1008 806 1080 ingenii
816 1008 995 1080 scientiaque
1036 1011 1139 1061 natura
1152 1007 1276 1077 aequalis,
1287 1007 1385 1063 babitu
1411 1008 1512 1075 minor,
1529 1006 1559 1061 iu
1572 1005 1752 1062 formaenim
1766 1005 1842 1060 servi

196 1099 312 1170 maioris
325 1103 369 1153 est
382 1099 488 1170 aliquid
503 1099 604 1153 salsum
624 1104 719 1152 mente
733 1096 881 1169 concipiat,
897 1103 927 1152 et
948 1097 996 1151 ille
1036 1111 1122 1167 quem
1132 1095 1240 1166 accepit
1252 1095 1345 1151 minor
1363 1101 1407 1150 est
1421 1096 1515 1163 Patre,
1531 1095 1562 1149 in
1573 1095 1665 1150 torma
1678 1098 1776 1149 autem
1788 1094 1840 1149 Dei

196 1188 245 1258 qni
254 1187 388 1242 tardioris
402 1187 552 1258 ingeniiac
568 1186 685 1241 minoris
699 1191 744 1241 est
766 1185 869 1251 meriti,
892 1185 994 1240 rectius
1036 1184 1213 1254 inquaerat,
1227 1189 1380 1256 antequam
1394 1184 1467 1239 hanc
1484 1183 1638 1256 accepisset
1655 1183 1774 1255 equalis
1797 1188 1843 1239 est

195 1275 300 1349 aliquid
311 1276 459 1347 veriusque
471 1275 633 1349 presentiae
649 1293 654 1327 :
672 1274 811 1329 etidcirco
833 1274 927 1328 nullus
942 1273 995 1328 sibi
1036 1272 1253 1341 Patriouicum
1261 1274 1391 1341 informa
1401 1276 1450 1329 Dei
1461 1279 1535 1337 esset,
1548 1288 1604 1328 non
1615 1275 1750 1341 rapinam
1763 1274 1842 1327 arbi·

196 1364 323 1436 quamvis
337 1364 455 1419 scientia
469 1363 602 1436 praeditus
616 1363 693 1417 inani
707 1369 817 1417 tumore
828 1363 996 1434 persuadeat
1037 1365 1127 1414 tratas
1140 1366 1177 1416 est
1192 1377 1245 1415 csse
1258 1378 1285 1416 se
1306 1365 1439 1431 aqualem
1452 1362 1623 1431 noemma)
1635 1359 1709 1416 Etsi
1734 1365 1842 1415 semet-

196 1454 270 1525 quod
299 1454 388 1525 possit
410 1453 558 1507 collatione
582 1452 699 1506 alterius
720 1469 776 1507 non
802 1469 894 1522 egere.
923 1452 996 1506 Nam
1036 1448 1128 1520 ipsum
1142 1449 1324 1505 exinanivisse
1339 1455 1382 1504 est
1394 1449 1430 1504 ab
1439 1448 1637 1505 invisibilitatis
1647 1466 1704 1504 suae
1731 1448 1842 1520 megui-

195 1542 306 1597 etiamsi
313 1541 451 1612 judicium
464 1542 526 1612 ejus
553 1539 689 1595 diabolica
712 1557 768 1595 non
789 1540 867 1594 sallat
892 1539 995 1606 illusio,
1036 1537 1134 1593 tudine
1149 1538 1285 1593 risibilem
1300 1539 1517 1605 demonstrasse,
1532 1544 1564 1593 ut
1573 1538 1646 1593 servi
1659 1538 1841 1593 formamte-

195 1630 324 1684 clutionis
333 1636 430 1684 tamen
440 1635 470 1683 et
484 1629 621 1701 superbire
634 1629 776 1699 graviores
804 1629 918 1699 laqueos
939 1645 996 1683 non
1036 1633 1124 1696 geret,
1136 1627 1189 1680 hoc
1199 1626 1273 1698 quod
1282 1626 1521 1699 incircumscripte
1536 1627 1631 1682 omnia
1644 1643 1678 1682 ex
1692 1626 1841 1682 divinitate

195 1719 304 1774 evadet.
321 1719 390 1784 Quis
404 1719 479 1772 enim
493 1718 546 1773 hoc
560 1717 612 1772 sibi
627 1717 733 1788 absque
760 1717 867 1787 ingenti
894 1702 1028 1788 poteritB
1037 1721 1207 1786 penetraret.
1219 1715 1319 1785 (Arist.)
1331 1716 1440 1787 Rapere
1448 1715 1610 1771 bominibus
1626 1721 1670 1771 est
1682 1715 1772 1770 moris
1782 1715 1839 1779 illa,

195 1823 333 1879 usurpare
342 1807 483 1880 pernicie?
498 1823 562 1860 curu
576 1822 642 1859 raas
657 1805 800 1860 electionis
810 1805 839 1860 in
853 1822 908 1876 quo
918 1805 998 1861 chri·
1037 1820 1074 1858 ex
1089 1803 1190 1874 quibus
1204 1804 1311 1875 aliquid
1331 1804 1462 1876 acquiere
1477 1822 1539 1859 sese
1555 1822 1637 1876 posse
1650 1804 1837 1860 existimant:

196 1901 265 1962 stus,
282 1900 315 1951 ut
324 1895 383 1967 ipse
392 1895 534 1967 professus
544 1899 597 1960 est,
607 1893 773 1965 loquebatur
782 1892 817 1948 ob
828 1895 881 1949 hoc
891 1895 996 1948 soluni-
1037 1890 1155 1947 dicimus
1169 1893 1244 1947 enim
1257 1892 1429 1964 frequenter,
1444 1894 1577 1964 quoniam
1604 1893 1682 1948 illam
1705 1910 1769 1948 rem
1794 1909 1839 1948 ra·

197 1985 280 2039 modo
302 2001 333 2038 sc
359 1988 467 2039 asserat
488 1983 712 2054 Hierosolymam
742 1982 944 2047 conscendisse,
965 1988 998 2037 ut
1037 1979 1168 2052 piendam
1188 1998 1249 2036 csse
1262 1981 1440 2048 existimavit,
1470 1982 1522 2037 hoc
1542 1989 1585 2037 est
1613 1999 1678 2037 cum
1696 1982 1840 2038 celeritate

124 2123 129 2131 .
196 2074 254 2127 suis
268 2072 435 2144 coapostolis
454 2071 635 2143 Euangelium
663 2071 737 2143 quod
750 2069 891 2142 gentibus,
921 2087 996 2125 rere-
1036 2068 1105 2124 illud
1113 2070 1243 2141 suscepit,
1258 2070 1337 2141 quasi
1349 2072 1416 2143 quia
1429 2087 1563 2141 magnum
1578 2070 1737 2126 illilucrum
1751 2070 1838 2143 possit

195 2162 272 2217 lanto
291 2167 320 2217 et
344 2165 512 2233 cooperante
533 2160 663 2226 Domino,
681 2158 860 2232 predicabat,
888 2165 997 2214 secreta
1037 2158 1178 2225 conferre3
1191 2158 1566 2230 hocergodicitdcchristo,
1577 2163 1712 2229 quoniam
1723 2175 1837 2215 nonno·

195 2250 403 2306 examinatione
411 2250 560 2316 conferret,
577 2266 627 2320 per
638 2249 712 2319 quod
724 2248 882 2303 ostenditur
889 2265 997 2304 nonso-
1035 2249 1299 2316 pinomarbitrutus
1313 2253 1360 2313 cst,
1376 2254 1408 2302 ut
1425 2251 1585 2317 sitaqualeb
1602 2249 1838 2314 Drahocestnon

195 2339 255 2395 lum
265 2338 481 2395 unanimitatem
491 2344 576 2410 atque
590 2337 768 2392 concordiam
782 2353 833 2409 per
852 2338 910 2393 haec
925 2354 997 2409 prse-
1038 2351 1169 2405 magnam
1180 2336 1321 2408 reputavit
1330 2337 1408 2391 illam
1417 2337 1519 2407 qusead
1529 2338 1620 2392 Deum
1634 2343 1680 2392 est
1693 2337 1839 2408 aqualite-

195 2434 278 2500 cepta
291 2428 406 2493 seruari,
423 2424 840 2482 verumetiamcunctasdiaboli
848 2426 999 2481 adversan-
1040 2429 1107 2490 tem,
1119 2431 1148 2479 et
1155 2424 1245 2479 elatus
1258 2424 1287 2479 in
1300 2441 1353 2479 sua
1366 2425 1520 2497 permansit
1533 2425 1681 2496 dignitate,
1689 2426 1743 2481 sed
1751 2425 1840 2498 ιιιιςίι

196 2517 233 2571 tis
248 2517 365 2571 insidias
382 2521 411 2570 et
427 2515 565 2570 illusionis
586 2516 648 2586 ejus
671 2515 787 2586 laqueos
812 2531 870 2569 non
892 2513 996 2580 timeri,
1041 2512 1838 2584 proaliorumutilitatepaeelegithumiliorasustinerene·

197 2601 314 2669 (Ambe,
324 2607 405 2672 Aac.)
421 2604 528 2659 Deinde
541 2603 668 2674 exemplo
679 2603 831 2658 admodum
842 2603 998 2658 necessario
1039 2600 1127 2671 gotia,
1144 2616 1230 2672 quarn
1244 2602 1397 2657 secundum
1412 2620 1442 2656 se
1452 2607 1546 2656 erant:
1556 2608 1586 2657 et
1600 2602 1716 2673 quidem
1730 2619 1796 2658 cum
1812 2602 1840 2657 in

197 2691 288 2746 utitur
302 2692 514 2746 adhumilitatis
528 2690 685 2745 doctrinam
695 2691 773 2745 illam
781 2691 944 2763 dicensquae
956 2708 999 2746 se·
1038 2688 1129 2744 forma
1142 2690 1192 2745 Dei
1212 2696 1344 2757 exstaret,
1361 2696 1393 2745 ut
1410 2691 1486 2753 dicet
1499 2691 1550 2746 Dei
1579 2691 1713 2759 existens,
1733 2692 1787 2747 boc
1800 2695 1840 2747 est

197 2780 321 2835 cundum
336 2780 480 2835 Christum
494 2784 570 2835 sunt.
588 2781 643 2835 Hoc
656 2782 732 2834 enim
756 2783 852 2835 sentite
870 2783 902 2835 in
923 2782 997 2834 cobis
1038 2777 1174 2833 Dominus
1185 2784 1214 2833 et
1222 2779 1382 2834 dominator
1392 2786 1421 2834 et
1433 2779 1622 2835 universitatis
1636 2787 1747 2836 auctor.
1774 2781 1838 2836 lires

194 2870 267 2938 quod
280 2874 305 2923 ct
318 2871 350 2923 r'n
365 2869 473 2925 Christo
482 2870 556 2923 lesu.
568 2868 631 2922 Non
644 2867 697 2922 hoc
707 2867 747 2922 ita
755 2867 890 2923 debemus
904 2869 997 2923 existi·
1037 2866 1216 2922 enimomnia
1225 2884 1286 2938 quae
1300 2867 1376 2922 dicta
1384 2874 1451 2923 sunt
1458 2869 1697 2941 nuncupationem
1703 2869 1757 2924 Dei
1774 2866 1840 2924 sub·

195 2972 283 3024 mare,
293 2963 326 3012 ut
336 2974 393 3013 non
408 2956 608 3022 existimemus,
626 2955 706 3027 quasi
715 2972 767 3010 nos
776 2956 936 3012 existimare
944 2958 996 3012 sin-
1036 2955 1116 3026 sequi
1130 2955 1261 3010 videntur
1267 2957 1413 3011 ueraciter.
1421 2957 1492 3022 Quid
1503 2957 1750 3012 autemi'ecitlded
1758 2973 1840 3013 serae

193 3062 303 3116 minus.
319 3046 369 3100 sed
383 3062 447 3100 rere
461 3044 653 3100 existimemus
662 3061 743 3115 posse
757 3061 818 3099 esse
833 3045 939 3117 aliquid
951 3062 995 3101 oc·
1005 3021 1027 3082 C
1037 3046 1845 3116 tapsumeremmonsormamseroicocrpiemuxinanitum

193 3135 301 3190 cultum
311 3135 341 3189 in
359 3134 425 3200 alio,
447 3150 502 3206 quo
521 3133 602 3189 nobis
615 3134 745 3205 superior
758 3133 803 3200 sit,
819 3133 930 3189 etiarnsi
949 3133 997 3189 bo·
1036 3131 1130 3186 divina
1142 3133 1343 3205 Scripturapro
1356 3133 1477 3188 nihilum
1492 3139 1580 3199 vocat,
1596 3134 1671 3189 sicut
1678 3134 1748 3190 alibi
1757 3136 1850 3208 scrip·

194 3239 262 3278 num
273 3230 412 3289 nostrum,
422 3239 478 3294 quo
493 3223 540 3277 illo
549 3224 677 3278 ridemur
689 3222 847 3294 superiores
858 3239 929 3289 esse,
939 3239 994 3278 non
1035 3224 1098 3275 tum
1113 3227 1156 3275 est
1170 3224 1256 3284 (doni.
1272 3225 1311 3290 ιιι)
1328 3240 1334 3274 1
1351 3224 1491 3277 deceroto
1506 3228 1542 3277 cst
1551 3225 1625 3291 fides,
1642 3223 1696 3278 boc
1705 3228 1751 3279 est
1764 3224 1856 3280 nulla.

194 3312 232 3366 sit
246 3313 395 3367 occultum.
411 3313 474 3368 lsrae
496 3311 680 3383 cogitationes
694 3310 885 3382 deprimentes
900 3327 995 3383 super·
1036 3325 1097 3363 esse
1112 3315 1224 3364 ostensa
1238 3315 1289 3364 est.
1306 3309 1343 3365 Ut
1357 3310 1480 3383 idipsum
1495 3311 1619 3383 sapiatis,
1636 3312 1855 3368 eamdemchs-

193 3399 996 3472 biam,adJ'ungentescharitatem,faciuntonerasraterna
1036 3398 1857 3471 ritatemhabentesunanimesunumsapientesAEvecuatn

194 3488 312 3544 invicem
324 3505 380 3543 non
394 3489 485 3555 solum
494 3505 573 3560 aequo
588 3488 691 3554 animo,
708 3488 758 3543 sed
772 3487 857 3542 etiam
868 3487 995 3543 libentis·
1035 3493 1079 3541 est
1093 3503 1160 3557 ergo
1174 3487 1334 3558 praedicatio
1345 3494 1452 3555 nostra,
1460 3489 1513 3543 hoc
1527 3494 1570 3543 cst
1579 3489 1657 3543 nulla
1663 3496 1747 3545 estet
1757 3507 1846 3546 vma-

193 3578 263 3632 sime
270 3577 414 3644 sustineri,
430 3594 521 3649 neque
532 3577 591 3633 ulla
604 3577 811 3632 resofficiosum
820 3576 906 3631 istum
915 3575 994 3631 labo·
1035 3576 1108 3630 Nam
1122 3576 1197 3647 quod
1208 3577 1277 3631 dicit
1294 3577 1428 3648 seipsum,
1445 3577 1565 3631 formam
1587 3577 1660 3633 servi
1688 3579 1850 3652 accipiens,

192 3682 252 3721 rem
266 3666 303 3722 ad
321 3667 461 3739 portanda
475 3682 562 3720 onera
575 3665 697 3720 aliorum
707 3665 777 3720 facit
798 3664 919 3720 libenter
943 3665 995 3721 im·
1033 3664 1201 3736 dignitatem
1216 3665 1294 3719 illam
1309 3665 1464 3731 abscondit,
1481 3664 1665 3721 boc'soluma
1680 3666 1856 3725 odenatus

191 3755 286 3826 pendi,
303 3755 356 3810 nisi
367 3771 432 3810 cum
441 3755 598 3826 cogitamus
611 3754 859 3827 quantapmnobis
872 3754 994 3826 pertule-
1033 3770 1064 3808 ee
1074 3769 1135 3808 esse
1163 3752 1375 3809 existimabatur
1393 3755 1467 3825 quod
1486 3759 1516 3810 et
1533 3755 1621 3810 videri
1647 3762 1765 3827 poteret
1780 3775 1788 3811 z
1804 3757 1848 3813 di-

192 3843 230 3898 rit
242 3844 388 3900 Dominus.
404 3843 477 3899 Hinc
496 3844 572 3899 enim
584 3843 738 3899 admonens
763 3843 913 3915 Apostolus
936 3858 992 3899 nou
1033 3841 1099 3896 uina
1121 3841 1197 3897 enim
1220 3848 1322 3897 natura
1352 3843 1460 3898 cunctis
1481 3849 1543 3898 erat
1570 3844 1703 3900 occulta:
1720 3845 1843 3901 sormam

191 3948 254 4004 quae
281 3949 334 3987 sua
351 3938 419 3989 sunt
441 3932 620 4003 unusquique
642 3932 831 3998 intendentes,
854 3932 903 3986 sed
931 3948 993 4002 quae
1033 3930 1346 3996 autemscrvi,utdicat
1360 3937 1492 3987 naturam
1506 3931 1727 3999 contremens
1739 3934 1783 3989 sic
1796 3951 1840 3991 vo·

191 4020 312 4075 alionum
327 4039 333 4073 :
345 4023 401 4076 Hoc
408 4023 622 4076 enimscntr'tes'n
632 4022 707 4075 uobis
719 4023 792 4091 quod
804 4026 829 4076 et
838 4024 872 4076 in
886 4021 993 4079 Christo
1033 4024 1115 4074 catur
1122 4025 1224 4074 natura
1236 4037 1244 4087 3
1256 4019 1363 4074 servilis
1373 4020 1448 4075 enim
1456 4026 1499 4075 est
1508 4020 1758 4091 humananatura,
1771 4023 1838 4079 sicut

190 4109 528 4178 Jnu,qoicaminsormo
544 4108 593 4163 Dei
607 4114 743 4175 essetnec
757 4112 890 4178 rapinam
914 4110 993 4164 urbi-
1033 4113 1064 4162 et
1076 4107 1146 4163 illud
1160 4108 1320 4179 quoddixit,
1331 4108 1362 4163 in
1370 4109 1837 4175 formaDei,indivinanaturadi·

191 4198 283 4248 tratas
294 4200 332 4249 est
346 4210 399 4248 erse
411 4211 438 4249 sc
444 4199 576 4264 aeqrsclem
583 4197 635 4249 Deo
645 4215 653 4250 .·
664 4197 710 4250 sed
716 4200 890 4273 semeptisum
900 4199 995 4252 esina-
1034 4197 1083 4264 cit,
1098 4196 1152 4251 hoc
1165 4203 1209 4251 est
1222 4197 1322 4252 divinae
1332 4198 1576 4261 uaturaeeristens,
1592 4200 1837 4271 etquoniamdixit

191 4285 264 4338 nisit
275 4285 400 4352 [ονιιιαιη
412 4285 486 4337 servi
493 4285 639 4353 occipiens,
651 4288 680 4338 et
690 4289 801 4338 caetera.
809 4284 853 4339 Ad
866 4285 995 4340 bocdun·
1035 4284 1156 4341 formam
1162 4284 1244 4352 servi,
1254 4302 1403 4341 commune
1411 4293 1507 4342 autem
1514 4291 1577 4342 erat
1582 4286 1635 4342 hoc
1641 4294 1672 4343 et
1677 4287 1835 4344 hominibus

189 4376 277 4439 term,
292 4377 325 4427 ut
332 4372 560 4445 quemadmoduu
566 4371 613 4426 ille
628 4372 657 4427 in
669 4390 702 4427 eo
710 4374 784 4444 quod
791 4373 915 4429 Verbum
929 4335 1066 4429 coronet
1075 4374 1213 4446 jumentis
1223 4379 1252 4429 et
1262 4374 1482 4447 angelis,lormae
1491 4375 1838 4445 enimsemommsuntet

188 4461 294 4517 iactum
309 4468 352 4517 est
365 4466 395 4516 et
407 4461 547 4516 habitauit
557 4460 587 4516 in
596 4460 686 4528 nobis,
699 4462 798 4517 etsine
808 4469 995 4534 peccatocum
1035 4463 1075 4518 illi
1083 4462 1222 4534 siquidem
1232 4463 1298 4518 facti
1310 4469 1385 4531 sunt,
1396 4464 1498 4535 adjecit
1512 4464 1616 4520 etillud
1624 4465 1701 4536 quod
1715 4464 1838 4538 proprie-

189 4555 273 4618 esset,
284 4556 400 4623 peecata
414 4557 511 4606 nostra
531 4550 663 4622 suscepit,
676 4566 733 4605 non
742 4552 867 4606 attendit
875 4568 928 4607 sua
945 4552 994 4607 sed
1033 4557 1122 4607 tatem
1130 4552 1310 4623 signiticaret,
1322 4553 1462 4609 instruere
1468 4554 1574 4621 rolens,
1587 4553 1663 4625 quod
1669 4553 1781 4609 dixerat
1786 4553 1839 4610 son

188 4644 295 4705 nostra,
310 4639 351 4693 ita
364 4646 394 4694 et
401 4656 452 4695 nos
465 4638 630 4695 libenterad
645 4639 707 4710 ejus
722 4639 908 4705 imitationem
922 4640 993 4695 invi·
1035 4650 1111 4696 mam
1120 4641 1202 4708 servi,
1212 4644 1244 4696 in
1253 4643 1469 4697 similitudines
1485 4644 1608 4697 lrornr'nis
1623 4642 1725 4698 sactus.
1741 4644 1838 4699 Factae

190 4740 252 4779 cem
266 4741 353 4780 onera
366 4734 463 4782 nostra
482 4734 635 4798 portemus.
652 4729 687 4782 Et
702 4728 743 4783 illi
766 4728 880 4801 quidem
897 4729 995 4784 dicunt
1035 4729 1110 4800 quod
1124 4729 1202 4797 dixit,
1213 4746 1264 4801 pro
1273 4731 1384 4785 liabitas
1393 4730 1496 4803 posuit.
1509 4730 1663 4802 Namquod
1674 4730 1748 4786 dixit
1760 4731 1791 4786 in
1801 4731 1839 4789 si·

189 4813 329 4867 minorem
341 4814 443 4869 Filium
452 4832 512 4870 esso
528 4833 614 4889 quam
622 4817 706 4872 Pater
718 4817 846 4889 estquis
858 4817 994 4889 scriptum
1035 4817 1224 4873 militudinem
1229 4817 1361 4885 hominis,
1377 4826 1410 4874 ut
1421 4820 1497 4874 dicat
1511 4819 1540 4874 in
1553 4819 1668 4875 homine
1682 4818 1839 4877 similitudo

189 4907 233 4957 est
246 4901 308 4974 ipso
318 4901 437 4956 Domino
450 4904 577 4959 dicente:
593 4908 675 4960 Pater
684 4910 776 4976 major
791 4923 834 4961 mc
848 4912 885 4960 cst
901 4908 991 4975 (loon.
1034 4907 1110 4961 enim
1116 4906 1238 4962 bominis
1246 4907 1389 4974 homoest,
1398 4908 1458 4964 baec
1474 4909 1571 4964 omnio
1583 4908 1730 4979 conjunxit
1742 4908 1840 4967 dallei

189 4994 256 5061 xm),
271 4990 374 5046 veritas
391 4996 485 5046 autem
499 4993 623 5048 ostendit
636 4993 790 5049 secundum
801 4995 911 5065 justum
932 5010 992 5049 ιιιο·
1034 4995 1118 5050 verbo
1131 4995 1245 5064 dicens,
1259 4995 1335 5053 unde
1349 4997 1452 5067 adjecit
1467 5015 1474 5051 ε
1491 4999 1525 5052 ln
1542 4999 1677 5053 commate
1695 5001 1738 5054 ecl
1754 5000 1841 5069 specie

189 5080 258 5137 dum
272 5080 357 5137 etiam
368 5079 459 5151 seipso
474 5080 612 5136 minorem
625 5082 738 5149 Filium,
753 5082 893 5154 quomode
917 5083 993 5138 enim
1033 5086 1163 5139 inventus
1177 5090 1257 5140 estut
1277 5086 1366 5141 bomo.
1386 5086 1430 5141 nd
1439 5086 1679 5157 comparationem
1693 5085 1772 5143 illius
1785 5102 1840 5145 ua-

190 5169 343 5226 nonetiam
356 5169 449 5241 seipso
463 5169 658 5227 minorsactus
671 5177 723 5238 est,
746 5171 794 5243 qui
809 5171 993 5244 semeptisum
1033 5178 1105 5229 turae
1119 5173 1219 5245 quaein
1233 5174 1311 5229 nulla
1328 5174 1420 5247 specie
1432 5174 1475 5229 uel
1487 5174 1630 5231 schcmate
1650 5174 1773 5248 perspici
1786 5192 1841 5249 po-

190 5257 472 5315 exinanivitsormam
486 5258 559 5314 servi
568 5259 729 5331 accipiens?
742 5260 842 5333 Neque
854 5259 931 5316 enim
953 5260 993 5316 sic
1033 5266 1097 5317 test.
1114 5263 1267 5319 Schemaet
1278 5262 1629 5336 speciemposuit,utdicat
1640 5264 1779 5338 quoniam
1793 5264 1842 5323 in·

191 5345 300 5416 accepit
313 5346 433 5403 formam
440 5346 524 5414 servi,
539 5352 573 5402 ut
585 5347 730 5405 amitteret
748 5349 869 5405 formam
883 5349 952 5417 Dei,
968 5349 992 5404 si
1033 5350 1150 5407 risibilis
1173 5356 1202 5407 et
1216 5352 1293 5408 omni
1306 5353 1449 5410 schemate
1466 5352 1538 5408 liber
1551 5353 1674 5411 existam
1692 5353 1770 5411 sicut
1798 5353 1843 5413 fis

190 5447 258 5503 ergo
271 5432 312 5488 ita
321 5443 436 5507 accepts
448 5441 493 5492 est
501 5436 592 5491 forma
605 5437 687 5504 servi,
702 5442 736 5494 ut
748 5453 806 5494 non
815 5437 994 5494 amitteretur
1033 5444 1076 5495 est
1087 5440 1213 5496 voluitin
1227 5440 1341 5496 homine
1350 5440 1447 5497 rideri.
1457 5441 1738 5514 Inquibusdemrero
1745 5458 1845 5501 exen-

190 5519 285 5578 iorum
296 5521 360 5590 Dei,
370 5539 435 5582 cum
455 5525 523 5583 etin
533 5524 625 5582 torma
638 5526 722 5594 sarri,
736 5532 767 5583 et
778 5525 810 5583 iu
822 5524 915 5583 torma
940 5527 993 5585 liei
1033 5527 1159 5600 pleribus
1169 5529 1211 5586 ita
1223 5529 1342 5600 legitur„
1359 5535 1385 5586 et
1410 5530 1509 5588 babitu
1521 5532 1651 5589 nomm
1660 5535 1699 5588 est
1709 5536 1745 5589 ut
1757 5532 1844 5591 bosso
