3772 6120
122 252 191 311 ¹335
413 250 446 309 Β.
466 249 602 312 nauem
620 250 735 310 oleum
759 252 927 311 cuculus.
947 252 1109 311 MOGUNT.
1131 250 1280 311 opuullu
1298 253 1390 311 PARS
1408 253 1460 311 111.
1688 252 1755 312 ¹3³6

121 393 179 436 non
194 378 287 436 solum
306 390 401 435 coram
420 378 488 447 Deo,
504 378 553 435 sed
568 381 653 435 etiarn
668 396 762 435 coram
782 381 913 448 Ecclesia,
925 380 1110 444 Aveudendis
1124 384 1153 435 et
1173 379 1299 435 emendis
1313 379 1397 436 robus
1413 378 1562 436 charitatis
1581 383 1612 433 et
1623 378 1756 435 utilitatis

122 484 184 541 quae
196 464 481 539 habetolavemregni
490 467 633 537 oculorum,
646 470 674 525 in
684 487 740 542 qua
749 470 782 525 sit
791 470 917 526 remissio
957 476 1022 525 vota
1027 469 1178 542 perverse?
1188 469 1261 525 Sunt
1270 476 1298 525 et
1308 469 1364 524 alia
1370 466 1567 540 huiuscemodi
1571 474 1690 540 peccata
1698 486 1759 542 que

121 563 310 633 peccatorum.
325 557 439 614 Secreta
448 575 558 631 quoque
566 559 755 615 satisfactione
764 560 832 615 solvi
845 576 918 615 mor·
958 560 1030 616 fiunt
1036 559 1183 614 verborum
1192 558 1392 615 offensionibus
1400 565 1428 613 et
1434 557 1759 629 cogitationum,Jaoobo

121 647 192 703 tutia
206 647 325 702 crimina
339 662 395 702 nou
410 663 556 719 negamus,
571 654 680 704 mutato
697 649 775 723 prius
790 649 918 706 secuuri
958 648 1067 704 dicente
1095 648 1248 721 apostolo:
1279 666 1292 700 e
1322 648 1354 704 In
1369 648 1468 703 multis
1490 647 1568 702 euim
1590 647 1759 705 offendimus

122 735 221 793 habitu
236 740 264 792 et
281 735 420 792 indefesso
441 736 585 809 religionis
605 738 708 805 dudio,
719 756 770 811 per
783 739 846 795 vitae
859 756 918 796 cor·
957 755 1065 794 omnes.
1082 755 1096 790 r
1113 736 1232 809 Oportet
1240 737 1365 809 quotidie
1379 737 1535 808 crebroque
1548 738 1760 794 exoremusDo·

121 826 274 882 rectionem
284 834 313 882 et
320 827 383 898 jugi
389 826 445 882 imo
453 833 589 899 perpetuo
599 827 676 884 luctu
687 829 837 884 miserante
847 829 915 898 Deo,
957 829 1076 896 minum,
1085 832 1170 899 atque
1184 826 1310 881 dicamus
1326 844 1332 879 :
1350 845 1363 880 a
1378 826 1496 881 Dimitte
1504 825 1587 881 nobis
1602 826 1699 882 debita
1712 843 1759 883 no-

120 913 162 970 ita
170 915 307 971 duntaxat
320 922 352 970 ut
366 916 507 971 contraria
522 933 572 989 pro
587 917 630 972 his
640 935 702 989 quae
714 919 915 990 penitctagat.
958 923 1025 986 stra,
1039 937 1051 968 r
1063 933 1098 972 nc
1113 918 1142 971 in
1157 933 1189 971 eo
1200 916 1274 988 quod
1286 916 1415 987 sequitur
1423 916 1608 983 mentiamur,
1620 934 1635 968 a
1646 916 1718 971 sicut
1731 923 1760 973 et

121 1003 292 1071 Quotidiana
311 1021 375 1060 vcro
395 1005 522 1077 leviaque
537 1012 651 1078 peccata
665 1007 726 1063 sine
743 1007 844 1080 quibus
858 1009 917 1064 haec
957 1023 1009 1063 nos
1033 1006 1201 1062 dimittimus
1219 1003 1392 1060 debitoribus
1407 1006 1523 1059 nostris.
1550 1024 1563 1057 a
1581 1006 1639 1061 Pro
1658 1004 1759 1078 quibus

119 1093 180 1149 ritu
205 1109 262 1148 non
289 1093 411 1162 ducitur,
434 1094 580 1151 Dominioa
600 1096 726 1151 oratione
748 1102 913 1169 purgantur,
957 1098 1042 1152 etiam
1056 1094 1191 1150 sacrificia
1212 1094 1455 1165 eleemosynarum
1470 1100 1499 1149 et
1511 1094 1691 1164 jeiuniorum
1709 1111 1758 1167 pro

121 1198 243 1256 quorum
254 1188 297 1239 est
306 1182 399 1238 dicere
415 1201 421 1236 ε
439 1201 452 1235 ι
469 1183 552 1238 Pater
567 1190 671 1253 noster,
688 1186 735 1258 qui
751 1202 780 1240 es
795 1186 825 1241 in
840 1187 916 1241 coelis
956 1185 1015 1241 suis
1026 1184 1130 1239 viribus
1140 1183 1233 1238 offerri
1243 1199 1300 1238 non
1314 1188 1432 1238 cessent.
1443 1184 1498 1237 Pro
1513 1184 1569 1238 illis
1580 1199 1651 1254 ergo
1662 1199 1759 1256 pecea-

122 1272 229 1341 (Macte.
246 1276 295 1342 u),
307 1272 427 1341 etc.,ubi
437 1272 557 1329 dicitur:
576 1295 587 1327 ι
604 1274 720 1330 Dimitte
731 1274 812 1330 nobis
821 1274 917 1332 debita
956 1275 993 1330 tis
1008 1290 1070 1346 quae
1085 1273 1155 1344 legis
1169 1273 1318 1344 decalogus
1332 1273 1466 1340 continet,
1478 1278 1508 1328 et
1521 1272 1556 1327 de
1571 1271 1677 1344 quibus
1688 1274 1758 1344 Apo-

120 1367 233 1430 uostra,
251 1380 266 1417 r
290 1362 357 1434 quia
378 1362 440 1435 ipsa
464 1362 641 1435 eleemosyna
662 1369 714 1431 est,
736 1379 786 1436 per
806 1365 915 1421 veniam
956 1365 1044 1421 stolus
1058 1363 1121 1418 ait:
1138 1378 1153 1415 c
1168 1362 1306 1428 Quoniam
1322 1379 1413 1434 neque
1427 1362 1514 1429 avam,
1527 1377 1623 1433 neque
1632 1378 1756 1434 rapaces,

80 1508 83 1513 ,
120 1450 228 1508 homini
251 1452 398 1525 penitenti
416 1453 567 1522 ignoscere.
589 1453 669 1509 Unde
692 1453 829 1509 Dominus
852 1455 913 1511 ait:
957 1468 1048 1524 neque
1061 1451 1191 1511 adulteri,
1207 1466 1297 1523 neque
1312 1450 1500 1505 masculorum
1519 1449 1755 1517 concubitores»

119 1559 134 1597 c
149 1543 220 1599 Date
233 1542 450 1616 eleemosynam,
463 1548 491 1598 et
504 1542 715 1599 omniamunda
726 1544 888 1600 suntrobis.
902 1563 914 1598 s
957 1548 986 1599 ct
999 1546 1109 1597 coetera.
1127 1559 1141 1593 a
1157 1539 1295 1606 Quoniam
1310 1540 1358 1612 qui
1372 1541 1442 1595 talia
1455 1544 1554 1610 agunt,
1572 1556 1697 1610 regnum
1710 1540 1758 1595 Dei

119 1632 207 1690 Multa
222 1632 509 1704 itaquegenerasunt
521 1632 843 1707 eleemosynarumque
852 1651 916 1691 cum
956 1648 1013 1687 uon
1026 1628 1210 1705 possidebunt
1225 1630 1251 1698 (l
1261 1630 1322 1685 Cor.
1338 1631 1388 1698 xi),
1405 1648 1418 1679 a
1435 1628 1484 1684 illa
1496 1629 1573 1684 actio
1587 1630 1757 1701 poenitentia

118 1721 245 1790 tammus,
260 1721 429 1793 adjuramur
436 1725 470 1776 ut
479 1721 658 1778 dimittantur
671 1727 768 1778 nostra
782 1729 896 1795 peccata
908 1703 1101 1779 :Esubeunda
1116 1724 1159 1775 est
1172 1719 1201 1773 in
1216 1734 1273 1790 qua
1281 1719 1418 1790 majorem
1431 1718 1461 1773 in
1475 1734 1506 1773 sc
1519 1719 1642 1791 quisque
1657 1721 1757 1775 severi·

118 1810 169 1867 sed
193 1827 227 1866 ea
250 1810 321 1867 nihil
341 1817 386 1866 est
403 1811 495 1883 majus
515 1827 571 1883 qua
589 1827 622 1867 ex
641 1811 724 1867 corde
748 1812 916 1869 dimittimus
956 1815 1044 1865 tatem
1061 1808 1162 1865 debeat
1179 1824 1318 1873 exercere,
1333 1814 1366 1864 ut
1386 1824 1403 1862 a
1421 1808 1514 1880 seipso
1534 1808 1683 1879 judicatus
1703 1824 1756 1866 uon

118 1900 194 1974 quod
207 1900 238 1956 in
251 1916 302 1956 uos
316 1900 435 1972 quisque
449 1900 581 1973 peccavit.
598 1900 670 1956 Sunt
679 1907 773 1956 autem
787 1902 916 1973 quadum
953 1899 1096 1974 judicetur
1110 1915 1128 1953 a
1141 1897 1270 1954 Domino.
1287 1898 1448 1955 Mansuram
1462 1903 1559 1954 autem
1573 1899 1713 1971 temporis
1729 1900 1755 1955 iu

118 1994 233 2063 peccata
250 2005 312 2061 quae
326 1993 463 2062 putantur
480 1989 631 2057 levissima,
647 1989 704 2046 uisi
719 1989 748 2044 in
763 1991 916 2063 Scripturis
956 1988 1066 2061 egendo
1079 1987 1246 2061 poenitentia
1261 1987 1364 2043 idcirco
1378 2003 1436 2043 non
1450 1988 1519 2042 satis
1533 1991 1647 2043 attente
1667 1990 1754 2060 praefi·

118 2077 380 2135 demonstrarentur
398 2078 531 2151 opinione
543 2079 682 2150 graviora.
699 2079 767 2144 Quis
781 2080 856 2136 enim
872 2080 915 2136 di·
954 2082 1027 2150 gunt
1040 2094 1160 2133 canones
1175 2093 1225 2149 pro
1235 2093 1405 2148 unoquoque
1419 2076 1547 2145 crimine,
1561 2076 1613 2133 sed
1624 2079 1753 2150 magisin

119 2172 230 2223 centem
251 2167 331 2223 tratri
349 2185 411 2237 auo,
431 2168 529 2235 Fatue,
545 2184 625 2224 reum
641 2168 776 2240 gehennae
791 2174 913 2241 putaret,
956 2167 1072 2224 arbitrio
1092 2166 1228 2224 antistitis
1254 2167 1468 2239 relinquendum
1496 2171 1630 2223 statuunt
1657 2184 1663 2220 :
1694 2168 1754 2239 quia

117 2255 290 2312 uisiVeritas
297 2256 770 2329 diceretidutquismatimarettam
781 2275 916 2331 maguum
958 2258 1032 2330 apud
1045 2257 1136 2313 Deum
1148 2272 1205 2311 non
1219 2262 1278 2311 tam
1291 2256 1365 2311 salec
1376 2272 1511 2311 mensura
1521 2257 1661 2329 temporis
1675 2273 1753 2329 quam

119 2360 181 2402 esse
194 2350 338 2419 peccatum
358 2346 418 2401 dies
439 2345 596 2414 observare,
612 2362 723 2402 menses
736 2353 765 2403 ct
785 2364 874 2403 annos
889 2353 918 2404 et
958 2347 1072 2414 doloris,
1088 2362 1140 2402 nec
1153 2343 1325 2401 abstinentia
1338 2350 1449 2401 tanturn
1464 2345 1604 2413 ciborum,
1619 2346 1671 2402 sed
1684 2363 1753 2402 mor·

117 2439 255 2508 tempora,
281 2436 354 2492 sicia
377 2435 525 2492 observant
547 2437 595 2508 qui
617 2436 701 2492 certis
726 2436 833 2505 diebus,
860 2437 918 2492 sire
958 2435 1073 2492 tisscatio
1100 2435 1193 2509 potius
1217 2434 1372 2490 vitiorum:
1398 2440 1514 2508 propter
1537 2434 1614 2507 quod
1633 2440 1754 2509 tempore
1799 2424 1802 2431 ¹

119 2524 263 2581 mensibus
282 2524 339 2580 sire
353 2525 436 2581 annis
450 2527 548 2581 volunt
567 2527 609 2581 sel
628 2525 728 2581 nolunt
746 2526 851 2598 aliquid
870 2527 916 2582 in·
957 2524 1754 2598 posteinie,ndeeteonversctionepoenitendomabbre

120 2612 231 2680 chocre,
246 2613 300 2670 nisi
314 2615 464 2687 Apostolus
477 2615 583 2671 diceret
596 2630 604 2667 τ
618 2615 716 2672 Timeo
731 2632 789 2683 vos,
805 2632 841 2671 nc
855 2616 916 2671 sine
957 2614 1057 2670 nando
1068 2614 1270 2687 precipiantur
1283 2621 1312 2669 et
1325 2613 1498 2685 negligentia
1512 2613 1691 2685 protelanda.
1710 2614 1754 2669 Er·

119 2716 205 2758 causa
218 2702 401 2761 laboraverim
417 2705 447 2759 in
463 2704 559 2761 vobis?
575 2705 666 2771 Quam
680 2706 769 2761 multa
782 2710 849 2760 sunt
861 2706 918 2761 alia
958 2708 1034 2759 stant
1049 2709 1146 2759 minen
1164 2702 1396 2775 proquibusdam
1416 2704 1506 2776 culpis
1522 2703 1600 2758 modi
1620 2703 1753 2776 posnan·
1779 2764 1783 2771 Δ

119 2797 235 2864 peccata
245 2791 301 2846 sive
309 2792 339 2846 in
353 2792 491 2864 loquendo
498 2794 532 2849 dc
543 2793 626 2850 rebus
636 2792 665 2849 et
677 2795 796 2865 negotiis
806 2795 915 2863 alienis,
958 2792 1004 2849 tie
1021 2793 1049 2848 in
1065 2793 1219 2848 canonibus
1233 2792 1369 2864 impositi,
1381 2794 1463 2862 juxta
1480 2809 1551 2864 quos
1572 2799 1681 2849 catere
1695 2808 1753 2867 per-

120 2894 182 2953 quer
196 2880 231 2935 ad
246 2886 274 2936 te
293 2896 349 2936 nou
370 2882 531 2953 pertinent;
550 2882 608 2938 sive
629 2883 658 2938 in
676 2900 747 2939 rano
772 2885 915 2951 cachinno,
959 2883 1112 2956 pendenda
1131 2888 1199 2938 sunt
1215 2882 1312 2954 culpae,
1334 2898 1397 2936 cum
1416 2882 1452 2937 sit
1471 2882 1553 2937 iacilc
1576 2898 1628 2955 per
1647 2883 1753 2939 eosdem

119 2970 178 3024 sire
192 2969 221 3024 in
236 2969 304 3042 ipsis
321 2972 392 3027 escis
407 2989 468 3043 quar
482 2973 517 3028 ad
541 2973 736 3028 necessitatem
751 2974 836 3044 hujus
854 2974 917 3029 vitae
958 2972 1056 3029 modos
1073 2971 1225 3027 uindictam
1247 2975 1276 3026 et
1289 2987 1437 3026 censuram
1449 2988 1590 3028 curionum
1604 2972 1749 3029 aestimare.

122 3065 268 3130 parantur,
284 3060 431 3132 inquibus
451 3066 495 3117 cst
509 3061 616 3117 audior
637 3062 797 3135 appetitus3
813 3063 870 3117 siro
888 3048 952 3117 inC

335 3309 658 3408 ΒΕΑΤΙ
700 3309 1127 3409 RABANI
1168 3307 1536 3410 MAURI

458 3492 659 3550 FULDENSIS
677 3492 830 3551 ABBATIS
849 3494 894 3551 ET
912 3492 1118 3550 MOGUN'PINI
1137 3492 1414 3549 ARCHIEPISCOPI

187 3657 322 3789 DE
389 3656 746 3789 VlTllS
809 3658 939 3788 ET
999 3652 1698 3787 VIRTUTIBUS

936 3903 955 3947 Τ

576 4020 902 4095 PECCATORUM
931 4019 1315 4098 SATISFAGTIONE.

784 4287 1091 4363 PRAEFATIO.

155 4535 380 4607 Cogitansergoa
388 4546 498 4586 raecum
506 4528 947 4602 quomodoOlaristianopopuloD
957 4531 1077 4586 scribere
1087 4532 1272 4601 decernimus,
1280 4538 1310 4587 et
1318 4533 1357 4587 sic
1367 4534 1401 4588 ad
1413 4550 1508 4589 veram
1516 4537 1693 4591 confessionis
1700 4537 1741 4589 hu·

25 4692 33 4701 ⁸
120 4625 233 4696 aliquod
243 4623 375 4679 solatium
383 4620 546 4693 praeberem,
556 4636 610 4689 quo
622 4621 722 4675 irrelius
733 4625 832 4674 contra
841 4620 915 4675 anti-
957 4622 1742 4698 militatem,etudpoenitentiaremediumstylurnrertcrc

120 4731 207 4788 quum
229 4715 339 4768 hostem
361 4711 511 4781 confligere
536 4716 638 4781 posset,
655 4714 683 4764 et
700 4710 793 4780 gratia
813 4709 915 4765 Christi
957 4711 1121 4780 cogitamus.
1138 4712 1270 4776 Quamvis
1284 4713 1359 4767 enim
1374 4713 1524 4783 originalia
1536 4716 1565 4770 in
1581 4712 1742 4788 baptismatis

119 4805 242 4861 donante
256 4802 292 4857 ad
303 4800 447 4857 victoriam
460 4816 554 4854 verani
567 4799 733 4870 perveniret,
746 4800 869 4870 excerpsi
881 4799 916 4853 de
958 4815 1074 4854 inuuere
1086 4801 1180 4870 gratia
1197 4802 1359 4857 Mediatoris
1378 4810 1480 4860 cuncta
1497 4804 1603 4860 aboleri
1621 4804 1743 4860 veraciter

119 4898 280 4951 sanctorum
296 4897 325 4947 et
343 4890 543 4946 catholicorum
562 4889 679 4942 Petrum
694 4887 804 4959 scriptis
822 4889 917 4959 aliqua
957 4889 1109 4943 credantur
1122 4896 1245 4961 peccatu,
1269 4893 1337 4963 quia
1352 4895 1455 4949 sutiicit
1474 4895 1523 4949 ille
1543 4896 1605 4950 sola
1622 4892 1743 4967 spiritalis

119 4982 281 5040 testirrronia
293 4981 367 5035 unde
381 4978 429 5050 qui
443 4979 547 5033 vellent
560 4977 694 5048 opuscula
703 4984 799 5031 nostra
812 4977 914 5046 legere,
956 4979 1101 5049 generatio
1119 4998 1124 5032 :
1142 4986 1265 5036 ettarnen
1286 4999 1349 5037 cum
1369 4988 1484 5039 ventum
1499 4984 1584 5039 fuerit
1597 4986 1633 5040 ad
1645 4988 1743 5040 aetaum

119 5079 148 5129 et
161 5090 256 5129 coram
272 5070 372 5142 quibus
384 5068 463 5123 labor
473 5074 568 5122 noster
576 5067 724 5138 despectus
737 5074 855 5133 nonest,
869 5068 918 5121 ali-
958 5085 1020 5139 quer
1036 5075 1205 5140 precaeptum
1217 5072 1276 5141 jam
1291 5073 1366 5144 capit
1378 5079 1407 5127 et
1419 5073 1500 5128 subdi
1515 5070 1610 5146 potest
1623 5074 1690 5146 legis
1699 5073 1744 5126 im·

119 5164 192 5235 quod
201 5162 372 5233 adjutorium
380 5160 538 5231 acciperent
548 5158 583 5210 ad
593 5157 745 5227 regendarii
752 5158 917 5228 serrrotipsos
957 5158 1044 5230 pererio,
1056 5159 1263 5229 suscipiendum
1273 5161 1424 5217 ostbrllum
1432 5170 1531 5218 contra
1539 5164 1615 5227 vitia,
1626 5170 1744 5235 etgerru·

118 5260 147 5308 et
164 5255 233 5306 aiios
254 5253 289 5305 ad
309 5252 454 5305 nieliorem
478 5250 563 5302 ritum
582 5248 769 5317 corrigendos.
790 5247 914 5300 Primum
957 5249 1744 5324 dieoariter,nr·iterumreiteratione‹lernnatriliapee

117 5343 151 5396 dc
167 5340 438 5412 octoprincipalibus
451 5340 565 5393 uitiiset
580 5336 709 5391 rrrncdiis
719 5344 817 5390 veretra
826 5354 860 5389 ra
869 5354 916 5407 op-
956 5344 1027 5391 tata.
1047 5339 1208 5393 Parrcissrmi
1223 5346 1318 5394 autem
1332 5348 1398 5397 sunt
1411 5346 1497 5397 tantae
1509 5343 1662 5411 felicitatis,
1674 5348 1704 5398 ut
1713 5338 1743 5394 ab

118 5430 263 5502 ponendis.
280 5430 386 5484 Deinde
402 5429 551 5484 virtutibus
565 5427 651 5482 sacris
669 5433 698 5482 ot
714 5427 795 5480 laude
817 5442 913 5480 trainam
957 5427 1017 5497 ipsa
1033 5428 1148 5483 ineunte
1163 5430 1350 5486 adolescentia
1362 5431 1439 5487 nulla
1452 5433 1628 5490 damnabilia
1642 5436 1744 5507 poeta

153 5566 165 5594 ί·
178 5556 249 5621 Erpa
260 5550 309 5608 i’ox
320 5556 468 5626 peculiaris
476 5555 583 5611 auctori
594 5555 621 5609 in
630 5554 764 5608 librorum
775 5552 917 5625 auspiciis.
