3772 6120
117 349 185 410 1331
269 385 274 396 -
413 344 447 408 Β.
462 345 600 410 aleam
617 348 735 408 usum
751 348 920 408 seculae.
940 347 1102 408 nonulla.
1124 347 1273 408 oreada
1290 345 1382 406 PARS
1400 345 1452 407 111.
1691 344 1758 405 1332

117 478 197 535 11111
210 480 372 532 sanctorum
387 477 511 532 remedia
519 476 680 534 vulneribus
693 479 750 533 tuis
763 476 949 539 humilitatiA
959 493 1076 548 qunque
1090 476 1242 549 egerimus]
1258 482 1287 532 et
1300 474 1427 546 ingentia
1438 472 1512 530 nihil
1525 473 1685 546 proderent
1704 473 1757 529 mi·

116 565 219 622 ellectu
238 565 394 622 submissus
408 564 537 637 implora.
559 567 704 622 Postremo
723 565 787 638 quis
810 565 914 637 estqui
956 566 1048 634 nima3
1063 566 1120 621 imo
1130 581 1257 637 veroego
1267 565 1352 620 etiam
1363 562 1513 618 illudaddo
1526 568 1572 618 :et
1582 562 1684 634 quiesi
1697 563 1758 634 quis

118 671 175 712 non
190 655 278 727 possit
293 654 460 725 simpliciter
475 654 585 710 dicere:
612 677 623 703 ι
648 655 798 710 Peccatum
819 669 914 709 meum
956 671 1043 726 parva
1056 660 1219 710 contemnat
1228 660 1257 709 et
1272 654 1398 720 minima,
1414 658 1526 707 certum
1547 651 1679 724 estquod
1693 668 1758 724 pau·

118 744 263 816 cognitum
272 741 324 798 tibi
333 743 395 809 feci,
413 749 442 798 et
460 743 630 815 injustitiam
644 760 736 799 meam
750 760 807 799 non
816 743 916 815 operui
955 745 1035 799 latim
1050 744 1135 799 etiam
1148 745 1183 799 ad
1194 759 1297 814 magna
1307 741 1451 814 perveniat
1467 759 1473 794 :
1488 758 1502 793 s
1515 740 1645 805 Quiverc
1654 740 1759 812 spernit

120 836 203 903 (Pani.
221 847 298 898 xxx1,
311 832 382 894 blla
398 837 431 886 ut
453 849 504 903 per
516 833 588 888 banc
609 831 810 888 confessionem
829 831 915 886 etiam
957 833 1085 899 minima,
1105 833 1204 888 »sicut
1218 832 1364 903 Scriptura
1378 830 1456 895 dicit,
1469 851 1482 878 ι
1497 829 1641 901 paulatim
1659 829 1760 885 decidit

119 922 189 980 illud
210 919 565 992 conlidentcrsubjungere
577 927 737 976 mereatur:
758 940 769 972 ι
786 925 815 975 11
824 926 855 976 tu
869 936 915 974 re·
958 923 1051 990 (liceli.
1068 936 1124 988 xxx,
1137 923 1176 988 1),
1197 943 1206 968 ·
1225 921 1329 976 ntideo
1343 919 1465 974 arbitror
1486 919 1580 974 Deum
1593 923 1625 973 et
1638 918 1759 974 Salvato-

119 1010 222 1068 misisti
234 1010 408 1082 impietatem
423 1009 514 1064 cordis
529 1010 586 1066 mei
599 1011 693 1079 (ibid.)
708 1029 720 1063 n
737 1009 815 1074 Quod
832 1009 856 1064 si
867 1025 916 1063 rc·
956 1028 1016 1066 rem
1030 1016 1158 1066 nostrum
1173 1011 1202 1067 in
1227 1010 1311 1065 rebus
1331 1008 1455 1064 minimis
1478 1024 1601 1078 magnas
1629 1007 1760 1064 statuisse

118 1099 253 1159 racundia
275 1099 456 1171 pertrahente
484 1100 608 1154 revelare
637 1115 731 1155 coram
756 1097 916 1154 hominibus
957 1100 1119 1156 mercedes:
1136 1100 1203 1171 quid
1213 1099 1291 1155 enirn
1303 1104 1361 1153 tam
1372 1099 1442 1154 lere.
1453 1103 1514 1151 tam
1525 1096 1760 1167 1111111111νί-

119 1187 272 1255 erubescis,
289 1186 330 1242 illi
345 1203 429 1259 quem
444 1187 532 1243 latere
542 1204 599 1242 non
614 1192 733 1260 possunt
742 1186 868 1242 confiteri
882 1202 917 1243 ea
956 1190 1043 1244 sitare
1056 1189 1210 1257 infirmum,
1223 1193 1254 1244 et
1267 1194 1362 1243 manen
1372 1187 1438 1241 huic
1452 1186 1626 1256 tamexiguo
1636 1186 1760 1256 operire·

116 1278 180 1351 iugi
192 1276 396 1349 supplicatione
406 1292 462 1332 non
474 1276 595 1343 desinas,
612 1291 645 1331 ac
661 1275 755 1330 dicere
769 1275 813 1330 ei:
830 1274 916 1331 alni·
956 1277 1181 1334 munerationem
1196 1277 1373 1348 magnificam
1388 1274 1500 1348 posuit?
1518 1279 1549 1329 et
1559 1274 1680 1343 iterum,
1695 1274 1759 1345 quid

119 1366 256 1440 quitatem
280 1381 373 1420 meam
391 1381 591 1437 egocognosco
610 1369 639 1420 ct
662 1369 807 1436 peccatum
821 1380 916 1420 mcum
956 1362 1759 1439 tamiacile,quidtamgratum,quamesurientiprabere

118 1460 220 1512 contra
232 1471 279 1510 mc
293 1460 337 1510 est
347 1469 460 1527 semper
480 1472 486 1507 :
507 1452 558 1509 tibi
582 1454 634 1509 soli
644 1454 754 1526 peccari
768 1458 798 1508 et
809 1455 916 1509 malum
956 1455 1059 1524 cibum,
1070 1455 1177 1510 sitienti
1186 1459 1293 1527 potum,
1302 1453 1759 1517 nudoindumentum,cenclusam

72 1601 79 1607 ,
119 1549 254 1602 coramte
268 1543 320 1599 feci
333 1545 416 1612 (Pani.
433 1560 459 1608 a,
471 1543 508 1612 5).
527 1543 605 1608 ·Qui
618 1547 648 1598 et
658 1542 764 1615 absque
778 1542 864 1598 ullius
872 1559 917 1598 ra-
957 1544 1108 1599 incarcere
1122 1544 1286 1616 requireret
1301 1548 1330 1598 et
1343 1543 1544 1614 haecquaetam
1559 1545 1760 1612 parrasuutet

118 1633 260 1692 racundiae
287 1631 475 1705 publicatione
498 1648 597 1688 curare
621 1637 650 1687 et
671 1632 732 1686 sine
746 1631 918 1702 improperio
957 1638 1015 1688 tam
1030 1633 1148 1689 minima
1162 1633 1203 1689 ita
1216 1648 1321 1705 magna
1333 1631 1412 1686 ducit
1426 1636 1456 1685 et
1469 1646 1595 1696 summa,
1613 1635 1695 1686 ntea
1706 1645 1760 1703 non

118 1726 234 1796 peccata
247 1721 352 1777 donare
375 1720 528 1787 consuevit,
549 1725 612 1792 post
637 1719 707 1776 illud
731 1736 843 1792 quoquc
857 1724 917 1775 tam
957 1722 1075 1785 homini,
1085 1723 1135 1777 sed
1145 1721 1197 1777 sibi
1207 1721 1261 1793 ipsi
1270 1721 1344 1777 Deus
1355 1720 1473 1791 deputet
1482 1719 1660 1787 ministrata,
1672 1725 1701 1774 et
1712 1734 1759 1791 pm

118 1815 281 1884 promptum
289 1815 453 1880 semumque
460 1807 617 1864 subsidium
627 1783 1002 1880 ahudquoqueadhucsshis
1021 1827 1140 1882 regnum
1159 1810 1273 1866 coeleste
1287 1808 1459 1881 promiserit.
1484 1808 1655 1878 Aggredere
1668 1807 1757 1880 igitar,

119 1899 229 1956 facilius
243 1898 346 1970 largita
360 1897 441 1953 nobis
451 1903 495 1953 est
509 1897 604 1952 divina
621 1897 756 1968 dignatio,
772 1897 918 1969 ipsamque
958 1901 1047 1955 amice
1061 1899 1236 1962 charissime,
1253 1899 1406 1970 aggredere
1430 1897 1486 1952 iter
1513 1903 1631 1952 aeternae
1648 1897 1759 1964 1111111

119 1987 237 2045 mmedii
247 2003 328 2060 opem
337 1993 433 2042 nostro
441 1985 582 2042 commisit
588 1986 715 2053 arbitrio,
726 1991 758 2041 ut
768 1985 919 2059 indulgen·
958 2005 1056 2045 rursus
1063 1989 1280 2062 suscipejugum
1287 1987 1392 2042 Christi
1401 2002 1488 2041 suave
1497 1992 1526 2040 11
1532 2001 1610 2040 onus
1622 1986 1687 2057 ejus
1695 1985 1757 2054 lese,

118 2076 190 2134 tiam
205 2082 365 2133 nostrorum
380 2076 518 2131 scelerum
533 2092 584 2148 pro
605 2080 701 2130 nostro
713 2091 919 2147 praesumamus
958 2094 1094 2150 recupera
1108 2078 1139 2132 in
1151 2077 1301 2148 temetipso
1310 2075 1397 2131 animi
1410 2076 1531 2130 virtutes
1543 2080 1574 2129 et
1587 2072 1757 2130 tincmrcdde

16 2172 20 2179 “
119 2165 231 2234 allecta,
247 2164 432 2221 dicentesei:
454 2164 595 2221 «Dimitte
609 2163 689 2219 nobis
707 2163 802 2219 debita
810 2168 917 2232 nostra,
957 2167 1046 2223 initiis
1069 2166 1199 2232 similem,
1229 2182 1282 2221 nec
1308 2164 1424 2236 patiaris
1445 2169 1561 2219 tantum
1576 2163 1630 2219 tibi
1645 2168 1771 2225 1111111,

119 2254 194 2312 sicut
199 2259 228 2311 ct
239 2270 290 2310 nos
300 2253 469 2309 dimittimus
474 2252 648 2309 debitoribus
653 2252 919 2324 nostrisaQuisquis
958 2253 1054 2310 labore
1067 2253 1216 2326 quaesitum
1226 2252 1396 2324 spiritalium
1402 2251 1564 2322 gratiarum
1572 2250 1757 2323 diriperecen·

119 2343 208 2417 igitur
221 2343 257 2399 ad
266 2343 472 2414 indulgentiam
486 2359 601 2400 suorum
611 2341 760 2397 caminum
776 2341 920 2398 desiderat
959 2360 1021 2399 sum
1032 2361 1039 2411 3
1051 2341 1156 2415 peribis
1167 2341 1242 2396 enim
1255 2341 1279 2395 si
1292 2339 1461 2412 persistasin
1471 2339 1647 2411 peccatis,et
1656 2354 1755 2395 exacen

120 2433 275 2507 pemcnirc,
292 2432 355 2487 istis
373 2432 555 2503 semetipsum
570 2435 667 2504 aptare
686 2429 799 2486 studeat
812 2430 919 2487 instru-
958 2432 1008 2488 bas
1023 2432 1113 2488 Deum
1127 2431 1156 2486 in
1170 2429 1278 2486 actibus
1288 2430 1361 2495 tuis3
1377 2428 1656 2501 siveropriusquam
1664 2445 1754 2484 census

120 2520 234 2588 menes,
249 2537 301 2576 nec
311 2520 441 2576 obdurati
452 2519 544 2575 cordis
552 2519 708 2591 pervicacia
718 2518 920 2575 aremediosa·
958 2521 1001 2578 tui
1015 2524 1066 2576 liat
1079 2521 1169 2575 multa
1176 2521 1297 2591 jactura,
1308 2518 1508 2589 etpriusquam
1520 2522 1603 2572 terra
1615 2525 1667 2575 tna
1675 2516 1754 2574 noxiis

120 2609 206 2667 lateri
221 2610 327 2664 sontem
341 2613 427 2665 tantan
448 2608 561 2681 pietatis
583 2613 700 2663 avertat.
725 2608 792 2672 Quae
807 2607 920 2664 etiamsi
958 2609 1189 2667 inundationibus
1203 2610 1353 2681 repleatur,
1367 2606 1754 2679 exclusasirruptionumlau·

120 2698 286 2754 haecomnia
296 2697 454 2764 fecerimus,
469 2714 526 2753 non
539 2696 919 2769 eruntidonaaadexpiatio·
959 2714 1005 2754 ces
1030 2704 1060 2753 et
1085 2699 1245 2770 ingressum
1273 2697 1420 2769 perhibeas
1455 2697 1661 2751 inundantium
1686 2695 1754 2751 ritic-

120 2803 186 2844 nem
208 2788 344 2843 scelerum
359 2792 531 2854 nostrorum,
548 2787 602 2843 nisi
627 2803 662 2842 ca
684 2785 794 2842 bonitas
807 2784 920 2842 Domini
959 2804 1033 2855 rum,
1047 2788 1153 2860 poteris
1167 2803 1280 2843 rursum
1296 2786 1444 2859 pristinam
1460 2800 1596 2856 reparare
1610 2785 1752 2851 cultarum,

121 2875 326 2948 clementiaque
340 2876 484 2943 deleverit,
499 2875 555 2947 {qui
575 2892 640 2931 cum
662 2875 786 2947 religiosi
802 2880 919 2931 conatus
960 2877 1043 2932 etad
1069 2877 1177 2932 tructus
1204 2876 1301 2931 solitos
1325 2875 1399 2930 ruris
1422 2875 1523 2947 optimi
1552 2872 1752 2946 qnondamtibi

121 2964 255 3038 obsequia
268 2964 387 3038 supplici
401 2970 522 3020 mentea
537 2964 618 3020 nobis
632 2964 726 3020 oblata
736 2965 918 3037 perspexerit,
959 2982 1089 3022 exercere
1114 2966 1233 3020 noraha
1274 2965 1398 3036 Exsurge
1424 2980 1502 3034 ergo,
1527 2980 1662 3035 exsurge,
1690 2963 1752 3019 11111

121 3053 236 3126 exiguos
245 3069 401 3127 parvosque
409 3058 527 3110 conatus
536 3053 848 3110 immensaliberalitate
856 3069 919 3126 pro-
958 3056 1101 3127 Propheta
1118 3054 1196 3122 dicit,
1210 3061 1239 3110 et
1257 3077 1265 3103 ι
1282 3058 1380 3109 excute
1390 3054 1536 3124 pulverem
1552 3059 1636 3108 tuum
1651 3052 1749 3125 (Mala

121 3143 250 3216 seqnitur
263 3143 381 3198 dicens:
409 3143 497 3214 «Ego
519 3159 592 3210 anm,
617 3159 670 3215 ego
695 3158 758 3198 sum
772 3142 821 3216 qui
838 3130 985 3211 delectis,
995 3143 1038 3215 ll)
1051 3162 1083 3212 μ
1110 3159 1228 3214 exsurge
1246 3143 1281 3198 dc
1306 3149 1392 3208 terra,
1418 3148 1447 3197 11
1460 3141 1569 3209 statim,
1583 3141 1656 3197 mihi
1670 3140 1748 3208 cade,

120 3231 284 3306 iniquitates
297 3237 362 3287 tues
380 3237 495 3304 propter
509 3247 564 3299 me,
575 3237 792 3305 etpeccatorum
804 3237 919 3289 tuorum
959 3232 1112 3288 terrebitur
1122 3232 1298 3288 adversarius
1314 3237 1380 3286 tuus
1402 3247 1408 3284 :
1430 3231 1477 3286 ille
1497 3230 1574 3285 enim
1599 3231 1642 3286 ita
1655 3237 1682 3287 te
1695 3230 1748 3301 qni·

117 3321 180 3393 jam
194 3336 251 3376 non
271 3319 440 3377 recordabor
460 3321 524 3393 (len.
543 3323 620 3388 xmir,
643 3319 699 3391 ih).
718 3342 729 3373 ι
750 3321 792 3378 Τ1
811 3326 916 3390 autem,
958 3322 1023 3377 dem
1040 3322 1152 3393 dejecit,
1173 3321 1253 3394 quasi
1263 3321 1338 3376 ultra
1349 3337 1405 3374 non
1424 3325 1661 3386 resurrecturum,
1674 3320 1747 3375 sisu·

30 3456 34 3462 .
121 3409 317 3478 chomo,heec
330 3409 510 3466 considerans
524 3410 607 3466 stude
615 3410 795 3482 temetipsum
805 3426 919 3483 perpoe-
958 3416 1017 3468 tem
1031 3410 1124 3466 rideat
1137 3417 1166 3466 te
1180 3411 1334 3466 surrexisse
1342 3411 1376 3465 de
1387 3415 1473 3477 terra,
1489 3414 1517 3464 11
1533 3408 1744 3465 brachiarursus

119 3498 269 3556 nitentium
282 3515 449 3572 recuperare
461 3505 489 3554 et
503 3500 586 3570 longe
607 3516 625 3555 a
644 3498 719 3554 vitiis
732 3503 761 3553 te
775 3515 915 3571 separare,
959 3499 1106 3554 certamini
1121 3499 1344 3570 protendentem,
1361 3498 1423 3570 ipsa
1432 3497 1474 3552 tui
1481 3496 1603 3553 audacia
1610 3494 1744 3553 deterrebi-

121 3588 216 3662 sicque
228 3586 311 3644 bonis
322 3588 454 3661 oporibus
462 3588 596 3645 insistens
602 3589 707 3661 poteris
717 3589 775 3644 Deo
785 3594 814 3643 te
822 3588 918 3661 proxi·
958 3593 1015 3653 tur,
1032 3592 1061 3643 11
1069 3593 1175 3659 quanto
1188 3592 1220 3642 tu
1234 3586 1390 3659 promptior
1402 3591 1482 3641 tanto
1497 3586 1546 3641 ille
1553 3583 1742 3641 formidolosior

120 3693 200 3734 mum
213 3676 316 3746 iacere,
333 3677 467 3750 quidquid
484 3677 550 3733 boni
564 3677 653 3748 possis
666 3677 734 3732 dum
749 3682 860 3750 tempus
870 3677 919 3731 ha-
959 3677 1017 3743 liet,
1033 3681 1063 3732 ct
1072 3682 1177 3749 quanto
1195 3677 1305 3747 majora
1315 3676 1460 3748 praesumis
1470 3675 1608 3730 tantoille
1617 3673 1740 3735 infirmior

120 3764 170 3824 bes
183 3765 324 3823 instanter
347 3764 474 3839 opeiare.
500 3766 611 3822 Etenim
630 3766 702 3822 sicut
715 3765 819 3821 divitiae
833 3765 918 3836 hujus
957 3765 1139 3838 fragiliorque
1155 3765 1292 3820 redditur.
1313 3765 1367 3820 Sed
1380 3768 1408 3818 et
1422 3763 1491 3818 illud
1503 3763 1598 3834 cogita
1618 3762 1687 3834 quod
1699 3759 1737 3815 tibi

120 3855 215 3914 sacnti
229 3860 298 3912 tunc
312 3856 435 3912 maxime
448 3860 588 3926 augentur
599 3854 623 3910 si
633 3855 712 3911 nulla
721 3856 919 3929 prorsuslucrs
958 3855 1073 3910 audenti
1088 3854 1180 3910 aderit
1192 3855 1277 3921 Deus,
1298 3853 1338 3908 illi
1357 3869 1422 3907 vero
1436 3854 1575 3908 scelerum
1587 3849 1736 3908 conscientia

120 3961 172 4001 nec
185 3944 302 4000 minima
323 3943 547 4001 condemnentur
561 3944 660 4015 [forta
675 3943 914 4016 contemnantur],
957 3949 986 3999 ot
1010 3943 1129 3999 audacia
1155 3942 1333 3999 labefactabit
1362 3947 1391 3997 et
1426 3941 1508 4010 uires,
1533 3942 1629 4014 sicque
1657 3938 1731 3995 dirim

19 4048 24 4057 ·
121 4033 196 4089 itaet
206 4032 381 4104 spiritalibus
391 4033 497 4089 divitiis
508 4032 713 4089 necminimum
722 4031 788 4104 quid
800 4038 842 4087 est
850 4031 916 4088 boni
955 4033 1049 4103 gratia
1071 4033 1211 4104 largiente
1234 4031 1264 4086 in
1287 4030 1417 4086 omnibus
1441 4031 1517 4086 hosti
1550 4036 1600 4086 tuo
1626 4027 1730 4101 superior

120 4123 213 4195 operis
226 4122 514 4179 contemnendumest
524 4141 531 4190 ;
541 4121 666 4194 alioquin
675 4121 754 4177 valde
763 4119 915 4177 absurdum
958 4123 1088 4190 existens,
1102 4123 1162 4193 jam
1177 4123 1266 4177 uictor
1276 4121 1358 4176 fortis
1371 4137 1424 4193 ope
1439 4120 1575 4177 virtutum
1590 4120 1664 4176 valde
1673 4116 1729 4172 dita·

120 4210 240 4277 ridetur,
255 4227 319 4266 cum
335 4211 424 4282 judex
437 4215 532 4266 noster
544 4227 580 4266 ne
594 4210 688 4266 calicis
709 4209 822 4282 quidem
836 4225 917 4283 aquae
957 4218 1012 4281 tus,
1029 4213 1065 4267 ad
1079 4212 1200 4267 coelcstis
1211 4211 1290 4282 regni
1301 4210 1419 4282 gloriam
1431 4211 1639 4282 percipiendam
1648 4207 1727 4276 migra

118 4295 227 4371 frigida
253 4299 411 4356 mercedem
433 4317 463 4356 sc
487 4300 647 4374 promiserit
669 4304 848 4371 negaturum,
864 4315 916 4354 nos
956 4301 1008 4367 bis,
1021 4300 1068 4356 ubi
1083 4317 1148 4357 cum
1162 4299 1273 4358 Christo
1282 4305 1312 4356 et
1326 4299 1430 4356 sanctis
1449 4300 1558 4370 angelis
1579 4301 1608 4357 in
1616 4303 1725 4355 aarum

120 4387 235 4460 quidem
249 4388 342 4447 dicere
357 4389 425 4461 quia
438 4389 493 4446 nisi
507 4405 611 4462 magna
623 4405 685 4462 quae
693 4387 817 4461 gerimus
829 4388 916 4460 [Forte
924 4388 1099 4469 „gaudebis
