3772 6120
124 254 193 319 lm
421 262 453 316 B.
474 258 610 317 nram
628 255 745 316 axum
764 254 935 314 secutur.
954 255 1117 314 nonunt.
1137 252 1286 312 OPERUU
1303 253 1397 310 PARS
1416 255 1464 309 IV.
1660 306 1663 311 .
1698 255 1757 316 lm

121 389 167 444 Sic
180 388 255 442 Deus
270 386 448 458 omnipotens
461 388 573 441 muetos
586 400 637 458 per
650 400 724 442 aava
736 382 866 457 probabit
930 384 999 450 AEt
1013 384 1058 455 pie
1073 382 1213 438 flwtenda
1225 386 1270 436 est
1282 378 1413 452 precibus
1426 379 1577 434 clementia
1597 382 1709 440 noem

156 477 290 540 Verbera,
306 482 369 549 poet
382 476 502 531 reddens
519 476 634 547 premia
650 476 714 531 lata
725 477 799 547 polo.

997 473 1141 536 Quatenus
1154 489 1172 525 a
1187 470 1267 525 nobis
1279 468 1431 523 transferet
1446 467 1494 521 ille
1509 468 1609 538 tlagra.

122 569 180 632 Sta,
198 584 305 639 precor,
330 571 390 621 esto
413 581 522 620 memor
542 566 657 630 Christi,
681 570 795 636 patrum
813 578 922 617 memor
962 563 1051 626 Quem
1063 568 1148 632 pater
1162 566 1316 614 estnatum
1328 558 1415 612 charo
1428 557 1593 627 complectit
1608 574 1710 615 amone.

158 657 265 727 Pagina
280 672 351 727 quos
359 654 460 710 cecinit
469 655 584 710 auribus
597 654 672 709 alma
685 655 751 709 tuis.

122 745 213 800 Fortis
227 746 266 799 sis
278 746 381 810 animo,
398 745 437 799 sis
450 744 533 799 verbo
548 751 577 798 et
592 743 724 815 providus
739 748 814 804 actu,

158 834 204 888 Sic
216 834 331 889 luerunt
340 834 440 897 sancti,
457 834 603 906 proximus
618 838 680 887 esto
692 832 754 886 tibi.

122 922 242 977 Victima
257 924 331 994 quod
345 923 438 995 prima
450 923 542 977 fuerat
551 921 725 994 justissimus
737 921 806 974 Abel

157 1011 375 1066 Fraternacaede
389 1011 497 1082 hocque
513 1017 655 1066 memento
670 1019 778 1082 precor.

121 1100 252 1171 Improbe
264 1099 373 1157 densus
384 1100 501 1154 infanda
510 1107 539 1154 et
548 1100 626 1171 prole
641 1101 728 1165 Noae,

157 1189 218 1252 Quo
232 1195 364 1260 reparata
377 1197 473 1244 manet
487 1189 635 1262 progenies
655 1187 810 1243 bominum.

32 1282 34 1287 '
122 1278 202 1343 Quod
212 1294 295 1350 reges
308 1284 422 1333 sanctus
440 1284 523 1350 capto
536 1280 589 1333 Lot
602 1275 702 1332 vicerit
714 1276 828 1337 Abram,

157 1368 257 1431 Qualia
270 1382 419 1440 perpessus
434 1370 472 1422 sit
485 1367 548 1438 pius
558 1366 617 1438 lpse
631 1365 667 1420 ab
681 1366 732 1420 eis.

826 654 921 723 [aare

999 651 1106 721 Saepius
1125 649 1191 704 huic
1203 647 1279 703 tristi
1292 647 1354 702 dira
1364 646 1479 717 flagella
1498 645 1588 705 dabit.

963 739 1085 794 Horrida
1098 743 1270 810 quapropter
1284 751 1433 807 nunquam
1452 734 1575 791 nautio
1590 745 1711 793 mentam

999 829 1061 883 Ulla
1074 835 1154 883 tuam
1168 832 1291 898 superet,
1310 824 1391 880 fortis
1401 825 1510 895 ubique
1527 825 1590 881 liar.

962 915 992 971 Si
1005 916 1073 988 quid
1083 914 1226 987 displicuit
1237 915 1350 970 curato
1358 914 1420 984 jam
1434 919 1540 968 cuncta
1553 913 1670 979 ridenti,

998 1005 1122 1059 Moribus
1139 1005 1224 1075 inque
1235 1003 1303 1068 tuis,
1317 1003 1428 1072 corrige
1441 1002 1495 1056 boc
1510 1002 1606 1059 uuus.

963 1094 1076 1165 Hocque
1091 1109 1213 1165 superna
1226 1097 1324 1148 mouet
1337 1092 1381 1146 lex
1396 1091 1450 1146 boc
1460 1097 1490 1146 et
1503 1092 1573 1161 iura
1587 1099 1708 1163 pateras

996 1182 1056 1236 lloc
1065 1182 1207 1238 fraternus
1220 1196 1310 1246 amor,
1324 1180 1377 1235 hoc
1392 1181 1511 1236 studeas
1521 1179 1626 1237 acero.

960 1270 999 1325 Tc
1014 1284 1127 1342 quoque
1138 1272 1199 1341 jam
1209 1269 1294 1327 tacta
1308 1274 1370 1325 tota
1383 1268 1489 1324 virtute
1510 1273 1654 1340 parabam.

996 1360 1099 1430 thue
1113 1359 1268 1431 pervenias,
1285 1357 1379 1414 tristia
1389 1358 1469 1413 nulla
1483 1360 1565 1415 bant.

120 1457 230 1512 Damna
243 1457 356 1528 quidem
376 1456 406 1512 in
420 1457 513 1527 puteis
534 1454 623 1510 sensit
636 1455 711 1526 quod
726 1454 826 1525 sapius
845 1455 915 1519 isac,
959 1447 1038 1512 Quod
1053 1448 1104 1501 tibi
1119 1448 1254 1503 concedat
1267 1447 1390 1503 auctorit
1409 1454 1510 1503 sancta
1525 1452 1660 1519 potestas.

157 1547 309 1600 Grassante
319 1547 424 1600 invidia
436 1561 496 1616 qua
510 1545 645 1600 Philistea
656 1545 738 1615 gerit,

120 1636 244 1699 Quantos
261 1652 311 1706 pro
325 1635 420 1689 sobole
435 1636 517 1688 tletus
536 1634 636 1688 effudit
649 1632 735 1687 Jacob
750 1633 762 1684 l

157 1724 191 1777 Et
204 1724 307 1795 loseph
321 1728 427 1795 quanta
440 1738 540 1794 passus
551 1723 581 1776 in
596 1721 663 1776 orbe
677 1721 729 1776 tuit
744 1720 755 1773 l

120 1812 181 1866 Dux
196 1812 257 1883 pius
272 1811 320 1866 ille
340 1812 463 1882 quidem,
480 1812 529 1882 qui
544 1815 635 1866 totam
649 1811 749 1864 stravit
767 1810 918 1881 Egyptum,

154 1902 262 1972 Flagris
276 1903 378 1973 eripuit
393 1902 516 1972 dumque
527 1900 578 1955 Dei
591 1901 737 1971 populum.

9 2032 14 2043 .
119 1990 264 2054 Quomodo
285 1991 324 2045 ait
334 1997 454 2062 spretus,
469 1997 498 2046 et
511 1991 609 2061 qualia
622 1995 737 2061 prestat
750 1989 880 2048 alumnis.

154 2080 299 2143 Quomodo
308 2080 346 2135 sit
358 2080 619 2151 tractuajmprobc
633 2079 775 2135 conuciis.

118 2168 190 2225 Nam
207 2170 320 2225 Samuel
338 2171 448 2240 quoties
464 2170 555 2224 Saulis
573 2168 712 2223 tolerabat
724 2169 882 2223 arumnasl

154 2259 189 2313 Et
202 2258 289 2312 David
304 2258 417 2312 latitans
429 2258 516 2329 impia
526 2264 637 2330 sceptra
648 2257 740 2329 llrgitl

118 2345 245 2410 Qualiter
258 2348 288 2401 in
301 2363 389 2417 regnu
403 2348 490 2419 prolia
508 2345 553 2401 lrlc
566 2347 683 2402 sustulit
695 2347 762 2413 iras,

153 2437 280 2491 Plurima
293 2443 322 2492 et
335 2453 369 2492 ex
383 2437 444 2492 aliis
457 2437 552 2510 turpia
564 2437 653 2492 verba
668 2437 745 2491 tulit.

119 2525 220 2580 Omnia
235 2541 336 2598 nempe
349 2543 422 2595 mea,
435 2542 582 2598 poenarum
602 2527 691 2581 millia
709 2531 847 2597 quotquot

154 2616 232 2669 Passi
247 2622 314 2670 eunt
323 2616 421 2678 sareu,
434 2617 527 2671 dicere
542 2630 623 2671 musa
642 2615 749 2687 nequit.

119 2703 202 2768 Elias,
218 2705 326 2771 Daniel,
343 2706 438 2772 latias,
456 2707 572 2770 Mittas,
587 2706 679 2766 lones,

153 2793 300 2861 Jeremias,
314 2795 413 2859 teddo,
429 2794 481 2848 lob
493 2801 573 2866 pater
586 2802 614 2848 et
626 2794 738 2857 Tobiae,

120 2881 174 2945 Qui
190 2883 302 2938 fuerant
312 2885 408 2938 mundi
419 2900 470 2938 ceu
481 2885 632 2939 luminaria
642 2883 774 2955 quodam.

154 2970 244 3033 Quam
258 2987 344 3026 saraa
358 2988 455 3042 poenas
469 2989 585 3043 corpore
598 2971 781 3043 pertulerant.

120 3058 268 3127 Perplures
279 3060 349 3113 alios
363 3061 538 3131 consumpsit
551 3063 699 3115 dammone
714 3060 798 3113 ardor

153 3147 188 3200 Et
200 3147 307 3218 lapides
323 3147 393 3201 alios
407 3156 492 3219 atque
503 3150 572 3202 alios
584 3149 701 3206 framea.

119 3235 219 3307 Sicque
236 3237 291 3291 lide
302 3236 389 3291 fortes
402 3238 532 3292 vicerunt
551 3237 648 3309 prelia
660 3238 758 3301 sancti

153 3325 291 3380 Fecerunt
307 3342 393 3397 opera
407 3327 529 3381 maxima
538 3326 664 3398 justitiae.

994 1538 1053 1592 Hoc
1067 1536 1146 1592 uobis
1158 1543 1252 1593 tecum
1264 1551 1392 1592 summus
1403 1535 1432 1591 in
1443 1553 1511 1592 arce
1525 1537 1611 1593 Deus.

958 1625 1066 1682 Fistula
1078 1626 1130 1683 has
1145 1627 1236 1683 Mauri
1252 1624 1328 1682 senia
1346 1624 1472 1680 cenam
1485 1624 1517 1681 in
1533 1626 1621 1690 boris,

927 1710 951 1770 B
995 1715 1093 1772 Canas
1109 1718 1169 1787 tric)
1181 1715 1293 1782 dilecta
1310 1720 1408 1771 sancte
1421 1714 1546 1780 bonose,
1563 1713 1625 1771 tibi.

1139 1897 1235 1956 XXX.
1248 1930 1281 1939 -
1389 1911 1430 1956 su
1442 1911 1587 1958 sennan.

990 2083 1062 2136 Nam
1078 2083 1188 2153 pictura
1200 2083 1251 2137 tibi
1267 2099 1331 2137 cum
1350 2084 1427 2137 omni
1442 2084 1482 2138 sit
1496 2084 1610 2153 gratior
1622 2096 1682 2138 ane

959 2171 1105 2226 Scribendi
1120 2172 1231 2242 ingrate
1247 2188 1304 2227 non
1322 2188 1440 2243 spernas
1456 2189 1545 2243 posco
1563 2172 1698 2228 laborem.

958 2259 1098 2314 Psallendi
1112 2258 1215 2328 nisum,
1233 2261 1357 2314 studium
1374 2277 1534 2333 curamque
1549 2262 1674 2333 legendi,

956 2350 1022 2404 Plus
1029 2348 1096 2419 quio
1103 2348 1312 2418 grammaralet
1320 2362 1486 2419 quamrana
1497 2348 1754 2421 inimaginetormr.

957 2437 1078 2508 Plusque
1088 2437 1189 2491 anima
1201 2436 1310 2493 decoris
1323 2444 1440 2509 prestat
1451 2454 1542 2510 quam
1552 2439 1627 2495 falsa
1637 2436 1754 2497 calorum

958 2527 1071 2582 Pictura
1085 2533 1230 2581 ostentans
1247 2543 1343 2582 reram
1359 2543 1416 2582 non
1432 2527 1489 2583 rite
1502 2528 1623 2599 ligura.

958 2617 1029 2669 Nam
1046 2616 1191 2686 Scriptura
1204 2615 1252 2686 pia
1265 2632 1367 2671 norma
1384 2621 1428 2671 eet
1440 2617 1572 2687 perfecta
1584 2617 1693 2679 salum.

959 2704 992 2757 Et
1014 2704 1104 2775 magis
1119 2704 1149 2757 in
1162 2703 1246 2758 rebus
1269 2705 1353 2769 valet,
1371 2711 1400 2759 et
1414 2706 1509 2776 magia
1525 2707 1606 2762 utilis
1620 2710 1697 2763 omni
1708 2720 1750 2762 est.

958 2792 1120 2864 Promptior
1133 2798 1176 2846 eat
1189 2799 1284 2864 gustu,
1299 2809 1384 2849 sensu
1396 2794 1554 2865 perfectior
1566 2800 1654 2867 atque

959 2882 1093 2936 Sensibus
1108 2882 1239 2937 humanis
1252 2882 1343 2937 facilis
1356 2883 1450 2953 magia
1463 2890 1528 2939 arte
1543 2886 1676 2941 menda.

926 2971 1078 3053 claribus
1093 2971 1258 3037 hacecrrit,
1276 2971 1371 3039 labris,
1388 2971 1541 3029 obtutibus
1561 2981 1657 3047 atque,

957 3059 1009 3113 Illa
1023 3060 1110 3114 oculis
1124 3065 1239 3115 tantum
1252 3077 1342 3131 pauca
1353 3061 1496 3117 solamina
1506 3069 1636 3134 prustat,

958 3149 1024 3203 Herc
1041 3148 1111 3203 faule
1126 3164 1223 3203 verum
1237 3155 1387 3215 monstrat,
1401 3156 1432 3205 et
1446 3151 1558 3208 famina
1571 3169 1680 3215 vuum.

958 3237 993 3292 Et
1006 3255 1091 3292 sensu
1110 3255 1216 3302 rerum,
1232 3238 1359 3308 jucunda
1374 3245 1404 3294 ct
1419 3245 1554 3312 tempore
1573 3243 1666 3298 multo
1677 3250 1722 3297 est.

958 3327 1010 3382 Illa
1022 3343 1118 3382 recens
1133 3328 1226 3398 pascit
1239 3329 1339 3394 risum,
1353 3336 1455 3398 gravat
1468 3337 1560 3401 atque
1573 3339 1695 3396 muru,

118 3413 190 3476 Quid
196 3428 349 3470 memorem
359 3422 462 3480 vetera,
469 3415 575 3486 gaudet
583 3430 647 3470 cum
658 3414 916 3486 aancmperorbem
958 3416 1074 3471 Deficiet
1089 3432 1207 3488 propere
1225 3417 1284 3471 reri
1298 3423 1327 3472 et
1340 3434 1398 3472 non
1414 3419 1470 3473 tide
1486 3427 1642 3492 sequestra
1655 3428 1702 3479 est.

154 3502 289 3575 Martyria
304 3504 424 3559 rutilans
435 3504 573 3559 catholica
589 3505 720 3560 Ecclesia.

119 3592 200 3647 Clare
213 3597 241 3647 et
255 3594 406 3665 apostolico
419 3595 505 3649 micat
518 3594 653 3649 irradiata
665 3599 780 3665 tropeo.

152 3682 290 3737 Vexillum
305 3688 334 3737 et
348 3683 459 3738 cbristo
473 3684 528 3738 tert
537 3684 702 3739 dominante
713 3683 812 3739 crucis.

118 3766 222 3824 Tantos
238 3788 305 3841 crgo
319 3788 384 3826 suos
399 3772 535 3827 Dominus
551 3773 674 3844 perterre
689 3772 808 3826 labores.

154 3859 206 3913 Hic
216 3861 311 3925 voluit,
324 3876 394 3932 quos
409 3862 443 3916 ad
458 3876 545 3932 regna
558 3878 680 3933 superna
693 3861 777 3915 vehit.

118 3947 295 4020 Quapropter
309 3951 402 4020 potius
417 3951 541 4005 coelestia
555 3966 667 4022 semper
679 3966 815 4009 amemus,

152 4039 187 4092 Et
205 4056 337 4093 mansura
362 4042 435 4110 polo,
455 4057 539 4111 quam
561 4042 687 4112 peritura
705 4041 773 4104 solo,

118 4125 262 4181 Murmure
271 4129 332 4197 iarn
354 4129 431 4182 nullo
447 4129 601 4184 referamus
617 4130 651 4183 ad
668 4131 774 4183 aethera
788 4144 878 4185 rocca.

153 4216 306 4271 Cantantes
320 4218 481 4284 Dominum,
498 4219 547 4289 qui
567 4219 630 4288 pius
644 4223 672 4270 et
687 4217 777 4272 bonus
791 4222 844 4271 eet.

957 3505 1086 3577 Perspice
1102 3506 1150 3576 qui
1167 3506 1274 3561 tuerint
1285 3512 1414 3562 auctores
1427 3513 1517 3579 atque
1531 3525 1670 3581 sequaces

954 3594 1079 3648 letarum
1091 3609 1196 3659 rerum,
1209 3598 1276 3650 tunc
1286 3600 1315 3649 et
1328 3594 1506 3652 certissimus
1521 3598 1594 3656 inde

956 3682 1077 3737 Noscere
1087 3684 1148 3752 jam
1161 3683 1267 3754 poteris
1280 3682 1332 3738 tibi
1346 3701 1409 3756 quse
1423 3684 1482 3740 sint
1499 3694 1564 3742 arte
1581 3690 1718 3759 paranda.

959 3771 971 3810 )
987 3771 1121 3827 Primitus
1132 3772 1268 3843 AEgyptas
1284 3772 1449 3828 umbrarum
1464 3774 1581 3832 lumina
1596 3777 1695 3849 pinxit.

956 3860 1078 3915 Lumina
1090 3860 1222 3916 tincturis
1236 3861 1347 3916 varians
1365 3861 1502 3919 formarit
1524 3872 1558 3921 et
1578 3867 1695 3923 umbris.

959 3949 1022 4003 Haec
1038 3957 1122 4004 sonat
1142 3956 1297 4018 asportans
1312 3953 1469 4016 tribulatio,
1489 3953 1533 4015 fit.
1551 3966 1640 4013 sonat
1652 3965 1682 4013 et
1694 3955 1752 4028 quod

958 4041 1120 4108 angustans
1134 4038 1259 4102 tribulat,
1275 4055 1376 4111 parum
1390 4043 1474 4111 jurat
1488 4050 1554 4099 arte
1571 4053 1695 4116 reperta.

958 4129 1010 4181 Ast
1023 4134 1132 4198 petram
1145 4128 1282 4184 Dominus
1296 4130 1368 4198 legis
1382 4145 1448 4185 cum
1462 4142 1634 4201 grammate
1644 4136 1753 4207 sculpsi,

958 4217 1084 4272 Contulit
1093 4217 1226 4289 insignia,
1242 4224 1271 4273 et
1281 4219 1377 4289 populi
1392 4220 1534 4277 mandata
1546 4224 1697 4296 magim.

117 4305 180 4359 Non
194 4312 237 4359 est
251 4305 354 4377 quippe
369 4306 443 4360 Deus
457 4305 548 4377 plagis
563 4306 718 4378 culpandus
729 4307 759 4359 in
772 4306 843 4369 istis,

153 4394 208 4449 Sed
224 4400 322 4449 nostra
334 4394 364 4448 in
378 4394 478 4450 melius
494 4394 550 4451 vita
564 4394 756 4451 ferendacito.

979 4306 1060 4360 Mons
1070 4314 1152 4360 sonat
1159 4307 1208 4362 illa
1217 4322 1281 4362 mea
1292 4323 1427 4364 mensura
1433 4314 1525 4381 atque
1533 4314 1753 4385 amphorajsa.

922 4385 1261 4466 Dilmphorajuetitiam
1278 4396 1366 4453 vitam
1378 4414 1521 4457 mensura
1535 4404 1706 4461 modam.

613 4575 768 4630 SGHOLIA
784 4572 1055 4630 CHRISTOPHORI
1075 4571 1255 4631 stowam.

153 4724 244 4778 Nom
257 4727 370 4791 pictura
387 4728 448 4792 tibi,
462 4733 514 4780 etc.
525 4726 792 4783 Contenditinterse
802 4729 918 4801 scripto
958 4724 1085 4801 picturis.
1097 4727 1137 4782 De
1147 4726 1248 4799 quibus
1258 4729 1304 4782 adi
1318 4729 1433 4783 Caelium
1450 4731 1642 4804 snodiglan,
1653 4735 1699 4790 lib.
1709 4747 1755 4795 rub

117 4795 188 4848 n'am
201 4801 289 4848 artem
304 4812 368 4849 cum
384 4797 511 4867 pictoria,
528 4816 584 4870 qua
598 4815 658 4854 sese
669 4798 795 4853 Bonosus
807 4802 917 4869 jactan
958 4813 984 4854 c.
1001 4797 1043 4863 ll,
1056 4804 1085 4851 ct
1095 4796 1143 4850 lib.
1161 4811 1237 4862 xxix,
1255 4817 1279 4853 c.
1292 4799 1336 4865 Sl,
1602 4807 1632 4862 in
1645 4805 1753 4877 Adagiis

117 4867 173 4922 tius
190 4865 322 4921 ell'crebat
332 4886 338 4932 3
350 4876 433 4939 atque
449 4869 484 4923 ab
498 4871 571 4930 utili,
584 4871 718 4941 jucundo,
731 4872 917 4925 necessariam
960 4877 1074 4932 Rabano
1084 4884 1179 4932 autem
1194 4878 1268 4933 lavet
1281 4887 1377 4933 contra
1398 4881 1545 4938 Bonosum
1561 4887 1635 4941 artis
1649 4886 1755 4959 elogium

117 4938 242 4992 humano
256 4938 352 5007 generi
364 4946 393 4993 et
406 4956 422 4993 a
433 4940 490 5022 Deo
502 4942 562 5014 ipso
579 4948 763 4997 monstratam
779 4942 918 4996 scribendi
959 4947 1102 5018 singulare
1114 4966 1119 5002 :
1130 4946 1276 5022 pictorem,
1288 4951 1423 5025 cumipse
1435 4950 1579 5024 loquitur,
1592 4956 1671 5029 loqui
1679 4957 1754 5012 male:

117 5008 289 5091 lacultatem,
305 5009 388 5082 longe
410 5011 523 5083 qmdem
539 5013 683 5084 anteponit
697 5014 829 5086 pingendi
848 5012 918 5067 deli
960 5024 1062 5073 atrurn
1073 5020 1193 5092 pictura,
1210 5020 1281 5074 bene
1291 5022 1389 5094 utique
1401 5038 1437 5078 :o
1457 5040 1493 5078 us
1508 5026 1590 5082 enirn
1605 5033 1673 5085 tunc
1683 5025 1756 5100 toqu-

118 5086 180 5135 cato
196 5085 318 5135 invento.
958 5099 1006 5146 tur
1020 5095 1048 5145 et
1061 5090 1240 5146 commendat
1252 5092 1399 5147 artificem.
1488 5098 1542 5169 pti
1563 5112 1633 5155 vero
1648 5101 1690 5155 hic
1709 5102 1757 5169 cly-

154 5188 315 5242 trrrmttm
330 5191 460 5258 AEppptus
476 5194 653 5259 umbrorum,
676 5198 728 5248 etc.
746 5195 790 5248 lta
809 5192 916 5249 Plinius
1035 5170 1425 5266 {ltiqsmpefimsaflffismim
1432 5172 1551 5241 mm
1562 5177 1756 5255 3er

117 5254 167 5338 lib.
178 5275 261 5326 xxxx,
272 5275 296 5312 c.
313 5259 338 5323 3,
352 5267 382 5314 et
396 5261 457 5332 ejus
475 5262 653 5344 interpretes,
667 5281 828 5335 quanquam
842 5267 916 5336 apud
959 5253 1058 5336 Clramr
1068 5252 1126 5306 lilio
1135 5268 1246 5335 nomen,
1260 5255 1472 5337 tribulationem
1480 5256 1633 5331 significat
1644 5267 1674 5319 et
1681 5274 1756 5329 anau.

118 5346 128 5381 1
148 5345 193 5382 sos
208 5346 256 5384 sex
266 5329 389 5386 millibus
404 5335 916 5408 annoruminventarupriusquamin
956 5328 1034 5390 le
1050 5328 1081 5378 Ut
1145 5322 1239 5381 ffldlssv'

143 5399 253 5454 taciem
269 5404 411 5468 transiret,
423 5411 564 5460 utranam
579 5407 805 5488 pradicationem
820 5410 914 5464 relert.
1095 5419 1174 5467 sorurt
1182 5416 1235 5469 illu
1248 5430 1309 5471 otoo
1319 5431 1451 5471 tricatura
1459 5423 1545 5487 atque
1557 5423 1753 5504 suspiciatis

118 5471 240 5550 lurcatur
256 5488 320 5552 rere
336 5476 442 5556 gradus
460 5478 528 5533 artis
544 5496 666 5549 primurn
687 5480 767 5552 ponit
788 5481 916 5536 umbram
957 5484 1099 5541 Obscurus
1109 5483 1155 5540 hic
1165 5501 1270 5552 versus,
1290 5485 1314 5540 si
1328 5486 1433 5542 montis
1444 5490 1565 5548 nomine
1580 5494 1650 5551 Sina
1661 5493 1704 5552 sel
1719 5491 1754 5548 S

118 5541 329 5622 bomrnrslrners
339 5549 574 5618 circumductamg
587 5550 652 5605 iude
662 5551 815 5621 imaginem
823 5552 917 5624 singu
957 5556 1004 5611 nai
1016 5556 1045 5611 in
1057 5556 1167 5613 deserto
1182 5556 1295 5614 Pharan
1308 5557 1420 5629 accipit,
1433 5561 1562 5630 cujusin
1578 5566 1682 5623 vertice
1734 5562 1752 5602 '-

118 5616 152 5695 lis
167 5611 304 5667 coloribus
327 5631 359 5670 er
379 5633 495 5700 rossam,
518 5623 767 5679 monochromaton
788 5624 912 5681 decan:
956 5626 1016 5683 deis
1027 5626 1310 5698 dampunabulis
1326 5628 1420 5700 legem
1434 5629 1532 5704 Moysi
1547 5635 1627 5695 neus

117 5685 183 5740 hinc
196 5683 310 5738 demum
340 5742 345 5756 ,
384 5689 615 5759 plomoscolores
628 5694 753 5752 ditem
761 5695 916 5757 narasse
956 5697 1370 5763 sarantasmum-l
1380 5696 1753 5780 rubuasrrie'oetiuiaia'
