3772 6120
118 293 169 350 908
419 286 451 341 Β.
472 281 608 339 nesam
627 280 743 369 unum
761 279 920 336 unomen
938 278 1100 335 MOGUNT.
1120 275 1270 334 OPERUM
1288 275 1381 331 PARS
1399 275 1450 331 111.
1700 278 1748 337 net

117 423 193 473 sunt.
218 417 271 470 Per
294 428 384 466 corros
406 408 612 482 praedicatores,
638 411 670 461 ut
694 406 723 459 in
748 403 909 459 Parabolis:
921 406 947 465 A
989 397 1631 473 Gortrcestsignaculumerucis,utin0autico:
1651 402 1751 458 «Sicut

120 527 132 557 a
148 504 286 560 llllodiant
299 518 363 555 eum
373 499 446 553 corvi
463 499 498 551 de
512 500 638 550 terrente
648 496 668 559 ¹,
690 515 700 544 ι
718 494 747 548 id
761 500 812 556 est,
837 494 915 547 aufe-
957 498 1050 545 cortex
1064 491 1132 545 mali
1141 491 1237 563 punici
1251 491 1292 545 ita
1304 507 1384 559 genae
1398 495 1454 544 tuae
1469 488 1500 555 ¹⁰,
1516 506 1529 541 r
1543 490 1619 559 quod
1638 492 1674 545 ad
1694 492 1786 551 imi-a

117 600 183 649 rant
196 591 390 662 blasphemum
401 587 597 659 praedicatores
608 584 721 639 lluentis
731 583 864 638 doctrinae
874 599 917 637 ie·
956 580 1091 634 tationem
1107 579 1198 633 crucis
1211 578 1301 633 sancti
1314 595 1344 632 se
1359 577 1446 648 allligi
1454 576 1632 648 permittunt.
1640 580 1786 641 Pereorx

118 684 258 737 sistentes.
266 681 320 734 Per
334 694 447 733 corcram
460 674 589 746 gentiles,
605 680 637 728 ut
653 673 683 727 in
701 672 833 727 Psalmis:
853 690 865 725 ι
881 672 916 725 Et
958 672 1037 723 ticeni
1051 667 1261 734 delectationes,
1274 672 1305 721 ut
1320 667 1349 721 in
1366 666 1436 721 Job:
1456 666 1654 722 sMaudebaut
1677 669 1786 746 arbo-q

118 770 202 843 pullis
219 784 364 823 corvorum
379 764 573 820 invocantibus
585 779 650 816 eum
665 761 686 828 ¹,
704 781 716 814 x
733 761 761 814 id
776 765 828 827 est,
852 759 916 814 filiis
958 774 1020 812 rum
1035 757 1151 811 cortices
1164 756 1197 824 ²⁰,
1216 776 1229 807 n
1245 756 1274 810 id
1290 762 1341 817 est,
1363 753 1497 809 amabant
1517 756 1671 810 exteriores
1690 757 1786 837 visi*

118 859 244 928 gentium
256 854 449 911 invocantibus
458 853 501 906 vel
516 851 706 923 querentibus
720 866 794 904 eum.
958 845 1055 900 bilium
1063 845 1271 900 delectationes.
1284 845 1472 899 Percorticem
1479 860 1580 898 sensus
1588 845 1786 927 historialemz

156 944 261 1002 Furcae
273 950 316 999 cist
325 943 449 1009 victoria,
460 947 493 995 ut
511 941 539 995 in
551 941 660 994 Exodo:
687 938 810 993 «Facies
832 955 917 1009 super
958 941 990 989 ut
1010 935 1039 988 in
1059 934 1178 988 Genesi:
1200 952 1214 986 ε
1235 934 1373 988 Detractis
1397 931 1547 987 corticibus
1572 932 1658 988 arbor
1677 950 1786 1019 app*

119 1053 213 1092 arcam
228 1030 538 1088 coronamauream³.e
554 1029 628 1100 quod
639 1027 774 1082 Dominus
789 1026 918 1082 lidelibus
958 1024 1017 1079 ruit
1033 1023 1066 1085 ¹¹,
1084 1042 1097 1075 u
1122 1023 1150 1076 id
1171 1029 1224 1090 est,
1249 1021 1386 1076 submotis
1412 1021 1607 1076 historialibus
1631 1021 1786 1099 seusib„¹

120 1126 179 1181 suis
195 1125 224 1179 in
239 1122 395 1177 tentatione
410 1121 459 1174 dat
472 1118 627 1173 victoriam.
639 1118 755 1183 Corona,
765 1121 917 1170 conventus
958 1113 1041 1168 decor
1054 1112 1207 1183 spiritualis
1221 1113 1415 1182 intelligentie
1427 1112 1561 1166 innotuit.

121 1214 321 1287 apostolorum,
330 1217 362 1264 ut
373 1210 401 1264 in
409 1208 546 1263 Psalmis:
560 1205 707 1260 «Posuisti
717 1205 746 1258 in
755 1204 846 1275 capite
856 1205 918 1274 eius
994 1203 1093 1256 crrocas
1109 1206 1152 1255 est
1165 1201 1297 1265 charitas,
1318 1208 1350 1255 ut
1364 1203 1394 1256 in
1410 1202 1539 1257 cantico:
1562 1222 1573 1252 ι
1590 1201 1783 1286 Emittam„

121 1318 254 1357 coronam
265 1301 299 1353 de
315 1297 408 1369 lapide
427 1295 550 1367 pretioso
566 1294 586 1359 ⁴,
609 1315 622 1343 »
645 1293 674 1347 id
694 1300 745 1359 est,
769 1292 872 1346 dedisti
892 1292 918 1346 ei
959 1308 1066 1362 sponsae
1081 1291 1187 1345 nardus
1201 1296 1229 1345 et
1242 1307 1338 1345 crocus
1346 1290 1380 1355 ¹¹,
1398 1309 1411 1343 a
1428 1293 1502 1362 quod
1517 1296 1616 1346 sancta
1635 1291 1699 1346 facit
1736 1315 1772 1369 ,p

121 1393 150 1445 in
160 1390 239 1444 initio
250 1385 455 1461 praedicationis
465 1383 630 1438 concordem
637 1387 803 1436 conventum
809 1387 919 1453 aposto·
959 1379 1116 1450 exemplum
1124 1379 1188 1434 boni
1200 1379 1292 1450 operis
1299 1386 1327 1433 et
1337 1381 1373 1433 ad
1383 1380 1516 1435 virtutem
1529 1381 1654 1452 pertinet
1663 1381 1754 1449 chan:

121 1482 222 1535 lorum.
238 1482 354 1541 t'oroad,
375 1472 526 1529 multitudo
546 1476 717 1535 sanctorum,
740 1471 818 1524 utin
839 1470 918 1524 Psal-
959 1470 1036 1524 tatis.

124 1569 193 1623 vnis:
210 1565 362 1621 Benedices
380 1579 489 1618 corona»
509 1560 576 1615 anni
598 1559 770 1629 benignitate
794 1566 844 1613 tva
865 1559 886 1625 ⁵,
903 1576 917 1612 r
996 1560 1185 1614 deterritaest
1194 1561 1247 1625 lex,
1262 1565 1294 1613 ut
1308 1559 1337 1613 in
1353 1560 1485 1614 Psalmis:
1510 1560 1623 1627 «Dixit,
1640 1566 1669 1614 et
1681 1568 1746 1619 venit

122 1658 150 1711 id
167 1662 220 1710 est.
237 1654 316 1708 dabis
326 1657 509 1722 augmentum
516 1649 614 1719 gratiae
626 1648 799 1703 multitudini
813 1653 921 1702 saneto·
962 1647 1089 1702 coturnix
1101 1647 1134 1715 ’1,
1153 1668 1165 1701 a
1181 1648 1256 1720 quod
1275 1648 1405 1720 praecepit
1424 1650 1499 1703 Deus
1517 1654 1643 1705 etvetus
1664 1650 1742 1707 lexde

67 1727 70 1733 ¹
124 1763 199 1799 rum.
218 1746 324 1799 Corona
338 1741 484 1813 praemium
496 1738 584 1809 regni,
596 1743 629 1792 ut
641 1737 670 1791 in
679 1736 916 1808 Epistolalacobi:
930 1723 1066 1792 Btudaeis
1077 1739 1144 1792 data
1157 1738 1219 1792 fuit.
1236 1738 1290 1792 Per
1303 1744 1473 1817 roturnrrcm
1489 1739 1647 1810 voluptates
1659 1755 1741 1795 mme-

123 1854 135 1887 ε
153 1833 279 1904 Accipiet
287 1846 418 1885 coronam
432 1829 495 1882 vitae
505 1827 526 1892 ¹,
540 1847 552 1880 v
567 1826 596 1880 id
615 1832 666 1892 est,
685 1825 820 1896 percipiet
838 1832 920 1880 aeter·
961 1829 1011 1894 les,
1028 1834 1061 1883 ut
1072 1827 1102 1882 in
1118 1829 1267 1883 Numeris:
1286 1848 1297 1873 a
1316 1829 1423 1883 Ventus
1437 1835 1568 1900 arreptas
1590 1836 1665 1884 trans
1677 1845 1742 1884 nare

121 1924 240 1978 nitatem
252 1920 360 1990 gratiae.
961 1917 1117 1972 coturnices
1143 1918 1245 1972 detulit
1261 1918 1290 1971 in
1310 1924 1402 1971 castra
1422 1917 1454 1984 ’1,
1478 1938 1489 1969 s
1513 1918 1589 1988 quod
1605 1919 1745 1990 voluptates

159 2015 251 2065 Cornu
264 2015 306 2063 est
317 2007 394 2078 regia
408 2011 542 2078 potestas,
558 2005 631 2059 utin
641 2004 761 2059 cantico:
779 2022 792 2056 v
807 2004 842 2058 Et
854 2003 920 2059 sub·
961 2008 1096 2072 carnales,
1114 2025 1175 2078 quae
1189 2012 1255 2061 sunt
1269 2007 1298 2060 in
1313 2006 1451 2061 mundo...
1469 2007 1535 2061 viris
1549 2007 1688 2078 religiosis.

123 2100 233 2155 limabit
247 2114 333 2152 cornu
348 2097 453 2151 illinisti
468 2095 512 2149 sui
526 2095 546 2160 ¹,
563 2113 576 2146 »
589 2093 663 2164 quod
676 2094 743 2147 data
757 2099 799 2147 est
813 2092 920 2147 homini
997 2097 1074 2150 Costa
1085 2102 1128 2151 est
1137 2095 1223 2150 robur
1231 2096 1387 2167 spirituale,
1397 2096 1465 2150 utin
1476 2097 1578 2150 Genesi
1589 2115 1595 2152 :
1607 2114 1621 2148 ι
1632 2097 1746 2168 Cumque

123 2189 235 2243 Ghristo
255 2192 378 2258 potestas
393 2184 421 2239 in
436 2183 505 2239 coelo
520 2189 549 2237 et
556 2183 591 2257 ,in
606 2189 691 2237 terra.
717 2183 819 2248 Cornu,
845 2181 922 2236 lorti-
961 2184 1156 2250 obdormisset,
1172 2185 1239 2240 tulit
1253 2190 1369 2250 costam,
1394 2191 1423 2239 ct
1440 2185 1560 2257 replevit
1579 2201 1683 2240 carnem
1697 2196 1748 2256 pro

122 2277 201 2342 tudo,
218 2275 293 2330 utin
309 2272 444 2328 Psalmis:
463 2292 476 2322 ε
492 2272 524 2326 ln
538 2278 567 2324 te
582 2271 710 2325 inimicos
724 2269 922 2326 ventilabimus
962 2291 996 2328 ea
1007 2273 1040 2340 ¹⁵,
1059 2274 1162 2345 »quod
1181 2279 1249 2328 tunc
1267 2272 1414 2327 moraliter
1433 2274 1474 2333 sit,
1497 2274 1610 2345 quando
1629 2269 1749 2327 oblivioni

122 2381 209 2421 cornu
223 2366 244 2429 ⁸,
261 2383 274 2414 o
291 2363 319 2417 id
334 2369 386 2427 est,
402 2361 566 2416 fortitudine
583 2367 634 2416 tua
651 2359 847 2431 superabimus
871 2360 921 2414 ho·
962 2363 1084 2434 seipsum
1099 2363 1193 2434 aliquo
1206 2362 1344 2427 tradente,
1361 2368 1390 2414 et
1406 2361 1555 2432 spirituale
1570 2361 1654 2417 robur
1670 2361 1699 2415 ab
1710 2372 1748 2413 eo

123 2463 180 2509 stes
195 2462 268 2508 tuos.
279 2455 383 2518 Cornu,
400 2451 601 2515 eminentiam
614 2449 643 2504 in
654 2450 813 2504 Psalmis:«
828 2450 921 2520 Usque
961 2451 1079 2515 destrui,
1102 2457 1131 2505 et
1149 2451 1290 2504 carnalem
1311 2451 1337 2503 ei
1359 2451 1508 2504 molliciem
1532 2451 1674 2523 permittit.
1695 2450 1749 2503 Per

124 2543 158 2596 ad
171 2559 258 2596 coriru
274 2539 400 2605 alerien,
423 2559 432 2590 v
452 2539 478 2592 id
500 2545 551 2602 est,
576 2555 665 2609 usque
685 2538 720 2592 ad
740 2537 922 2591 eminentiam
963 2546 1047 2596 costes
1068 2557 1166 2594 sensus
1189 2540 1298 2604 animae,
1323 2544 1355 2593 ut
1375 2539 1403 2592 in
1422 2538 1492 2593 lob:
1515 2540 1634 2594 «Media
1651 2537 1748 2593 invadit

124 2630 255 2685 Deitatis.
272 2631 375 2691 Cornu,
392 2628 532 2700 superbia,
553 2634 585 2682 ut
599 2628 629 2681 in
642 2627 777 2682 Psalmis:
796 2644 809 2680 a
830 2627 922 2681 Nolite
962 2636 1053 2683 costas
1067 2629 1128 2699 ejus
1142 2626 1175 2694 ’1,
1194 2647 1206 2677 v
1222 2628 1295 2698 quod
1308 2627 1395 2698 impio
1403 2645 1505 2699 corpus
1519 2629 1620 2683 animm
1633 2645 1684 2683 sua
1695 2624 1747 2698 spi·

124 2719 246 2772 exaltare
257 2734 346 2772 cornu
360 2717 393 2783 ¹⁰,
412 2717 536 2783 rideat,
559 2717 646 2771 nolite
669 2732 718 2770 vos
742 2717 849 2770 elevare
872 2733 924 2788 per
962 2717 1074 2772 ritualis
1086 2722 1197 2786 egestas
1209 2715 1374 2787 corrumpit.

127 2807 296 2878 superbiam.
309 2807 364 2860 Per
381 2822 468 2859 corne
481 2805 595 2860 brachia
605 2806 704 2868 crucis,
713 2813 745 2859 ut
755 2805 784 2859 in
794 2803 918 2859 Abacuc:
999 2806 1111 2860 Cubitus
1127 2811 1170 2859 est
1184 2804 1256 2859 bona
1271 2804 1353 2871 aetio,
1371 2813 1404 2858 ut
1416 2805 1444 2858 in
1458 2805 1537 2860 libris
1552 2807 1670 2877 Regum:
1684 2804 1739 2859 10⁵

126 2916 137 2946 ι
155 2898 267 2950 Cornua
283 2895 311 2948 in
326 2893 565 2964 manibusejusss,
582 2912 596 2947 r
611 2894 686 2965 quod
696 2893 817 2948 brachiis
831 2895 920 2949 crucis
962 2894 1059 2948 lateris
1073 2893 1157 2947 unius
1171 2893 1256 2948 cubiti
1266 2893 1300 2960 ¹¹,
1316 2914 1329 2945 a
1344 2894 1417 2964 quod
1432 2911 1526 2949 sermo
1538 2894 1737 2967 predicatoriset

126 2985 216 3038 inllxae
232 2989 299 3037 svint
313 3000 414 3039 uranus
428 2984 499 3052 ejus.
516 2983 570 3037 Per
591 2999 678 3037 rorare
700 2983 788 3037 saneti
806 3000 919 3039 carnem
960 2983 1100 3038 unitatem
1113 3001 1184 3038 verae
1201 2983 1356 3050 charitatis,
1372 2990 1400 3037 et
1414 2985 1612 3039 strenuitatem
1630 2983 1734 3056 pmdicet

123 3073 296 3139 excedentes,
313 3072 379 3126 utin
395 3072 577 3144 Apocalypsi:
595 3071 683 3125 uVidi
698 3089 802 3142 agnum
818 3071 921 3127 haben·
961 3074 1041 3130 bonae
1056 3075 1374 3130 actionis.Percubitum
1385 3076 1645 3147 multiplicitasvitae
1652 3074 1730 3135 atim

122 3170 181 3216 tem
194 3178 299 3216 cornua
313 3166 420 3232 septem
437 3158 498 3224 '‘,u
521 3160 615 3226 idest,
634 3163 840 3232 contemplatus
858 3179 921 3216 sum
963 3165 1038 3219 utin
1058 3164 1221 3218 Ezechiele:
1244 3166 1254 3186 '
1285 3163 1469 3218 «Peniculus
1488 3182 1537 3219 sex
1557 3164 1732 3220 cubitemmn

124 3250 268 3304 Christum
276 3249 420 3303 universus
434 3255 545 3303 sanctos
559 3249 757 3319 possidentem.
767 3250 822 3303 Per
834 3266 922 3304 cornu
961 3256 1055 3326 palmo
1069 3253 1102 3320 ²⁸,
1120 3273 1133 3305 n
1146 3254 1373 3325 quodSeriptum
1383 3261 1533 3326 utramque
1548 3256 1633 3310 vitam
1646 3257 1730 3308 conen

124 3339 192 3410 legis
200 3339 436 3409 impugnatorem,
445 3337 509 3391 utin
525 3338 720 3410 Apocalypsi«
734 3338 921 3393 Vidibestiam
962 3345 1012 3410 dit,
1029 3345 1147 3399 activam
1162 3351 1190 3398 et
1203 3344 1459 3415 contemplativam.

123 3427 319 3481 auennensem
336 3427 371 3481 de
383 3425 623 3491 morianensem
633 3444 739 3482 cornua
751 3429 846 3482 decem
857 3426 888 3495 ¹³,
908 3447 919 3478 ι
999 3435 1091 3489 route
1105 3439 1233 3488 estmens
1242 3449 1336 3505 prava,
1350 3439 1383 3487 ut
1395 3435 1422 3487 in
1432 3435 1567 3489 Psalmis:
1580 3433 1725 3505 iniquitatem

123 3517 149 3571 id
173 3522 225 3583 est,
249 3516 368 3570 intuitus
387 3533 450 3570 suin
475 3517 678 3571 Antichristum
707 3533 758 3588 per
784 3518 871 3571 malos
892 3534 922 3571 se
963 3523 1115 3578 meditatus
1124 3523 1204 3577 estin
1214 3522 1298 3577 cubili
1309 3540 1360 3577 suo
1369 3524 1402 3590 11,
1417 3544 1428 3575 a
1442 3525 1468 3577 id
1477 3529 1528 3590 est,
1542 3522 1727 3578 inalumtmcin

123 3607 302 3672 exaltantem,
326 3605 516 3677 possidentem
539 3606 741 3677 inpugnatores
764 3606 843 3676 legis·
868 3607 923 3661 Per
961 3613 1002 3668 vit
1014 3612 1043 3667 in
1052 3612 1146 3667 animo
1162 3629 1223 3667 suo.
1240 3613 1343 3679 Gurbita,
1359 3613 1439 3683 quies
1452 3612 1567 3680 diaboli,
1582 3614 1653 3668 utin
1666 3606 1725 3665 lais:

123 3712 229 3750 cornua
242 3695 298 3749 duo
307 3695 496 3759 Testamenta,
504 3694 741 3765 utinApocalypsi
752 3712 758 3748 :
771 3713 784 3748 a
796 3693 923 3749 Habebat
963 3717 978 3753 a
994 3701 1055 3755 Erit
1067 3700 1158 3755 cubile
1171 3701 1324 3755 draconum
1339 3700 1396 3766 ³⁰,o
1413 3702 1488 3772 quod
1504 3693 1727 3773 reprobusquililet

123 3783 214 3840 bestiss
224 3784 454 3849 dU000ffl11³¹⁴d
472 3783 546 3853 ¹1¹¹⁰d
559 3783 749 3838 Antichristus
760 3783 814 3837 dno
834 3787 921 3837 insin·
962 3794 992 3844 et
1000 3789 1201 3844 habitationem
1217 3807 1247 3844 se
1261 3790 1328 3844 facit
1340 3791 1552 3845 daemoniorum.
1566 3791 1661 3855 Gabiis,
1677 3786 1726 3839 lun

123 3873 281 3928 mentasibi
296 3872 453 3945 usurpabit.
469 3872 524 3926 Per
537 3888 643 3926 corneo
657 3872 814 3926 munimina
833 3872 921 3926 virtu-
962 3895 1051 3945 mens,
1082 3884 1113 3933 ut
1140 3878 1169 3932 in
1197 3878 1374 3950 Evangelj0;
1405 3879 1519 3933 «Intra
1544 3879 1575 3932 in
1602 3873 1725 3933 cubiculum

122 3969 195 4029 tum,
205 3961 420 4017 utinPsalmis:
442 3961 584 4014 «Cornua
597 3961 797 4032 producentem
818 3966 847 4015 et
868 3977 921 4015 un·
962 3971 1043 4023 tuum
1056 3967 1089 4034 ³¹,
1110 3987 1121 4018 ι
1139 3967 1165 4021 id
1186 3972 1239 4034 est,
1259 3968 1345 4039 dilige
1363 3968 1599 4039 tranquillitatem
1618 3969 1725 4022 interum

122 4051 204 4123 gulas
220 4050 251 4118 ¹⁵,
263 4070 275 4101 r
289 4050 318 4103 id
328 4055 380 4115 est,
389 4049 505 4104 robusta
514 4048 651 4104 virtutum
665 4055 694 4104 et
701 4050 922 4121 perseverantias
963 4057 1065 4113 mentis
1078 4063 1143 4112 tuae.
1154 4057 1255 4122 Cubile,
1270 4058 1350 4129 quies
1362 4057 1492 4125 caelestia,
1506 4064 1538 4112 ut
1549 4058 1580 4113 in
1594 4050 1725 4126 Evangelio:

124 4139 269 4195 babentes.
279 4140 333 4193 Per
340 4155 428 4193 cornu
436 4138 756 4210 potestatesimpiorum,
770 4139 835 4193 utin
842 4139 921 4193 Psal-
965 4165 977 4198 a
994 4148 1056 4201 Jam
1071 4163 1181 4201 mecum
1196 4146 1276 4218 pueri
1291 4146 1346 4202 mei
1365 4146 1473 4200 suntin
1493 4146 1578 4202 cubili
1598 4146 1629 4212 θ’,
1646 4162 1658 4197 e
1676 4134 1726 4213 quod

125 4230 203 4284 mis:
233 4247 246 4280 a
275 4228 309 4282 Et
337 4227 432 4281 omnia
459 4243 564 4281 cornua
594 4234 770 4300 peccatorum
804 4229 922 4283 conirin·
963 4239 1129 4293 Sanctorum
1144 4235 1254 4301 animae,
1278 4252 1295 4289 a
1316 4234 1478 4307 corporibus
1498 4244 1598 4303 exutae,
1616 4237 1669 4306 jam
1682 4229 1727 4284 suut

122 4335 188 4391 gam
203 4318 266 4383 ¹⁸,e
291 4317 318 4370 id
340 4324 392 4383 est,
416 4323 568 4388 potestates
593 4316 743 4390 impiorum
767 4320 1027 4420 destruam.Dcum
1047 4325 1165 4379 Domino
1176 4325 1206 4379 in
1216 4325 1310 4397 quiete
1328 4324 1443 4380 eoelesti.
1464 4326 1518 4381 Per
1536 4329 1623 4381 cubita
1641 4314 1727 4409 prnn¹¹

123 4409 178 4463 Per
196 4424 302 4462 cornua
320 4412 473 4478 potestates
495 4409 647 4478 justorum,
668 4415 701 4462 ut
725 4409 753 4463 in
779 4410 920 4464 Psalmis:
963 4420 1136 4482 sanctorum,
1152 4419 1185 4468 ut
1198 4415 1227 4469 in
1241 4415 1376 4468 Psalmis.
1395 4435 1406 4465 ι
1423 4414 1607 4469 Laetabuntur
1620 4414 1647 4468 in
1658 4402 1728 4465 cubili·

16 4510 20 4517 ·
123 4497 146 4533 ¹⁷
162 4515 175 4550 «
193 4496 396 4552 Exultabuntur
410 4498 669 4567 cornuajustorum,
683 4517 696 4551 s
711 4498 785 4570 quod
798 4504 921 4570 potesta·
963 4502 1014 4558 bus
1026 4503 1086 4557 suis
1095 4503 1129 4569 ³³,
1148 4522 1161 4557 a
1177 4505 1250 4575 quod
1258 4505 1346 4559 saneti
1360 4503 1524 4575 depraemiis
1534 4504 1593 4558 suis
1600 4502 1650 4558 sibi
1659 4504 1729 4555 sennn

123 4591 166 4639 tes
179 4585 317 4640 bonorum
332 4586 406 4640 Deus
422 4586 513 4657 eiigit.
963 4592 1030 4647 dum
1045 4592 1146 4647 merita
1160 4610 1211 4647 sua
1225 4594 1254 4648 in
1269 4594 1338 4648 coelo
1353 4593 1425 4648 datis
1440 4594 1584 4648 laetantur.
1607 4592 1657 4646 Per
1666 4579 1732 4644 citii¹¹

160 4674 274 4728 Gortina
289 4675 380 4728 estvir
390 4680 513 4739 sanetus,
526 4675 598 4730 utin
608 4676 717 4730 Exodo:
737 4698 748 4727 r
764 4676 921 4748 Longitudo
964 4681 1156 4736 conventicula
1171 4683 1320 4747 malorum,
1328 4682 1394 4737 utin
1409 4683 1542 4737 Cantic0:
1556 4663 1737 4738 «coenanti
1778 4682 1786 4691 ¹

124 4762 237 4816 cortinae
252 4762 366 4817 habebit
374 4763 472 4835 viginti
483 4770 544 4819 octo
555 4764 664 4820 cubitos
678 4767 710 4832 ’1,
728 4788 742 4817 »
764 4767 838 4837 quod
861 4766 922 4838 qui·
962 4771 997 4825 de
1013 4770 1151 4826 cubilibus
1165 4772 1278 4826 leonum
1288 4771 1321 4839 ³¹,
1339 4791 1352 4823 e
1369 4771 1397 4825 id
1410 4777 1462 4839 est,
1478 4771 1622 4826 victoriam
1635 4760 1743 4841 repon*¹¹¹

124 4849 192 4904 libet
205 4858 319 4906 sanctus
332 4853 360 4906 in
371 4852 519 4909 dilectione
529 4854 616 4909 Dolet
626 4855 743 4927 proximi
757 4857 921 4926 decalogum
962 4856 1005 4912 bis
1017 4857 1051 4912 de
1065 4858 1264 4913 conventiculis
1277 4857 1472 4931 superborum.

123 4938 244 5010 implens
259 4941 296 4996 ad
303 4942 449 5012 praemium
457 4943 558 4998 sutura
567 4944 779 4999 resurrectionis
804 4948 814 4968 ⁶
829 4945 920 5015 exspi-
999 4949 1035 5014 ','
1051 4949 1165 5002 Caelatus
1180 4952 1222 5001 est
1236 4952 1325 5002 status
1340 4947 1448 5012 mundi,
1460 4946 1529 5000 utin
1543 4945 1662 5002 Genesi:
1679 4959 1695 4996 c
1717 4925 1758 4979 5¹⁴

124 5033 178 5083 rat.
963 5042 1040 5109 ptem
1055 5038 1136 5108 spicas
1151 5037 1327 5111 pullulabant
1342 5038 1369 5091 in
1384 5036 1477 5091 culmo
1499 5052 1557 5090 uuo
1577 5036 1610 5103 ’1,
1625 5054 1638 5088 r
1657 5034 1682 5089 id
1709 5014 1763 5072 θ’

159 5210 168 5244 1
184 5213 264 5266 Prov.
278 5227 341 5278 xxx,
352 5211 397 5266 17.
409 5209 421 5245 ¹
435 5211 508 5266 Psal.
518 5224 609 5278 cxtvv,
621 5210 648 5266 9.
661 5210 767 5266 ³Exod.
783 5227 845 5272 xxv.
862 5213 906 5267 11.
922 5213 1023 5269 ¹Psal.
1035 5230 1080 5282 xx,
1098 5213 1124 5271 l.
1138 5216 1150 5249 1
1164 5216 1237 5270 Psal.
1254 5230 1326 5281 cxiv,
1342 5214 1388 5270 l‘l.
1403 5219 1416 5250 1
1431 5216 1489 5270 Jac.
1501 5229 1521 5282 l,
1536 5213 1582 5269 lt.
1597 5214 1607 5249 ¹
1622 5213 1634 5269 1
1717 5195 1767 5270 2¹¹·

123 5279 168 5335 10.
184 5282 271 5336 ¹Psal
285 5298 364 5348 xciii,
376 5283 403 5337 6.
414 5283 509 5336 ¹Psal.
527 5297 600 5348 uxvx,
616 5281 660 5337 27.
676 5283 699 5317 ¹⁰
713 5282 785 5337 Psal.
809 5298 901 5348 xxxiv,
916 5283 941 5340 5.
955 5285 976 5319 ¹¹
986 5285 1071 5340 Abac.
1088 5301 1130 5350 111,
1146 5287 1172 5341 4.
1189 5285 1212 5321 ¹¹
1226 5289 1311 5359 Apoc.
1326 5302 1352 5349 v,
1364 5287 1391 5342 6.
1408 5287 1431 5321 ¹¹
1443 5288 1530 5358 Apoc.
1544 5300 1604 5347 xm,
1615 5285 1643 5340 1.
1653 5284 1675 5319 ¹¹
1703 5252 1765 5327 ΒΜ·

126 5367 150 5403 e.
165 5351 210 5405 11.
229 5353 249 5387 ’1
264 5355 337 5408 Psal.
351 5367 446 5412 txvm.
465 5353 508 5410 32.
526 5353 549 5388 ¹¹
563 5355 636 5408 Psal.
651 5367 743 5420 cxxiv,
759 5355 804 5408 lt.
821 5355 843 5389 ¹¹
858 5356 931 5409 Psal.
948 5370 1039 5419 Lxxxx,
1055 5358 1100 5411 11.
1113 5358 1135 5392 ’1
1150 5359 1235 5413 Exod.
1251 5357 1364 5424 xxv1,2.
1379 5358 1402 5392 ¹¹
1415 5358 1496 5413 Cant.
1507 5357 1580 5421 v1,7.
1596 5355 1621 5390 ¹⁰
1633 5340 1763 5410 Job55¹¹

125 5420 152 5475 l.
167 5421 189 5456 ’1
206 5423 275 5477 Gen.
294 5439 357 5488 xxx,
373 5424 420 5479 37.
437 5424 461 5459 ’1
478 5425 559 5482 Cant.
581 5440 618 5491 iv,
636 5425 681 5487 13,
697 5425 742 5479 lt.
763 5423 789 5458 ¹³
803 5426 877 5480 Psal.
893 5441 948 5491 civ,
965 5427 1010 5483 40.
1030 5427 1054 5462 ²¹
1070 5429 1156 5483 Num.
1170 5444 1208 5491 x1,
1225 5429 1269 5484 31.
1284 5428 1308 5463 ’1
1323 5429 1393 5483 Gen.
1408 5444 1439 5497 11,
1456 5428 1501 5483 tl.
1515 5426 1540 5462 ’1
1554 5427 1606 5482 Job
1619 5441 1694 5491 xvui,
1718 5392 1756 5465 fl

124 5490 147 5526 ’1
162 5492 280 5564 IIIReg.
292 5496 396 5558 v11,3l.
413 5495 437 5531 ’1
452 5496 548 5552 Eaecb.
565 5496 646 5560 xu,5.
660 5495 684 5531 ¹⁹
695 5496 769 5551 Psal.
785 5512 866 5552 xxxv.
883 5497 909 5552 5.
925 5498 949 5532 ³⁰
962 5499 1016 5553 isa.
1030 5514 1123 5565 xxxiv,
1136 5500 1180 5554 13.
1196 5499 1217 5535 ³¹
1235 5501 1334 5556 Matth.
1351 5514 1390 5561 vx,
1403 5499 1431 5569 6.
1445 5498 1470 5534 ³¹
1483 5499 1552 5554 Luc.
1565 5513 1602 5562 xx,
1612 5498 1639 5553 7.
1653 5475 1749 5551 ’Μ

127 5575 220 5629 omn,
233 5565 261 5620 5.
276 5562 300 5599 ’1
313 5565 394 5620 eant.
410 5580 447 5631 iv,
464 5566 491 5622 8.
506 5566 530 5600 ³⁵
544 5567 614 5623 Gen.
631 5580 688 5634 xer,
702 5567 728 5631 5.
749 5567 794 5624 22.
