3772 6120
190 304 238 361 l'll
483 304 513 357 B.
538 299 671 356 RABANI
691 296 806 356 unum
825 301 992 356 ARClllEP.
1014 299 1174 355 MOGUNT.
1196 297 1345 352 orantia
1364 295 1455 350 PARS
1475 295 1523 350 ΙΙΙ.
1723 361 1724 364 ¹
1772 290 1822 348 itt

189 450 242 489 nus
257 434 325 486 odor
339 446 437 485 sumus
447 432 514 493 Deir.
527 431 566 482 ita
589 444 603 480 e
619 429 758 482 contrario
774 431 845 483 letor
860 445 893 481 cx
907 430 983 482 sitio.
994 430 1017 489 Α
1027 444 1111 499 quoru
1127 432 1237 498 oportet
1251 425 1404 495 sicquircre.
1421 422 1500 476 Sicut
1512 434 1544 473 ex
1559 420 1720 472 Dcoautem
1735 417 1825 487 loqui·

189 524 276 578 Radix
287 520 362 575 enim
372 519 498 572 omniurn
513 516 653 570 nmlorum
665 525 707 570 est
721 518 870 587 cupiditas,
881 524 909 570 et
919 518 984 587 quia
1026 523 1081 581 tur,
1094 516 1261 586 quiscitnon
1271 530 1299 567 se
1310 529 1327 566 a
1338 529 1367 566 sc
1378 511 1490 571 habere,
1503 509 1551 562 sed
1561 525 1594 560 ex
1606 508 1663 560 Deo
1673 506 1823 576 accepisse,

188 610 332 682 quodlibet
354 609 460 661 malum
477 621 527 677 per
545 606 691 659 avaritiam
711 606 846 676 gignitur,
869 605 985 676 dignum
1026 606 1098 676 quod
1114 605 1182 658 dicit
1200 622 1204 656 :
1225 616 1321 656 caram
1336 602 1395 656 Deo
1411 615 1475 654 vero
1493 597 1617 668 loquitur
1637 595 1684 666 qui
1701 595 1731 649 in
1747 595 1824 648 omrai

188 708 239 765 est,
252 705 283 753 ut
297 697 397 750 domus
411 696 534 749 avaritia
548 695 577 748 in
592 694 681 748 fetare
695 701 882 761 construatur,
891 695 985 748 felices
1025 695 1098 764 quod
1113 693 1190 759 dicit,
1207 707 1263 745 non
1277 692 1415 744 humanos
1426 688 1533 742 favores
1549 684 1665 756 appetit,
1677 684 1726 737 sed
1736 683 1827 737 omni·

188 788 236 859 qui
253 787 325 840 hona
335 784 420 839 odore
428 784 533 845 sistunt,
546 784 612 854 quid
620 788 714 837 autem
723 783 861 838 infelicius
872 782 927 838 illis
936 781 984 854 qui
1025 783 1148 854 potentis
1161 782 1212 836 liei
1225 779 1380 851 prasentia
1395 777 1525 841 intendit,
1541 792 1597 830 non
1611 790 1703 839 suam,
1713 772 1763 826 sed
1777 787 1825 827 au·

187 876 260 929 bono
274 873 360 928 odore
373 873 550 927 moriuntur?
567 875 658 940 tirrp.)
674 872 709 926 Et
723 873 785 943 quis
799 879 850 938 est,
873 873 913 926 ait
932 873 983 926 all·
1025 872 1109 925 claris
1120 871 1238 941 gloriam
1259 868 1386 940 requirit.
1407 867 1460 930 Qui
1477 873 1572 919 autem
1587 864 1639 917 seit
1652 862 1719 933 quid
1735 869 1777 914 cst
1792 878 1824 915 ex

187 964 259 1035 quis,
275 976 359 1034 quern
375 960 464 1017 bonus
478 961 547 1015 odor
566 960 685 1015 occidit?
707 962 758 1015 lroc
775 967 826 1026 est,
849 962 922 1031 quod
945 963 986 1016 ait
1025 962 1083 1015 Deo
1094 976 1123 1013 se
1135 960 1284 1029 accepisse,
1301 958 1375 1028 quod
1390 964 1418 1010 et
1433 963 1529 1009 tamen
1545 952 1662 1007 dicendo
1680 951 1825 1022 propriam

186 1051 346 1122 Apostolus,
363 1055 391 1103 et
406 1050 440 1103 ad
456 1050 514 1103 hose
527 1049 590 1119 quis
604 1045 739 1103 idoneus?
750 1049 894 1112 Quomodo
905 1062 939 1103 eo
948 1050 985 1103 ie·
1024 1050 1143 1120 gloriam
1159 1049 1267 1120 quaerit,
1280 1047 1352 1101 sicut
1366 1060 1398 1099 cx
1410 1046 1468 1100 Deo
1482 1043 1616 1115 loquitur,
1636 1041 1685 1095 sed
1706 1056 1763 1094 non
1777 1054 1823 1092 co-

187 1141 227 1194 cit
240 1140 315 1194 ilaus
327 1138 407 1193 miris
422 1135 523 1202 modis,
537 1144 568 1190 ut
584 1136 656 1190 bono
669 1137 754 1191 odore
768 1142 797 1190 et
811 1137 875 1190 boni
891 1139 985 1192 vivant
1024 1153 1086 1191 ram
1094 1139 1162 1198 Deo,
1171 1137 1238 1208 quia
1245 1152 1309 1191 eum
1316 1151 1401 1207 qucm
1409 1134 1544 1188 cordisuo
1554 1148 1611 1186 non
1620 1129 1753 1201 proponit
1760 1144 1824 1183 cum

187 1227 469 1284 etrrralimariantur:
479 1222 983 1296 Paulumapostolumbeneagentem.
1026 1227 1167 1296 predicat,
1184 1226 1263 1296 quasi
1279 1224 1423 1279 absentem
1438 1229 1527 1294 putat.
1551 1221 1605 1275 Sed
1620 1218 1710 1273 sancti
1725 1218 1777 1270 riri
1796 1224 1826 1270 et

187 1317 413 1381 benemerentem,
427 1315 569 1385 justitiam
581 1314 664 1368 verbo
677 1314 885 1385 predicantem,
902 1329 985 1386 opere
1026 1330 1059 1369 ex
1072 1316 1130 1370 Deo
1144 1317 1299 1386 loquuntur
1313 1320 1341 1368 ct
1358 1329 1452 1367 coram
1471 1313 1539 1377 Deo,
1561 1310 1627 1380 quia
1647 1311 1676 1362 et
1693 1306 1728 1361 ab
1747 1323 1780 1360 ca
1794 1323 1823 1359 sa

188 1401 986 1474 demonstrantemdoctoremrnirabilem,lldelemdispen·
1026 1405 1119 1458 sciunt
1132 1404 1235 1457 habere
1250 1404 1323 1473 quod
1338 1404 1433 1456 dicant
1443 1407 1472 1455 et
1479 1401 1572 1472 ipsum
1583 1398 1641 1453 suis
1648 1395 1825 1451 sermonibus

187 1500 310 1550 satorem
326 1493 401 1546 fama
422 1506 622 1562 usquequaque
642 1488 852 1557 disseminabat,
872 1490 986 1562 quidam
1027 1494 1125 1547 adesse
1142 1493 1275 1562 judicem,
1296 1492 1510 1560 auditoremque
1535 1488 1722 1542 considerant.
1745 1485 1825 1539 Unde

187 1582 352 1653 diligebant,
360 1581 475 1653 quidam
481 1579 763 1634 invidebantllmasti
769 1579 839 1634 benc
845 1588 985 1651 agentem,
1027 1584 1060 1635 lit
1072 1587 1105 1635 ut
1119 1597 1182 1636 cum
1193 1598 1223 1635 se
1236 1599 1254 1635 a
1272 1580 1405 1652 proximis
1419 1578 1523 1649 despici
1538 1581 1702 1647 agnoscunt,
1719 1584 1826 1644 suaque

188 1671 280 1726 vixisti
295 1670 368 1725 bono
386 1670 480 1734 odore,
501 1669 626 1722 invidisti
644 1669 714 1723 bene
733 1669 837 1739 agenti,
859 1676 987 1724 mortuus
1028 1669 1103 1724 dicta
1125 1671 1188 1725 vita
1210 1671 1385 1725 audientium
1408 1685 1465 1722 non
1486 1667 1627 1738 prodesse,
1652 1663 1827 1718 abscondunt

188 1777 219 1815 es
233 1760 305 1814 bono
319 1758 422 1814 odore:
439 1773 501 1812 ecoe
515 1758 590 1812 unde
599 1757 705 1828 gratias
719 1758 778 1828 agit
792 1759 873 1812 miles
887 1747 1017 1812 neerei-B
1028 1765 1139 1829 quantae
1153 1759 1270 1813 virtutes
1282 1767 1358 1824 sunt,
1375 1772 1410 1812 no
1424 1756 1448 1811 si
1458 1742 1597 1810 secretum
1611 1753 1703 1808 cardis
1721 1751 1828 1805 inutili·

189 1862 263 1915 mus,
281 1854 310 1902 ct
330 1847 460 1901 defensor
478 1846 678 1900 invictissimus
691 1847 800 1916 gratie
825 1848 893 1902 Etee
913 1849 987 1902 unde
1028 1854 1072 1903 ter
1083 1864 1175 1902 sermo
1188 1849 1313 1919 prolatus
1327 1847 1444 1919 aperiat,
1462 1846 1497 1900 ad
1513 1846 1627 1899 inanem
1633 1842 1755 1914 gloriam
1765 1856 1829 1911 pro-

189 1937 295 2009 gratias
307 1936 374 2006 agit,
390 1935 457 2006 quia
471 1933 575 1989 Christi
590 1934 678 1989 bonus
697 1936 766 1991 odor
784 1942 851 1990 sunt
869 1937 987 2008 apostoli
1028 1942 1150 2008 rumpat.

190 2028 258 2091 Deo,
274 2026 303 2079 et
312 2025 342 2078 in
356 2025 400 2079 his
409 2024 457 2095 qui
468 2024 535 2078 satri
546 2026 618 2078 tlunt
627 2025 721 2094 gratia
730 2026 800 2095 ejus,
813 2024 931 2079 etinhls
940 2027 986 2096 qul
1337 2008 1453 2062 CAPUT
1469 2007 1518 2060 ῙΠ·

189 2120 310 2186 pereunt
319 2112 426 2183 judicio
440 2111 510 2182 ejus.
528 2112 582 2167 Sed
590 2117 623 2166 ut
629 2113 723 2166 minus
732 2121 929 2169 succenseatur
937 2116 988 2169 lroc
1031 2081 1150 2219 mxxix
1165 2078 1305 2204 {3222ssssss
1330 2075 1829 2218 g‘ugwefflffgssss'em'wlsm}

190 2201 891 2286 parumintelllgentibus,ipseadmonetetdicit1
1067 2224 1170 2274 dinarii
1184 2223 1306 2275 Ecclesia
1322 2227 1459 2290 peraratum
1473 2220 1509 2272 ad
1525 2220 1610 2285 officii
1624 2218 1789 2283 dipnitatern
1805 2216 1828 2265 ct

227 2292 262 2347 lit
270 2293 367 2346 ediec
375 2293 438 2359 qais
448 2295 504 2344 tam
516 2291 652 2344 idoneas?
662 2305 719 2344 non
728 2294 803 2345 enini
814 2307 909 2345 samus
919 2295 989 2345 sicat
1066 2294 1230 2360 capnitionis
1246 2296 1443 2346 excedentium.

188 2383 311 2452 pistrini
324 2382 511 2434 adulterantes
525 2380 638 2433 verton:
652 2381 710 2444 liei,
723 2382 768 2433 scri
786 2394 818 2433 ec
833 2383 989 2434 sinceritate
1066 2383 1327 2449 incipirnasitcrura
1336 2377 1712 2448 rrosinctr'pscscarrrmcndnrr.
1722 2373 1827 2440 (limbi

191 2472 263 2524 sicat
277 2470 548 2533 ealieacmarnlteo,
560 2471 593 2521 in
602 2468 708 2521 Christo
719 2470 871 2536 loquimar.
883 2468 987 2536 (drab.)
1029 2469 1168 2533 Quoniam
1183 2470 1430 2540 pseudoapostolos
1444 2474 1533 2532 notat,
1547 2481 1634 2536 prave
1647 2479 1745 2518 eorum
1755 2479 1830 2516 com·

192 2556 990 2627 Pseudoaposmlostangithicversusquicorruptadoctri·
1031 2559 1163 2612 mandata
1177 2558 1336 2628 designans,
1352 2574 1382 2611 se
1396 2562 1491 2611 autem
1505 2570 1601 2609 verum
1616 2553 1827 2624 predicatorem

193 2662 231 2699 na
243 2644 327 2698 rerba
340 2644 391 2697 Dei
407 2660 457 2714 per
478 2645 582 2697 malam
598 2645 858 2715 interpretationem
879 2646 989 2700 adulte·
1029 2653 1159 2703 testatur.
1181 2647 1292 2701 ridetur
1310 2648 1413 2702 iterum
1431 2645 1627 2700 commendare
1646 2659 1686 2708 se,
1706 2641 1779 2695 sicut
1799 2640 1828 2693 irr

190 2732 301 2800 rabant,
321 2734 451 2787 tollentes
464 2733 590 2786 divinum
604 2749 717 2786 sensum
732 2734 874 2804 ponebant
888 2735 988 2789 huma·
1030 2736 1122 2807 prima
1132 2737 1264 2807 Epistola,
1281 2745 1309 2790 et
1324 2752 1359 2790 nc
1376 2737 1428 2790 hoc
1441 2737 1564 2790 versutia
1579 2734 1673 2804 aliqua
1685 2729 1828 2785 terrestris

192 2837 277 2889 num3
289 2821 432 2892 exquibus
446 2821 560 2891 quidam
576 2821 665 2874 telum
680 2821 815 2876 habentes
829 2822 989 2878 traditionis
1030 2825 1098 2880 lucri
1112 2826 1304 2895 gratiolacere
1319 2825 1470 2891 rideretur,
1486 2824 1589 2895 adjecit
1604 2842 1609 2874 :
1626 2821 1828 2889 Natiquidepe·

191 2911 324 2974 Iudaica,
340 2926 392 2964 nec
405 2910 440 2963 de
455 2910 566 2964 Christo
580 2908 650 2964 bene
664 2908 810 2977 docebant,
822 2912 885 2966 ideo
895 2912 989 2967 minus
1030 2929 1102 2979 naras,
1117 2919 1187 2968 n'cnt
1201 2917 1326 2982 quidam,
1338 2916 1568 2968 corrretenrtatitr'r's
1584 2913 1712 2980 Epistolis
1726 2911 1763 2962 od
1773 2924 1826 2967 aas,

191 3000 307 3054 idoneos
321 3000 372 3053 hos
386 2998 473 3052 dicit:
490 2999 630 3070 apostolos
643 3005 738 3054 autem
757 2999 904 3055 sinceriter
917 3014 988 3072 pree·
1029 3009 1078 3056 urat
1094 3018 1125 3056 er
1139 3005 1220 3056 cobis.
1232 3005 1296 3057 ilaec
1305 3003 1399 3056 dicens
1408 3005 1437 3056 at
1450 3018 1533 3056 suurn
1543 3017 1655 3056 sensum
1672 3000 1783 3069 purgat.
1801 3004 1829 3050 ct

191 3089 308 3153 dicasse,
323 3088 397 3142 sicut
410 3104 443 3141 ex
462 3088 519 3141 lieo
534 3088 632 3141 datum
646 3093 697 3155 est,
709 3093 775 3142 ante
786 3089 885 3151 Deum,
895 3091 984 3156 idest,
997 3074 1121 3146 Cadhuc
1141 3090 1387 3163 pseudoapostolos
1401 3098 1489 3154 notat,
1506 3104 1576 3161 (quos
1591 3087 1697 3160 proprii
1714 3087 1829 3141 honoris

191 3177 331 3248 quomado
342 3177 416 3231 licus
424 3176 510 3240 dedit,
519 3176 578 3247 ipso
586 3181 667 3243 teste,
678 3177 707 3230 irr
719 3177 829 3232 Clrrlsto
839 3179 989 3249 loqueban-
1029 3190 1057 3234 et
1072 3187 1194 3251 quastus
1208 3196 1293 3235 causa
1305 3180 1423 3235 circuire
1435 3180 1565 3234 ecclesias
1578 3177 1688 3249 probat,
1705 3177 1741 3230 ad
1753 3176 1830 3229 auio·

191 3271 247 3330 tur,
264 3280 321 3320 non
335 3281 416 3319 suam
430 3266 725 3336 quaerentesgloriam
738 3267 785 3320 sed
796 3268 856 3321 Dei.
873 3269 932 3323 lloc
946 3276 989 3323 est
1028 3270 1155 3335 rendam,
1169 3286 1225 3324 norr
1238 3271 1273 3324 ad
1288 3266 1464 3324 tribuendam
1482 3270 1612 3323 salutem.
1630 3266 1667 3321 Es
1688 3262 1732 3320 his
1747 3266 1828 3319 erant

190 3353 220 3407 in
235 3353 346 3408 Christo
359 3353 436 3423 loqui
450 3354 511 3423 ejus
521 3354 665 3419 honorem,
678 3359 707 3407 et
720 3355 875 3424 potentiam
890 3357 988 3426 pradi-
1028 3358 1130 3428 quibus
1142 3359 1210 3413 dicit
1223 3359 1358 3413 Dominus
1374 3376 1380 3412 :
1398 3360 1542 3413 Comeriitis
1560 3360 1656 3411 derisas
1675 3357 1825 3410 cidrtarunr

190 3454 263 3508 aare,
280 3443 378 3508 (iiior.)
400 3435 467 3512 quia
486 3441 599 3495 diiircile
620 3442 722 3512 dignus
742 3458 832 3513 praeeo
851 3445 987 3499 virtutum
1028 3446 1241 3516 etpnpiltormn,
1253 3448 1827 3515 arationeiorrpoorantcapnaptcrecocci·

189 3531 294 3585 Christi
307 3531 426 3585 inveniri
436 3534 537 3601 potest,
550 3531 637 3601 quiin
653 3533 853 3586 annuntiandis
863 3533 918 3587 illls
931 3549 988 3588 non
1025 3538 1106 3604 pictis
1117 3540 1208 3604 nrnjris
1212 3533 1355 3604 judiciuin
1365 3538 1473 3598 (ilnttit.
1490 3540 1578 3604 xxiii),
1593 3536 1638 3591 hic
1652 3531 1727 3589 enlm
1738 3542 1768 3587 et
1782 3546 1827 3587 res

190 3636 271 3674 suam
285 3619 535 3691 queratglortam·
546 3637 631 3690 quem
640 3621 788 3691 praedicata
802 3622 831 3675 in
846 3638 878 3675 co
889 3630 990 3700 autem¹
1028 3639 1125 3678 eorum
1140 3639 1196 3678 non
1215 3625 1358 3695 tangebat,
1380 3631 1409 3679 et
1429 3627 1545 3679 raritate
1565 3624 1697 3679 doctrinm
1717 3623 1826 3685 anlnrqs

190 3710 264 3779 quod
279 3717 365 3780 negat
376 3725 432 3762 nou
446 3725 475 3762 se
490 3724 561 3773 esse,
572 3708 644 3763 si'cut
658 3710 771 3775 multos,
782 3711 831 3780 qui
843 3712 986 3767 venditant
1027 3728 1124 3767 eorum
1132 3713 1333 3779 salvabatmon
1341 3715 1590 3784 crgoscanrlaliter,
1601 3713 1649 3767 sed
1661 3710 1826 3784 spiritaliter

189 3798 304 3854 verbum
318 3798 380 3861 Dei,
397 3797 523 3851 ostendit
532 3812 593 3852 esse
608 3799 828 3870 quamplurimos
843 3800 891 3870 qui
900 3816 987 3872 quaes·
1027 3819 1057 3856 se
1075 3803 1290 3857 commendabat
1308 3799 1343 3857 ad
1361 3804 1517 3874 prolectam
1531 3803 1631 3858 salutis
1652 3799 1777 3865 illorum,
1795 3806 1825 3855 ut

187 3891 250 3941 tom
263 3893 364 3957 putant
378 3903 438 3940 esse
452 3887 695 3958 pietatenr‚turpis
708 3887 778 3942 lucri
786 3889 879 3958 gratia
892 3890 987 3944 amnia
1028 3893 1080 3946 hoc
1104 3893 1139 3945 dc
1162 3893 1211 3946 illo
1234 3893 1389 3955 caederent,
1413 3893 1567 3964 quoderat
1591 3911 1596 3945 :
1623 3891 1691 3962 quia
1717 3891 1765 3961 qui
1792 3886 1826 3944 de

188 3974 303 4039 iaciunt,
315 3975 363 4045 qui
377 3975 619 4030 devorantdomus
633 3976 789 4040 viduarum,
807 3993 836 4030 se
849 3983 987 4033 autemst
1026 3980 1099 4035 bono
1114 3981 1187 4035 male
1200 3982 1286 4035 sentit
1300 3984 1405 4052 peccat,
1426 3995 1458 4036 ac
1476 3993 1526 4053 per
1549 3983 1602 4035 hoo
1618 3978 1826 4034 commendatio

187 4063 349 4117 sinceritate
363 4062 443 4134 quasi
458 4064 574 4117 missum
588 4081 606 4118 a
619 4064 686 4129 Dea,
698 4071 727 4119 et
740 4072 876 4135 praesente
891 4083 924 4120 eo
938 4068 986 4138 qul
1026 4070 1085 4124 haec
1098 4070 1160 4124 istis
1178 4071 1269 4141 magis
1287 4072 1406 4142 prolicit.
1427 4073 1549 4140 Epistola
1571 4076 1665 4125 nostru
1688 4084 1732 4123 tos
1751 4072 1822 4132 estis,

188 4166 218 4205 se
232 4151 342 4205 miserit
356 4151 450 4205 omnin
459 4151 489 4205 ia
503 4152 624 4216 Christo,
636 4160 665 4205 ot
674 4169 724 4223 pro
733 4153 844 4208 Christo
857 4156 942 4226 loqui,
954 4162 986 4210 ut
1025 4162 1128 4228 scripta
1143 4163 1174 4213 in
1190 4155 1316 4213 sardibus
1326 4163 1437 4214 nostris.
1448 4160 1574 4231 Epistola
1580 4159 1679 4214 salutis
1689 4157 1826 4212 indicium

188 4246 272 4295 caum
287 4239 493 4311 predicationis
506 4239 557 4294 Dei
571 4241 732 4312 triumphus
749 4241 853 4296 Christi
869 4244 985 4315 ejusque
1026 4255 1077 4313 est,
1093 4254 1168 4301 recte
1182 4262 1249 4319 ergo
1263 4248 1303 4302 ait
1316 4247 1466 4318 quissalus
1482 4243 1692 4303 Corinthiorum
1702 4248 1732 4302 in
1742 4247 1826 4301 corde

186 4329 224 4385 eit
235 4329 335 4400 gloria
353 4330 388 4384 Et
400 4329 555 4384 notandum
570 4330 645 4401 quod
660 4331 826 4401 mysterium
840 4331 985 4388 Trinitatis
1027 4342 1088 4390 erat
1101 4336 1219 4407 apostoli
1234 4340 1371 4391 eteorum
1386 4336 1513 4409 quicum
1527 4338 1577 4393 illo
1596 4340 1694 4401 erant3
1714 4345 1827 4406 semper

186 4417 217 4473 in
232 4419 317 4490 hujus
331 4417 447 4490 capituli
466 4420 521 4473 sme
541 4423 722 4472 monstretur.
741 4420 779 4474 Ex
793 4421 851 4474 ileo
866 4422 942 4475 euim
956 4423 1015 4493 inl]
1027 4426 1102 4479 enim
1114 4426 1149 4479 de
1159 4426 1251 4479 salute
1261 4441 1359 4480 eorum
1370 4426 1519 4497 cogitabat.
1536 4427 1607 4481 Cum
1617 4440 1684 4495 ergo
1697 4420 1726 4479 ln
1741 4426 1825 4480 corde

187 4507 293 4578 Spiritu
307 4515 413 4573 sancto,
429 4524 523 4562 earam
538 4508 595 4563 Deo
615 4508 699 4562 Patre
714 4509 744 4562 in
763 4508 874 4563 Christo
894 4511 984 4581 loqui·
1026 4509 1420 4586 suntapastolieteorumqul
1435 4530 1498 4570 eum
1515 4514 1576 4587 ipso
1591 4518 1681 4578 erant,
1699 4515 1824 4585 Epistola

187 4611 259 4650 mur.
278 4596 376 4665 (deep.)
393 4597 511 4651 Adulter
527 4597 630 4668 qnippe
649 4597 678 4651 in
697 4598 803 4652 carnali
821 4598 906 4664 coitu,
928 4616 984 4654 non
1024 4610 1091 4657 sunt
1099 4603 1237 4675 scriptula
1244 4602 1374 4659 cordibus
1381 4605 1615 4676 eorumqulaqui
1622 4600 1825 4674 semperalicu·

186 4683 274 4754 prole,
284 4683 332 4739 sed
339 4686 481 4755 voluptate
491 4692 613 4754 terretur,
628 4692 657 4740 ct
668 4701 815 4757 perversus
823 4687 941 4758 quisquc
951 4704 984 4742 ac
1022 4693 1185 4762 jusmemor
1195 4697 1246 4759 est,
1259 4694 1380 4764 scriptus
1389 4694 1470 4748 estin
1479 4694 1574 4748 aalma
1585 4694 1655 4763 ejus.
1664 4692 1825 4759 Orrnscitar·

186 4787 263 4826 vanae
281 4772 377 4842 gloria
394 4774 517 4827 sarriens
531 4782 606 4829 recte
623 4776 778 4830 adulterari
796 4777 911 4830 verbum
932 4779 983 4831 lici
1024 4783 1824 4850 etleptim·abmnnibtrsirorninibus:inanisestntiqaoninm

185 4858 297 4925 dieitur,
313 4861 379 4930 quia
389 4877 439 4931 per
452 4878 562 4916 sacrum
578 4864 720 4935 cloquium
731 4881 787 4918 non
797 4865 855 4919 Deo
863 4865 934 4919 lilios
942 4866 983 4936 gi·
1023 4871 1143 4938 Epistola
1153 4874 1216 4924 estis
1224 4871 1327 4926 Cimini
1336 4875 1524 4926 ministratae
1535 4873 1621 4925 nabis.
1633 4873 1770 4941 Apertum
1782 4873 1824 4923 est

183 4965 280 5019 gnere,
308 4949 357 5003 sed
381 4966 462 5003 suam
485 4951 630 5005 scientiam
655 4952 797 5008 desiderat
823 4955 979 5008 ostendere.
1023 4959 1149 5028 quicum
1163 4960 1295 5013 dicuntur
1310 4960 1472 5025 Christiani,
1488 4960 1613 5031 Epistola
1628 4959 1732 5013 Christi
1746 4964 1822 5023 sunt,

184 5037 274 5102 Quem
290 5038 365 5092 'enim
380 5037 467 5092 libido
481 5039 577 5109 gloriar
592 5041 808 5112 adloquendum
820 5043 916 5108 trahit,
933 5060 981 5096 ro·
1023 5048 1179 5102 indicantes
1193 5048 1313 5102 salutem
1328 5065 1413 5120 quam
1424 5050 1503 5104 dedit
1512 5051 1587 5104 Deus
1600 5050 1629 5102 in
1644 5048 1754 5103 Christo
1766 5058 1825 5101 ant·

184 5126 285 5197 luptati
300 5128 398 5197 magis,
415 5143 500 5198 quam
514 5129 689 5197 gener-atiani
704 5147 819 5202 operam
834 5131 980 5202 impendit.
1024 5135 1105 5190 nibus
1121 5135 1290 5202 hominibus,
1305 5136 1491 5195 scribentibus
1500 5138 1635 5209 apostolis
1647 5155 1652 5189 :
1665 5137 1732 5191 dum
1748 5135 1825 5189 enim

183 5214 349 5269 adulterare
363 5230 485 5286 namque
501 5224 544 5271 est
556 5217 671 5271 verbum
687 5219 747 5285 Dei,
764 5227 813 5274 aut
826 5221 908 5275 aliter
922 5236 983 5275 sen·
1024 5224 1133 5289 docent,
1149 5224 1283 5278 scrilrunt.
1295 5224 1330 5280 Et
1341 5229 1445 5294 scripto
1455 5242 1511 5280 raon
1525 5232 1692 5289 circinante,
1704 5227 1750 5278 sed
1763 5228 1822 5294 spi·

182 5302 236 5355 tiro
250 5303 285 5356 de
299 5303 355 5367 illo,
372 5321 456 5375 quam
472 5313 524 5370 est,
537 5314 626 5360 atrtcx
642 5325 675 5361 co
691 5324 746 5362 non
765 5309 906 5379 spiritales
921 5310 980 5364 fru-
1023 5316 1079 5366 rita
1094 5315 1144 5367 liei
1158 5317 1222 5368 civi.
1242 5314 1380 5376 Quoniam
1403 5330 1464 5386 quae
1485 5314 1623 5386 promissa
1638 5321 1705 5368 sunt
1718 5318 1824 5368 aeterna

183 5398 252 5456 irtus,
265 5392 313 5445 sed
325 5392 497 5448 adulterinos
507 5396 579 5448 tetus
595 5412 719 5465 quarere
731 5398 823 5452 laudis
838 5400 977 5465 humanas,
1021 5409 1095 5467 sunt,
1112 5403 1214 5456 ideirco
1229 5405 1287 5456 Deo
1297 5403 1398 5473 spiritu
1413 5405 1518 5474 scripta
1532 5400 1674 5470 dicuntur,
1692 5403 1740 5473 qui
1751 5413 1823 5456 sem·

182 5496 214 5532 cx
230 5479 391 5535 sinceritate
405 5496 468 5536 raro
484 5483 560 5553 loqui
580 5490 621 5538 ost
641 5485 711 5539 nilril
731 5487 758 5539 in
775 5488 886 5558 eloquia
901 5497 979 5543 extra
1020 5491 1821 5564 penest,temporallaautematramentaqaodobsolcscit.

216 5590 280 5649 ‘ilic
293 5590 390 5650 deesse
404 5593 514 5653 ridetur
528 5592 686 5655 membrum
696 5600 809 5672 phrasis
819 5602 981 5674 huJusmadi
998 5625 1003 5658 :
1021 5608 1114 5662 Potius
1129 5618 1215 5676 quom
1228 5610 1352 5676 piar-tam
1366 5611 1458 5678 eins...
1475 5608 1551 5666 Eorr.
