3772 6120
119 307 169 365 531
413 306 445 365 Β.
466 308 602 368 anunm
620 311 736 368 unum
759 304 928 370 Ananiae.
948 312 1111 371 honour.
1131 304 1281 367 OPERUM
1299 304 1392 365 PARS
1410 306 1460 366 111.
1704 306 1757 364 532

121 435 185 500 tra.
200 439 240 505 m)
253 435 428 491 :Secundum
438 450 520 489 suum
531 438 752 492 inisericordiam
766 443 852 494 sulcos
866 457 914 495 nos
922 441 1090 506 Atenditur,
1107 438 1185 492 nulla
1199 436 1290 491 inutili
1305 436 1517 507 perturbatione
1526 435 1760 492 laceretnt.iiinc

119 525 628 593 sscitpsrtaiucrumreqsnsrutionis,
641 529 917 597 tanquamjamdata
956 529 1085 600 estquod
1102 528 1206 582 Paulus
1224 543 1275 598 per
1290 527 1556 598 contemplationem
1577 528 1707 580 mortuos
1732 527 1760 577 et

120 621 194 668 esset
207 614 305 668 eadem
320 613 405 681 salus,
428 614 483 668 aiio
505 615 608 685 quippe
633 615 692 670 loco
714 617 915 672 dilucidissime
957 620 1037 690 quasi
1059 619 1088 671 in
1109 618 1238 688 sepulcro
1261 615 1438 670 absconditos
1463 616 1615 687 discipulos
1637 615 1758 682 viderat,

119 703 196 763 dicit.
211 718 255 772 sps
269 706 344 757 anim
356 706 427 757 sutui
436 705 506 771 sueti
518 720 623 757 suerius.
640 705 829 762 Commutatio
839 723 914 774 reru,
956 708 1057 781 quibus
1071 705 1182 761 dicebat
1196 724 1201 757 :
1219 707 1324 759 Mortui
1331 708 1406 758 enim
1417 708 1480 759 estis
1489 710 1514 759 ct
1523 709 1581 759 uita
1594 710 1686 759 uestra
1696 704 1760 757 abs·

119 808 182 863 quie
203 793 411 863 comdptionem
434 809 490 846 non
514 792 637 859 habebit,
657 798 817 849 sanctonrm
842 796 914 863 erit3
956 799 1066 851 condita
1081 801 1119 849 est
1132 811 1195 849 euru
1212 795 1319 849 Christo
1341 797 1373 847 in
1395 795 1457 859 Deo,
1474 795 1522 865 qui
1547 810 1615 865 ergo
1636 798 1759 847 mortem

118 881 232 936 illorum
247 881 301 935 erit
317 882 365 953 qui
382 882 465 936 modo
484 881 590 936 habent
608 885 842 938 resurrectionem
858 885 915 956 spi·
957 886 1065 957 quarit,
1080 883 1186 955 gaudet
1199 882 1267 937 dum
1290 883 1450 953 sepulcrum
1473 883 1580 938 invenit
1596 902 1602 936 :
1619 882 1688 953 qnia
1711 881 1759 951 qui

119 971 200 1037 ritus,
208 970 244 1025 de
253 971 593 1043 quaresurrectionedicit
601 973 751 1044 Apostolus
763 992 768 1026 :
778 973 810 1028 Si
823 979 916 1028 autem
957 975 1128 1028 mortificare
1143 989 1173 1027 se
1187 972 1303 1044 appetit,
1320 972 1400 1026 valde
1416 972 1451 1026 ad
1463 972 1608 1027 inventam
1630 970 1758 1042 requiem

118 1064 310 1115 resurrexistis
324 1076 388 1115 cum
403 1061 510 1116 Christo
524 1076 583 1130 qua
594 1076 706 1115 uersum
717 1067 782 1117 sitiit
793 1068 915 1132 quarite,
957 1062 1202 1133 contemplationis
1215 1061 1366 1115 hilarescit.
1384 1061 1422 1116 Ut
1437 1062 1589 1116 exstinctus
1603 1059 1711 1114 mundo
1721 1058 1760 1112 ia-

118 1151 168 1203 u'bt
182 1150 307 1204 Christus
322 1156 360 1204 est
380 1153 411 1203 in
431 1152 527 1205 deutra
547 1151 596 1206 liei
609 1152 711 1207 sedens.
727 1167 786 1219 qua
804 1166 917 1205 sursum
957 1157 1025 1206 teat.
1036 1157 1065 1205 et
1079 1151 1187 1204 cunctis
1203 1154 1381 1203 externarum
1394 1167 1489 1203 rerum
1500 1147 1760 1221 perturbationibus

120 1240 186 1291 runt
200 1242 296 1308 sapite,
307 1254 362 1293 non
372 1254 430 1309 qua
438 1244 549 1294 terrena
563 1243 628 1293 sunt
635 1257 642 1302 ;
652 1243 759 1292 niortui
769 1243 844 1293 enim
854 1243 917 1293 estis
957 1241 1033 1295 intra
1046 1241 1139 1294 sinum
1150 1256 1180 1292 sc
1191 1239 1283 1293 intimi
1294 1220 1398 1292 arauris
1408 1238 1570 1293 abscondat.
1583 1239 1658 1303 Quid
1669 1253 1737 1308 ergo
1748 1237 1760 1290 i

120 1331 145 1380 st
163 1330 222 1384 uita
242 1330 332 1382 cestra
351 1329 510 1382 absconditu
532 1332 569 1382 est
589 1343 652 1381 cum
672 1328 779 1382 Christo
799 1332 831 1382 in
850 1331 915 1389 Deo:
959 1329 1027 1384 itura
1043 1330 1167 1384 titirisius
1178 1331 1341 1396 apparuerit
1352 1330 1408 1382 cita
1420 1333 1593 1393 uestrmiunc
1604 1332 1685 1381 uiuos
1696 1342 1760 1380 cum

120 1416 918 1488 quomodomorimursecundumspiritumetresurgimus
960 1421 1016 1487 ipso
1037 1417 1205 1485 apparabitis
1229 1419 1260 1469 in
1283 1419 1384 1482 pluria.
1407 1415 1527 1487 (silubr.)
1552 1415 1608 1470 Sed
1632 1414 1684 1477 uit,
1713 1412 1760 1467 ubi

118 1505 273 1559 secundum
289 1505 429 1576 spiritum,
447 1506 487 1559 sic
500 1509 598 1576 postea
610 1506 748 1560 morimur
765 1506 919 1560 secundum
959 1507 1006 1560 illc
1020 1507 1056 1559 de
1077 1505 1146 1559 caelo
1169 1504 1340 1576 apparuerit,
1366 1504 1414 1575 qui
1443 1509 1486 1558 est
1509 1504 1685 1575 principatus
1708 1503 1762 1556 im-

119 1600 243 1657 car'nem,
259 1598 288 1647 et
301 1595 475 1665 resurgimus
488 1594 641 1649 secundum
656 1598 778 1649 carnem.
794 1596 862 1659 Quae
876 1600 920 1649 est
960 1594 1326 1655 mortalitatiseitaevestrae,
1336 1593 1507 1664 apparebitis
1517 1592 1761 1658 ctrosineisdem‚

119 1683 212 1752 prima
223 1683 316 1737 morsi
330 1682 488 1738 nonfacere
501 1683 574 1754 quod
588 1683 718 1745 faciebas,
735 1700 790 1738 non
804 1684 917 1738 credere
959 1690 1070 1740 aeternas
1084 1684 1146 1737 vitae
1161 1682 1303 1736 erratura
1316 1682 1413 1751 gloriae
1435 1682 1598 1736 fruitionem
1613 1681 1736 1737 assecuti
1753 1696 1759 1734 :

120 1771 677 1842 quodcredebas.ldoiissereiebat,unum
684 1773 915 1843 Deumcognorit,
931 1749 1000 1828 Rsic
1014 1780 1042 1827 et
1057 1773 1171 1842 ejiciens
1185 1772 1262 1825 iilam
1278 1772 1519 1825 conversationem
1539 1789 1600 1842 quae
1623 1770 1678 1825 sub
1699 1771 1761 1840 iege

120 1864 248 1915 mondus
255 1861 332 1915 estin
339 1861 506 1925 idololatria,
517 1863 707 1916 resurrexitin
715 1862 778 1916 fide.
787 1862 920 1917 Ebriosus
960 1868 1012 1928 est,
1028 1879 1079 1934 per
1093 1862 1141 1916 illa
1157 1878 1217 1932 quae
1227 1861 1321 1914 sutura
1332 1865 1490 1931 sperantur,
1503 1859 1647 1930 egreditur
1658 1859 1761 1913 iterum

120 1952 191 2016 erat,
203 1950 313 2004 sobrius
322 1954 379 2017 cst3
392 1957 504 2005 mortua
513 1954 556 2005 est
565 1951 695 2016 ebrietas,
708 1951 860 2005 resurrexit
874 1968 920 2004 so·
961 1953 995 2006 ad
1012 1951 1244 2016 exhortationem,
1254 1955 1283 2003 ct
1297 1949 1448 2003 ostendens
1460 1949 1658 2020 quoniamnon
1670 1949 1761 2002 solum

119 2038 334 2105 brietas,omriia
341 2046 407 2111 ergo
419 2040 493 2094 iacta
504 2042 579 2094 rnala
590 2057 652 2112 quae
661 2039 816 2095 desinimus
829 2039 920 2095 lacere
961 2040 1160 2097 inconveniens
1176 2040 1231 2093 illis
1246 2039 1283 2092 sit
1297 2054 1421 2110 peccare,
1439 2054 1471 2092 eo
1487 2039 1560 2109 quod
1576 2035 1762 2092 nonsintsub

121 2128 201 2198 quasi
211 2143 287 2182 mors
301 2129 330 2182 in
343 2129 439 2191 nobis3
451 2132 518 2185 tunc
527 2129 859 2201 enimaliquiddcsiderio
869 2146 921 2184 no·
960 2131 1032 2200 iege,
1049 2128 1097 2182 sed
1113 2129 1201 2181 multo
1220 2128 1310 2197 magis
1331 2127 1370 2181 eis
1385 2132 1483 2198 aptum
1497 2128 1534 2181 sit
1548 2127 1598 2180 illa
1610 2138 1675 2198 quae
1688 2126 1762 2179 veri·

120 2214 918 2288 stronondeerit,quandootnniainomnibusDcuserit:
961 2219 1028 2273 tatis
1052 2222 1119 2272 sunt
1144 2217 1287 2287 perlicere,
1314 2217 1337 2270 si
1360 2221 1457 2270 tamen
1481 2215 1684 2287 consequentia
1707 2214 1763 2268 illis

120 2305 321 2361 tailsllriisnon
332 2305 417 2362 habet
431 2308 515 2361 linem
536 2326 541 2360 :
558 2324 641 2362 nemo
657 2306 695 2361 ibi
717 2308 845 2373 moritur,
867 2324 921 2378 quo
962 2324 1046 2378 agere
1060 2306 1200 2360 voluerint
1214 2322 1275 2376 quse
1289 2322 1340 2377 per
1354 2305 1499 2359 Christum
1520 2305 1580 2358 lieri
1600 2310 1761 2375 sperantur.

123 2402 206 2450 heluo
216 2397 343 2467 pervenit
351 2396 405 2451 nisi
416 2396 481 2451 huic
491 2398 592 2452 saeculo
606 2397 753 2462 moriatur,
765 2414 821 2452 non
832 2401 922 2451 morte
998 2397 1158 2463 Mortificate
1173 2399 1263 2463 ipitur
1279 2397 1401 2447 rrrcnrbro
1416 2399 1504 2447 uestra
1525 2410 1585 2462 quar
1601 2399 1668 2447 sunt
1682 2406 1765 2461 super

122 2485 259 2552 omniurn,
272 2502 328 2556 qua
339 2501 439 2556 corpus
449 2485 484 2539 ab
501 2486 597 2540 anima
612 2486 761 2548 deseritur,
773 2486 821 2540 sed
832 2492 923 2540 morte
964 2482 1336 2548 terramQuiaimmortales
1345 2485 1409 2553 post
1417 2482 1652 2536 resurrectionem
1663 2481 1766 2547 cilenti,

122 2573 286 2640 electohlm,
304 2588 360 2644 qua
372 2575 458 2628 etiam
472 2582 536 2629 cum
550 2575 580 2629 in
600 2590 684 2628 carne
703 2574 814 2629 mortali
832 2575 923 2630 adhuc
964 2590 1079 2646 peccare
1094 2573 1169 2626 ultra
1182 2588 1238 2626 non
1259 2573 1423 2642 poterimus,
1441 2572 1575 2625 mortales
1588 2587 1655 2624 vcro
1670 2570 1768 2641 sequi-

123 2662 260 2716 morietur
268 2668 317 2715 co'r
325 2670 436 2716 sursutn
447 2663 580 2733 ponitur:
598 2666 660 2730 Qua
669 2670 781 2716 sursum
796 2669 862 2717 sunt
874 2680 923 2717 su·
963 2667 1021 2725 tur,
1046 2667 1078 2716 ut
1100 2667 1224 2732 peccent.
1243 2661 1330 2716 Sicuti
1349 2677 1416 2731 ergo
1439 2679 1472 2714 cx
1491 2660 1607 2713 dirersis
1631 2658 1768 2713 membris

123 2753 190 2819 pits,
206 2766 263 2804 non
278 2766 337 2819 qua
349 2766 432 2820 super
450 2754 566 2805 terram.
594 2750 711 2819 (Ambe)
735 2750 770 2805 Et
790 2753 924 2822 quoniam
964 2756 1141 2824 peccatorum
1156 2750 1343 2822 compositum
1353 2749 1501 2804 mortalem
1512 2749 1768 2819 hominemsuppo

124 2839 297 2893 contrarium
312 2840 462 2911 quemdam
477 2857 537 2894 esse
552 2840 667 2895 modurn
680 2839 792 2894 videbat
806 2840 862 2894 iilis
876 2841 924 2912 qui
965 2841 1016 2905 nit,
1034 2841 1235 2912 propterquod
1252 2845 1279 2893 et
1294 2840 1427 2893 mortales
1448 2838 1515 2892 talia
1536 2854 1620 2908 agere
1646 2836 1766 2908 possint.

126 2934 331 2999 superterram
346 2928 602 2995 commorabantur,
614 2928 681 2984 dicit
690 2932 723 2983 ut
732 2928 780 2984 illa
793 2936 926 3000 saperent
966 2931 1037 2985 Nam
1052 2930 1122 2983 dixit
1136 2930 1258 2983 incinbru
1268 2945 1328 2997 qao
1341 2933 1406 2981 aum
1417 2943 1499 2996 stipor
1512 2932 1627 2987 terram,
1643 2931 1676 2979 ut
1691 2925 1769 2980 dicut

126 3032 188 3087 quae
201 3016 231 3071 ih
245 3017 322 3072 coelis
335 3022 410 3073 sunt.
426 3010 532 3072 Mortui
546 3022 621 3072 enim
635 3021 697 3073 attis
714 3024 738 3072 ei
758 3023 816 3073 uita
836 3024 925 3072 uestra
967 3026 1045 3074 actus
1069 3035 1168 3089 pravos
1192 3034 1261 3089 quos
1285 3018 1376 3070 soient
1399 3016 1531 3070 mortales
1555 3015 1646 3086 sequi.
1673 3013 1770 3083 hiup.)

125 3107 284 3161 absconditu
300 3108 337 3161 ssi
351 3122 415 3161 cum
433 3108 578 3162 Christoin
590 3109 651 3162 Deo.
673 3109 766 3178 (hug.)
783 3108 853 3162 Hinc
866 3107 924 3163 ior·
967 3108 1140 3164 Mortificatis
1155 3123 1221 3177 ergo
1236 3106 1296 3160 istis
1314 3105 1447 3160 membris
1469 3105 1643 3174 resurgimus
1666 3104 1696 3157 in
1714 3103 1769 3157 ilde

127 3194 380 3250 tussedictumest:
395 3197 538 3250 Vatidoest
550 3197 924 3263 siout-morsdilcrtiotiiant.
968 3197 1054 3269 prius,
1072 3195 1211 3267 quomodo
1234 3199 1328 3250 autem
1358 3195 1489 3265 praecedit
1513 3209 1588 3247 mors
1610 3192 1768 3247 secundum

128 3286 195 3353 rm),
218 3284 271 3339 hac
294 3284 370 3338 edim
385 3283 534 3340 dilectione
554 3287 632 3340 litut
645 3285 675 3339 in
691 3285 745 3339 ista
760 3285 850 3339 adhuc
864 3298 927 3340 cor·
968 3286 1097 3358 spiritum
1126 3284 1359 3340 resurrectionem
1387 3300 1447 3354 quae
1471 3288 1512 3337 est
1536 3281 1693 3336 secundum
1711 3281 1768 3352 spi-

128 3371 349 3443 ruptibilicarno
365 3373 510 3428 constituti
525 3374 680 3428 moriamur
694 3373 760 3428 huic
774 3375 884 3440 saeculo,
899 3379 928 3428 et
968 3376 1063 3439 ritum,
1081 3375 1120 3429 sic
1135 3389 1306 3445 praecessura
1323 3378 1366 3428 est
1387 3389 1462 3426 mors
1480 3372 1636 3426 secundum
1654 3384 1769 3424 carnem

129 3462 187 3516 rita
201 3464 299 3516 nostra
317 3468 380 3517 clim
405 3462 516 3518 Christo
534 3462 722 3518 abscondatur
741 3463 771 3517 in
786 3463 853 3527 Deo,
870 3463 928 3518 imo
968 3465 1203 3519 resurrectionem
1217 3480 1278 3534 quae
1293 3463 1389 3517 sutura
1408 3466 1453 3515 est
1470 3461 1624 3515 secundnm
1643 3474 1769 3514 carnem.

130 3551 192 3622 ipsa
205 3550 317 3606 dilectio
331 3556 374 3607 est
388 3564 464 3606 mors
479 3557 576 3606 nostra
587 3552 698 3615 saecuio,
714 3554 771 3608 vita
785 3568 849 3607 cum
859 3553 926 3621 Dco',
969 3555 1198 3619 Fornicatiouem,
1215 3554 1438 3616 irrirrruruiitiam,
1455 3552 1609 3613 libidinem,
1626 3551 1770 3617 concupis·

131 3639 241 3694 sienim
256 3652 332 3695 mors
352 3644 402 3707 est,
427 3639 538 3713 quando
557 3642 592 3696 de
607 3658 723 3713 corpore
741 3642 834 3696 anima
851 3642 926 3709 exiit,
970 3646 1088 3697 centiam
1101 3644 1420 3705 santonuetauaritiam,
1436 3657 1495 3709 qaae
1502 3641 1769 3693 cstsimuiacrorum

131 3716 271 3799 quomodo
286 3739 342 3784 non
356 3736 400 3784 est
408 3740 484 3785 mors
497 3728 609 3802 quando
624 3730 659 3785 de
674 3731 778 3786 mundo
789 3748 869 3786 arnor
882 3749 930 3785 no
970 3735 1096 3787 aratus.
1111 3732 1208 3799 (ii-ier.)
1225 3732 1321 3800 Neque
1340 3730 1414 3784 enirn
1434 3728 1533 3783 beatus
1557 3727 1711 3798 Apostolus
1736 3725 1770 3779 ad

131 3823 190 3872 ster
199 3818 390 3873 exiitiraiida
400 3824 443 3873 est
458 3836 524 3890 ergo
541 3826 573 3874 ut
587 3834 663 3874 mors
678 3816 799 3887 dilectio,
818 3821 884 3890 quid
897 3836 931 3874 eu
971 3820 1155 3876 abscisionem
1176 3835 1310 3873 manuum
1337 3826 1386 3873 aut
1400 3819 1512 3889 pedum,
1531 3823 1581 3870 aut
1601 3815 1772 3886 genitalium

130 3906 250 3961 validius
266 3925 321 3978 qua
334 3908 454 3963 vincitur
467 3908 598 3963 mundus.
617 3907 734 3976 (Ambra
751 3907 865 3976 Mortui,
886 3909 930 3963 in·
970 3910 1077 3965 inimici
1092 3927 1143 3964 nos
1156 3909 1341 3981 praeceptione
1356 3908 1507 3979 compellit,
1524 3906 1573 3960 sed
1588 3920 1691 3976 corpus
1705 3920 1771 3975 pec·

133 3996 204 4066 quit,
230 3997 298 4049 estis
326 3998 457 4066 praesenti
476 3998 541 4052 huic
562 3999 633 4063 vitae,
658 3999 710 4052 hoc
734 3999 808 4053 enim
830 4002 932 4052 natura
971 4000 1035 4065 cati,
1051 3999 1125 4070 quod
1139 4000 1359 4069 utiqueconstat
1381 4014 1414 4050 ex
1438 3994 1580 4059 membris,
1598 3992 1770 4066 quantocius

134 4083 293 4149 sustinebit,
323 4084 371 4137 sed
399 4087 591 4141 resurrexistis
617 4106 623 4139 :
646 4088 750 4140 etenim
774 4093 801 4140 et
824 4087 877 4141 hoc
901 4087 930 4140 in
971 4088 1078 4142 destrui
1093 4088 1151 4141 zelo
1166 4087 1294 4158 periectas
1317 4086 1458 4140 desiderat
1476 4084 1644 4145 sanctitatis
1662 4083 1772 4152 dequo

134 4173 245 4226 Christo
260 4173 390 4227 ellectum
405 4180 457 4239 est,
475 4179 508 4228 ut
522 4180 551 4227 et
565 4175 594 4228 in
607 4174 687 4228 nobis
703 4177 760 4241 fiat,
780 4176 931 4246 dequibus
971 4193 1087 4248 corpore
1101 4175 1176 4239 alibi,
1193 4182 1225 4229 ut
1239 4178 1410 4241 destruatur,
1430 4175 1530 4245 inquit,
1547 4190 1645 4241 corpus
1664 4172 1773 4240 peccati

133 4261 212 4316 nullu
225 4260 329 4333 poterit
342 4279 403 4316 esse
417 4262 596 4333 ambiguitas,
608 4262 656 4317 sed
666 4263 805 4318 incertum
821 4270 865 4317 est
879 4264 931 4319 hoc
972 4267 1059 4335 (hoa.
1074 4272 1121 4335 vr).
1140 4270 1168 4319 et
1180 4281 1241 4335 quoe
1256 4264 1294 4317 sit
1307 4266 1368 4334 ejus
1391 4263 1543 4317 destructio
1565 4266 1774 4331 consequenter

134 4351 259 4417 interim,
276 4369 309 4406 eo
323 4352 397 4423 quod
413 4369 463 4407 nec
478 4353 569 4424 ipsum
583 4352 710 4406 videmus
728 4353 881 4408 Christum.
899 4355 932 4408 ln
973 4354 1095 4427 exponit,
1112 4360 1141 4408 ai
1151 4356 1224 4422 jairi,
1239 4353 1340 4423 inquit,
1365 4369 1420 4406 nori
1440 4355 1592 4406 semiannus
1609 4355 1728 4420 peccatu,
1756 4364 1775 4401 a

134 4439 184 4495 Dei
204 4458 271 4512 ergo
285 4442 398 4507 virtute,
415 4442 461 4513 qui
479 4446 507 4495 et
517 4441 569 4495 hoc
582 4441 674 4511 ipsum
689 4441 806 4512 perlicit,
824 4447 853 4496 et
867 4424 1028 4516 cumeuo
1044 4443 1129 4498 etiarn
1145 4460 1174 4497 se
1188 4440 1302 4496 liberari
1312 4458 1375 4496 cum
1391 4442 1497 4512 ejulatu
1513 4440 1636 4513 postulat
1650 4438 1749 4493 dicens
1766 4455 1772 4490 :

133 4530 195 4601 ipso
207 4531 238 4585 in
253 4532 374 4596 Christo,
390 4531 438 4602 qui
459 4530 559 4585 horum
579 4535 623 4585 est
642 4531 782 4603 primitiae,
800 4532 847 4603 qui
862 4532 932 4586 inte-
973 4535 1127 4601 lusatiaeqc
1137 4533 1290 4600 boemanis
1302 4548 1343 4583 iiie
1354 4532 1480 4584 liberabit
1496 4533 1527 4583 dc
1543 4546 1652 4598 corpore
1672 4530 1775 4582 suariis

56 4674 60 4681 ,
133 4619 189 4672 rim
203 4636 260 4673 non
273 4621 391 4686 videtur,
404 4621 451 4675 sed
463 4636 514 4675 noc
523 4620 592 4675 illud
602 4621 713 4676 ridetur
723 4621 797 4692 quod
805 4620 931 4676 futurum
972 4622 1074 4690 hujus?
1089 4622 1174 4687 (aaran.
1188 4620 1416 4690 v11.iHocitaque
1431 4618 1535 4690 peccati
1558 4634 1658 4688 corpus
1675 4615 1777 4670 multis

133 4707 388 4777 est.(ilrep.)Sancti
398 4709 486 4780 igitur
495 4711 547 4764 riri
561 4710 596 4765 ab
603 4711 817 4782 importunitate
825 4710 931 4765 deside·
972 4710 1104 4765 ritlorum
1116 4708 1566 4778 membrisprobaturexstructum
1578 4712 1606 4759 et
1615 4705 1650 4759 ad
1661 4704 1777 4774 ejusai-

133 4795 240 4848 riorum
249 4797 445 4866 corporalium,
456 4800 603 4854 atumuitu
615 4800 760 4854 inutilium
769 4812 900 4855 curarum
915 4816 932 4854 a
973 4799 1045 4853 tinet
1054 4796 1360 4870 portionem,quidquid
1372 4796 1413 4849 rel
1424 4797 1496 4849 facto
1506 4796 1548 4848 vel
1558 4795 1633 4848 dicto
1642 4794 1686 4847 vei
1695 4792 1776 4864 cogi·

133 4882 495 4955 clamoreperstrcpentium
506 4888 758 4959 perturbationum,
766 4890 931 4961 semetipsos
973 4888 1079 4942 tatione
1089 4893 1234 4959 peccatum
1246 4884 1457 4956 cujusmembra
1466 4884 1619 4938 rectissime
1626 4888 1778 4953 superter-

132 4971 206 5027 sacri
222 4970 297 5026 verbi
310 4972 404 5043 gladio
419 4976 590 5032 mortiticare
604 4993 660 5032 non
675 4976 816 5032 desinunt.
840 4980 931 5048 Atque
973 4992 1108 5031 ramesse
1123 4977 1263 5031 dicuntur.
1272 4977 1334 5029 Non
1344 4975 1419 5028 enim
1430 4974 1584 5045 possunthi
1594 4972 1642 5043 qui
1652 4975 1778 5026 utuntur

133 5062 211 5117 intus
229 5066 295 5117 ante
314 5060 364 5116 Dei
379 5061 478 5117 lacleln
500 5064 530 5116 in
550 5065 613 5120 sinu
630 5067 732 5121 mentis
746 5066 929 5121 abscondunt.
973 5080 1070 5119 corum
1086 5065 1243 5120 ministerio
1261 5064 1381 5118 veridico
1403 5064 1539 5134 proiitcri,
1557 5068 1652 5116 nostru
1677 5066 1778 5115 aretam

132 5149 213 5207 Unde
228 5156 302 5207 recte
312 5168 363 5224 per
376 5150 553 5205 psalmistam
567 5150 669 5209 dicitur
694 5175 699 5208 :
726 5153 876 5210 Abscondat
890 5170 932 5209 cos
972 5159 1141 5209 consumatio
1156 5159 1186 5209 in
1200 5159 1271 5208 caiis
1285 5159 1332 5207 cst.
1344 5154 1428 5223 hujus
1439 5152 1526 5223 igitur
1535 5150 1659 5222 corporis
1676 5151 1707 5203 in
1721 5150 1777 5204 hoc

133 5240 267 5294 iiiubdito
282 5245 376 5296 uultus
386 5243 429 5294 tui
437 5255 455 5293 a
465 5243 673 5298 conturbatione
686 5244 830 5297 houiinum
846 5244 929 5307 (Psoi.
972 5243 1033 5296 loco
1052 5243 1201 5313 Apostolus
1216 5241 1342 5296 membra
1355 5241 1524 5306 describens,
1540 5243 1715 5306 iriortia'ruta
1733 5238 1778 5293 in-

132 5330 213 5397 xxx),
228 5328 304 5399 quod
314 5330 441 5400 quamvis
451 5328 572 5400 perfecte
584 5332 762 5400 postmodum
773 5332 832 5397 fiat,
844 5332 930 5387 etiam
973 5331 1042 5402 quit,
1060 5334 1184 5386 momina
1198 5338 1287 5385 cestra
1298 5347 1356 5399 quir
1371 5337 1437 5385 sunt
1450 5346 1531 5398 supa·
1550 5337 1665 5389 terram,
1682 5330 1778 5396 sorni·

132 5418 246 5471 inuncet
257 5432 360 5488 magna
369 5426 448 5489 parte
459 5419 561 5489 agitur,
573 5435 636 5473 cum
647 5438 665 5474 a
675 5421 872 5491 temporalium
881 5421 930 5474 de·
973 5424 1117 5482 cationum,
1125 5421 1347 5485 iiriirrrinditiam,
1356 5421 1509 5484 titudinem,
1522 5419 1777 5486 concapiscentiam

131 5505 299 5561 siderioruni
314 5501 483 5562 tumultibus
497 5506 682 5563 delectatione
697 5509 727 5563 in
738 5509 873 5565 interiora
887 5526 930 5564 ra-
972 5513 1077 5563 maium
1091 5515 1115 5563 et
1126 5512 1286 5571 auaritiam,
1299 5525 1358 5576 qua
1367 5515 1403 5561 est
1414 5512 1631 5562 sirunlacroram
1641 5509 1775 5561 seruitus.

129 5594 255 5668 piantur,
270 5601 303 5652 ut
320 5611 400 5651 meus
422 5612 520 5654 eorum
538 5596 608 5652 dum
620 5597 651 5652 iu
665 5610 792 5654 amorem
805 5595 857 5655 Ilei
869 5602 931 5654 tota
970 5597 1065 5653 Primo
1079 5586 1174 5668 itaqua
1188 5596 1247 5651 loco
1262 5598 1476 5664 fornicationum
1490 5594 1580 5654 credit
1591 5595 1775 5651 inferendam
