3772 6120
125 272 199 331 1497
646 273 692 329 DE
711 272 796 329 VITA
815 274 846 328 B.
868 272 992 329 MARlAE
1011 271 1255 330 masmana.
1704 278 1772 337 Μ

124 404 290 476 atmpcsita
299 402 414 458 iuterim
431 401 668 473 contemplatione
682 399 788 464 Maria,
800 406 880 455 actus
902 401 961 460 eth
972 399 1038 455 cir.
1054 399 1125 455 xm.
1140 431 1173 442 -
1187 403 1314 470 Qualiter
1333 405 1410 457 boote
1425 403 1536 457 Martha
1550 406 1627 472 apud
1640 406 1770 460 Tarusco·

124 491 265 548 miracula
276 490 382 547 sororis
396 491 457 562 ejus
471 491 588 546 Martha
597 488 767 544 beatissima
779 505 930 560 prosequa-
1228 489 1296 529 ΜΨ
1309 477 1519 528 θοΜὊΓδαῑαδῑῖ·
1750 487 1753 493 ’

124 597 202 636 mur.
1005 578 1157 650 Profugata
1181 580 1312 653 denique,
1330 581 1380 634 Ilei
1400 580 1512 647 virtute,
1532 581 1567 636 ab
1584 599 1679 638 eremo
1701 583 1774 640 Tha-

970 682 1096 722 rascona
1108 668 1185 723 omni
1199 669 1342 741 reptilium
1356 669 1517 736 virulentia,
1528 671 1675 742 elegitsibi
1691 689 1773 729 man·

970 755 1115 813 sionamin
1125 774 1159 812 ea
1177 759 1290 813 Martha
1309 759 1502 826 sanctissima;
1518 760 1697 833 locumprius
1711 762 1773 818 odi·

970 843 1056 900 bilem
1071 851 1100 901 et
1113 846 1320 913 detestabilem,
1343 847 1524 902 habitabilem
1539 849 1670 916 reddens,
1686 866 1773 907 amoe-

165 938 243 992 lnter
255 937 401 991 Arelatem
415 940 444 990 et
457 933 931 1006 AvennicumNiennncsisprovin·
971 950 1039 989 num
1059 941 1088 989 et
1102 935 1262 991 amabilem.
1284 937 1425 1008 Factaque
1445 937 1552 992 estsibi
1567 939 1596 993 in
1615 956 1649 994 ea
1670 941 1773 997 Domus

126 1026 180 1080 ciae
193 1025 329 1091 civitates,
341 1025 416 1079 circa
429 1023 558 1079 Rhodani
570 1024 657 1095 ripas,
667 1024 741 1078 inter
756 1023 930 1080 infructuosa
971 1026 1105 1077 orationis
1115 1026 1214 1095 (sllorr.
1232 1042 1269 1091 xv,
1286 1026 1340 1090 ll),
1354 1042 1437 1097 quam
1453 1026 1604 1083 virtutibus
1611 1034 1641 1083 et
1654 1029 1777 1085 miracu·

126 1113 237 1169 nutem
259 1120 288 1169 et
308 1114 419 1186 glareas
437 1112 571 1179 lluminis,
593 1113 716 1167 serarum
729 1113 929 1186 reptiliumque
970 1111 1107 1182 lismagis
1116 1130 1200 1183 quam
1212 1113 1398 1170 muliebribus
1411 1115 1559 1170 inutilibus
1568 1117 1774 1174 ditarestuduit

125 1203 333 1259 virulentorum
341 1219 452 1259 eremus
461 1207 531 1256 crat.
543 1200 584 1257 lbi
599 1202 782 1257 intercaetera
790 1219 930 1258 venenosa
970 1203 1144 1256 ornamentis
1160 1219 1166 1254 :
1183 1203 1256 1257 sedit
1269 1204 1307 1258 ibi
1327 1205 1454 1259 solitaria
1469 1206 1581 1272 (Three.
1598 1221 1637 1267 nr.
1653 1207 1697 1278 28)
1711 1225 1773 1280 sep

124 1292 294 1359 animantia,
310 1292 393 1347 draco
423 1290 555 1346 terribilis
576 1289 734 1358 oberrabat,
757 1292 929 1349 incredibilis
969 1295 1026 1344 tem
1039 1291 1130 1345 annis.
1147 1291 1246 1346 Omnis
1260 1292 1337 1347 cibus
1353 1295 1423 1364 ejus,
1441 1300 1521 1349 tanto
1540 1301 1676 1367 tempore,
1692 1297 1770 1353 radi·

125 1381 312 1453 longitudinis
331 1388 361 1437 et
380 1397 488 1452 magnae
507 1380 589 1434 molis
605 1399 612 1447 ;
627 1379 736 1435 fumum
765 1381 929 1452 pestiferum
969 1395 1015 1433 ocs
1029 1379 1147 1446 olerum,
1164 1385 1192 1435 et
1207 1380 1300 1436 herbae
1319 1381 1448 1446 virentes,
1465 1383 1598 1439 arborum
1612 1385 1720 1442 ductim
1742 1392 1772 1442 ct

125 1469 209 1538 flatu,
225 1471 362 1525 scintillas
373 1470 541 1541 sulphureas
563 1468 764 1534 oculis,sibilos
778 1470 929 1525 stridentes
969 1484 1062 1538 poma.
1078 1469 1137 1523 Hoc
1149 1474 1244 1524 mmen
1265 1470 1357 1524 edulio
1375 1471 1451 1525 reilci
1470 1473 1618 1544 plusquam
1636 1476 1723 1530 semel
1741 1476 1772 1530 in

125 1574 187 1625 ore,
229 1559 395 1631 rugitusque
433 1557 581 1612 horribiles
611 1557 758 1613 aduncatis
786 1557 925 1625 dentibus,
969 1557 1024 1622 die,
1039 1557 1117 1611 nefas
1139 1557 1268 1624 ducebat,
1286 1560 1344 1613 haec
1357 1559 1410 1613 sibi
1427 1578 1433 1613 :
1452 1561 1488 1614 ad
1513 1562 1654 1632 proximos
1675 1568 1770 1619 autem

126 1647 273 1718 proferens
289 1660 300 1684 θ
318 1666 324 1714 ;
341 1645 478 1718 quidquid
490 1646 633 1700 incidisset
648 1646 676 1700 in
695 1662 760 1700 cum
774 1646 886 1717 ungulis
900 1654 929 1702 et
968 1661 1023 1699 non
1039 1646 1087 1700 sic.
1103 1647 1144 1700 Ne
1159 1647 1235 1701 enirn
1247 1648 1389 1719 jejunium
1404 1665 1488 1703 suum
1502 1650 1699 1720 quotidianum
1717 1653 1770 1708 sibi
1797 1706 1802 1711 .

125 1736 213 1791 dente
248 1736 412 1802 dilanians3
445 1735 582 1808 quidquid
615 1735 730 1806 propius
766 1720 1049 1801 accessissetllesset,
1066 1735 1127 1788 sine
1141 1735 1255 1805 pietate,
1273 1736 1451 1807 supplicium,
1465 1754 1616 1810 secumque
1633 1742 1772 1795 mananti·

124 1825 270 1880 anhelitus
282 1825 325 1880 sui
336 1824 425 1878 fetore
436 1825 619 1882 mortificans.
627 1824 792 1878 Incredibile
802 1830 846 1879 est
859 1833 929 1897 quot
967 1823 1173 1878 busonerosum
1182 1842 1188 1876 ε
1196 1824 1395 1895 hospitalitatis
1403 1826 1769 1899 pristinmsempermemor,

124 1930 238 1986 pecora,
255 1919 437 1986 pastoresque
450 1914 591 1967 voraverit
605 1932 611 1979 ς
625 1918 761 1984 quantam
781 1914 927 1969 hominum
968 1913 1028 1967 siue
1042 1913 1211 1984 pauperibus
1224 1929 1370 1985 nunquam
1384 1920 1445 1969 erat
1462 1934 1469 1968 :
1486 1915 1597 1985 quibus,
1619 1917 1693 1989 quod
1716 1918 1769 1973 sibi

124 2003 348 2066 multitudinem,
363 2004 436 2057 malo
451 2002 537 2056 odore
552 2001 744 2069 moribundos,
761 2003 795 2057 ad
806 2010 927 2058 mortem
968 2001 1171 2065 conserebatur,
1182 2001 1366 2057 libentissime
1376 2002 1557 2073 largiebatur.
1570 2004 1688 2076 Semper
1701 2021 1768 2076 ege-

123 2091 302 2164 compulerit.
318 2092 381 2146 Una
394 2091 514 2158 dierum,
530 2091 737 2162 evangelizante
751 2091 802 2146 Dei
812 2092 926 2147 verbum
967 2107 1018 2145 nos
1033 2107 1090 2146 suae
1103 2107 1206 2146 rnensa
1220 2091 1371 2162 participes
1385 2092 1498 2157 faciens,
1509 2091 1562 2147 sibi
1577 2093 1692 2164 quidem
1703 2094 1769 2148 her·

123 2178 290 2235 beatissima
298 2179 389 2235 turbis
399 2197 461 2251 quae
467 2184 664 2247 convenerant,
673 2180 868 2234 inciditsermo
879 2181 926 2253 qui
966 2178 1026 2244 bas,
1038 2179 1094 2233 illis
1107 2196 1172 2233 vero
1187 2181 1368 2247 necessarias,
1381 2181 1428 2252 pia
1443 2181 1630 2236 sollicitudine
1645 2187 1673 2236 et
1685 2183 1770 2237 solita

123 2274 195 2324 tunc
208 2276 270 2323 erat
294 2268 384 2323 omnis
407 2268 442 2322 de
462 2269 591 2335 dracone,
622 2268 789 2340 quibusdam
812 2269 925 2340 quidem
967 2269 1080 2339 pietate,
1100 2268 1233 2323 exhibens
1249 2286 1337 2335 escas,
1355 2270 1456 2340 majori
1471 2269 1616 2324 alacritate
1630 2277 1660 2324 et
1674 2271 1767 2326 studio

124 2358 226 2412 devote
240 2357 460 2424 obsecrantibus,
479 2357 646 2429 quibusdam
665 2373 741 2421 vero,
757 2363 790 2412 ut
812 2359 924 2426 assolet,
966 2357 1159 2429 frequentiori,
1180 2374 1264 2429 quam
1279 2359 1302 2412 si
1317 2357 1432 2412 sibimet
1445 2359 1641 2429 velletapponi
1655 2375 1768 2414 sumen·

123 2447 272 2514 tentando,
288 2447 446 2501 dicentibus
459 2451 491 2501 nt
508 2465 513 2499 :
530 2447 582 2500 Hic
598 2446 646 2500 bsi
663 2462 719 2516 qua
736 2452 809 2501 esset
824 2447 927 2502 Christi
967 2445 1027 2512 das,
1041 2446 1223 2500 reminiscens
1233 2447 1307 2517 quod
1319 2446 1376 2511 ille,
1387 2462 1471 2517 quem
1480 2446 1546 2500 olim
1556 2446 1585 2501 in
1598 2447 1681 2502 terris
1689 2447 1768 2502 exhi·

124 2537 171 2592 sui
185 2537 275 2592 virtus
288 2536 450 2590 ostenderet
464 2534 547 2590 beata
557 2535 653 2605 virago
668 2551 734 2602 3nec
747 2535 822 2589 enim
833 2542 928 2610 posset
967 2533 1033 2589 bere
1043 2533 1161 2600 solebat,
1173 2535 1220 2606 qui
1235 2535 1334 2589 esuriit
1343 2540 1372 2589 et
1381 2535 1478 2600 sitivit,
1487 2535 1555 2607 quia
1566 2535 1693 2590 volebat:
1708 2537 1769 2607 jam

126 2626 189 2680 lleri
200 2630 233 2680 ut
246 2626 305 2679 ulla
314 2626 438 2679 humana
450 2623 590 2678 industria
601 2623 685 2678 draco
704 2624 758 2678 iste
780 2623 815 2677 do
833 2624 926 2678 medio
967 2639 1023 2677 uon
1033 2622 1141 2692 indiget
1149 2623 1352 2694 temporalibus
1361 2623 1512 2689 beneficiis,
1520 2631 1553 2679 ut
1562 2623 1684 2693 solebat3
1694 2624 1770 2680 idco-

125 2712 284 2769 tolleretur.
302 2711 409 2777 Quibus
422 2712 489 2765 illa:
502 2712 541 2778 Si,
566 2712 667 2782 inquit,
683 2711 775 2785 parati
786 2711 853 2766 estis
868 2728 926 2767 cre·
967 2727 1022 2783 que
1037 2728 1076 2777 sc,
1093 2728 1178 2775 nunc,
1194 2713 1224 2766 in
1239 2711 1409 2783 pauperibus
1432 2712 1553 2767 recreari
1574 2713 1693 2768 volebat.
1710 2713 1768 2769 Me·

134 2803 213 2868 dere,
228 2805 324 2856 orionis
332 2803 476 2871 possibilia
487 2806 553 2854 sunt
563 2802 686 2854 credenti
697 2801 797 2871 (staro.
813 2815 850 2864 ln,
867 2800 923 2874 ll).
935 2800 1049 2884 eminit
1058 2800 1162 2855 ancilla
1170 2801 1275 2856 Christi
1285 2801 1353 2872 quid
1363 2800 1422 2856 suis
1430 2801 1557 2856 dicturus
1571 2801 1609 2856 sit
1618 2802 1748 2858 Christus
1760 2822 1766 2857 :

121 2890 280 2946 Moxtldem
295 2890 501 2961 promittentes,
527 2889 645 2960 populos
661 2888 723 2959 ipsa
749 2889 926 2960 gratulanter
966 2889 1109 2961 quadani
1126 2906 1159 2943 ec
1177 2892 1304 2943 crimmis
1318 2891 1429 2958 sedatis,
1451 2890 1523 2943 mibi
1541 2890 1643 2957 secutis
1657 2890 1765 2957 (Malta.

122 2980 286 3052 praecessit3
302 2979 405 3033 cubilia
417 2978 547 3032 draconis
570 2981 732 3033 constanter
744 2978 827 3043 adiit;
844 2979 925 3049 signo
965 2992 1029 3044 xxv,
1046 2979 1101 3045 lo).
1119 2979 1154 3032 Et
1165 2978 1279 3042 idcirco,
1295 2984 1328 3032 ut
1340 2978 1407 3032 olim
1423 2978 1595 3057 ministravit
1614 2978 1699 3050 capiti
1715 2979 1768 3034 Ec-

121 3067 214 3123 crucis
249 3068 335 3132 edito,
364 3067 505 3121 feritatem
532 3068 594 3137 eJ'us
629 3067 822 3138 compescuit;
855 3083 926 3123 aona
965 3067 1065 3133 etesia,
1087 3084 1163 3122 nunc
1190 3067 1335 3138 providere
1356 3066 1466 3121 studuit
1494 3066 1628 3121 membris
1651 3067 1766 3133 Christi,

122 3173 174 3213 sua
194 3157 310 3229 propria
323 3155 425 3211 collum
453 3155 582 3210 draconis
609 3155 706 3222 cinxit,
737 3157 920 3228 populosque,
964 3154 1358 3225 omnibussemperamabilis,
1367 3154 1504 3209 universis
1517 3155 1693 3221 ababilinEt,
1701 3156 1769 3226 quia

122 3247 232 3317 alonge
245 3251 464 3317 prospectantes,
481 3245 615 3300 intuens:
633 3245 705 3309 Quid
715 3251 767 3309 est,
784 3246 834 3312 ait,
849 3245 924 3317 quod
964 3245 1083 3299 hilarem
1097 3248 1221 3299 dolor-cm
1239 3246 1334 3312 dllipr't
1349 3245 1420 3298 Dens
1435 3245 1475 3310 (ll
1488 3245 1549 3298 Gor.
1562 3261 1600 3311 rx,
1613 3245 1650 3311 l),
1666 3245 1706 3299 sic
1719 3261 1769 3299 an·

120 3334 297 3407 trepidatis?
317 3351 380 3388 ecce
400 3340 559 3405 serpentem
586 3339 678 3399 teneo,
708 3340 737 3388 et
759 3350 807 3389 vos
832 3334 924 3389 adhuc
964 3332 1035 3388 cillae
1048 3350 1105 3387 suae
1115 3333 1199 3387 solita
1209 3333 1390 3387 miseratione
1401 3331 1532 3402 providit,
1549 3338 1580 3386 at
1596 3331 1659 3386 fons
1672 3335 1769 3400 indali-

121 3423 277 3480 cunctatisl
297 3422 573 3477 accediteiortitsrin
587 3422 700 3477 nomine
708 3423 820 3477 Domini
830 3423 923 3476 Salva·
962 3424 1037 3475 ciens
1051 3437 1129 3475 novae
1144 3420 1325 3491 plenitudinis
1343 3424 1468 3474 oriretur
1480 3421 1574 3485 (dccli.
1589 3435 1664 3485 xr1v,
1684 3419 1722 3486 6),
1736 3428 1765 3474 et

121 3514 201 3575 toris,
215 3512 344 3583 hancque
363 3512 530 3565 virulentam
556 3510 678 3566 belluam
694 3511 722 3565 in
737 3510 826 3566 frusta
855 3527 923 3566 con·
963 3508 1120 3563 abundaret
1127 3509 1155 3562 in
1168 3509 1384 3574 cellariisllleut.
1395 3508 1528 3572 strunt),
1539 3507 1704 3578 quotidiana
1711 3509 1765 3562 cle-

120 3601 252 3658 scindite.
261 3600 346 3666 Dixit,
357 3601 477 3671 hincque
489 3599 603 3654 draconi
616 3616 651 3654 ne
659 3600 865 3671 ssatucuiquam
880 3600 922 3654 vel
964 3597 1071 3652 inentia
1079 3597 1211 3662 vacuatis,
1224 3596 1328 3667 absque
1338 3596 1414 3649 omni
1425 3613 1477 3649 sua
1489 3595 1685 3663 sollicitudine,
1697 3597 1765 3651 dum

121 3692 207 3746 dente
228 3695 351 3756 noceret,
381 3690 488 3760 potenti
515 3688 618 3743 virtute
646 3689 817 3743 interdicens
833 3708 840 3757 ς
857 3689 923 3745 inde
964 3686 1074 3741 devotio
1093 3685 1218 3740 fidelium
1232 3701 1265 3739 eo
1280 3684 1370 3754 magis
1389 3684 1559 3751 conterebat,
1576 3685 1652 3756 quod
1669 3693 1765 3757 posset

119 3779 220 3837 turbas
236 3780 348 3834 modica
375 3781 440 3846 fidei
463 3779 568 3847 (llotth.
604 3793 658 3844 vvir,
684 3776 730 3846 26)
763 3777 920 3850 increpans,
964 3776 1032 3830 dare
1045 3774 1238 3840 abundantem
1252 3773 1396 3845 quiaipsa,
1409 3773 1506 3828 inuata
1519 3773 1762 3843 sibiliberalitate,

118 3867 413 3941 atqueadfcriendum
420 3872 582 3922 constanter
596 3882 759 3938 provocans,
771 3867 923 3922 draconem
964 3864 1049 3920 dabat
1064 3863 1201 3918 hilariter.
1218 3863 1272 3918 Sed
1296 3879 1348 3917 nec
1371 3864 1469 3917 diuites
1490 3865 1645 3918 diruitlabat
1665 3867 1764 3920 inanes

118 3958 236 4030 quidem
250 3957 324 4011 illico
338 3956 519 4028 compescuit,
535 3955 704 4010 turbasvero
718 3955 761 4010 vix
777 3956 920 4011 animavit.
965 3956 1038 4023 (Luc.
1057 3968 1076 4020 1,
1095 3951 1150 4019 53),
1167 3968 1288 4023 quorum
1302 3951 1482 4007 continebant
1502 3952 1539 4006 ad
1559 3969 1623 4006 earn
1637 3952 1762 4023 plurimi,

118 4047 217 4102 Armis
233 4046 355 4117 denique
370 4045 516 4100 aevirihus
535 4045 706 4108 insistentes,
724 4043 923 4100 bestiamlrus-
963 4043 1087 4114 corporis
1105 4042 1206 4096 anirum
1226 4041 1362 4096 beneficia
1385 4047 1573 4112 reportantes.
1589 4041 1682 4096 Vestis
1701 4042 1763 4112 ejus

119 4137 207 4191 tatim
227 4135 445 4206 discerpserunt.
460 4134 545 4188 tidem
559 4140 588 4187 et
599 4133 785 4188 constantiam
810 4135 1073 4203 MarthmDaspera,
1094 4148 1191 4185 saccus
1206 4138 1235 4186 et
1256 4131 1388 4198 cilicium,
1408 4137 1535 4202 tempore
1549 4131 1688 4203 septenni,
1704 4131 1765 4186 cin·

119 4224 294 4281 beatissima
301 4224 483 4289 admirantes,
494 4223 566 4294 quod
574 4228 633 4277 tam
641 4221 922 4277 immanembelluam
962 4222 1028 4292 gulo
1043 4222 1159 4287 nodoso,
1174 4221 1209 4275 de
1226 4221 1294 4275 setis
1310 4220 1428 4291 equinis,
1450 4220 1485 4274 ad
1505 4237 1618 4275 carnem
1637 4220 1761 4288 astricta

120 4322 183 4369 tarn
196 4314 287 4380 facile,
306 4312 412 4383 absque
426 4312 484 4366 ullo
512 4327 623 4382 pavore,
647 4325 717 4364 aona
743 4326 795 4364 sua
817 4310 920 4381 fragili,
963 4310 1003 4365 ita
1018 4317 1051 4365 ut
1071 4327 1180 4365 vermes
1193 4327 1226 4364 ex
1238 4309 1352 4381 putrida
1369 4326 1453 4364 carne
1469 4309 1545 4363 illius
1558 4308 1715 4363 ellluercnt.
1739 4309 1763 4363 0

119 4403 190 4458 dum
211 4407 400 4466 truncaretur,
416 4405 527 4455 teneret
553 4399 737 4454 immobilem.
763 4399 924 4454 Vocabatur
963 4400 1101 4473 patientia
1126 4398 1361 4470 incomparabilis,
1395 4399 1484 4462 fieret,
1514 4399 1588 4468 quod
1614 4397 1709 4452 vivens
1733 4398 1762 4452 in

119 4493 200 4565 prius
215 4494 292 4547 locus
306 4491 353 4545 ille
364 4491 459 4556 eremi,
478 4489 642 4560 nigerfoeus
659 4508 666 4557 ;
681 4494 787 4544 extunc
800 4489 922 4545 Tharas·
963 4507 1056 4556 carne,
1081 4487 1223 4543 vermibus
1240 4504 1304 4541 esca
1323 4487 1399 4540 suis!
1421 4487 1537 4556 Semper
1564 4485 1641 4539 nuda
1665 4486 1761 4556 pedes,

120 4584 193 4637 cona
207 4581 299 4636 dictus
310 4587 353 4634 cst
367 4581 519 4645 adracone,
537 4578 585 4649 qui
599 4578 756 4633 Tharascus
765 4577 920 4634 dicebatur.
963 4580 1027 4636 alba
1041 4586 1123 4652 tyara
1131 4579 1166 4633 de
1181 4577 1245 4650 pilis
1259 4576 1358 4631 cameli
1373 4576 1464 4629 velata
1478 4579 1571 4646 caput.
1586 4575 1686 4630 Lectus
1700 4576 1763 4645 ejus

119 4673 215 4742 Atque
246 4676 297 4737 ita,
323 4670 383 4724 viso
405 4669 450 4723 vel
476 4667 572 4722 audito
590 4667 734 4734 miraculo,
754 4668 921 4724 Viennensis
963 4675 1068 4725 stratus
1078 4670 1137 4724 loco
1147 4667 1233 4722 ramis
1245 4666 1376 4721 arborum
1385 4671 1414 4719 et
1423 4663 1582 4728 sarmentis,
1594 4663 1656 4719 licio
1666 4681 1763 4736 super-

119 4759 271 4832 provinciae
287 4758 383 4830 populi
398 4757 579 4812 crediderunt
596 4757 717 4811 Domino
732 4757 878 4820 Salvatori,
893 4764 922 4812 et
961 4763 1060 4824 strato,
1077 4755 1219 4814 cervicalis
1232 4755 1324 4826 lapide
1338 4752 1514 4825 temporibus
1534 4751 1687 4807 substrato.
1705 4754 1762 4807 Has

118 4848 253 4921 baptizati
293 4853 359 4902 sunt
392 4847 583 4917 glorificantes
603 4845 694 4900 Deum
713 4845 742 4899 in
778 4846 921 4901 miraculis
961 4847 1037 4901 inter
1050 4846 1173 4911 delicias,
1191 4844 1292 4898 millies
1310 4849 1427 4914 martyr,
1448 4842 1560 4897 Martha
1573 4841 1760 4907 sanctissima,

117 4939 228 4995 ancillae
243 4953 301 4992 suae
314 4956 320 5004 ς
331 4953 403 5008 quae,
421 4953 452 4990 ex
472 4941 549 5001 tunc,
564 4950 615 5006 pro
627 4934 737 4989 meritis
750 4935 918 5007 suispraeci-
960 4941 1054 4991 mente
1076 4936 1159 4990 coelos
1181 4933 1317 4988 inhiabat.
1345 4932 1464 4987 linimus
1483 4933 1544 5002 eius
1569 4931 1627 4985 Deo
1650 4930 1761 4984 deditus

116 5029 192 5100 puis,
213 5027 320 5083 cunctis
344 5024 560 5099 provincialibus
583 5031 612 5079 et
646 5024 736 5080 amori
763 5025 857 5079 existit
890 5030 918 5079 et
958 5041 992 5080 ex
1005 5030 1065 5079 toto
1080 5025 1110 5079 in
1125 5021 1300 5078 orationibus
1315 5022 1401 5077 sacris
1416 5027 1478 5076 erat
1493 5019 1629 5091 perditus,
1648 5023 1677 5073 et
1696 5034 1762 5089 per·

116 5117 229 5174 honori.

124 722 195 779 Car.
216 724 273 780 xL.
294 753 328 766 -
355 724 404 778 Ubi
432 725 508 777 beato
529 721 640 776 Martha
667 722 843 776 Viennensem
866 737 930 792 pro·

315 796 438 850 vinciam
451 809 469 846 a
486 793 601 849 Tarusco
616 793 745 847 liberauit

592 5229 679 5276 NOTAE
702 5229 885 5275 POTISSIHUH
907 5230 948 5274 EX
968 5227 1090 5274 thuano
1112 5228 1287 5274 DESUHPTAE.

154 5337 168 5362 ⁸
181 5324 245 5393 Sap.
260 5337 299 5389 xr,
315 5323 356 5377 18.
373 5324 435 5378 Nou
449 5322 524 5376 enim
549 5320 731 5392 impossibilis
744 5325 807 5374 erat
829 5318 921 5373 omni·
962 5325 1065 5374 tentes.

118 5401 220 5467 potens
230 5410 331 5449 manus
345 5400 428 5449 tua...
445 5392 599 5446 immittere
609 5391 675 5448 illis.
999 5389 1042 5447 ao.
1060 5391 1185 5455 Quarum
1200 5405 1256 5444 non
1271 5388 1361 5442 solum
1370 5389 1591 5458 lasurapoterat
1599 5383 1662 5438 illos
1672 5389 1761 5438 exter·

159 5464 198 5524 la.
215 5467 287 5520 Novi
295 5466 408 5537 generis
421 5465 465 5519 ira
478 5463 576 5537 plenas
588 5463 700 5533 ignotas
728 5460 841 5525 bestias,
873 5467 922 5516 aut
963 5462 1082 5528 minare,
1097 5461 1146 5516 sed
1163 5467 1192 5514 et
1206 5464 1334 5530 aspectus
1351 5459 1544 5530 pertimerem
1560 5455 1696 5511 occidere.

122 5554 256 5610 vaporem
264 5537 392 5610 ignitum
405 5536 556 5612 spirantes,
569 5539 618 5589 aut
641 5532 711 5587 sumi
736 5532 851 5586 odorem
861 5548 923 5603 pro·
1000 5532 1014 5573 b
1044 5533 1075 5588 ot
1102 5533 1156 5596 lvio,
1185 5532 1257 5586 forte
1286 5548 1292 5583 :
1321 5533 1416 5600 utique
1439 5547 1473 5585 ex
1499 5527 1609 5586 incuria
1630 5527 1763 5583 dictantis

117 5609 251 5674 serenus,
264 5615 313 5664 aut
342 5608 497 5666 horrendas
515 5606 550 5666 ab
566 5604 654 5661 oculis
676 5601 813 5659 sciuullas
842 5602 922 5659 emit·
963 5602 1158 5669 scribendam
1175 5599 1349 5673 utsuperius
1363 5606 1414 5670 qai
1433 5605 1465 5656 in
1479 5602 1618 5673 propala.
