3772 6120
37 296 155 376 77³
291 298 582 363 nasammonas
600 302 641 361 ra
659 298 736 360 aar.
757 296 865 361 raum
885 298 954 361 trs.
974 300 1101 361 nant.
1122 332 1155 346 -
1175 286 1218 361 'm
1236 300 1347 361 crisa
1367 304 1417 362 an
1435 308 1544 365 enea.
1687 314 1737 369 m

31 428 310 513 gelld'apiritas,
320 434 512 501 exspectantes
522 428 895 500 doneceompleaturnume-
905 432 923 488 Α
935 428 1082 500 perturbat
1092 436 1282 484 etcomrnoret
1292 449 1297 483 :
1306 431 1410 485 dicitur
1419 438 1524 495 autern,
1537 435 1605 506 quia
1616 441 1645 491 et
1664 450 1737 491 mor·

34 534 355 583 mneouservurum
368 534 495 572 suorum.
516 538 526 569 ι
544 518 673 572 Christus
688 518 773 577 enim,
791 518 892 588 inquit,
937 518 996 579 bus,
1014 536 1076 573 cum
1092 528 1252 589 generatur,
1269 522 1424 591 corrumpit
1438 538 1564 594 corpora.
1581 526 1738 597 Talequid·

34 608 217 669 veniens.
236 608 362 671 alleca.)
379 606 628 669 Nondixltfactus,
639 607 688 660 sed
704 624 719 659 t
734 607 857 672 veniens,
879 626 892 659 a
936 608 1001 661 darn
1012 613 1055 661 est
1062 614 1091 661 et
1100 616 1254 678 peccatum,
1266 624 1283 661 a
1294 610 1392 663 morbo
1402 611 1472 664 nihil
1482 613 1583 679 dillert,
1601 614 1739 686 nunquia

37 696 528 767 hocest,adbocipsumrenicns‚
537 712 593 750 nori
602 696 650 750 alii
661 696 810 750 suceedens
823 714 829 749 :
840 710 896 749 nen
937 712 1030 749 aerem
1047 697 1202 767 corrumpit
1217 697 1350 767 primum,
1363 699 1465 753 deinde
1475 718 1601 773 corpora,
1611 704 1660 756 sed
1675 716 1740 758 con-

40 785 895 865 prinoadrenitettunefactusest,sedsimulrenihetnoa
936 785 1015 838 tinuo
1031 785 1060 837 in
1076 786 1199 838 animam
1214 786 1311 839 insilit.
1328 788 1391 841 Non
1406 789 1482 843 rides
1501 807 1548 843 cos
1570 792 1618 861 qui
1641 792 1739 847 morbo

41 876 177 937 ‹lia-nt,
191 873 342 929 adveniens
356 875 479 946 pontilex
495 875 659 941 hostiarum,
672 875 742 928 sed«
760 872 896 928 bonorum
937 874 1106 937 alliciuntur,
1125 877 1265 944 quomodo
1281 880 1391 930 tumore
1406 879 1528 947 quodam
1555 886 1737 951 occupantur,

45 963 321 1038 qualattasuat,
337 964 624 1018 »velutinouralente
639 980 768 1017 serinone
783 964 896 1017 unirer·
938 963 1077 1033 quomodo
1092 969 1257 1017 conmrtunt
1271 982 1300 1018 se
1316 971 1400 1036 atque
1422 974 1575 1033 revertunt,
1597 970 1738 1039 quomodo

47 1066 166 1109 §um
178 1052 342 1123 exprimere.
362 1072 374 1103 e
391 1052 488 1123 Neque
502 1070 552 1124 pcr
565 1053 731 1123 sanguinem
754 1052 896 1105 hircorum
938 1050 1072 1105 fetoribus
1083 1058 1150 1105 sunt
1164 1052 1273 1122 repleti,
1290 1055 1430 1123 quomodo
1442 1060 1539 1127 turpes
1553 1065 1619 1111 sunt
1640 1072 1737 1112 eorum

50 1148 116 1197 et
147 1141 362 1206 tibrhram,sed
374 1141 757 1212 perpropriumsanguinem
771 1138 897 1194 introivit
937 1139 1030 1204 iacies,
1047 1141 1187 1210 quomodo
1210 1158 1260 1211 per
1281 1147 1373 1196 tutum
1394 1142 1532 1198 immundi
1555 1146 1641 1200 sunt?
1655 1147 1737 1201 Tales

51 1229 323 1285 semelinaanctu
332 1234 437 1285 muna
444 1230 636 1301 redemptione
646 1228 893 1283 inventarllmnia
935 1229 1037 1298 quippe
1051 1236 1117 1282 sunt
1132 1230 1218 1283 etiarn
1234 1236 1390 1300 peccantes,
1401 1250 1433 1286 ac
1444 1232 1467 1286 si
1477 1248 1534 1287 non
1546 1234 1667 1289 rideant.
1680 1254 1691 1287 r
1702 1235 1737 1290 at

53 1320 203 1390 quippe
215 1326 378 1389 permutata
392 1325 467 1373 sunt.
479 1319 565 1387 (elib.)
577 1318 618 1373 lbi
630 1318 744 1388 sanguis
754 1317 895 1371 hircorum
938 1317 1738 1389 rideoNoviTestamentimediatorest,utmorteinter·
1799 1384 1802 1389 ,

55 1406 182 1462 diluit
189 1414 301 1479 peccata
314 1408 417 1462 carnis:
433 1408 477 1462 hic
491 1408 606 1478 sanguis
620 1408 726 1462 Christi
736 1406 824 1460 abluit
835 1422 895 1476 pec-
938 1428 949 1451 «ι
967 1407 1125 1472 cedentem
1131 1408 1457 1478 redemptionemearum
1465 1413 1735 1482 prevaricationem,

55 1500 165 1551 caia
186 1497 310 1567 spiritus.
338 1497 393 1561 Qut
415 1502 520 1551 aeterna
548 1497 740 1567 redemptione
769 1496 891 1559 inventa,
938 1510 1028 1565 «quae
1043 1500 1124 1549 erant
1137 1495 1190 1548 sub
1206 1497 1298 1566 priore
1314 1504 1493 1561 testarrrcnta
1506 1502 1737 1571 repromissiones

56 1583 217 1639 ostendit
224 1586 254 1639 in
262 1585 404 1657 prioribus
418 1586 561 1639 sacrificiis
578 1590 606 1639 et
620 1584 756 1656 legalibus
766 1600 894 1639 ceremo-
936 1597 949 1632 t
966 1584 1114 1653 accipiant,
1126 1584 1269 1653 quirocuti
1280 1592 1468 1642 sunteternae
1485 1589 1666 1644 honestitatis.
1686 1591 1737 1646 Ubi

59 1673 157 1728 niis
168 1684 220 1728 nen
238 1690 300 1729 esse
318 1680 452 1729 eternam
470 1674 700 1745 redemptionem.
723 1692 734 1725 t
756 1675 810 1727 Per
829 1690 893 1743 pro-
936 1688 950 1723 a
966 1672 1040 1724 enim
1050 1678 1251 1727 testamentum
1260 1681 1311 1728 est:
1321 1692 1396 1730 mora
1408 1693 1520 1731 necesse
1531 1679 1739 1735 estintercedat

61 1762 742 1835 priamlnquit.sanguinemintroiritsemelin
755 1767 861 1817 sancta.
883 1746 952 1811 »Bt
968 1760 1121 1814 testatoris.
1140 1762 1352 1817 Testamentum
1367 1764 1441 1818 enirn
1456 1767 1485 1820 in
1501 1769 1621 1822 mortuis
1634 1770 1737 1822 contir-

63 1847 568 1920 Ethieeoelumrecaritld.t⁷hrps.ls
582 1851 898 1923 Semelinquitintroi-
940 1866 952 1898 t
969 1855 1077 1904 matura
1092 1855 1145 1916 est,
1157 1851 1282 1920 alioquin
1298 1852 1423 1906 nonduin
1439 1856 1520 1919 valet,
1538 1856 1681 1910 dumrivit
1691 1858 1739 1929 qui

64 1937 279 1995 vitinsaaeta
288 1946 424 1996 marnam
436 1941 657 2011 redemptionem
671 1940 824 1994 inveniens.
841 1939 897 1993 »Et
941 1942 1085 1992 atestatus
1100 1944 1151 1992 est.
1171 1962 1185 1991 n
1202 1936 1339 1993 fortassis
1354 1942 1429 1995 enim
1450 1951 1564 2013 possent
1580 1946 1672 2013 multi,
1689 1948 1737 2018 qui

63 2029 896 2100 quoddixit,sinveniensaostenditeorumessequreante
937 2027 1076 2080 intirmius
1101 2027 1295 2082 alliciebantur
1324 2046 1357 2082 ex
1385 2046 1418 2084 eo
1446 2034 1519 2102 quod
1543 2042 1673 2088 mortuus
1695 2040 1739 2090 est

65 2126 158 2173 non
169 2114 392 2185 inveniebantur,
404 2126 432 2173 et
440 2124 626 2190 preterquam
634 2118 708 2189 quod
719 2118 893 2190 sperebatur,
937 2115 1075 2180 Christus,
1084 2117 1203 2170 mraxime
1215 2134 1269 2171 non
1284 2119 1399 2172 credere
1418 2121 1648 2190 promissionibus
1664 2123 1736 2193 ejus.

63 2198 155 2262 iste
167 2222 215 2279 per
228 2222 318 2262 unum
339 2208 497 2279 ingressum
514 2214 648 2263 auruum
673 2207 896 2277 redemptionem
937 2204 1176 2274 Paulusigiturex
1187 2206 1360 2260 abundantia
1370 2209 1508 2279 hocponit
1523 2216 1552 2263 et
1561 2212 1690 2282 exempla
1703 2228 1736 2266 ex

64 2288 211 2351 insonti.
226 2296 335 2351 Deinde
348 2297 542 2369 probationem
558 2297 696 2367 adjungit.
937 2294 1078 2348 communi
1093 2310 1239 2349 assumens
1252 2297 1456 2351 consuetudine
1472 2298 1560 2362 Quale
1576 2308 1669 2354 autern
1687 2302 1739 2355 hoc

140 2385 192 2441 «Si
205 2384 283 2441 enim
295 2386 410 2457 sanguis
420 2386 561 2440 hircorum
578 2392 761 2441 ettaurorum
784 2391 813 2440 et
826 2385 896 2440 cinis
937 2382 1003 2436 est?
1030 2384 1183 2453 Propterea
1201 2384 1287 2454 igitm
1314 2391 1433 2455 oportet,
1459 2386 1559 2457 inquit,
1585 2390 1736 2444 confidere.

70 2484 92 2515 1
132 2473 221 2529 titula
235 2490 387 2546 aspergens
415 2476 577 2546 inquinatos
590 2475 897 2535 sanctiticatademun·
938 2472 1597 2541 QuareiQuianonvirentibustestatoribus,sed
1606 2479 1736 2547 mortuis,

68 2576 92 2604 ‘³-
125 2562 268 2618 dationcm
283 2564 376 2618 carnis
393 2583 399 2617 :
416 2564 626 2635 quantomagis
647 2564 762 2633 sanguis
781 2564 894 2631 Christi,
937 2562 1184 2615 tenebraesunt
1205 2570 1384 2630 testamenta,
1406 2563 1642 2620 etsortitudincm
1663 2566 1736 2621 aeci·

68 2660 93 2693 ³
133 2652 179 2722 qui
192 2653 386 2724 perspiritum
394 2660 523 2708 sanctum
534 2651 716 2723 semetipsum
727 2652 829 2705 obtulit
842 2652 896 2705 im·
938 2649 1735 2721 piunt:pr·opterea,inquit,‹NuriTestumentimediator

67 2748 94 2781 ί
128 2742 299 2796 maculatum
312 2740 380 2796 Deo.
395 2760 407 2793 a
421 2741 666 2805 Sienimcarnem,
685 2740 787 2811 inquit,
807 2740 899 2811 potuit
939 2746 999 2792 est:
1016 2739 1256 2793 »Testamentum
1279 2741 1639 2797 enimcircanorissimurn
1659 2744 1735 2799 (lietu

60 2828 233 2884 mundare·
245 2831 362 2901 sanguis
375 2836 532 2895 taurorum,
550 2830 638 2884 multo
658 2830 779 2900 amplius
797 2829 896 2884 anima·
937 2828 969 2880 tit
982 2827 1178 2881 defunctionis.
1193 2830 1259 2883 Tale
1273 2835 1369 2884 autem
1385 2835 1427 2884 est
1439 2837 1649 2898 testamentum,
1667 2833 1752 2894 alios,

60 2916 207 2973 ”dem
227 2918 319 2973 diluet
342 2919 458 2989 sanguia
481 2918 595 2974 Christi.
612 2919 654 2973 Ne
673 2919 748 2972 enim
768 2919 894 2985 actilens,
937 2915 1050 2985 quidem
1067 2917 1190 2971 haeredes
1204 2918 1297 2977 habet,
1310 2919 1486 2974 alienantem
1502 2922 1669 2976 exheredat.
1691 2922 1737 2977 sic

70 3012 93 3045 ²
128 3004 293 3069 aedificat,
311 3028 324 3059 e
338 3008 489 3078 perlectam
509 3024 570 3062 esse
590 3006 761 3062 ablutionem
776 3008 898 3062 aaurnet
918 3005 1099 3085 ¹etiambic:
1120 3027 1130 3055 ι
1150 3005 1277 3061 Voloubi
1289 3024 1340 3078 ego
1359 3024 1431 3076 sum,
1449 3009 1540 3080 inquit
1554 3011 1692 3077 Christus,
1709 3016 1738 3066 et

61 3095 169 3157 quis,
188 3110 253 3150 mex
281 3096 426 3167 subjunxit
452 3112 566 3151 causam
584 3095 758 3160 ditlerentiee,
775 3096 870 3149 dicens
888 3078 925 3149 :¹¹
938 3094 983 3147 isti
998 3094 1055 3147 sint
1084 3097 1173 3162 qleua.
1189 3112 1260 3161 arri).
1280 3116 1290 3146 ι
1309 3097 1343 3150 Et
1361 3097 1465 3152 iterum
1494 3099 1528 3152 de
1554 3100 1737 3154 exheredatis

67 3188 93 3221 ¹
125 3182 725 3256 QuiperSpiritumsanctumsemetipsum
735 3184 897 3238 obtulitirn-
937 3182 1002 3236 audi
1018 3182 1300 3238 illumdicentem:‹
1297 3186 1383 3239 ‹Non
1399 3187 1670 3259 deornnibusrogo
1688 3188 1738 3245 sed

61 3270 267 3328 mnarum
278 3272 353 3337 Dee,
364 3272 893 3337 ahocest,sacrillciumimmaculatum.
937 3272 1174 3341 praecedentibus
1190 3273 1365 3344 perverbum
1376 3277 1610 3330 eoruminme.»
1628 3279 1736 3333 lterum

64 3342 164 3416 Eut
186 3363 293 3434 quippe
315 3363 451 3417 reundum
475 3362 626 3433 apeccatis
641 3363 694 3415 hor,
717 3362 894 3427 sacrilleium,
936 3368 1023 3414 testes
1033 3360 1116 3415 debet
1125 3361 1228 3416 habere
1243 3370 1455 3418 testamentum
1462 3366 1582 3418 Adserte
1591 3366 1671 3420 1llum
1686 3366 1737 3421 ite·

65 3432 279 3505 horeschim
283 3452 648 3523 ,sperSpintumsanetum
660 3457 828 3510 aeternuma
817 3468 895 3505 ›non
937 3450 1164 3503 rumdrcentem:
1183 3452 1318 3520 Egesurn
1333 3453 1380 3522 qui
1394 3452 1587 3507 testimonium
1602 3454 1736 3525 perhibeo

62 3536 263 3610 butenen
269 3554 385 3611 nonper
394 3540 450 3594 aba
459 3540 596 3612 quaedam
611 3540 897 3594 ‹Etmundabitren
936 3538 972 3591 de
985 3553 1029 3590 me
1044 3538 1113 3609 ipso,
1126 3544 1154 3592 et
1163 3539 1356 3593 testimenium
1364 3540 1492 3612 perhibe
1481 3542 1541 3595 de
1555 3558 1609 3606 me
1626 3543 1675 3613 qui
1690 3558 1737 3599 me

63 3628 97 3671 ἱ
124 3629 274 3684 milam
285 3629 897 3701 nostramaboperibusmottuisadserrien·
938 3626 1032 3692 misit;
1048 3627 1230 3681 petitarum:
1247 3646 1259 3679 (ι
1283 3629 1333 3682 llle
1349 3630 1542 3684 testimonium
1557 3630 1686 3701 perbibet
1701 3632 1736 3687 de

67 3718 98 3760 ἵ
121 3712 261 3773 amnes
270 3718 383 3772 virenti.
398 3719 518 3785 »tllirra
535 3718 612 3772 ltene
629 3718 698 3772 dixit
718 3717 754 3772 ab
767 3718 897 3789 operibus
938 3732 992 3779 me,
1006 3716 1061 3769 ode
1072 3716 1322 3775 Paraclitodicens.
1335 3724 1363 3771 et
1372 3718 1519 3771 duedecim
1530 3720 1671 3788 apostolos
1682 3718 1737 3774 mi—

65 3802 226 3862 merula
240 3806 269 3862 ti
280 3806 425 3878 quisenim
435 3806 569 3877 tangebat
584 3812 737 3871 munuum,
752 3806 897 3877 pollueba-
938 3804 1089 3858 sitdicens:
1099 3826 1109 3856 a
1123 3804 1513 3876 Testiticaminiinconspectu
1524 3806 1574 3861 Dei
1585 3809 1653 3867 (let.
1669 3808 1735 3878 ης»

57 3882 156 3950 tur:
172 3902 204 3950 at
221 3895 745 3967 bicsiquistetigeritopesrnortuum,
763 3894 897 3949 rontaml—
937 3897 987 3947 et:
1006 3913 1018 3943 «
1036 3894 1197 3964 Propterea.
1221 3894 1321 3965 inquit.
1339 3896 1511 3950 Testamenti
1537 3896 1606 3950 Noti
1633 3896 1737 3952 media-

61 3982 247 4056 haturper
269 3984 478 4039 conscientiam.
494 3986 588 4056 Opera
605 3984 680 4038 enim
704 3990 815 4038 mortua
831 3989 898 4038 sunt
936 3986 982 4036 ter
996 3989 1047 4036 est.
1064 3983 1118 4047 Qui
1128 3989 1170 4038 est
1181 3983 1338 4037 mediator?
1355 4004 1366 4033 r
1382 3984 1521 4039 mediator
1532 3984 1607 4039 enirn
1623 4000 1679 4040 non
1694 3990 1738 4041 est

62 4072 306 4139 basamath.)
313 4073 448 4138 Quiemm
456 4072 582 4144 tetigerit
589 4074 688 4145 picem,
703 4073 897 4143 inquinabitur
937 4071 1068 4125 dominns
1082 4071 1122 4125 rei
1138 4073 1217 4143 eujus
1232 4078 1275 4127 est
1289 4073 1436 4139 mediator,
1453 4074 1502 4128 sed
1518 4074 1612 4129 atalia
1622 4074 1737 4147 (quidem

60 4162 175 4218 §.bea
186 4162 303 4233 :sicqui
310 4178 361 4234 per
368 4162 562 4235 penitentiam
571 4162 682 4217 ablutus
696 4167 741 4215 est
755 4161 790 4215 ab
804 4162 898 4232 operi·
938 4176 993 4226 res,
1009 4161 1080 4214 alter
1093 4166 1188 4215 autern
1203 4168 1247 4216 est
1256 4163 1404 4229 mediator,
1414 4168 1446 4216 ut
1461 4171 1530 4234 puta
1540 4164 1738 4220 mediaternu·

54 4236 146 4306 'baa
164 4251 299 4313 mortuis,
315 4252 340 4307 si
355 4251 454 4307 eadem
469 4251 570 4305 iterum
581 4251 648 4320 agit,
665 4252 745 4322 pejus
760 4251 898 4306 contami·
938 4249 1061 4320 ptiarum
1073 4252 1113 4316 lit,
1128 4266 1183 4305 nori
1194 4251 1241 4321 qui
1252 4252 1366 4322 nuptias
1376 4252 1451 4315 facit,
1458 4254 1506 4306 sed
1518 4254 1735 4324 albarensem,

65 4340 221 4395 habitur.
230 4340 461 4412 Sicutapostelus
471 4341 584 4394 Petrus:
600 4340 708 4394 «Canis
719 4356 846 4394 resersus
862 4340 897 4394 ad
938 4338 986 4408 qui
1001 4340 1126 4394 lecturus
1140 4346 1191 4404 cst,
1204 4340 1244 4393 sic
1261 4341 1348 4395 etiarn
1361 4341 1406 4394 hic
1417 4342 1555 4395 mediator
1564 4342 1638 4396 lilius
1649 4343 1737 4397 factus

65 4429 234 4483 *emaum
249 4444 333 4484 saum
345 4430 383 4497 (11
396 4431 516 4495 Petam»
532 4429 626 4499 itaqni
646 4428 730 4482 itcrat
746 4390 927 4483 stultitiamD
938 4432 981 4481 est
995 4429 1083 4498 patris
1099 4435 1128 4483 et
1146 4436 1249 4482 noster.
1267 4429 1386 4483 Nolebat
1400 4430 1480 4482 nobis
1493 4431 1635 4484 dimittere
1656 4438 1737 4501 pater

69 4526 188 4571 Euam.
197 4519 236 4589 (J.
244 4518 355 4586 Chrys.)
367 4517 431 4572 «Ad
442 4518 629 4582 sarriendum,
639 4517 898 4588 inquit,lieoriren-
938 4516 1129 4571 haereditatem
1144 4518 1237 4577 istam,
1253 4519 1301 4571 aed
1316 4518 1489 4572 irascebatur
1502 4518 1591 4581 nobis,
1610 4523 1639 4572 et
1662 4516 1736 4575 indl-

75 4604 132 4658 ti.
145 4628 158 4655 ι
169 4604 464 4678 Hicmanilestatquia
477 4622 563 4678 opera
570 4614 684 4661 mortua
693 4607 828 4661 habentes
840 4622 897 4661 non
937 4605 1078 4675 gnabatur
1091 4610 1150 4660 tam
1162 4606 1337 4660 abalienatis.
1351 4606 1489 4660 Mediator
1498 4606 1586 4676 igitur
1595 4606 1737 4662 sanescat

81 4700 216 4759 possam
231 4696 336 4750 seruire
348 4712 414 4750 vero
425 4702 453 4749 et
465 4696 525 4749 viro
546 4696 604 4750 Deo
620 4714 626 4749 :
643 4695 710 4767 quia
725 4696 773 4750 illa
786 4702 897 4751 nronua
937 4699 1069 4749 nosteret
1078 4695 1175 4766 patris,
1186 4702 1215 4748 et
1226 4694 1423 4766 persuasitilli,
1436 4695 1537 4765 etquid
1545 4695 1648 4766 igitur?
1663 4712 1734 4768 quo-

83 4788 205 4839 uitet
217 4784 300 4850 laisa,
306 4794 336 4839 et
346 4783 458 4839 merito.
470 4784 571 4839 Nullus
585 4784 672 4855 igitur
690 4800 777 4857 opera
785 4790 897 4839 mortua
937 4784 1020 4837 modo
1035 4784 1173 4838 mediator
1186 4782 1275 4837 fuctus
1289 4784 1503 4838 estlsermones
1518 4784 1628 4852 detulit,
1640 4786 1738 4842 attulit

95 4864 480 4944 *labamingrediturhuaSi
494 4874 569 4927 enim
581 4874 806 4944 cumquicorpus
820 4888 896 4927 mor-
937 4872 1016 4926 nobis
1041 4888 1059 4926 a
1080 4878 1159 4944 patre
1173 4889 1223 4944 per
1235 4877 1448 4937 transvectores,
1466 4873 1545 4927 addit
1559 4874 1645 4928 etiarn
1660 4888 1737 4929 met·-

96 4960 181 5016 tttua
193 4961 339 5034 tangebat,
347 4978 405 5017 non
419 4962 566 5034 oportebat
580 4962 686 5017 intrare
704 4962 733 5016 in
748 4960 895 5033 templum,
938 4968 1005 5015 tem.
1028 4961 1060 5015 lu
1077 4962 1230 5016 ollensione
1245 4961 1349 5033 quippe
1363 4978 1484 5023 eramus,
1502 4963 1574 5017 mori
1587 4979 1638 5017 nos
1653 4978 1737 5033 opor·

108 5051 734 5124 qutomagiseumquioperamortuuhabet,
745 5056 899 5123 nonpotest
937 5050 1024 5104 tebet.
1037 5050 1293 5120 titutblisithlium
1304 5066 1387 5105 suurn
1398 5050 1500 5105 sactum
1510 5070 1543 5105 ex
1552 5052 1678 5116 muliere,
1688 5050 1737 5123 qui

109 5131 593 5213 itltttteincaelumipullutioquippe
600 5141 898 5212 estpessirna.ruortua
939 5140 1010 5195 mori
1020 5141 1157 5211 potuisset
1169 5158 1219 5211 pro
1229 5140 1401 5195 debitoribus
1419 5141 1527 5201 mortis,
1546 5141 1593 5211 qui
1608 5138 1742 5197 niurtuua'

116 5227 899 5304 ttqpeoperasurttemnia,quet·immnonhabent.Sicut
940 5236 982 5282 est
990 5246 1040 5299 pro
1050 5229 1140 5295 nobis,
1149 5229 1244 5283 debita
1254 5236 1353 5283 morte.
1367 5229 1458 5283 Etticit
1468 5247 1519 5283 nos
1533 5229 1633 5300 dignos
1647 5236 1735 5286 testa-

116 5318 177 5373 aaa
185 5325 442 5391 mortuumeerpus
458 5320 494 5374 ad
513 5319 745 5374 nullumsensum
765 5319 833 5373 utile
845 5324 897 5386 est,
940 5319 1028 5372 menti
1049 5326 1078 5372 et
1097 5318 1267 5373 hereditatis
1283 5319 1435 5389 promissa,
1453 5319 1512 5371 Hoc
1526 5319 1608 5373 morlo
1624 5321 1738 5374 liranum

10 5416 30 5463 ¹!
117 5416 198 5463 mm
206 5408 450 5464 etrameontnstat
459 5408 726 5480 appropinquantes
739 5407 779 5462 sic
793 5414 899 5479 etpec
940 5407 1044 5461 lactum
1061 5414 1103 5461 est
1114 5413 1326 5461 testamentum
1344 5408 1375 5461 ln
1390 5414 1500 5461 tantum
1520 5407 1575 5462 tait
1592 5416 1738 5479 peecatum

114 5498 194 5551 mum
201 5497 351 5553 censemini
362 5497 528 5552 rationabile
538 5504 665 5552 nostrum
675 5498 797 5569 pereutit
807 5504 836 5551 et
844 5512 900 5551 non
941 5502 1078 5560 nostrum,
1087 5497 1227 5551 utsalvari
1236 5512 1291 5551 non
1301 5495 1635 5568 potuissetaliquando,
1607 5499 1662 5552 nisi
1672 5498 1738 5552 uni·

10 5556 241 5697 ἐμω
251 5600 345 5660 neque
358 5586 590 5659 mutugennam
583 5602 673 5660 ipsam
683 5588 834 5659 quiescere
850 5586 900 5645 sed
940 5585 1054 5657 genitus
1069 5582 1157 5641 F‘rlius
1173 5585 1225 5643 Dei
1239 5601 1290 5659 pro
1304 5584 1385 5642 nobis
1398 5592 1565 5643 moreretur.
1580 5586 1662 5654 Quod
1672 5596 1739 5641 rere
