3772 6120
130 269 185 325 7⁰5
333 271 624 327 ENARRATIONUM
642 272 681 327 IN
701 272 777 326 EPP.
799 272 906 326 PAULI
925 270 994 326 ΗΒ.
1015 270 1113 326 xxvl.
1132 272 1215 327 -ΙΝ
1234 272 1582 347 EPIST,ADPH1LEM.
1727 278 1779 334 706

127 396 179 466 qui
193 398 330 466 prodesse
346 415 403 452 non
418 403 529 470 poterat
546 397 569 451 si
590 397 704 452 domino
727 402 871 451 teneretur
889 396 936 450 ab·
943 396 1034 459 Ativo
1045 396 1138 450 dicere
1154 414 1244 463 servo,
1261 398 1310 451 sed
1322 404 1355 451 nt
1365 398 1483 470 recipias
1494 416 1776 470 eumsnperservum,

127 491 221 539 sente.
238 487 375 558 Superior
399 504 465 557 ergo
490 487 607 559 quaestio
627 487 667 539 ita
693 486 819 549 solvitur,
844 485 935 556 potnit
975 484 1028 538 hoc
1040 492 1092 547 est,
1107 486 1226 556 recipias
1242 503 1307 539 eum
1319 503 1374 539 non
1390 487 1481 540 solum
1497 488 1596 541 servile
1611 488 1776 560 obsequium

127 572 207 627 Deus
224 575 372 629 hominem
387 577 447 630 sine
462 577 604 630 voluntate
619 576 681 645 ejus
700 576 790 628 lacere
804 574 908 629 bonum
925 594 932 642 3
975 573 1025 626 tibi
1048 576 1262 644 persolventem,
1280 576 1354 645 qnod
1378 576 1448 629 servi
1465 576 1556 631 solent
1577 578 1635 631 suis
1655 578 1776 632 dominis

127 680 216 734 porro
230 665 254 718 si
270 665 445 719 hocfecisset
459 682 514 719 non
530 670 592 718 erat
613 664 718 718 bonnm
734 664 932 729 voluntarium,
976 662 1116 726 exhibere,
1132 664 1207 733 quod
1218 665 1283 733 jure
1299 663 1417 717 docebat
1429 671 1543 735 propter
1556 683 1665 720 morum
1676 672 1776 737 etpro-

129 753 179 806 sed
204 753 392 808 necessitatis.
419 755 499 817 Quod
520 759 614 807 autem
642 753 807 807 necessitate
830 752 934 806 henum
976 751 1058 820 positi
1070 753 1131 821 ejus
1141 751 1453 816 mutabilitatemQuid
1464 755 1689 809 autemiultesse
1700 757 1775 826 quod

130 847 181 903 est,
194 859 251 896 non
267 842 437 902 estbonnm,
454 851 482 896 et
492 843 547 895 alio
556 860 660 912 genere
671 842 778 895 malum
793 843 931 912 arguitur.
975 839 1046 893 dixit
1065 858 1150 911 super
1165 858 1287 904 serrum,
1312 842 1453 896 «tratrem
1469 843 1675 907 charissimum,
1694 864 1705 894 ι
1722 845 1775 898 hoc

132 930 222 1000 lgitur
229 931 345 1003 proprio
353 931 471 985 arbitrio
479 949 530 985 nos
538 931 801 1002 relinquensmagis
810 931 933 985 adsuam
973 934 1016 981 est
1026 929 1142 983 fratrem
1157 931 1236 983 valde
1252 936 1404 996 amantem,
1421 937 1454 985 nt
1468 932 1552 985 dicat.
1565 933 1702 996 Quoniam
1721 933 1773 987 etsi

132 1019 286 1091 hnaginem
301 1027 330 1074 et
354 1020 565 1074 similitudinem
587 1021 668 1087 fecit;
694 1020 815 1073 similem
837 1025 933 1074 antem
973 1017 1133 1089 perfugam
1158 1020 1282 1085 recessit,
1306 1021 1354 1073 sed
1370 1025 1449 1073 tanto
1470 1021 1513 1075 sui
1529 1023 1690 1076 meliorest
1711 1023 1774 1075 elle-

133 1106 189 1162 Deo
202 1125 265 1163 esse
279 1108 408 1163 absolute
423 1109 528 1163 benum
543 1115 594 1162 est.
974 1112 1045 1172 ctus,
1062 1113 1158 1162 utnon
1170 1109 1261 1162 solum
1276 1108 1401 1162 debitum
1417 1109 1467 1163 tibi
1482 1109 1656 1180 obsequium,
1672 1115 1705 1165 ut
1718 1128 1774 1164 ser-

168 1197 333 1252 «Forsitan
349 1198 423 1252 enim
442 1197 507 1252 ideo
521 1197 648 1252 discessit
662 1197 698 1252 ad
713 1198 933 1262 horamatc,ut
973 1212 1034 1261 vuS,
1050 1213 1113 1250 cum
1130 1197 1205 1250 omni
1228 1197 1282 1250 tide
1306 1198 1454 1268 persolvat,
1481 1199 1530 1252 sed
1551 1204 1579 1253 et
1595 1200 1668 1254 sicut
1686 1200 1774 1254 frater
1839 1266 1841 1272 Ι

140 1300 150 1337 t
168 1293 305 1341 aternum
320 1288 400 1341 illum
415 1288 563 1358 reciperes,
574 1293 711 1359 tanquam
726 1304 781 1341 non
794 1287 866 1340 sicut
876 1304 932 1340 ser·
973 1285 1052 1338 valde
1068 1302 1164 1339 amore
1180 1291 1229 1340 tuo
1234 1287 1349 1356 J'unctus
1357 1287 1451 1340 omnia
1461 1304 1512 1357 pro
1521 1294 1550 1342 te
1558 1288 1616 1359 pati
1627 1289 1661 1342 de
1672 1295 1772 1344 caetero

144 1393 241 1442 «rum,
258 1377 309 1430 sed
325 1377 389 1447 plus
404 1393 483 1430 servo
504 1377 622 1430 fratrem
642 1377 849 1441 charissimum,
874 1394 932 1429 ma·
972 1374 1011 1426 sit
1026 1381 1150 1444 paratus
1177 1376 1212 1429 Et
1231 1375 1297 1446 qnia
1312 1375 1452 1429 incertum
1466 1382 1536 1439 erat,
1557 1378 1580 1430 si
1601 1378 1659 1432 haec
1679 1378 1719 1432 ita
1742 1396 1772 1432 se

147 1482 156 1516 (
172 1465 241 1518 xime
254 1465 325 1519 mihi
340 1483 346 1518 :
364 1472 469 1536 quanto
484 1471 578 1519 autem
593 1466 683 1536 magis
698 1465 748 1519 tibi
763 1471 792 1519 et
805 1466 835 1518 in
849 1482 931 1518 carne
973 1461 1119 1527 baberent,
1136 1464 1312 1518 conformans
1327 1465 1434 1518 dictum
1452 1483 1533 1519 sunm
1544 1466 1640 1536 adjicit
1656 1486 1660 1519 :
1682 1487 1693 1517 (
1713 1468 1772 1521 hla-

151 1571 160 1605 (
177 1559 202 1607 et
213 1554 241 1607 in
252 1554 373 1608 Domino
389 1555 395 1606 l
412 1574 426 1606 a
443 1555 651 1626 Nonnunquam
662 1555 767 1608 malum
783 1553 889 1609 occasio
901 1555 933 1607 lit
972 1551 1046 1605 aime
1060 1552 1139 1617 mihi,
1157 1559 1261 1622 quanto
1277 1553 1367 1623 magis
1382 1554 1442 1620 tibi,
1457 1555 1524 1608 etin
1540 1572 1623 1609 carne
1639 1556 1705 1609 etin
1720 1557 1773 1610 Do-

152 1641 281 1710 bemmm,
294 1650 324 1697 et
333 1643 570 1716 hominumprarn
580 1644 696 1697 consilia
710 1644 785 1697 Dens
798 1643 883 1697 vertit
895 1642 931 1696 ad
972 1641 1059 1693 mino.
1079 1660 1090 1690 ι
1109 1642 1158 1694 Εεῖ
1171 1642 1285 1711 quidem
1299 1642 1460 1708 obscurum,
1474 1645 1549 1714 qnod
1558 1644 1664 1698 dictum
1680 1650 1724 1699 θεῖ
1737 1645 1772 1699 ob

89 1732 91 1737 '
154 1740 248 1786 renum.
264 1733 346 1796 Quod
374 1733 435 1786 dico
464 1733 639 1786 manifestius
662 1733 788 1804 exemplo
807 1733 864 1786 siet.
882 1722 1090 1786 Jo-Bnimium
1106 1731 1312 1801 compendium,
1330 1749 1362 1785 eo
1378 1733 1453 1802 quod
1470 1735 1621 1803 Apostolus
1640 1751 1773 1805 scepecu·

89 1842 91 1847 ·
157 1822 205 1892 seph
215 1821 324 1888 fratres,
337 1822 381 1876 sni
396 1822 447 1875 zeli
461 1821 582 1875 stimulis
593 1822 712 1888 incitati,
728 1821 877 1876 Ismaelitis
891 1822 929 1875 ri·
970 1819 1506 1891 piens'aliquacompendioseexplicare,
1516 1823 1688 1877 obscuritate
1697 1825 1772 1878 dicta

158 1910 206 1980 cinti
217 1911 308 1965 aureis
331 1911 525 1965 vendiderunt.
544 1910 603 1965 Hoc
626 1911 738 1965 initium
762 1917 790 1966 et
813 1911 885 1982 patri
901 1917 930 1964 et
970 1925 1022 1962 sua
1036 1909 1160 1962 involvit.
1171 1910 1302 1963 Testatur
1317 1915 1412 1963 autem
1427 1911 1461 1964 de
1476 1912 1619 1978 OnesImo,
1639 1914 1772 1983 quoniam

159 1999 265 2055 lintribus
274 2007 304 2054 et
317 2000 370 2053 toti
386 2001 506 2070 AEgypto
521 1999 659 2053 bonorum
670 1999 866 2065 omniumsuit.
876 2000 929 2054 De·
970 1996 1056 2051 etiam
1070 1997 1122 2050 sihi
1142 1998 1227 2051 suerit
1237 1998 1323 2061 utilis,
1339 2005 1401 2069 post
1421 2000 1644 2054 exhortationem
1660 2008 1689 2055 et
1702 2020 1769 2056 con-

160 2088 218 2160 uique
232 2089 289 2160 ipse
312 2094 411 2159 postea
425 2090 461 2143 ad
476 2089 576 2143 fratres
592 2108 598 2141 z
618 2107 631 2141 ((
650 2089 715 2155 Vos,
734 2088 834 2158 inquit,
852 2089 928 2157 cogi·
970 2086 1073 2151 silium,
1086 2087 1161 2157 quod
1176 2105 1193 2140 a
1203 2104 1232 2141 se
1244 2092 1398 2158 acceperat.
1416 2089 1482 2142 Vult
1497 2090 1572 2142 enim
1586 2090 1689 2156 dicere,
1702 2109 1771 2162 quo-

161 2178 215 2231 tatis
228 2179 260 2231 de
275 2195 321 2231 me
337 2179 366 2231 in
380 2179 464 2240 mala,
476 2179 550 2232 Dens
561 2195 625 2231 rero
641 2177 773 2248 cogitavit
787 2178 821 2231 de
836 2195 881 2231 me
900 2177 929 2231 in
970 2175 1046 2228 niam
1061 2176 1084 2229 si
1099 2193 1167 2245 erga
1182 2193 1226 2229 me
1236 2176 1301 2228 talis
1312 2176 1419 2229 exstitit
1429 2194 1520 2231 mores
1534 2195 1599 2231 suos
1608 2179 1768 2244 demutans,

160 2264 216 2320 bom.
232 2285 243 2318 r
259 2267 357 2321 Simile
364 2267 432 2338 quid
445 2273 473 2321 et
487 2267 517 2320 in
528 2267 659 2322 Onesimo
670 2283 817 2337 possumus
828 2266 930 2320 intelli·
970 2263 1011 2317 ita
1026 2271 1059 2319 ut
1081 2270 1179 2335 sponte
1197 2265 1277 2318 vellet
1301 2265 1370 2318 mihi
1392 2282 1473 2319 omne
1491 2265 1657 2337 obsequium
1671 2268 1770 2322 servile

159 2370 210 2423 gere,
232 2355 305 2427 quod
330 2357 406 2408 mala
434 2356 572 2427 principia
593 2356 752 2410 occasiones
765 2354 871 2409 suerint
886 2355 927 2408 rei
970 2352 1356 2424 prebere,quc1nadmodnm
1380 2361 1556 2424 nonergate
1574 2357 1770 2426 multomagis

160 2440 221 2498 bone.
239 2445 268 2499 Si
286 2445 362 2498 enim
378 2445 524 2499 dominum
544 2462 600 2499 non
628 2445 754 2514 fugisset,
782 2460 927 2514 nunqnam
969 2442 1024 2496 erit
1035 2441 1110 2507 talis,
1126 2442 1170 2496 cni
1181 2448 1210 2495 et
1224 2448 1338 2513 propter
1352 2443 1435 2495 tidem
1453 2450 1483 2496 nt
1495 2449 1560 2514 pote
1575 2445 1699 2499 studiose
1708 2445 1768 2516 pie-

158 2533 253 2588 teuisset
263 2533 391 2598 Romam,
402 2534 745 2588 ubieratl'anlusrinctus
755 2533 926 2601 incarcere:
969 2530 1036 2584 tatis
1052 2531 1218 2584 charitatem
1232 2532 1388 2602 persolvere
1403 2532 1496 2596 debet,
1518 2538 1547 2586 et
1562 2534 1635 2587 sicut
1652 2534 1766 2588 domine

156 2621 286 2677 siPrnlum
303 2623 459 2676 invinculis
473 2640 528 2676 non
545 2622 668 2687 vidisset,
685 2622 769 2675 fidem
784 2638 840 2675 non
851 2638 927 2675 rece·
969 2619 1114 2673 servitium
1129 2637 1193 2673 curn
1214 2621 1290 2674 omni
1305 2621 1433 2675 exhibere
1449 2622 1583 2675 fidelitate
1595 2624 1607 2674 l
1621 2624 1674 2676 hoc
1692 2623 1767 2676 enim

153 2709 220 2776 pisset
231 2711 259 2765 in
273 2710 426 2765 Christum.
444 2711 474 2765 si
489 2711 592 2764 Christi
608 2726 664 2765 non
679 2709 822 2763 habuisset
832 2710 925 2774 tidem,
969 2708 1036 2762 dicit
1049 2707 1078 2762 in
1092 2725 1176 2762 carne
1185 2725 1246 2778 (luce
1262 2715 1304 2762 est
1311 2709 1464 2764 secundum
1473 2711 1695 2782 dispositionem.
1704 2713 1768 2766 Fre·

152 2811 273 2870 nunquam
283 2800 363 2854 Pauli
373 2801 488 2853 ellectus
503 2800 576 2853 filius
591 2799 620 2853 in
635 2815 705 2869 opus
716 2798 927 2868 Evangeliimit-
969 2802 1289 2868 quenterrcroearnem,
1299 2799 1764 2871 apostolicadictainterpretantes,

149 2888 245 2943 teretur.
261 2889 300 2943 Ex
315 2906 370 2959 quo
384 2889 519 2960 paulatim
534 2893 563 2941 et
572 2905 622 2958 per
636 2888 740 2956 gradus
755 2904 830 2952 suos,
855 2887 926 2940 rcci-
967 2878 1196 2956 significavimus,
1213 2887 1280 2957 quia
1293 2892 1398 2941 statum
1414 2888 1488 2942 hunc
1508 2891 1700 2960 temporalem,
1719 2890 1767 2960 qni

147 2984 260 3043 precante
273 2978 424 3043 sententia,
440 2978 503 3031 idco
516 2976 646 3031 minister
664 2976 807 3045 Evangelii
823 2982 865 3029 est
884 2976 926 3029 fa·
967 2974 996 3028 in
1011 2976 1141 3045 praesenti
1157 2975 1213 3029 rita
1228 2975 1357 3041 babetur,
1374 2977 1413 3030 sic
1427 2978 1497 3031 solet
1516 2995 1688 3049 nuncupare.
1707 2997 1720 3030 ((
1737 2979 1767 3032 δί

144 3072 196 3119 cus
207 3067 362 3132 Onesimus,
372 3066 517 3138 quialugit
529 3083 546 3119 a
560 3066 683 3119 domine.
693 3042 1033 3134 Pulchraeautemcergo
1048 3064 1134 3118 habes
1152 3082 1197 3118 me
1218 3065 1334 3129 socium,
1359 3066 1468 3136 suscipe
1483 3066 1563 3120 illum
1587 3067 1662 3121 sicut
1683 3084 1738 3121 me.
1753 3085 1765 3119 ι

145 3154 245 3219 addens,
263 3155 440 3220 «forsitam»
453 3154 622 3208 sententiam
636 3153 811 3224 temperarit.
825 3154 926 3208 Occul-
968 3153 1057 3224 Super
1070 3153 1200 3208 omnibns
1213 3154 1295 3208 dictis
1306 3155 1359 3207 hoc
1372 3156 1414 3208 vel
1429 3156 1548 3209 maxime
1559 3155 1632 3210 dicto
1647 3173 1765 3227 persua-

142 3243 239 3298 tasunt
251 3245 355 3316 quippe
366 3243 473 3314 judicia
488 3244 548 3308 Dei,
561 3250 591 3297 ct
599 3242 782 3297 temerarium
793 3249 836 3297 est
845 3243 925 3313 quasi
967 3240 1051 3295 debat
1069 3243 1105 3308 ei,
1122 3260 1154 3296 eo
1170 3244 1244 3313 qnod
1259 3244 1285 3296 ei
1300 3244 1425 3307 decebat,
1443 3249 1475 3297 nt
1495 3245 1530 3297 ad
1545 3261 1723 3299 communem
1736 3247 1767 3298 st·

141 3329 254 3388 decerto
268 3333 452 3406 pronuntiare
468 3333 542 3405 quod
558 3332 674 3385 dubium
688 3337 740 3386 est.
756 3354 767 3381 ι
784 3331 924 3395 Forsitan,
967 3330 1030 3384 dem
1050 3330 1189 3394 universa,
1213 3348 1273 3402 qua·
1298 3331 1350 3385 sibi
1388 3333 1499 3397 adsunt,
1524 3334 1685 3388 communia
1704 3350 1765 3388 esse

139 3414 229 3493 inquit,
243 3423 306 3478 ideo
321 3423 457 3487 discessit,
476 3442 489 3474 n
505 3428 595 3487 caute,
612 3421 720 3487 timide,
739 3422 924 3492 trepidanter,
967 3419 1096 3474 omnibus
1105 3420 1234 3474 fidelibus
1245 3427 1398 3491 reputaret,
1410 3422 1483 3490 qnod
1492 3423 1665 3492 praecaeteris
1679 3423 1765 3476 etiam

139 3515 223 3567 etnon
235 3517 327 3566 totum
342 3514 395 3565 lixo
409 3512 509 3582 gradu,
525 3528 560 3565 ne
575 3511 599 3564 si
619 3527 676 3565 non
687 3511 827 3581 posuisset
844 3510 926 3563 «for-
967 3508 1029 3574 sibi,
1041 3513 1073 3562 ut
1087 3516 1151 3579 pote
1165 3509 1342 3579 praedicatori
1363 3515 1391 3562 et
1406 3510 1513 3562 doctori
1527 3511 1691 3579 dogmatum
1706 3511 1765 3581 pie-

138 3598 212 3665 eun,
223 3618 237 3654 r
248 3599 379 3654 omnibus
388 3601 475 3653 servis
485 3600 649 3670 fugiendum
661 3604 734 3652 esset
741 3606 773 3652 ut
782 3599 925 3670 apostolici
966 3597 1033 3650 tatis
1048 3598 1099 3651 Dei
1119 3597 1176 3652 reri
1200 3597 1378 3651 existimabat
1403 3616 1408 3649 :
1430 3598 1454 3651 si
1472 3599 1563 3668 inquit
1577 3600 1765 3654 communicas

141 3687 236 3743 tierent.
243 3689 325 3753 Quod
332 3697 429 3743 autem
443 3708 455 3741 ((
467 3689 501 3742 ad
513 3690 611 3743 horam
624 3707 634 3739 r
644 3687 746 3758 junxit,
759 3689 858 3742 horam
876 3704 926 3759 pro
967 3686 1119 3740 secundum
1137 3687 1232 3752 fidem,
1248 3687 1321 3739 etad
1333 3687 1447 3756 plenum
1458 3687 1600 3740 existimas
1615 3688 1695 3741 nobis
1707 3705 1766 3742 om-

140 3780 253 3848 tempore
278 3776 415 3831 debemus
442 3776 567 3847 accipere
592 3793 599 3828 :
628 3777 662 3829 ad
688 3776 926 3845 comparationem
968 3775 1016 3828 nia
1029 3792 1089 3828 esse
1105 3774 1274 3839 eommunia,
1287 3775 1379 3844 recipe
1391 3775 1500 3828 cthunc
1516 3782 1631 3846 propter
1640 3794 1695 3841 me,
1707 3794 1764 3832 non

140 3864 204 3919 enim
212 3866 377 3920 eternitatis
392 3882 474 3920 omne
485 3871 596 3937 tempus
612 3864 692 3918 breve
708 3869 760 3918 est.
772 3886 782 3915 ι
793 3865 831 3919 Ut
845 3870 928 3919 aeter·
968 3863 1020 3917 hoc
1033 3863 1110 3929 dicit,
1121 3869 1153 3917 ut
1168 3864 1197 3917 in
1212 3863 1309 3917 ordine
1324 3881 1388 3917 eum
1411 3864 1528 3934 recipiat
1541 3864 1677 3934 Apostoli,
1694 3882 1764 3936 que-

143 3967 199 4007 mn
221 3955 301 4009 illum
326 3955 474 4025 reciperes.
493 3955 623 4008 »Nullus
652 3960 776 4007 aternus
797 3954 927 4007 dominns
968 3952 1761 4022 medoenimlieripoteratuthocsuaderetlsedutdieat,

145 4042 268 4110 anisum
284 4049 409 4115 potestas
425 4042 526 4114 quippe
542 4043 602 4111 ejus
610 4047 638 4096 ct
647 4043 792 4112 utriusque
802 4042 926 4096 conditio
969 4042 1007 4095 Eo
1020 4040 1094 4110 quod
1103 4058 1154 4111 ego
1166 4058 1230 4094 eum
1244 4041 1345 4112 recepi,
1357 4041 1449 4113 recipe
1459 4047 1534 4096 ettn.
1548 4042 1576 4097 Si
1587 4048 1681 4097 tamen
1691 4061 1764 4098 conr·

147 4138 220 4186 morte
237 4133 346 4187 linitur.
367 4130 517 4187 Onesimus
540 4148 604 4184 rere
624 4132 720 4202 quiex
744 4132 797 4185 fide
821 4131 925 4185 Christi
967 4130 1064 4184 munia
1078 4131 1174 4184 omnia
1183 4130 1263 4184 nobis
1275 4148 1335 4184 esse
1344 4131 1496 4185 existimas.
1509 4132 1765 4201 (llt'cr·.)Philemon

147 4215 218 4275 famis
229 4227 352 4276 aeternus
368 4226 535 4283 est‚rete1no
553 4220 718 4285 Philemoni,
732 4221 797 4290 quia
809 4221 838 4273 in
848 4221 926 4274 Chri·
967 4219 1086 4273 Paulum
1102 4220 1317 4281 sociumhabere
1328 4220 1465 4291 cupiebat,
1479 4227 1507 4275 et
1515 4221 1543 4276 in
1552 4223 1695 4277 Christum
1703 4240 1764 4278 cre·

148 4312 206 4363 sam
219 4318 246 4365 et
258 4311 319 4382 ipse
332 4311 500 4375 crediderat,
521 4310 622 4380 spiritu
647 4309 785 4363 libertatis
802 4315 923 4379 accepto,
967 4308 1045 4375 dans,
1055 4309 1126 4363 tales
1137 4310 1233 4380 utique
1245 4310 1354 4365 volebat
1363 4311 1466 4365 habere
1474 4312 1623 4384 profectus,
1635 4317 1667 4365 ut
1676 4313 1763 4367 Panlo

147 4395 253 4463 jamnon
266 4418 372 4461 servus,
385 4400 434 4454 sed
450 4399 700 4469 fratercoepitesse
715 4399 749 4451 de
765 4415 854 4460 serre,
869 4398 921 4451 sra-
966 4397 1067 4452 similis
1081 4401 1170 4465 lieret,
1188 4398 1256 4452 etei
1271 4399 1491 4453 communicaret
1505 4400 1534 4453 in
1549 4401 1675 4454 vinculis.
1693 4403 1764 4455 Con·

149 4487 371 4557 lercharissimus,
383 4489 469 4543 frater
483 4496 613 4552 aternus
631 4495 735 4542 aeterno
746 4493 775 4541 et
784 4488 837 4558 ipsi
851 4488 925 4558 Apo·
965 4487 1122 4541 sideremns
1143 4504 1210 4557 ergo
1235 4495 1372 4558 quantum
1391 4488 1436 4540 hie
1457 4489 1587 4542 laudetur
1602 4488 1761 4554 Onesimus,

150 4573 201 4629 tiolo
211 4576 377 4648 dominoque
392 4594 452 4642 suo,
464 4578 509 4632 cni
524 4577 687 4633 Onesimum
701 4583 734 4630 nt
748 4577 840 4630 carnis
857 4583 922 4630 ante
964 4582 1101 4648 quantum
1127 4576 1275 4648 profecisse
1299 4576 1416 4641 dicatur,
1433 4592 1497 4628 cum
1522 4576 1562 4629 ita
1586 4576 1762 4646 reeipiendus

151 4664 256 4729 emino,
272 4668 312 4721 ita
326 4672 425 4737 postea
438 4667 553 4737 spiritus
568 4666 725 4737 copulabat,
739 4673 768 4719 et
781 4671 848 4720 tunc
863 4666 923 4737 qui·
963 4665 1009 4730 sit,
1020 4674 1052 4718 ut
1060 4664 1218 4736 Apostolus,
1233 4665 1307 4718 etsie
1318 4666 1378 4735 ejus
1389 4664 1519 4718 <lominus
1529 4670 1561 4717 ut
1571 4665 1651 4719 Pauli
1661 4665 1763 4721 debeat

152 4745 425 4826 lmquandoeratei
439 4755 581 4826 subjectus
595 4756 731 4816 incarne,
748 4772 803 4809 non
822 4760 883 4809 erat
897 4755 922 4809 ei
964 4754 1123 4808 desiderare
1148 4754 1329 4807 consortium.
1361 4753 1488 4807 Breviter
1515 4754 1589 4824 quod
1611 4754 1687 4822 dicit,
1705 4757 1761 4810 tale

152 4833 236 4901 illatus
250 4844 279 4898 in
289 4844 420 4910 Domino,
439 4861 513 4898 nunc
527 4850 622 4898 autem
638 4845 705 4898 etin
717 4861 799 4898 carne
816 4843 841 4897 ei
854 4845 922 4914 jun·
964 4849 1007 4897 est
1022 4860 1027 4894 :
1046 4844 1075 4898 si
1092 4860 1137 4907 me
1150 4843 1192 4896 ris
1207 4843 1310 4896 habere
1327 4848 1494 4902 consortem,
1509 4843 1610 4897 habeto
1624 4850 1653 4898 et
1667 4845 1763 4899 Onesi·

153 4928 241 4986 tuest
253 4933 322 4987 etin
336 4933 454 4988 Domino
470 4952 475 4985 ε
492 4950 590 5003 exque
606 4933 790 5002 intelligimus
809 4949 921 4986 serrum
963 4949 1050 4995 mum,
1065 4948 1149 5003 (quem
1164 4948 1215 5001 ego
1230 4938 1388 4985 consortem
1400 4940 1428 4985 et
1446 4932 1534 4985 siliunt
1545 4933 1685 4986 etriscera
1699 4950 1763 4987 mea

153 5015 342 5085 tlicrediderit,
358 5021 461 5093 duplici
477 5022 590 5076 domino
610 5039 660 5076 suo
675 5022 736 5092 lege
757 5021 919 5092 constringi,
962 5021 1066 5085 habe03
1083 5037 1166 5091 quem
1183 5021 1205 5073 si
1223 5038 1279 5074 non
1289 5021 1455 5092 susceperis,
1468 5038 1519 5075 nec
1529 5021 1632 5075 habere
1642 5022 1761 5076 volueris

152 5107 234 5165 llciet
247 5112 341 5166 carnis
356 5111 522 5165 necessitate
530 5113 667 5181 jungatur
677 5112 711 5165 nd
723 5116 844 5181 tempus,
856 5111 921 5165 etin
963 5117 993 5165 ct
1014 5110 1073 5180 ipse
1094 5109 1227 5179 intelligis
1241 5111 1315 5181 qnod
1330 5127 1374 5164 mc
1389 5110 1493 5165 habere
1508 5129 1563 5164 non
1578 5110 1676 5181 possis.
1699 5131 1710 5162 (
1732 5112 1761 5166 δί

145 5196 258 5255 tiemunt
281 5200 382 5272 spiritu
403 5201 557 5272 copuletur.
573 5199 697 5271 (.·lmh=.)
716 5200 920 5254 intendendum
965 5216 977 5252 r
999 5205 1094 5253 autem
1109 5200 1214 5269 aliquid
1233 5200 1328 5254 nocuit
1338 5199 1388 5253 tibi
1402 5207 1452 5253 aut
1465 5199 1556 5264 debet,
1566 5201 1617 5253 hoc
1632 5199 1761 5254 mihiim·

142 5284 193 5341 vem
204 5296 254 5357 est,
274 5290 408 5361 qnoniam
423 5307 479 5344 non
494 5289 572 5353 dixit,
590 5295 622 5343 nt
637 5289 748 5354 habeas,
767 5290 815 5343 sed
832 5294 922 5343 utre·
966 5307 979 5339 e
1000 5295 1077 5359 puta.
1096 5312 1108 5340 ,θ
1125 5273 1184 5342 lloc
1201 5293 1251 5351 est,
1275 5306 1292 5341 a
1315 5306 1360 5343 me
1376 5289 1455 5360 exige
1477 5289 1534 5343 illa.
1561 5288 1690 5343 Imitator
1705 5290 1761 5345 Do·
1836 5281 1838 5285 ⁷

132 5359 219 5444 ‘inne
232 5396 289 5434 non
304 5380 381 5434 enim
396 5379 448 5433 hoc
461 5379 538 5445 dicit,
554 5378 686 5450 queniam
705 5379 829 5442 recessit,
846 5386 878 5432 ut
888 5379 922 5432 de
963 5377 1033 5431 mini
1048 5378 1099 5435 sui.
1118 5386 1146 5431 et
1162 5377 1305 5431 Christum
1323 5378 1353 5432 in
1368 5396 1397 5433 se
1412 5379 1573 5449 loquentem
1593 5379 1707 5446 habens,
1728 5397 1762 5435 ca

123 5456 222 5521 Qum
237 5467 343 5522 habeas
357 5484 423 5522 enm
437 5484 488 5537 pro
504 5485 591 5533 servo,
615 5469 752 5538 majorem
765 5484 833 5537 erga
857 5484 922 5521 enm
959 5467 1041 5537 juxta
1055 5467 1128 5520 vires
1143 5483 1208 5520 suas
1223 5465 1306 5521 debet
1319 5467 1409 5522 facere
1421 5485 1482 5538 quae
1498 5467 1636 5523 Christus.
1646 5469 1673 5540 Si
1685 5469 1761 5523 enim

113 5538 253 5615 mertum
262 5558 413 5615 ostendens
423 5577 428 5612 :
439 5574 505 5612 nam
514 5557 662 5612 ridiculum
678 5563 740 5611 erat
747 5557 840 5611 hocde
851 5556 922 5627 fugi·
962 5556 1009 5611 ille
1017 5556 1451 5628 infirmitatesnostrasportarit,
1462 5559 1592 5633 etplagas
1597 5565 1707 5613 nostras
1714 5559 1762 5613 do·
