<?xml version="1.0" encoding="UTF-8"?>
<!DOCTYPE html PUBLIC "-//W3C//DTD XHTML 1.0 Transitional//EN"
    "http://www.w3.org/TR/xhtml1/DTD/xhtml1-transitional.dtd">
<html xmlns="http://www.w3.org/1999/xhtml" xml:lang="en" lang="en">
 <head>
  <title>
</title>
<meta http-equiv="Content-Type" content="text/html;charset=utf-8" />
  <meta name='ocr-system' content='tesseract 3.04.00' />
  <meta name='ocr-capabilities' content='ocr_page ocr_carea ocr_par ocr_line ocrx_word'/>
</head>
<body>
  <div class='ocr_page' id='page_1' title='image "./patrologiaecurs22goog/patrologiaecurs22goog_0742.png"; bbox 0 0 3772 6120; ppageno 0'>
   <div class='ocr_carea' id='block_1_1' title="bbox 123 244 1755 310">
    <p class='ocr_par' dir='ltr' id='par_1_1' title="bbox 123 244 1755 310">
     <span class='ocr_line' id='line_1_1' title="bbox 123 244 1755 310; baseline -0.002 -1"><span class='ocrx_word' id='word_1_1' title='bbox 123 253 188 310; x_wconf 73' lang='lat'>14⁷1</span> <span class='ocrx_word' id='word_1_2' title='bbox 414 251 445 305; x_wconf 87' lang='lat' dir='ltr'><strong>B.</strong></span> <span class='ocrx_word' id='word_1_3' title='bbox 466 249 602 304; x_wconf 74' lang='lat' dir='ltr'><strong>anunm</strong></span> <span class='ocrx_word' id='word_1_4' title='bbox 621 247 737 303; x_wconf 78' lang='lat' dir='ltr'><strong>unum</strong></span> <span class='ocrx_word' id='word_1_5' title='bbox 759 248 929 304; x_wconf 73' lang='lat' dir='ltr'><strong>Ancurae.</strong></span> <span class='ocrx_word' id='word_1_6' title='bbox 950 248 1113 304; x_wconf 69' lang='lat' dir='ltr'><strong>nouum.</strong></span> <span class='ocrx_word' id='word_1_7' title='bbox 1134 246 1284 304; x_wconf 80' lang='lat' dir='ltr'><strong>OPERUM</strong></span> <span class='ocrx_word' id='word_1_8' title='bbox 1301 246 1395 303; x_wconf 73' lang='lat' dir='ltr'><strong>PARS</strong></span> <span class='ocrx_word' id='word_1_9' title='bbox 1414 244 1466 301; x_wconf 90' lang='lat'><strong>111.</strong></span> <span class='ocrx_word' id='word_1_10' title='bbox 1690 244 1755 305; x_wconf 73' lang='lat' dir='ltr'><strong>titt</strong></span> 
     </span>
    </p>
   </div>
   <div class='ocr_carea' id='block_1_2' title="bbox 117 370 1756 3378">
    <p class='ocr_par' dir='ltr' id='par_1_2' title="bbox 117 370 1756 2405">
     <span class='ocr_line' id='line_1_2' title="bbox 117 370 1755 444; baseline -0.002 -14"><span class='ocrx_word' id='word_1_11' title='bbox 117 378 165 440; x_wconf 73' lang='lat' dir='ltr'><strong>lae,</strong></span> <span class='ocrx_word' id='word_1_12' title='bbox 183 393 231 429; x_wconf 83' lang='lat' dir='ltr'><strong>ros</strong></span> <span class='ocrx_word' id='word_1_13' title='bbox 244 375 389 438; x_wconf 83' lang='lat' dir='ltr'><strong>ministra,</strong></span> <span class='ocrx_word' id='word_1_14' title='bbox 400 389 450 427; x_wconf 88' lang='lat' dir='ltr'><strong>nos</strong></span> <span class='ocrx_word' id='word_1_15' title='bbox 461 374 552 427; x_wconf 89' lang='lat' dir='ltr'><strong>nuntii</strong></span> <span class='ocrx_word' id='word_1_16' title='bbox 570 373 654 428; x_wconf 91' lang='lat' dir='ltr'><strong>unius</strong></span> <span class='ocrx_word' id='word_1_17' title='bbox 668 374 850 444; x_wconf 85' lang='lat' dir='ltr'><strong>ejusdemque</strong></span> <span class='ocrx_word' id='word_1_18' title='bbox 860 376 916 429; x_wconf 92' lang='lat' dir='ltr'><strong>Do·</strong></span> <span class='ocrx_word' id='word_1_19' title='bbox 926 377 951 436; x_wconf 79' lang='grc' dir='ltr'>Α</span> <span class='ocrx_word' id='word_1_20' title='bbox 960 375 1134 430; x_wconf 90' lang='lat' dir='ltr'><strong>mausoleum</strong></span> <span class='ocrx_word' id='word_1_21' title='bbox 1146 393 1152 440; x_wconf 92' lang='lat'>;</span> <span class='ocrx_word' id='word_1_22' title='bbox 1167 389 1258 443; x_wconf 88' lang='lat' dir='ltr'><strong>noque</strong></span> <span class='ocrx_word' id='word_1_23' title='bbox 1275 370 1419 442; x_wconf 88' lang='lat' dir='ltr'><strong>apostolis,</strong></span> <span class='ocrx_word' id='word_1_24' title='bbox 1431 370 1481 442; x_wconf 91' lang='lat' dir='ltr'><strong>qui</strong></span> <span class='ocrx_word' id='word_1_25' title='bbox 1496 382 1563 424; x_wconf 92' lang='lat' dir='ltr'><strong>eum</strong></span> <span class='ocrx_word' id='word_1_26' title='bbox 1578 385 1672 424; x_wconf 83' lang='lat' dir='ltr'><strong>secum</strong></span> <span class='ocrx_word' id='word_1_27' title='bbox 1687 387 1755 442; x_wconf 77' lang='lat' dir='ltr'><strong>qute-</strong></span> 
     </span>
     <span class='ocr_line' id='line_1_3' title="bbox 117 459 1754 533; baseline -0.004 -13"><span class='ocrx_word' id='word_1_28' title='bbox 117 465 197 520; x_wconf 89' lang='lat' dir='ltr'><strong>mini.</strong></span> <span class='ocrx_word' id='word_1_29' title='bbox 208 466 303 519; x_wconf 84' lang='lat' dir='ltr'><strong>lesum</strong></span> <span class='ocrx_word' id='word_1_30' title='bbox 319 466 444 532; x_wconf 78' lang='lat' dir='ltr'><strong>qrmritir</strong></span> <span class='ocrx_word' id='word_1_31' title='bbox 460 461 855 524; x_wconf 88' lang='lat' dir='ltr'><strong>substantialitersalutarem,</strong></span> <span class='ocrx_word' id='word_1_32' title='bbox 865 465 919 518; x_wconf 78' lang='lat' dir='ltr'><strong>,l&#39;a-</strong></span> <span class='ocrx_word' id='word_1_33' title='bbox 960 465 1082 517; x_wconf 86' lang='lat' dir='ltr'><strong>siemnt:</strong></span> <span class='ocrx_word' id='word_1_34' title='bbox 1099 479 1150 516; x_wconf 90' lang='lat' dir='ltr'><strong>nee</strong></span> <span class='ocrx_word' id='word_1_35' title='bbox 1160 462 1303 533; x_wconf 83' lang='lat' dir='ltr'><strong>apostolis,</strong></span> <span class='ocrx_word' id='word_1_36' title='bbox 1315 460 1418 532; x_wconf 88' lang='lat' dir='ltr'><strong>quihus</strong></span> <span class='ocrx_word' id='word_1_37' title='bbox 1428 459 1614 513; x_wconf 82' lang='lat' dir='ltr'><strong>nuntiaverat</strong></span> <span class='ocrx_word' id='word_1_38' title='bbox 1623 459 1754 525; x_wconf 67' lang='lat' dir='ltr'><strong>ablatum</strong></span> 
     </span>
     <span class='ocr_line' id='line_1_4' title="bbox 117 548 1756 619; baseline -0.003 -11"><span class='ocrx_word' id='word_1_39' title='bbox 117 570 264 618; x_wconf 74' lang='lat' dir='ltr'><strong>maraton,</strong></span> <span class='ocrx_word' id='word_1_40' title='bbox 277 552 379 607; x_wconf 84' lang='lat' dir='ltr'><strong>nudius</strong></span> <span class='ocrx_word' id='word_1_41' title='bbox 392 552 492 605; x_wconf 86' lang='lat' dir='ltr'><strong>tertius</strong></span> <span class='ocrx_word' id='word_1_42' title='bbox 505 555 693 618; x_wconf 69' lang='lat' dir='ltr'><strong>rrnrr‘flcemna</strong></span> <span class='ocrx_word' id='word_1_43' title='bbox 706 572 713 606; x_wconf 91' lang='lat'><em>:</em></span> <span class='ocrx_word' id='word_1_44' title='bbox 725 555 850 605; x_wconf 74' lang='lat' dir='ltr'><strong>surrexit</strong></span> <span class='ocrx_word' id='word_1_45' title='bbox 863 568 918 606; x_wconf 84' lang='lat' dir='ltr'><strong>noa</strong></span> <span class='ocrx_word' id='word_1_46' title='bbox 959 570 1010 606; x_wconf 88' lang='lat' dir='ltr'><strong>nee</strong></span> <span class='ocrx_word' id='word_1_47' title='bbox 1024 552 1106 606; x_wconf 89' lang='lat' dir='ltr'><strong>sociis</strong></span> <span class='ocrx_word' id='word_1_48' title='bbox 1125 550 1298 611; x_wconf 88' lang='lat' dir='ltr'><strong>mulieribus,</strong></span> <span class='ocrx_word' id='word_1_49' title='bbox 1311 549 1359 619; x_wconf 91' lang='lat' dir='ltr'><strong>qui</strong></span> <span class='ocrx_word' id='word_1_50' title='bbox 1375 565 1442 602; x_wconf 92' lang='lat' dir='ltr'><strong>eum</strong></span> <span class='ocrx_word' id='word_1_51' title='bbox 1457 565 1532 618; x_wconf 72' lang='lat' dir='ltr'><strong>saepe</strong></span> <span class='ocrx_word' id='word_1_52' title='bbox 1548 548 1756 617; x_wconf 75' lang='lat' dir='ltr'><strong>quaerendofru</strong></span> 
     </span>
     <span class='ocr_line' id='line_1_5' title="bbox 118 636 1756 712; baseline -0.003 -15"><span class='ocrx_word' id='word_1_53' title='bbox 118 649 155 697; x_wconf 78' lang='lat' dir='ltr'><strong>est</strong></span> <span class='ocrx_word' id='word_1_54' title='bbox 170 644 223 707; x_wconf 84' lang='lat' dir='ltr'><strong>lu&#39;c,</strong></span> <span class='ocrx_word' id='word_1_55' title='bbox 241 641 287 712; x_wconf 90' lang='lat' dir='ltr'><strong>qui</strong></span> <span class='ocrx_word' id='word_1_56' title='bbox 302 646 397 695; x_wconf 88' lang='lat' dir='ltr'><strong>tamen</strong></span> <span class='ocrx_word' id='word_1_57' title='bbox 418 646 447 693; x_wconf 86' lang='lat' dir='ltr'><strong>ot</strong></span> <span class='ocrx_word' id='word_1_58' title='bbox 467 639 569 710; x_wconf 91' lang='lat' dir='ltr'><strong>ubique</strong></span> <span class='ocrx_word' id='word_1_59' title='bbox 594 646 636 694; x_wconf 89' lang='lat' dir='ltr'><strong>est</strong></span> <span class='ocrx_word' id='word_1_60' title='bbox 650 638 674 695; x_wconf 79' lang='lat' dir='ltr'><strong>b.</strong></span> <span class='ocrx_word' id='word_1_61' title='bbox 690 640 809 695; x_wconf 85' lang='lat' dir='ltr'><strong>Stabant</strong></span> <span class='ocrx_word' id='word_1_62' title='bbox 822 647 917 696; x_wconf 90' lang='lat' dir='ltr'><strong>autem</strong></span> <span class='ocrx_word' id='word_1_63' title='bbox 958 647 1053 695; x_wconf 74' lang='lat' dir='ltr'><strong>stratae</strong></span> <span class='ocrx_word' id='word_1_64' title='bbox 1067 640 1194 703; x_wconf 80' lang='lat' dir='ltr'><strong>fuerant3</strong></span> <span class='ocrx_word' id='word_1_65' title='bbox 1211 655 1262 693; x_wconf 90' lang='lat' dir='ltr'><strong>nec</strong></span> <span class='ocrx_word' id='word_1_66' title='bbox 1283 638 1400 708; x_wconf 89' lang='lat' dir='ltr'><strong>angelis,</strong></span> <span class='ocrx_word' id='word_1_67' title='bbox 1416 654 1433 691; x_wconf 86' lang='lat' dir='ltr'><strong>a</strong></span> <span class='ocrx_word' id='word_1_68' title='bbox 1456 636 1562 707; x_wconf 89' lang='lat' dir='ltr'><strong>quibus</strong></span> <span class='ocrx_word' id='word_1_69' title='bbox 1577 652 1633 691; x_wconf 91' lang='lat' dir='ltr'><strong>non</strong></span> <span class='ocrx_word' id='word_1_70' title='bbox 1649 653 1711 691; x_wconf 91' lang='lat' dir='ltr'><strong>eum</strong></span> <span class='ocrx_word' id='word_1_71' title='bbox 1722 638 1756 693; x_wconf 89' lang='lat' dir='ltr'><strong>ibi</strong></span> 
     </span>
     <span class='ocr_line' id='line_1_6' title="bbox 117 724 1756 800; baseline -0.002 -15"><span class='ocrx_word' id='word_1_72' title='bbox 117 731 222 795; x_wconf 85' lang='lat' dir='ltr'><strong>Mariae,</strong></span> <span class='ocrx_word' id='word_1_73' title='bbox 247 730 321 784; x_wconf 90' lang='lat' dir='ltr'><strong>intra</strong></span> <span class='ocrx_word' id='word_1_74' title='bbox 340 736 564 791; x_wconf 82' lang='lat' dir='ltr'><strong>monumentum,</strong></span> <span class='ocrx_word' id='word_1_75' title='bbox 588 730 662 800; x_wconf 94' lang='lat' dir='ltr'><strong>quod</strong></span> <span class='ocrx_word' id='word_1_76' title='bbox 683 729 857 784; x_wconf 79' lang='lat' dir='ltr'><strong>intraverant</strong></span> <span class='ocrx_word' id='word_1_77' title='bbox 882 730 917 784; x_wconf 92' lang='lat' dir='ltr'><strong>ab</strong></span> <span class='ocrx_word' id='word_1_78' title='bbox 958 747 1028 797; x_wconf 85' lang='lat' dir='ltr'><strong>esse,</strong></span> <span class='ocrx_word' id='word_1_79' title='bbox 1044 730 1092 783; x_wconf 91' lang='lat' dir='ltr'><strong>sed</strong></span> <span class='ocrx_word' id='word_1_80' title='bbox 1108 727 1301 793; x_wconf 78' lang='lat' dir='ltr'><strong>resurrexisse,</strong></span> <span class='ocrx_word' id='word_1_81' title='bbox 1314 727 1453 790; x_wconf 81' lang='lat' dir='ltr'><strong>audierat,</strong></span> <span class='ocrx_word' id='word_1_82' title='bbox 1465 724 1602 791; x_wconf 83' lang='lat' dir='ltr'><strong>credens3</strong></span> <span class='ocrx_word' id='word_1_83' title='bbox 1617 728 1756 781; x_wconf 78' lang='lat' dir='ltr'><strong>inclinant</strong></span> 
     </span>
     <span class='ocr_line' id='line_1_7' title="bbox 118 815 1756 889; baseline -0.002 -16"><span class='ocrx_word' id='word_1_84' title='bbox 118 819 235 880; x_wconf 89' lang='lat' dir='ltr'><strong>oriente,</strong></span> <span class='ocrx_word' id='word_1_85' title='bbox 253 825 318 872; x_wconf 89' lang='lat' dir='ltr'><strong>ante</strong></span> <span class='ocrx_word' id='word_1_86' title='bbox 333 818 501 889; x_wconf 88' lang='lat' dir='ltr'><strong>sepulerum,</strong></span> <span class='ocrx_word' id='word_1_87' title='bbox 519 817 635 872; x_wconf 80' lang='lat' dir='ltr'>sedebat</span> <span class='ocrx_word' id='word_1_88' title='bbox 648 819 765 887; x_wconf 81' lang='lat' dir='ltr'>angelus</span> <span class='ocrx_word' id='word_1_89' title='bbox 778 823 844 873; x_wconf 88' lang='lat' dir='ltr'><strong>ante</strong></span> <span class='ocrx_word' id='word_1_90' title='bbox 858 836 915 886; x_wconf 87' lang='lat' dir='ltr'><strong>eas,</strong></span> <span class='ocrx_word' id='word_1_91' title='bbox 957 837 993 879; x_wconf 82' lang='lat' dir='ltr'><strong>se,</strong></span> <span class='ocrx_word' id='word_1_92' title='bbox 1004 821 1072 873; x_wconf 86' lang='lat' dir='ltr'><strong>dum</strong></span> <span class='ocrx_word' id='word_1_93' title='bbox 1086 823 1206 889; x_wconf 64' lang='lat' dir='ltr'><strong>{tractet</strong></span> <span class='ocrx_word' id='word_1_94' title='bbox 1215 819 1353 886; x_wconf 78' lang='lat' dir='ltr'><strong>prospexit</strong></span> <span class='ocrx_word' id='word_1_95' title='bbox 1364 820 1395 869; x_wconf 82' lang='lat' dir='ltr'><strong>iu</strong></span> <span class='ocrx_word' id='word_1_96' title='bbox 1406 819 1626 870; x_wconf 76' lang='lat' dir='ltr'><strong>monumentum</strong></span> <span class='ocrx_word' id='word_1_97' title='bbox 1637 833 1646 869; x_wconf 88' lang='lat'><strong>.·</strong></span> <span class='ocrx_word' id='word_1_98' title='bbox 1656 815 1756 884; x_wconf 76' lang='lat' dir='ltr'><strong>ejusre</strong></span> 
     </span>
     <span class='ocr_line' id='line_1_8' title="bbox 118 904 1755 979; baseline -0.002 -16"><span class='ocrx_word' id='word_1_99' title='bbox 118 908 147 963; x_wconf 92' lang='lat' dir='ltr'><strong>in</strong></span> <span class='ocrx_word' id='word_1_100' title='bbox 162 909 267 962; x_wconf 85' lang='lat' dir='ltr'><strong>dextris</strong></span> <span class='ocrx_word' id='word_1_101' title='bbox 288 907 420 979; x_wconf 83' lang='lat' dir='ltr'><strong>sepulcri.</strong></span> <span class='ocrx_word' id='word_1_102' title='bbox 443 908 477 960; x_wconf 86' lang='lat' dir='ltr'><strong>Et</strong></span> <span class='ocrx_word' id='word_1_103' title='bbox 504 912 616 961; x_wconf 85' lang='lat' dir='ltr'><strong>extenta</strong></span> <span class='ocrx_word' id='word_1_104' title='bbox 630 923 725 967; x_wconf 86' lang='lat' dir='ltr'><strong>manu,</strong></span> <span class='ocrx_word' id='word_1_105' title='bbox 743 908 918 964; x_wconf 85' lang='lat' dir='ltr'><strong>mausoleum</strong></span> <span class='ocrx_word' id='word_1_106' title='bbox 958 925 1024 962; x_wconf 85' lang='lat' dir='ltr'><strong>vera</strong></span> <span class='ocrx_word' id='word_1_107' title='bbox 1037 907 1172 962; x_wconf 88' lang='lat' dir='ltr'><strong>instinctu</strong></span> <span class='ocrx_word' id='word_1_108' title='bbox 1188 912 1217 961; x_wconf 91' lang='lat' dir='ltr'><strong>et</strong></span> <span class='ocrx_word' id='word_1_109' title='bbox 1231 905 1424 977; x_wconf 80' lang='lat' dir='ltr'><strong>inspiratione,</strong></span> <span class='ocrx_word' id='word_1_110' title='bbox 1444 904 1494 975; x_wconf 90' lang='lat' dir='ltr'><strong>qui</strong></span> <span class='ocrx_word' id='word_1_111' title='bbox 1509 919 1577 958; x_wconf 86' lang='lat' dir='ltr'><strong>eam</strong></span> <span class='ocrx_word' id='word_1_112' title='bbox 1593 904 1629 957; x_wconf 85' lang='lat' dir='ltr'><strong>ad</strong></span> <span class='ocrx_word' id='word_1_113' title='bbox 1644 920 1675 958; x_wconf 88' lang='lat' dir='ltr'><strong>se</strong></span> <span class='ocrx_word' id='word_1_114' title='bbox 1687 921 1755 975; x_wconf 81' lang='lat' dir='ltr'><strong>qua-</strong></span> 
     </span>
     <span class='ocr_line' id='line_1_9' title="bbox 118 992 1755 1068; baseline -0.002 -17"><span class='ocrx_word' id='word_1_115' title='bbox 118 1012 234 1068; x_wconf 90' lang='lat' dir='ltr'><strong>eorpore</strong></span> <span class='ocrx_word' id='word_1_116' title='bbox 249 1013 368 1051; x_wconf 87' lang='lat' dir='ltr'><strong>vacuum</strong></span> <span class='ocrx_word' id='word_1_117' title='bbox 378 996 457 1067; x_wconf 88' lang='lat' dir='ltr'><strong>quasi</strong></span> <span class='ocrx_word' id='word_1_118' title='bbox 472 996 559 1065; x_wconf 83' lang='lat' dir='ltr'><strong>digito</strong></span> <span class='ocrx_word' id='word_1_119' title='bbox 570 997 610 1050; x_wconf 89' lang='lat' dir='ltr'><strong>eis</strong></span> <span class='ocrx_word' id='word_1_120' title='bbox 620 996 826 1061; x_wconf 77' lang='lat' dir='ltr'><strong>demonstrem,</strong></span> <span class='ocrx_word' id='word_1_121' title='bbox 843 999 916 1061; x_wconf 77' lang='lat' dir='ltr'><strong>Erre,</strong></span> <span class='ocrx_word' id='word_1_122' title='bbox 959 997 1077 1051; x_wconf 87' lang='lat' dir='ltr'><strong>rendum</strong></span> <span class='ocrx_word' id='word_1_123' title='bbox 1087 995 1251 1059; x_wconf 75' lang='lat' dir='ltr'><strong>incitauere,</strong></span> <span class='ocrx_word' id='word_1_124' title='bbox 1263 996 1311 1066; x_wconf 90' lang='lat' dir='ltr'><strong>qui</strong></span> <span class='ocrx_word' id='word_1_125' title='bbox 1321 996 1383 1064; x_wconf 87' lang='lat' dir='ltr'><strong>ejus</strong></span> <span class='ocrx_word' id='word_1_126' title='bbox 1393 1000 1519 1048; x_wconf 83' lang='lat' dir='ltr'><strong>mentem</strong></span> <span class='ocrx_word' id='word_1_127' title='bbox 1532 992 1755 1060; x_wconf 86' lang='lat' dir='ltr'><strong>igneamorissui</strong></span> 
     </span>
     <span class='ocr_line' id='line_1_10' title="bbox 118 1083 1755 1156; baseline -0.002 -16"><span class='ocrx_word' id='word_1_128' title='bbox 118 1087 167 1145; x_wconf 84' lang='lat' dir='ltr'><strong>ait,</strong></span> <span class='ocrx_word' id='word_1_129' title='bbox 184 1090 269 1153; x_wconf 83' lang='lat' dir='ltr'><strong>loeus,</strong></span> <span class='ocrx_word' id='word_1_130' title='bbox 283 1086 332 1138; x_wconf 85' lang='lat' dir='ltr'><strong>abi</strong></span> <span class='ocrx_word' id='word_1_131' title='bbox 344 1090 496 1154; x_wconf 82' lang='lat' dir='ltr'><strong>posuerant</strong></span> <span class='ocrx_word' id='word_1_132' title='bbox 511 1101 571 1138; x_wconf 83' lang='lat' dir='ltr'><strong>curu</strong></span> <span class='ocrx_word' id='word_1_133' title='bbox 587 1085 724 1156; x_wconf 83' lang='lat' dir='ltr'><strong>principes</strong></span> <span class='ocrx_word' id='word_1_134' title='bbox 745 1086 915 1145; x_wconf 74' lang='lat' dir='ltr'><strong>ludaeorum,</strong></span> <span class='ocrx_word' id='word_1_135' title='bbox 958 1083 1166 1151; x_wconf 53' lang='lat' dir='ltr'><strong>inflammabas</strong></span> <span class='ocrx_word' id='word_1_136' title='bbox 1177 1101 1232 1155; x_wconf 92' lang='lat' dir='ltr'><strong>quo</strong></span> <span class='ocrx_word' id='word_1_137' title='bbox 1247 1084 1363 1137; x_wconf 85' lang='lat' dir='ltr'><strong>docente</strong></span> <span class='ocrx_word' id='word_1_138' title='bbox 1374 1083 1694 1154; x_wconf 77' lang='lat' dir='ltr'><strong>necapostolorummec</strong></span> <span class='ocrx_word' id='word_1_139' title='bbox 1701 1098 1755 1137; x_wconf 90' lang='lat' dir='ltr'><strong>rau·</strong></span> 
     </span>
     <span class='ocr_line' id='line_1_11' title="bbox 118 1170 1756 1245; baseline -0.002 -16"><span class='ocrx_word' id='word_1_140' title='bbox 118 1182 147 1229; x_wconf 88' lang='lat' dir='ltr'><strong>et</strong></span> <span class='ocrx_word' id='word_1_141' title='bbox 167 1175 268 1229; x_wconf 89' lang='lat' dir='ltr'><strong>nobilis</strong></span> <span class='ocrx_word' id='word_1_142' title='bbox 280 1174 403 1236; x_wconf 84' lang='lat' dir='ltr'><strong>decurio,</strong></span> <span class='ocrx_word' id='word_1_143' title='bbox 427 1181 456 1227; x_wconf 86' lang='lat' dir='ltr'><strong>et</strong></span> <span class='ocrx_word' id='word_1_144' title='bbox 469 1173 516 1227; x_wconf 90' lang='lat' dir='ltr'><strong>alii</strong></span> <span class='ocrx_word' id='word_1_145' title='bbox 537 1173 583 1243; x_wconf 89' lang='lat' dir='ltr'><strong>qui</strong></span> <span class='ocrx_word' id='word_1_146' title='bbox 608 1190 672 1228; x_wconf 91' lang='lat' dir='ltr'><strong>eum</strong></span> <span class='ocrx_word' id='word_1_147' title='bbox 687 1174 786 1228; x_wconf 83' lang='lat' dir='ltr'><strong>devote</strong></span> <span class='ocrx_word' id='word_1_148' title='bbox 799 1175 918 1245; x_wconf 90' lang='lat' dir='ltr'><strong>sepelie-</strong></span> <span class='ocrx_word' id='word_1_149' title='bbox 958 1177 1069 1240; x_wconf 88' lang='lat' dir='ltr'><strong>lierum,</strong></span> <span class='ocrx_word' id='word_1_150' title='bbox 1087 1191 1137 1228; x_wconf 87' lang='lat' dir='ltr'><strong>uec</strong></span> <span class='ocrx_word' id='word_1_151' title='bbox 1151 1173 1236 1228; x_wconf 88' lang='lat' dir='ltr'><strong>etiam</strong></span> <span class='ocrx_word' id='word_1_152' title='bbox 1247 1173 1303 1226; x_wconf 86' lang='lat' dir='ltr'><strong>suis</strong></span> <span class='ocrx_word' id='word_1_153' title='bbox 1315 1172 1436 1243; x_wconf 88' lang='lat' dir='ltr'><strong>propriis</strong></span> <span class='ocrx_word' id='word_1_154' title='bbox 1446 1171 1549 1234; x_wconf 76' lang='lat' dir='ltr'><strong>oculiS,</strong></span> <span class='ocrx_word' id='word_1_155' title='bbox 1559 1170 1643 1224; x_wconf 78' lang='lat' dir='ltr'><strong>facile</strong></span> <span class='ocrx_word' id='word_1_156' title='bbox 1654 1170 1756 1226; x_wconf 87' lang='lat' dir='ltr'><strong>creden·</strong></span> 
     </span>
     <span class='ocr_line' id='line_1_12' title="bbox 117 1261 1755 1334; baseline -0.002 -16"><span class='ocrx_word' id='word_1_157' title='bbox 117 1271 194 1318; x_wconf 91' lang='lat' dir='ltr'><strong>runt.</strong></span> <span class='ocrx_word' id='word_1_158' title='bbox 210 1264 262 1318; x_wconf 78' lang='lat' dir='ltr'><strong>Sed</strong></span> <span class='ocrx_word' id='word_1_159' title='bbox 281 1263 348 1334; x_wconf 86' lang='lat' dir='ltr'><strong>quia</strong></span> <span class='ocrx_word' id='word_1_160' title='bbox 371 1279 467 1315; x_wconf 80' lang='lat' dir='ltr'><strong>revera</strong></span> <span class='ocrx_word' id='word_1_161' title='bbox 483 1262 634 1316; x_wconf 89' lang='lat' dir='ltr'><strong>surrexita</strong></span> <span class='ocrx_word' id='word_1_162' title='bbox 653 1263 773 1316; x_wconf 88' lang='lat' dir='ltr'><strong>mortuis</strong></span> <span class='ocrx_word' id='word_1_163' title='bbox 790 1282 795 1315; x_wconf 93' lang='lat'>:</span> <span class='ocrx_word' id='word_1_164' title='bbox 815 1265 860 1325; x_wconf 85' lang='lat' dir='ltr'><strong>lte,</strong></span> <span class='ocrx_word' id='word_1_165' title='bbox 877 1265 918 1317; x_wconf 82' lang='lat' dir='ltr'><strong>di·</strong></span> <span class='ocrx_word' id='word_1_166' title='bbox 959 1265 1025 1319; x_wconf 92' lang='lat' dir='ltr'><strong>dum</strong></span> <span class='ocrx_word' id='word_1_167' title='bbox 1041 1281 1101 1318; x_wconf 91' lang='lat' dir='ltr'><strong>esse</strong></span> <span class='ocrx_word' id='word_1_168' title='bbox 1116 1262 1247 1334; x_wconf 87' lang='lat' dir='ltr'><strong>putabat:</strong></span> <span class='ocrx_word' id='word_1_169' title='bbox 1263 1266 1287 1314; x_wconf 84' lang='lat' dir='ltr'><strong>et</strong></span> <span class='ocrx_word' id='word_1_170' title='bbox 1298 1262 1366 1314; x_wconf 69' lang='lat' dir='ltr'><strong>rudit</strong></span> <span class='ocrx_word' id='word_1_171' title='bbox 1380 1263 1449 1314; x_wconf 80' lang='lat' dir='ltr'><strong>daos</strong></span> <span class='ocrx_word' id='word_1_172' title='bbox 1463 1263 1590 1327; x_wconf 71' lang='lat' dir='ltr'><strong>angelos,</strong></span> <span class='ocrx_word' id='word_1_173' title='bbox 1603 1262 1634 1312; x_wconf 85' lang='lat' dir='ltr'><strong>in</strong></span> <span class='ocrx_word' id='word_1_174' title='bbox 1642 1261 1755 1324; x_wconf 62' lang='lat' dir='ltr'><strong>olbian-</strong></span> 
     </span>
     <span class='ocr_line' id='line_1_13' title="bbox 118 1349 1754 1422; baseline -0.002 -17"><span class='ocrx_word' id='word_1_175' title='bbox 118 1356 169 1406; x_wconf 84' lang='lat' dir='ltr'><strong>rr&#39;te</strong></span> <span class='ocrx_word' id='word_1_176' title='bbox 184 1354 327 1421; x_wconf 81' lang='lat' dir='ltr'><strong>discipulis</strong></span> <span class='ocrx_word' id='word_1_177' title='bbox 338 1356 396 1420; x_wconf 79' lang='lat' dir='ltr'><strong>rjus</strong></span> <span class='ocrx_word' id='word_1_178' title='bbox 407 1351 464 1422; x_wconf 88' lang='lat' dir='ltr'><strong>qui,</strong></span> <span class='ocrx_word' id='word_1_179' title='bbox 482 1367 514 1404; x_wconf 90' lang='lat' dir='ltr'><strong>eo</strong></span> <span class='ocrx_word' id='word_1_180' title='bbox 528 1352 738 1421; x_wconf 84' lang='lat' dir='ltr'><strong>comprehenso,</strong></span> <span class='ocrx_word' id='word_1_181' title='bbox 750 1352 915 1418; x_wconf 89' lang='lat' dir='ltr'><strong>timuerunt,</strong></span> <span class='ocrx_word' id='word_1_182' title='bbox 958 1355 1156 1413; x_wconf 65' lang='lat' dir='ltr'><strong>(trasimenum</strong></span> <span class='ocrx_word' id='word_1_183' title='bbox 1164 1353 1200 1405; x_wconf 87' lang='lat' dir='ltr'><strong>od</strong></span> <span class='ocrx_word' id='word_1_184' title='bbox 1211 1356 1300 1420; x_wconf 83' lang='lat' dir='ltr'><strong>rapat,</strong></span> <span class='ocrx_word' id='word_1_185' title='bbox 1311 1356 1335 1403; x_wconf 86' lang='lat' dir='ltr'><strong>ct</strong></span> <span class='ocrx_word' id='word_1_186' title='bbox 1344 1349 1578 1417; x_wconf 72' lang='lat' dir='ltr'><strong>anurnadpedcs,</strong></span> <span class='ocrx_word' id='word_1_187' title='bbox 1589 1349 1640 1401; x_wconf 84' lang='lat' dir='ltr'><strong>abi</strong></span> <span class='ocrx_word' id='word_1_188' title='bbox 1646 1352 1754 1418; x_wconf 70' lang='lat' dir='ltr'><strong>porilem</strong></span> 
     </span>
     <span class='ocr_line' id='line_1_14' title="bbox 118 1438 1755 1511; baseline -0.004 -15"><span class='ocrx_word' id='word_1_189' title='bbox 118 1447 147 1496; x_wconf 87' lang='lat' dir='ltr'><strong>et</strong></span> <span class='ocrx_word' id='word_1_190' title='bbox 162 1441 258 1495; x_wconf 89' lang='lat' dir='ltr'><strong>relicto</strong></span> <span class='ocrx_word' id='word_1_191' title='bbox 272 1458 315 1505; x_wconf 92' lang='lat' dir='ltr'><strong>eo,</strong></span> <span class='ocrx_word' id='word_1_192' title='bbox 332 1456 429 1494; x_wconf 90' lang='lat' dir='ltr'><strong>omnes</strong></span> <span class='ocrx_word' id='word_1_193' title='bbox 444 1439 592 1510; x_wconf 80' lang='lat' dir='ltr'><strong>fugerunt;</strong></span> <span class='ocrx_word' id='word_1_194' title='bbox 608 1445 633 1493; x_wconf 85' lang='lat' dir='ltr'><strong>rt</strong></span> <span class='ocrx_word' id='word_1_195' title='bbox 648 1443 735 1501; x_wconf 79' lang='lat' dir='ltr'><strong>Petro,</strong></span> <span class='ocrx_word' id='word_1_196' title='bbox 753 1441 800 1511; x_wconf 89' lang='lat' dir='ltr'><strong>qui</strong></span> <span class='ocrx_word' id='word_1_197' title='bbox 810 1440 918 1495; x_wconf 82' lang='lat' dir='ltr'><strong>caeteris</strong></span> <span class='ocrx_word' id='word_1_198' title='bbox 959 1445 1052 1509; x_wconf 74' lang='lat' dir='ltr'><strong>sacrat</strong></span> <span class='ocrx_word' id='word_1_199' title='bbox 1062 1457 1159 1509; x_wconf 86' lang='lat' dir='ltr'><strong>corpas</strong></span> <span class='ocrx_word' id='word_1_200' title='bbox 1176 1441 1253 1494; x_wconf 85' lang='lat' dir='ltr'><strong>lesu.</strong></span> <span class='ocrx_word' id='word_1_201' title='bbox 1267 1440 1370 1494; x_wconf 79' lang='lat' dir='ltr'><strong>Dicam</strong></span> <span class='ocrx_word' id='word_1_202' title='bbox 1383 1441 1429 1491; x_wconf 84' lang='lat' dir='ltr'><strong>ri:</strong></span> <span class='ocrx_word' id='word_1_203' title='bbox 1445 1438 1564 1504; x_wconf 64' lang='lat' dir='ltr'><strong>indier,</strong></span> <span class='ocrx_word' id='word_1_204' title='bbox 1579 1439 1755 1506; x_wconf 76' lang='lat' dir='ltr'><strong>quidpiam?</strong></span> 
     </span>
     <span class='ocr_line' id='line_1_15' title="bbox 118 1525 1754 1601; baseline -0.003 -17"><span class='ocrx_word' id='word_1_205' title='bbox 118 1530 298 1601; x_wconf 81' lang='lat' dir='ltr'><strong>fugientibus,</strong></span> <span class='ocrx_word' id='word_1_206' title='bbox 317 1546 334 1583; x_wconf 95' lang='lat' dir='ltr'><strong>a</strong></span> <span class='ocrx_word' id='word_1_207' title='bbox 358 1531 440 1599; x_wconf 88' lang='lat' dir='ltr'><strong>longo</strong></span> <span class='ocrx_word' id='word_1_208' title='bbox 465 1534 577 1583; x_wconf 89' lang='lat' dir='ltr'><strong>secutus</strong></span> <span class='ocrx_word' id='word_1_209' title='bbox 601 1534 644 1583; x_wconf 86' lang='lat' dir='ltr'><strong>est</strong></span> <span class='ocrx_word' id='word_1_210' title='bbox 663 1546 743 1585; x_wconf 73' lang='lat' dir='ltr'><strong>orum:</strong></span> <span class='ocrx_word' id='word_1_211' title='bbox 767 1547 799 1583; x_wconf 92' lang='lat' dir='ltr'><strong>ac</strong></span> <span class='ocrx_word' id='word_1_212' title='bbox 821 1536 920 1601; x_wconf 89' lang='lat' dir='ltr'><strong>postea</strong></span> <span class='ocrx_word' id='word_1_213' title='bbox 959 1529 1074 1594; x_wconf 85' lang='lat' dir='ltr'><strong>Quibus,</strong></span> <span class='ocrx_word' id='word_1_214' title='bbox 1088 1529 1177 1584; x_wconf 86' lang='lat' dir='ltr'><strong>Maria</strong></span> <span class='ocrx_word' id='word_1_215' title='bbox 1199 1527 1360 1582; x_wconf 85' lang='lat' dir='ltr'><strong>existimans</strong></span> <span class='ocrx_word' id='word_1_216' title='bbox 1374 1543 1421 1580; x_wconf 92' lang='lat' dir='ltr'><strong>eos</strong></span> <span class='ocrx_word' id='word_1_217' title='bbox 1436 1542 1579 1596; x_wconf 72' lang='lat' dir='ltr'><strong>quaerere,</strong></span> <span class='ocrx_word' id='word_1_218' title='bbox 1595 1541 1648 1580; x_wconf 90' lang='lat' dir='ltr'><strong>nec</strong></span> <span class='ocrx_word' id='word_1_219' title='bbox 1662 1525 1754 1579; x_wconf 83' lang='lat' dir='ltr'><strong>nescios</strong></span> 
     </span>
     <span class='ocr_line' id='line_1_16' title="bbox 118 1616 1750 1709; baseline -0.002 -36"><span class='ocrx_word' id='word_1_220' title='bbox 118 1637 180 1673; x_wconf 81' lang='lat' dir='ltr'><strong>cunr</strong></span> <span class='ocrx_word' id='word_1_221' title='bbox 196 1636 261 1674; x_wconf 87' lang='lat' dir='ltr'><strong>cum</strong></span> <span class='ocrx_word' id='word_1_222' title='bbox 276 1636 291 1671; x_wconf 85' lang='lat' dir='ltr'><strong>e</strong></span> <span class='ocrx_word' id='word_1_223' title='bbox 305 1619 389 1672; x_wconf 90' lang='lat' dir='ltr'><strong>tertio</strong></span> <span class='ocrx_word' id='word_1_224' title='bbox 413 1625 552 1689; x_wconf 85' lang='lat' dir='ltr'><strong>negasset,</strong></span> <span class='ocrx_word' id='word_1_225' title='bbox 569 1619 752 1689; x_wconf 87' lang='lat' dir='ltr'><strong>Christusque</strong></span> <span class='ocrx_word' id='word_1_226' title='bbox 767 1625 949 1709; x_wconf 79' lang='lat' dir='ltr'><strong>negantemB</strong></span> <span class='ocrx_word' id='word_1_227' title='bbox 960 1620 1267 1689; x_wconf 77' lang='lat' dir='ltr'><strong>causamlaerymarum</strong></span> <span class='ocrx_word' id='word_1_228' title='bbox 1277 1616 1750 1683; x_wconf 78' lang='lat' dir='ltr'><strong>:OmetuleruntDominummcum,</strong></span> 
     </span>
     <span class='ocr_line' id='line_1_17' title="bbox 119 1703 1753 1779; baseline -0.003 -17"><span class='ocrx_word' id='word_1_229' title='bbox 119 1708 338 1762; x_wconf 87' lang='lat' dir='ltr'><strong>misericorditer</strong></span> <span class='ocrx_word' id='word_1_230' title='bbox 347 1707 523 1778; x_wconf 83' lang='lat' dir='ltr'><strong>respexisset,</strong></span> <span class='ocrx_word' id='word_1_231' title='bbox 538 1724 667 1777; x_wconf 83' lang='lat' dir='ltr'><strong>egressus</strong></span> <span class='ocrx_word' id='word_1_232' title='bbox 682 1708 716 1761; x_wconf 92' lang='lat' dir='ltr'><strong>de</strong></span> <span class='ocrx_word' id='word_1_233' title='bbox 731 1709 802 1761; x_wconf 92' lang='lat' dir='ltr'><strong>atrio</strong></span> <span class='ocrx_word' id='word_1_234' title='bbox 814 1709 918 1778; x_wconf 80' lang='lat' dir='ltr'><strong>princi·</strong></span> <span class='ocrx_word' id='word_1_235' title='bbox 960 1715 1081 1762; x_wconf 90' lang='lat' dir='ltr'><strong>utatoto</strong></span> <span class='ocrx_word' id='word_1_236' title='bbox 1097 1712 1206 1779; x_wconf 90' lang='lat' dir='ltr'><strong>partem</strong></span> <span class='ocrx_word' id='word_1_237' title='bbox 1212 1705 1367 1776; x_wconf 83' lang='lat' dir='ltr'><strong>significem</strong></span> <span class='ocrx_word' id='word_1_238' title='bbox 1377 1703 1387 1744; x_wconf 78' lang='lat'><strong><em>¹</em></strong></span> <span class='ocrx_word' id='word_1_239' title='bbox 1398 1709 1438 1770; x_wconf 86' lang='lat' dir='ltr'><strong>;ct</strong></span> <span class='ocrx_word' id='word_1_240' title='bbox 1450 1706 1543 1758; x_wconf 79' lang='lat' dir='ltr'><strong>nescio</strong></span> <span class='ocrx_word' id='word_1_241' title='bbox 1557 1706 1607 1756; x_wconf 78' lang='lat' dir='ltr'><strong>ubi</strong></span> <span class='ocrx_word' id='word_1_242' title='bbox 1614 1709 1753 1773; x_wconf 81' lang='lat' dir='ltr'><strong>pesrrcraal</strong></span> 
     </span>
     <span class='ocr_line' id='line_1_18' title="bbox 118 1793 1753 1868; baseline -0.002 -19"><span class='ocrx_word' id='word_1_243' title='bbox 118 1797 160 1868; x_wconf 89' lang='lat' dir='ltr'><strong>pis</strong></span> <span class='ocrx_word' id='word_1_244' title='bbox 182 1797 368 1858; x_wconf 88' lang='lat' dir='ltr'><strong>sacerdotum,</strong></span> <span class='ocrx_word' id='word_1_245' title='bbox 391 1797 466 1850; x_wconf 86' lang='lat' dir='ltr'><strong>llerit</strong></span> <span class='ocrx_word' id='word_1_246' title='bbox 485 1813 580 1850; x_wconf 81' lang='lat' dir='ltr'><strong>aurare</strong></span> <span class='ocrx_word' id='word_1_247' title='bbox 599 1808 632 1848; x_wconf 88' lang='lat' dir='ltr'><strong>c:</strong></span> <span class='ocrx_word' id='word_1_248' title='bbox 655 1796 705 1861; x_wconf 86' lang='lat' dir='ltr'><strong>eis,</strong></span> <span class='ocrx_word' id='word_1_249' title='bbox 736 1797 861 1867; x_wconf 89' lang='lat' dir='ltr'><strong>inquam,</strong></span> <span class='ocrx_word' id='word_1_250' title='bbox 883 1814 918 1851; x_wconf 89' lang='lat' dir='ltr'><strong>ne</strong></span> <span class='ocrx_word' id='word_1_251' title='bbox 959 1797 1079 1853; x_wconf 76' lang='lat' dir='ltr'><strong>aaraEt</strong></span> <span class='ocrx_word' id='word_1_252' title='bbox 1088 1797 1140 1850; x_wconf 87' lang='lat' dir='ltr'><strong>hoc</strong></span> <span class='ocrx_word' id='word_1_253' title='bbox 1151 1795 1186 1848; x_wconf 88' lang='lat' dir='ltr'><strong>ad</strong></span> <span class='ocrx_word' id='word_1_254' title='bbox 1195 1799 1379 1865; x_wconf 83' lang='lat' dir='ltr'><strong>augmentum</strong></span> <span class='ocrx_word' id='word_1_255' title='bbox 1390 1793 1524 1847; x_wconf 81' lang='lat' dir='ltr'><strong>moeroris</strong></span> <span class='ocrx_word' id='word_1_256' title='bbox 1535 1793 1604 1855; x_wconf 90' lang='lat' dir='ltr'><strong>mei,</strong></span> <span class='ocrx_word' id='word_1_257' title='bbox 1616 1809 1679 1846; x_wconf 91' lang='lat' dir='ltr'><strong>curu</strong></span> <span class='ocrx_word' id='word_1_258' title='bbox 1688 1793 1753 1862; x_wconf 83' lang='lat' dir='ltr'><strong>iguo</strong></span> 
     </span>
     <span class='ocr_line' id='line_1_19' title="bbox 117 1881 1755 1956; baseline -0.001 -19"><span class='ocrx_word' id='word_1_259' title='bbox 117 1885 160 1939; x_wconf 82' lang='lat' dir='ltr'><strong>vel</strong></span> <span class='ocrx_word' id='word_1_260' title='bbox 175 1902 208 1939; x_wconf 89' lang='lat' dir='ltr'><strong>ex</strong></span> <span class='ocrx_word' id='word_1_261' title='bbox 221 1885 286 1955; x_wconf 87' lang='lat' dir='ltr'><strong>suga</strong></span> <span class='ocrx_word' id='word_1_262' title='bbox 301 1886 343 1938; x_wconf 87' lang='lat' dir='ltr'><strong>vel</strong></span> <span class='ocrx_word' id='word_1_263' title='bbox 357 1902 389 1938; x_wconf 89' lang='lat' dir='ltr'><strong>ex</strong></span> <span class='ocrx_word' id='word_1_264' title='bbox 405 1885 554 1955; x_wconf 88' lang='lat' dir='ltr'><strong>negatione</strong></span> <span class='ocrx_word' id='word_1_265' title='bbox 564 1885 723 1956; x_wconf 88' lang='lat' dir='ltr'><strong>desperent,</strong></span> <span class='ocrx_word' id='word_1_266' title='bbox 741 1885 833 1948; x_wconf 89' lang='lat' dir='ltr'><strong>dicite,</strong></span> <span class='ocrx_word' id='word_1_267' title='bbox 851 1889 918 1954; x_wconf 83' lang='lat' dir='ltr'><strong>quia</strong></span> <span class='ocrx_word' id='word_1_268' title='bbox 959 1903 1018 1940; x_wconf 93' lang='lat' dir='ltr'><strong>rem</strong></span> <span class='ocrx_word' id='word_1_269' title='bbox 1035 1885 1083 1940; x_wconf 91' lang='lat' dir='ltr'><strong>ubi</strong></span> <span class='ocrx_word' id='word_1_270' title='bbox 1106 1900 1229 1956; x_wconf 86' lang='lat' dir='ltr'><strong>quaeram</strong></span> <span class='ocrx_word' id='word_1_271' title='bbox 1248 1883 1453 1937; x_wconf 86' lang='lat' dir='ltr'><strong>consolatorem</strong></span> <span class='ocrx_word' id='word_1_272' title='bbox 1469 1882 1527 1936; x_wconf 90' lang='lat' dir='ltr'><strong>mei</strong></span> <span class='ocrx_word' id='word_1_273' title='bbox 1543 1881 1652 1937; x_wconf 90' lang='lat' dir='ltr'><strong>doloris</strong></span> <span class='ocrx_word' id='word_1_274' title='bbox 1669 1893 1693 1936; x_wconf 77' lang='lat' dir='ltr'><strong>t.</strong></span> <span class='ocrx_word' id='word_1_275' title='bbox 1706 1883 1755 1936; x_wconf 73' lang='lat' dir='ltr'><strong>litt</strong></span> 
     </span>
     <span class='ocr_line' id='line_1_20' title="bbox 118 1970 1752 2044; baseline -0.002 -16"><span class='ocrx_word' id='word_1_276' title='bbox 118 1974 249 2028; x_wconf 84' lang='lat' dir='ltr'><strong>surrexit.</strong></span> <span class='ocrx_word' id='word_1_277' title='bbox 263 1974 297 2028; x_wconf 78' lang='lat' dir='ltr'><strong>Et</strong></span> <span class='ocrx_word' id='word_1_278' title='bbox 310 1990 373 2028; x_wconf 90' lang='lat' dir='ltr'><strong>ecce</strong></span> <span class='ocrx_word' id='word_1_279' title='bbox 385 1976 512 2042; x_wconf 68' lang='lat' dir='ltr'><strong>precedit</strong></span> <span class='ocrx_word' id='word_1_280' title='bbox 527 1991 570 2027; x_wconf 81' lang='lat' dir='ltr'><strong>ros</strong></span> <span class='ocrx_word' id='word_1_281' title='bbox 586 1977 616 2028; x_wconf 85' lang='lat' dir='ltr'><strong>ia</strong></span> <span class='ocrx_word' id='word_1_282' title='bbox 632 1974 785 2029; x_wconf 66' lang='lat' dir='ltr'><strong>Galilaeae.</strong></span> <span class='ocrx_word' id='word_1_283' title='bbox 803 1976 846 2028; x_wconf 84' lang='lat' dir='ltr'><strong>lbi</strong></span> <span class='ocrx_word' id='word_1_284' title='bbox 855 1991 917 2028; x_wconf 81' lang='lat' dir='ltr'><strong>rura</strong></span> <span class='ocrx_word' id='word_1_285' title='bbox 958 1992 1022 2029; x_wconf 86' lang='lat' dir='ltr'><strong>cnm</strong></span> <span class='ocrx_word' id='word_1_286' title='bbox 1032 1976 1068 2029; x_wconf 85' lang='lat' dir='ltr'><strong>ad</strong></span> <span class='ocrx_word' id='word_1_287' title='bbox 1080 1975 1204 2044; x_wconf 88' lang='lat' dir='ltr'><strong>angelos,</strong></span> <span class='ocrx_word' id='word_1_288' title='bbox 1211 1972 1345 2027; x_wconf 87' lang='lat' dir='ltr'><strong>inclinata</strong></span> <span class='ocrx_word' id='word_1_289' title='bbox 1356 1972 1390 2025; x_wconf 91' lang='lat' dir='ltr'><strong>ad</strong></span> <span class='ocrx_word' id='word_1_290' title='bbox 1402 1971 1521 2031; x_wconf 89' lang='lat' dir='ltr'><strong>ostium,</strong></span> <span class='ocrx_word' id='word_1_291' title='bbox 1538 1970 1752 2025; x_wconf 74' lang='lat' dir='ltr'><strong>disr&#39;ssctliaria:</strong></span> 
     </span>
     <span class='ocr_line' id='line_1_21' title="bbox 118 2059 1753 2131; baseline -0.004 -14"><span class='ocrx_word' id='word_1_292' title='bbox 118 2064 253 2127; x_wconf 82' lang='lat' dir='ltr'><strong>videbitis,</strong></span> <span class='ocrx_word' id='word_1_293' title='bbox 268 2066 339 2117; x_wconf 83' lang='lat' dir='ltr'><strong>sicat</strong></span> <span class='ocrx_word' id='word_1_294' title='bbox 354 2065 427 2116; x_wconf 66' lang='lat' dir='ltr'><strong>(lixit</strong></span> <span class='ocrx_word' id='word_1_295' title='bbox 442 2063 566 2117; x_wconf 53' lang='lat' dir='ltr'><strong>retinete</strong></span> <span class='ocrx_word' id='word_1_296' title='bbox 577 2065 631 2116; x_wconf 75' lang='lat' dir='ltr'><strong>illa</strong></span> <span class='ocrx_word' id='word_1_297' title='bbox 643 2067 770 2117; x_wconf 69' lang='lat' dir='ltr'><strong>caetratos</strong></span> <span class='ocrx_word' id='word_1_298' title='bbox 783 2064 917 2130; x_wconf 78' lang='lat' dir='ltr'><strong>superant</strong></span> <span class='ocrx_word' id='word_1_299' title='bbox 958 2064 1072 2118; x_wconf 88' lang='lat' dir='ltr'><strong>humilis</strong></span> <span class='ocrx_word' id='word_1_300' title='bbox 1085 2063 1159 2117; x_wconf 91' lang='lat' dir='ltr'><strong>enim</strong></span> <span class='ocrx_word' id='word_1_301' title='bbox 1173 2068 1234 2116; x_wconf 91' lang='lat' dir='ltr'><strong>erat</strong></span> <span class='ocrx_word' id='word_1_302' title='bbox 1242 2063 1330 2131; x_wconf 87' lang='lat' dir='ltr'><strong>janua</strong></span> <span class='ocrx_word' id='word_1_303' title='bbox 1344 2060 1593 2125; x_wconf 89' lang='lat' dir='ltr'><strong>monumenti,nec</strong></span> <span class='ocrx_word' id='word_1_304' title='bbox 1608 2059 1664 2112; x_wconf 89' lang='lat' dir='ltr'><strong>nisi</strong></span> <span class='ocrx_word' id='word_1_305' title='bbox 1677 2059 1753 2112; x_wconf 87' lang='lat' dir='ltr'><strong>humi·</strong></span> 
     </span>
     <span class='ocr_line' id='line_1_22' title="bbox 118 2147 1753 2223; baseline -0.002 -18"><span class='ocrx_word' id='word_1_306' title='bbox 118 2152 150 2205; x_wconf 84' lang='lat' dir='ltr'><strong>dc</strong></span> <span class='ocrx_word' id='word_1_307' title='bbox 162 2157 339 2206; x_wconf 76' lang='lat' dir='ltr'><strong>monununto</strong></span> <span class='ocrx_word' id='word_1_308' title='bbox 351 2172 359 2205; x_wconf 84' lang='lat'><strong>.·</strong></span> <span class='ocrx_word' id='word_1_309' title='bbox 371 2155 511 2205; x_wconf 77' lang='lat' dir='ltr'><strong>irrrosrral</strong></span> <span class='ocrx_word' id='word_1_310' title='bbox 526 2155 602 2205; x_wconf 76' lang='lat' dir='ltr'><strong>cuitu</strong></span> <span class='ocrx_word' id='word_1_311' title='bbox 615 2167 660 2205; x_wconf 84' lang='lat' dir='ltr'><strong>eas</strong></span> <span class='ocrx_word' id='word_1_312' title='bbox 671 2158 775 2205; x_wconf 85' lang='lat' dir='ltr'><strong>tremor</strong></span> <span class='ocrx_word' id='word_1_313' title='bbox 788 2157 811 2204; x_wconf 84' lang='lat' dir='ltr'><strong>rt</strong></span> <span class='ocrx_word' id='word_1_314' title='bbox 820 2168 914 2220; x_wconf 81' lang='lat' dir='ltr'><strong>pauor,</strong></span> <span class='ocrx_word' id='word_1_315' title='bbox 957 2153 1025 2207; x_wconf 89' lang='lat' dir='ltr'><strong>liato</strong></span> <span class='ocrx_word' id='word_1_316' title='bbox 1034 2153 1126 2207; x_wconf 87' lang='lat' dir='ltr'><strong>locum</strong></span> <span class='ocrx_word' id='word_1_317' title='bbox 1146 2150 1275 2223; x_wconf 88' lang='lat' dir='ltr'><strong>sepulcri,</strong></span> <span class='ocrx_word' id='word_1_318' title='bbox 1287 2150 1416 2215; x_wconf 80' lang='lat' dir='ltr'><strong>interiuS,</strong></span> <span class='ocrx_word' id='word_1_319' title='bbox 1432 2148 1530 2202; x_wconf 82' lang='lat' dir='ltr'><strong>videre</strong></span> <span class='ocrx_word' id='word_1_320' title='bbox 1546 2147 1663 2209; x_wconf 83' lang='lat' dir='ltr'><strong>licebat;</strong></span> <span class='ocrx_word' id='word_1_321' title='bbox 1673 2154 1753 2202; x_wconf 86' lang='lat' dir='ltr'><strong>erecta</strong></span> 
     </span>
     <span class='ocr_line' id='line_1_23' title="bbox 117 2237 1754 2309; baseline -0.002 -16"><span class='ocrx_word' id='word_1_322' title='bbox 117 2246 141 2294; x_wconf 85' lang='lat' dir='ltr'><strong>et</strong></span> <span class='ocrx_word' id='word_1_323' title='bbox 156 2243 265 2294; x_wconf 75' lang='lat' dir='ltr'><strong>martini</strong></span> <span class='ocrx_word' id='word_1_324' title='bbox 277 2242 430 2309; x_wconf 83' lang='lat' dir='ltr'><strong>quidquam.</strong></span> <span class='ocrx_word' id='word_1_325' title='bbox 444 2242 578 2293; x_wconf 76' lang='lat' dir='ltr'><strong>dixerunt</strong></span> <span class='ocrx_word' id='word_1_326' title='bbox 597 2259 604 2292; x_wconf 92' lang='lat'><em>:</em></span> <span class='ocrx_word' id='word_1_327' title='bbox 621 2242 753 2294; x_wconf 79' lang='lat' dir='ltr'><strong>tiruebout</strong></span> <span class='ocrx_word' id='word_1_328' title='bbox 768 2243 853 2294; x_wconf 78' lang='lat' dir='ltr'><strong>enirn.</strong></span> <span class='ocrx_word' id='word_1_329' title='bbox 958 2242 1059 2303; x_wconf 90' lang='lat' dir='ltr'><strong>denuo,</strong></span> <span class='ocrx_word' id='word_1_330' title='bbox 1077 2256 1205 2294; x_wconf 77' lang='lat' dir='ltr'><strong>concursu</strong></span> <span class='ocrx_word' id='word_1_331' title='bbox 1219 2245 1256 2293; x_wconf 84' lang='lat' dir='ltr'><strong>cst</strong></span> <span class='ocrx_word' id='word_1_332' title='bbox 1282 2244 1445 2299; x_wconf 82' lang='lat' dir='ltr'><strong>retrorsum,</strong></span> <span class='ocrx_word' id='word_1_333' title='bbox 1464 2237 1501 2292; x_wconf 86' lang='lat' dir='ltr'><strong>ad</strong></span> <span class='ocrx_word' id='word_1_334' title='bbox 1525 2238 1596 2292; x_wconf 90' lang='lat' dir='ltr'><strong>solis</strong></span> <span class='ocrx_word' id='word_1_335' title='bbox 1610 2244 1700 2291; x_wconf 86' lang='lat' dir='ltr'><strong>ortum</strong></span> <span class='ocrx_word' id='word_1_336' title='bbox 1714 2256 1719 2290; x_wconf 92' lang='lat'>:</span> <span class='ocrx_word' id='word_1_337' title='bbox 1734 2244 1754 2290; x_wconf 80' lang='lat' dir='ltr'><strong>et</strong></span> 
     </span>
     <span class='ocr_line' id='line_1_24' title="bbox 119 2326 1753 2405; baseline -0.009 -12"><span class='ocrx_word' id='word_1_338' title='bbox 119 2338 184 2393; x_wconf 79' lang='lat' dir='ltr'><strong>Car.</strong></span> <span class='ocrx_word' id='word_1_339' title='bbox 193 2338 291 2393; x_wconf 80' lang='lat' dir='ltr'><strong>XXVI.</strong></span> <span class='ocrx_word' id='word_1_340' title='bbox 303 2368 334 2379; x_wconf 92' lang='lat'>-</span> <span class='ocrx_word' id='word_1_341' title='bbox 344 2340 394 2393; x_wconf 76' lang='lat' dir='ltr'><strong>Ubi</strong></span> <span class='ocrx_word' id='word_1_342' title='bbox 407 2341 465 2391; x_wconf 85' lang='lat' dir='ltr'><strong>sola</strong></span> <span class='ocrx_word' id='word_1_343' title='bbox 476 2340 569 2392; x_wconf 83' lang='lat' dir='ltr'><strong>Morio</strong></span> <span class='ocrx_word' id='word_1_344' title='bbox 582 2339 746 2405; x_wconf 76' lang='lat' dir='ltr'><strong>,lloqdoleao</strong></span> <span class='ocrx_word' id='word_1_345' title='bbox 755 2340 822 2392; x_wconf 85' lang='lat' dir='ltr'><strong>daos</strong></span> <span class='ocrx_word' id='word_1_346' title='bbox 832 2354 916 2405; x_wconf 80' lang='lat' dir='ltr'><strong>atrqr-</strong></span> <span class='ocrx_word' id='word_1_347' title='bbox 958 2332 1027 2384; x_wconf 80' lang='lat' dir='ltr'><strong>cidit</strong></span> <span class='ocrx_word' id='word_1_348' title='bbox 1041 2332 1192 2385; x_wconf 82' lang='lat' dir='ltr'><strong>Dominam</strong></span> <span class='ocrx_word' id='word_1_349' title='bbox 1202 2331 1294 2383; x_wconf 78' lang='lat' dir='ltr'><strong>lesum</strong></span> <span class='ocrx_word' id='word_1_350' title='bbox 1307 2333 1436 2393; x_wconf 80' lang='lat' dir='ltr'><strong>stantem,</strong></span> <span class='ocrx_word' id='word_1_351' title='bbox 1448 2327 1478 2380; x_wconf 90' lang='lat' dir='ltr'><strong>in</strong></span> <span class='ocrx_word' id='word_1_352' title='bbox 1490 2326 1587 2387; x_wconf 76' lang='lat' dir='ltr'><strong>horto,</strong></span> <span class='ocrx_word' id='word_1_353' title='bbox 1599 2332 1625 2381; x_wconf 78' lang='lat' dir='ltr'><strong>et</strong></span> <span class='ocrx_word' id='word_1_354' title='bbox 1634 2343 1688 2380; x_wconf 87' lang='lat' dir='ltr'><strong>non</strong></span> <span class='ocrx_word' id='word_1_355' title='bbox 1696 2329 1753 2380; x_wconf 80' lang='lat' dir='ltr'><strong>scic·</strong></span> 
     </span>
    </p>

    <p class='ocr_par' dir='ltr' id='par_1_3' title="bbox 162 2410 1754 2488">
     <span class='ocr_line' id='line_1_25' title="bbox 162 2410 1754 2488; baseline -0.003 -15"><span class='ocrx_word' id='word_1_356' title='bbox 162 2414 201 2464; x_wconf 76' lang='lat'><strong>10³</strong></span> <span class='ocrx_word' id='word_1_357' title='bbox 215 2411 343 2473; x_wconf 56' lang='lat' dir='ltr'><strong>milles,</strong></span> <span class='ocrx_word' id='word_1_358' title='bbox 360 2415 384 2462; x_wconf 66' lang='lat' dir='ltr'><strong>li</strong></span> <span class='ocrx_word' id='word_1_359' title='bbox 399 2411 497 2462; x_wconf 56' lang='lat' dir='ltr'><strong>‘bibile</strong></span> <span class='ocrx_word' id='word_1_360' title='bbox 513 2411 665 2475; x_wconf 47' lang='lat' dir='ltr'><strong>Uilli-5²2⁰&amp;</strong></span> <span class='ocrx_word' id='word_1_361' title='bbox 679 2413 774 2477; x_wconf 69' lang='lat' dir='ltr'><strong>lll&#39;l&#39;mst</strong></span> <span class='ocrx_word' id='word_1_362' title='bbox 789 2410 869 2463; x_wconf 57' lang='lat' dir='ltr'><strong>fidel·</strong></span> <span class='ocrx_word' id='word_1_363' title='bbox 959 2421 1003 2472; x_wconf 85' lang='lat' dir='ltr'><strong>bot</strong></span> <span class='ocrx_word' id='word_1_364' title='bbox 1013 2423 1081 2488; x_wconf 82' lang='lat' dir='ltr'><strong>quio</strong></span> <span class='ocrx_word' id='word_1_365' title='bbox 1095 2422 1172 2473; x_wconf 83' lang='lat' dir='ltr'><strong>lesus</strong></span> <span class='ocrx_word' id='word_1_366' title='bbox 1188 2422 1234 2472; x_wconf 81' lang='lat' dir='ltr'><strong>est.</strong></span> <span class='ocrx_word' id='word_1_367' title='bbox 1248 2417 1368 2471; x_wconf 83' lang='lat' dir='ltr'><strong>Amabat</strong></span> <span class='ocrx_word' id='word_1_368' title='bbox 1382 2416 1458 2470; x_wconf 90' lang='lat' dir='ltr'><strong>enim</strong></span> <span class='ocrx_word' id='word_1_369' title='bbox 1469 2415 1553 2470; x_wconf 82' lang='lat' dir='ltr'><strong>valde</strong></span> <span class='ocrx_word' id='word_1_370' title='bbox 1564 2431 1650 2487; x_wconf 86' lang='lat' dir='ltr'><strong>quem</strong></span> <span class='ocrx_word' id='word_1_371' title='bbox 1660 2415 1754 2469; x_wconf 81' lang='lat' dir='ltr'><strong>deside·</strong></span> 
     </span>
    </p>

    <p class='ocr_par' dir='ltr' id='par_1_4' title="bbox 117 2504 1753 3378">
     <span class='ocr_line' id='line_1_26' title="bbox 151 2504 1752 2576; baseline -0.002 -16"><span class='ocrx_word' id='word_1_372' title='bbox 151 2507 387 2560; x_wconf 79' lang='lat' dir='ltr'><strong>loannes:.liarr‘o</strong></span> <span class='ocrx_word' id='word_1_373' title='bbox 397 2511 489 2560; x_wconf 74' lang='lat' dir='ltr'><strong>alitem</strong></span> <span class='ocrx_word' id='word_1_374' title='bbox 498 2506 760 2575; x_wconf 84' lang='lat' dir='ltr'><strong>Magdalenastalmt</strong></span> <span class='ocrx_word' id='word_1_375' title='bbox 775 2508 813 2560; x_wconf 74' lang='lat' dir='ltr'><strong>orl</strong></span> <span class='ocrx_word' id='word_1_376' title='bbox 820 2523 917 2560; x_wconf 85' lang='lat' dir='ltr'><strong>monu-</strong></span> <span class='ocrx_word' id='word_1_377' title='bbox 957 2507 1047 2572; x_wconf 89' lang='lat' dir='ltr'><strong>rabat,</strong></span> <span class='ocrx_word' id='word_1_378' title='bbox 1059 2507 1165 2561; x_wconf 86' lang='lat' dir='ltr'><strong>diutius</strong></span> <span class='ocrx_word' id='word_1_379' title='bbox 1181 2505 1341 2576; x_wconf 79' lang='lat' dir='ltr'><strong>quesierat:</strong></span> <span class='ocrx_word' id='word_1_380' title='bbox 1355 2513 1384 2558; x_wconf 84' lang='lat' dir='ltr'><strong>et</strong></span> <span class='ocrx_word' id='word_1_381' title='bbox 1393 2505 1461 2575; x_wconf 90' lang='lat' dir='ltr'><strong>quia</strong></span> <span class='ocrx_word' id='word_1_382' title='bbox 1470 2521 1529 2559; x_wconf 91' lang='lat' dir='ltr'><strong>non</strong></span> <span class='ocrx_word' id='word_1_383' title='bbox 1542 2504 1752 2573; x_wconf 79' lang='lat' dir='ltr'><strong>inveneratjam</strong></span> 
     </span>
     <span class='ocr_line' id='line_1_27' title="bbox 118 2593 1752 2667; baseline 0.001 -22"><span class='ocrx_word' id='word_1_384' title='bbox 118 2601 241 2648; x_wconf 73' lang='lat' dir='ltr'><strong>oneratum</strong></span> <span class='ocrx_word' id='word_1_385' title='bbox 257 2596 327 2662; x_wconf 72' lang='lat' dir='ltr'><strong>[oris</strong></span> <span class='ocrx_word' id='word_1_386' title='bbox 334 2599 450 2664; x_wconf 78' lang='lat' dir='ltr'><strong>plorans</strong></span> <span class='ocrx_word' id='word_1_387' title='bbox 462 2596 555 2657; x_wconf 76' lang='lat' dir='ltr'><strong>(loun.</strong></span> <span class='ocrx_word' id='word_1_388' title='bbox 567 2610 612 2660; x_wconf 79' lang='lat' dir='ltr'><strong>xx,</strong></span> <span class='ocrx_word' id='word_1_389' title='bbox 627 2595 681 2663; x_wconf 89' lang='lat' dir='ltr'><strong>ll),</strong></span> <span class='ocrx_word' id='word_1_390' title='bbox 693 2596 783 2665; x_wconf 91' lang='lat' dir='ltr'><strong>magis</strong></span> <span class='ocrx_word' id='word_1_391' title='bbox 796 2611 916 2649; x_wconf 85' lang='lat' dir='ltr'><strong>moerens</strong></span> <span class='ocrx_word' id='word_1_392' title='bbox 957 2614 974 2650; x_wconf 88' lang='lat' dir='ltr'><strong>a</strong></span> <span class='ocrx_word' id='word_1_393' title='bbox 994 2614 1043 2667; x_wconf 92' lang='lat' dir='ltr'><strong>spe</strong></span> <span class='ocrx_word' id='word_1_394' title='bbox 1065 2595 1224 2666; x_wconf 89' lang='lat' dir='ltr'><strong>reperiendi</strong></span> <span class='ocrx_word' id='word_1_395' title='bbox 1243 2593 1404 2663; x_wconf 77' lang='lat' dir='ltr'><strong>languebat,</strong></span> <span class='ocrx_word' id='word_1_396' title='bbox 1422 2598 1451 2648; x_wconf 89' lang='lat' dir='ltr'><strong>et</strong></span> <span class='ocrx_word' id='word_1_397' title='bbox 1472 2593 1580 2648; x_wconf 92' lang='lat' dir='ltr'><strong>idcirco</strong></span> <span class='ocrx_word' id='word_1_398' title='bbox 1602 2593 1717 2651; x_wconf 69' lang='lat' dir='ltr'><strong>ridebat,</strong></span> <span class='ocrx_word' id='word_1_399' title='bbox 1730 2604 1752 2647; x_wconf 86' lang='lat' dir='ltr'><strong>et</strong></span> 
     </span>
     <span class='ocr_line' id='line_1_28' title="bbox 118 2682 1752 2756; baseline -0.001 -20"><span class='ocrx_word' id='word_1_400' title='bbox 118 2699 168 2753; x_wconf 90' lang='lat' dir='ltr'><strong>pro</strong></span> <span class='ocrx_word' id='word_1_401' title='bbox 179 2700 211 2736; x_wconf 87' lang='lat' dir='ltr'><strong>eo</strong></span> <span class='ocrx_word' id='word_1_402' title='bbox 223 2683 290 2754; x_wconf 90' lang='lat' dir='ltr'><strong>quia</strong></span> <span class='ocrx_word' id='word_1_403' title='bbox 300 2682 427 2737; x_wconf 90' lang='lat' dir='ltr'><strong>sublatus</strong></span> <span class='ocrx_word' id='word_1_404' title='bbox 436 2684 536 2737; x_wconf 87' lang='lat' dir='ltr'><strong>eratde</strong></span> <span class='ocrx_word' id='word_1_405' title='bbox 547 2684 917 2755; x_wconf 69' lang='lat' dir='ltr'><strong>sepulcrmquamquodiue-</strong></span> <span class='ocrx_word' id='word_1_406' title='bbox 959 2702 1015 2739; x_wconf 92' lang='lat' dir='ltr'><strong>non</strong></span> <span class='ocrx_word' id='word_1_407' title='bbox 1030 2683 1252 2756; x_wconf 62' lang='lat' dir='ltr'><strong>cognoscebam</strong></span> <span class='ocrx_word' id='word_1_408' title='bbox 1268 2690 1300 2737; x_wconf 92' lang='lat' dir='ltr'><strong>ut</strong></span> <span class='ocrx_word' id='word_1_409' title='bbox 1314 2682 1415 2737; x_wconf 89' lang='lat' dir='ltr'><strong>merito</strong></span> <span class='ocrx_word' id='word_1_410' title='bbox 1426 2682 1497 2737; x_wconf 92' lang='lat' dir='ltr'><strong>illud</strong></span> <span class='ocrx_word' id='word_1_411' title='bbox 1513 2683 1709 2754; x_wconf 84' lang='lat' dir='ltr'><strong>propheticum</strong></span> <span class='ocrx_word' id='word_1_412' title='bbox 1716 2683 1752 2735; x_wconf 91' lang='lat' dir='ltr'><strong>di·</strong></span> 
     </span>
     <span class='ocr_line' id='line_1_29' title="bbox 118 2772 1752 2843; baseline 0 -19"><span class='ocrx_word' id='word_1_413' title='bbox 118 2778 322 2842; x_wconf 88' lang='lat' dir='ltr'><strong>ratsuspensus</strong></span> <span class='ocrx_word' id='word_1_414' title='bbox 335 2772 362 2826; x_wconf 90' lang='lat' dir='ltr'><strong>in</strong></span> <span class='ocrx_word' id='word_1_415' title='bbox 381 2788 476 2837; x_wconf 90' lang='lat' dir='ltr'><strong>cruce;</strong></span> <span class='ocrx_word' id='word_1_416' title='bbox 493 2789 555 2842; x_wconf 77' lang='lat' dir='ltr'><strong>qua·</strong></span> <span class='ocrx_word' id='word_1_417' title='bbox 567 2772 680 2843; x_wconf 90' lang='lat' dir='ltr'><strong>quidem</strong></span> <span class='ocrx_word' id='word_1_418' title='bbox 695 2773 789 2827; x_wconf 89' lang='lat' dir='ltr'><strong>dilecti</strong></span> <span class='ocrx_word' id='word_1_419' title='bbox 804 2772 917 2827; x_wconf 81' lang='lat' dir='ltr'><strong>dilecto-</strong></span> <span class='ocrx_word' id='word_1_420' title='bbox 957 2791 1020 2828; x_wconf 86' lang='lat' dir='ltr'><strong>cero</strong></span> <span class='ocrx_word' id='word_1_421' title='bbox 1044 2774 1175 2828; x_wconf 85' lang='lat' dir='ltr'><strong>ridetur:</strong></span> <span class='ocrx_word' id='word_1_422' title='bbox 1196 2774 1393 2841; x_wconf 79' lang='lat' dir='ltr'><strong>Galiqoecruat</strong></span> <span class='ocrx_word' id='word_1_423' title='bbox 1416 2774 1493 2825; x_wconf 84' lang='lat' dir='ltr'><strong>eruli</strong></span> <span class='ocrx_word' id='word_1_424' title='bbox 1517 2775 1575 2826; x_wconf 82' lang='lat' dir='ltr'><strong>mei</strong></span> <span class='ocrx_word' id='word_1_425' title='bbox 1589 2788 1608 2825; x_wconf 82' lang='lat' dir='ltr'><strong>a</strong></span> <span class='ocrx_word' id='word_1_426' title='bbox 1622 2776 1684 2842; x_wconf 65' lang='lat' dir='ltr'><strong>flatu</strong></span> <span class='ocrx_word' id='word_1_427' title='bbox 1704 2788 1752 2824; x_wconf 79' lang='lat' dir='ltr'><strong>mro</strong></span> 
     </span>
     <span class='ocr_line' id='line_1_30' title="bbox 117 2860 1752 2937; baseline 0.001 -25"><span class='ocrx_word' id='word_1_428' title='bbox 117 2860 157 2912; x_wconf 90' lang='lat' dir='ltr'><strong>ris</strong></span> <span class='ocrx_word' id='word_1_429' title='bbox 179 2861 232 2923; x_wconf 87' lang='lat' dir='ltr'><strong>sui,</strong></span> <span class='ocrx_word' id='word_1_430' title='bbox 248 2862 327 2930; x_wconf 84' lang='lat' dir='ltr'><strong>cujus</strong></span> <span class='ocrx_word' id='word_1_431' title='bbox 346 2860 457 2914; x_wconf 87' lang='lat' dir='ltr'><strong>vitalem</strong></span> <span class='ocrx_word' id='word_1_432' title='bbox 480 2861 656 2931; x_wconf 75' lang='lat' dir='ltr'><strong>presentiam</strong></span> <span class='ocrx_word' id='word_1_433' title='bbox 672 2862 841 2931; x_wconf 88' lang='lat' dir='ltr'><strong>perdiderat,</strong></span> <span class='ocrx_word' id='word_1_434' title='bbox 863 2878 915 2916; x_wconf 88' lang='lat' dir='ltr'><strong>nee</strong></span> <span class='ocrx_word' id='word_1_435' title='bbox 956 2863 1013 2937; x_wconf 80' lang='lat' dir='ltr'><strong>(leb</strong></span> <span class='ocrx_word' id='word_1_436' title='bbox 1032 2877 1086 2928; x_wconf 75' lang='lat' dir='ltr'><strong>xvi,</strong></span> <span class='ocrx_word' id='word_1_437' title='bbox 1109 2863 1163 2931; x_wconf 78' lang='lat' dir='ltr'><strong>li),</strong></span> <span class='ocrx_word' id='word_1_438' title='bbox 1180 2863 1248 2934; x_wconf 90' lang='lat' dir='ltr'><strong>quia</strong></span> <span class='ocrx_word' id='word_1_439' title='bbox 1263 2861 1410 2931; x_wconf 86' lang='lat' dir='ltr'><strong>elongatus</strong></span> <span class='ocrx_word' id='word_1_440' title='bbox 1425 2865 1468 2914; x_wconf 91' lang='lat' dir='ltr'><strong>est</strong></span> <span class='ocrx_word' id='word_1_441' title='bbox 1483 2877 1502 2914; x_wconf 86' lang='lat' dir='ltr'><strong>a</strong></span> <span class='ocrx_word' id='word_1_442' title='bbox 1516 2877 1573 2926; x_wconf 90' lang='lat' dir='ltr'><strong>me,</strong></span> <span class='ocrx_word' id='word_1_443' title='bbox 1597 2860 1645 2931; x_wconf 90' lang='lat' dir='ltr'><strong>qui</strong></span> <span class='ocrx_word' id='word_1_444' title='bbox 1665 2876 1752 2914; x_wconf 86' lang='lat' dir='ltr'><strong>eomo-</strong></span> 
     </span>
     <span class='ocr_line' id='line_1_31' title="bbox 118 2925 1753 3020; baseline -0.001 -20"><span class='ocrx_word' id='word_1_445' title='bbox 118 2948 220 3001; x_wconf 87' lang='lat' dir='ltr'><strong>mortui</strong></span> <span class='ocrx_word' id='word_1_446' title='bbox 235 2948 911 3020; x_wconf 69' lang='lat' dir='ltr'><strong>memoriam,inullisejusreliquiis,retinebatl.</strong></span> <span class='ocrx_word' id='word_1_447' title='bbox 925 2925 1067 3006; x_wconf 80' lang='lat' dir='ltr'><strong>Clabatur</strong></span> <span class='ocrx_word' id='word_1_448' title='bbox 1081 2968 1136 3005; x_wconf 88' lang='lat' dir='ltr'><strong>me.</strong></span> <span class='ocrx_word' id='word_1_449' title='bbox 1162 2953 1239 3005; x_wconf 73' lang='lat' dir='ltr'><strong>uteie</strong></span> <span class='ocrx_word' id='word_1_450' title='bbox 1259 2953 1284 3003; x_wconf 83' lang='lat' dir='ltr'><strong>ri</strong></span> <span class='ocrx_word' id='word_1_451' title='bbox 1302 2951 1382 3004; x_wconf 83' lang='lat' dir='ltr'><strong>iesus</strong></span> <span class='ocrx_word' id='word_1_452' title='bbox 1398 2967 1404 3001; x_wconf 90' lang='lat'>:</span> <span class='ocrx_word' id='word_1_453' title='bbox 1422 2951 1537 3015; x_wconf 77' lang='lat' dir='ltr'><strong>Mulier,</strong></span> <span class='ocrx_word' id='word_1_454' title='bbox 1557 2951 1630 3018; x_wconf 84' lang='lat' dir='ltr'><strong>quid</strong></span> <span class='ocrx_word' id='word_1_455' title='bbox 1650 2953 1753 3018; x_wconf 78' lang='lat' dir='ltr'><strong>ploras?</strong></span> 
     </span>
     <span class='ocr_line' id='line_1_32' title="bbox 118 3034 1752 3109; baseline 0.002 -21"><span class='ocrx_word' id='word_1_456' title='bbox 118 3034 214 3089; x_wconf 86' lang='lat' dir='ltr'><strong>Flebat</strong></span> <span class='ocrx_word' id='word_1_457' title='bbox 242 3036 329 3106; x_wconf 83' lang='lat' dir='ltr'><strong>igitur</strong></span> <span class='ocrx_word' id='word_1_458' title='bbox 354 3036 593 3091; x_wconf 89' lang='lat' dir='ltr'><strong>inconsolabiliter</strong></span> <span class='ocrx_word' id='word_1_459' title='bbox 616 3038 683 3108; x_wconf 86' lang='lat' dir='ltr'><strong>quia</strong></span> <span class='ocrx_word' id='word_1_460' title='bbox 706 3055 788 3108; x_wconf 85' lang='lat' dir='ltr'><strong>quem</strong></span> <span class='ocrx_word' id='word_1_461' title='bbox 813 3039 916 3093; x_wconf 84' lang='lat' dir='ltr'><strong>milites</strong></span> <span class='ocrx_word' id='word_1_462' title='bbox 956 3057 1035 3109; x_wconf 80' lang='lat' dir='ltr'><strong>quem</strong></span> <span class='ocrx_word' id='word_1_463' title='bbox 1051 3042 1151 3109; x_wconf 67' lang='lat' dir='ltr'><strong>queris</strong></span> <span class='ocrx_word' id='word_1_464' title='bbox 1166 3038 1196 3092; x_wconf 72' lang='lat' dir='ltr'><strong>i?</strong></span> <span class='ocrx_word' id='word_1_465' title='bbox 1211 3040 1271 3103; x_wconf 87' lang='lat' dir='ltr'><strong>Quo</strong></span> <span class='ocrx_word' id='word_1_466' title='bbox 1286 3038 1392 3093; x_wconf 86' lang='lat' dir='ltr'><strong>audito.</strong></span> <span class='ocrx_word' id='word_1_467' title='bbox 1411 3037 1503 3092; x_wconf 82' lang='lat' dir='ltr'><strong>Maria</strong></span> <span class='ocrx_word' id='word_1_468' title='bbox 1522 3037 1671 3092; x_wconf 86' lang='lat' dir='ltr'><strong>incanduit</strong></span> <span class='ocrx_word' id='word_1_469' title='bbox 1688 3037 1752 3091; x_wconf 75' lang='lat' dir='ltr'><strong>desi·</strong></span> 
     </span>
     <span class='ocr_line' id='line_1_33' title="bbox 117 3125 1750 3198; baseline 0 -21"><span class='ocrx_word' id='word_1_470' title='bbox 117 3125 320 3194; x_wconf 86' lang='lat' dir='ltr'><strong>crucifigentes,</strong></span> <span class='ocrx_word' id='word_1_471' title='bbox 341 3130 369 3178; x_wconf 90' lang='lat' dir='ltr'><strong>et</strong></span> <span class='ocrx_word' id='word_1_472' title='bbox 391 3126 480 3179; x_wconf 84' lang='lat' dir='ltr'><strong>ludaei</strong></span> <span class='ocrx_word' id='word_1_473' title='bbox 502 3126 662 3196; x_wconf 89' lang='lat' dir='ltr'><strong>sepulcrum</strong></span> <span class='ocrx_word' id='word_1_474' title='bbox 685 3126 837 3196; x_wconf 80' lang='lat' dir='ltr'><strong>signantes,</strong></span> <span class='ocrx_word' id='word_1_475' title='bbox 863 3127 916 3182; x_wconf 91' lang='lat' dir='ltr'><strong>sibi</strong></span> <span class='ocrx_word' id='word_1_476' title='bbox 957 3128 1048 3189; x_wconf 88' lang='lat' dir='ltr'><strong>derio;</strong></span> <span class='ocrx_word' id='word_1_477' title='bbox 1065 3134 1092 3183; x_wconf 88' lang='lat' dir='ltr'><strong>et</strong></span> <span class='ocrx_word' id='word_1_478' title='bbox 1113 3128 1236 3198; x_wconf 86' lang='lat' dir='ltr'><strong>gemitus</strong></span> <span class='ocrx_word' id='word_1_479' title='bbox 1262 3126 1449 3197; x_wconf 88' lang='lat' dir='ltr'><strong>ingeminans,</strong></span> <span class='ocrx_word' id='word_1_480' title='bbox 1465 3126 1641 3179; x_wconf 79' lang='lat' dir='ltr'><strong>semifractis</strong></span> <span class='ocrx_word' id='word_1_481' title='bbox 1661 3125 1750 3179; x_wconf 76' lang='lat' dir='ltr'><strong>verbis.</strong></span> 
     </span>
     <span class='ocr_line' id='line_1_34' title="bbox 117 3202 1753 3288; baseline 0.001 -23"><span class='ocrx_word' id='word_1_482' title='bbox 117 3213 299 3283; x_wconf 87' lang='lat' dir='ltr'><strong>reliquerant,</strong></span> <span class='ocrx_word' id='word_1_483' title='bbox 317 3214 572 3285; x_wconf 87' lang='lat' dir='ltr'><strong>irrecuperabiliter</strong></span> <span class='ocrx_word' id='word_1_484' title='bbox 587 3231 617 3267; x_wconf 93' lang='lat' dir='ltr'><strong>so</strong></span> <span class='ocrx_word' id='word_1_485' title='bbox 634 3202 764 3269; x_wconf 57' lang='lat' dir='ltr'><strong>&gt;amisisse</strong></span> <span class='ocrx_word' id='word_1_486' title='bbox 778 3216 914 3279; x_wconf 90' lang='lat' dir='ltr'><strong>timebat;</strong></span> <span class='ocrx_word' id='word_1_487' title='bbox 957 3217 1153 3288; x_wconf 86' lang='lat' dir='ltr'><strong>interroganti,</strong></span> <span class='ocrx_word' id='word_1_488' title='bbox 1168 3232 1250 3288; x_wconf 85' lang='lat' dir='ltr'><strong>quem</strong></span> <span class='ocrx_word' id='word_1_489' title='bbox 1259 3216 1442 3269; x_wconf 79' lang='lat' dir='ltr'><strong>hortulanum</strong></span> <span class='ocrx_word' id='word_1_490' title='bbox 1453 3216 1753 3279; x_wconf 64' lang='lat' dir='ltr'><strong>existimabatrenera·</strong></span> 
     </span>
     <span class='ocr_line' id='line_1_35' title="bbox 119 3301 1752 3378; baseline 0.001 -23"><span class='ocrx_word' id='word_1_491' title='bbox 119 3317 170 3355; x_wconf 88' lang='lat' dir='ltr'><strong>nee</strong></span> <span class='ocrx_word' id='word_1_492' title='bbox 185 3301 298 3356; x_wconf 90' lang='lat' dir='ltr'><strong>sibimet</strong></span> <span class='ocrx_word' id='word_1_493' title='bbox 311 3310 415 3367; x_wconf 78' lang='lat' dir='ltr'><strong>tomen,</strong></span> <span class='ocrx_word' id='word_1_494' title='bbox 425 3320 485 3373; x_wconf 76' lang='lat' dir='ltr'><strong>quae</strong></span> <span class='ocrx_word' id='word_1_495' title='bbox 496 3309 561 3357; x_wconf 89' lang='lat' dir='ltr'><strong>ante</strong></span> <span class='ocrx_word' id='word_1_496' title='bbox 571 3303 664 3358; x_wconf 88' lang='lat' dir='ltr'><strong>lucem</strong></span> <span class='ocrx_word' id='word_1_497' title='bbox 678 3319 796 3358; x_wconf 80' lang='lat' dir='ltr'><strong>vacuum</strong></span> <span class='ocrx_word' id='word_1_498' title='bbox 809 3305 918 3359; x_wconf 76' lang='lat' dir='ltr'><strong>uiderat</strong></span> <span class='ocrx_word' id='word_1_499' title='bbox 957 3306 1052 3360; x_wconf 87' lang='lat' dir='ltr'><strong>biliter</strong></span> <span class='ocrx_word' id='word_1_500' title='bbox 1061 3306 1150 3378; x_wconf 77' lang='lat' dir='ltr'><strong>[Forte</strong></span> <span class='ocrx_word' id='word_1_501' title='bbox 1168 3304 1408 3376; x_wconf 83' lang='lat' dir='ltr'><strong>lacrymabiliter],</strong></span> <span class='ocrx_word' id='word_1_502' title='bbox 1422 3303 1582 3374; x_wconf 87' lang='lat' dir='ltr'><strong>respondit,</strong></span> <span class='ocrx_word' id='word_1_503' title='bbox 1600 3320 1656 3359; x_wconf 90' lang='lat' dir='ltr'><strong>non</strong></span> <span class='ocrx_word' id='word_1_504' title='bbox 1670 3304 1752 3357; x_wconf 85' lang='lat' dir='ltr'><strong>dicens</strong></span> 
     </span>
    </p>
   </div>
   <div class='ocr_carea' id='block_1_3' title="bbox 590 3435 1283 3485">
    <p class='ocr_par' dir='ltr' id='par_1_5' title="bbox 590 3435 1283 3485">
     <span class='ocr_line' id='line_1_36' title="bbox 590 3435 1283 3485; baseline 0 -4"><span class='ocrx_word' id='word_1_505' title='bbox 590 3435 676 3481; x_wconf 69' lang='lat' dir='ltr'><strong>NOTAE</strong></span> <span class='ocrx_word' id='word_1_506' title='bbox 699 3438 881 3483; x_wconf 73' lang='lat' dir='ltr'><strong>rortssnwrr</strong></span> <span class='ocrx_word' id='word_1_507' title='bbox 903 3439 944 3484; x_wconf 78' lang='lat' dir='ltr'><strong>Ex</strong></span> <span class='ocrx_word' id='word_1_508' title='bbox 965 3439 1088 3485; x_wconf 75' lang='grc' dir='ltr'><strong>ΗΑΒΑΝΟ</strong></span> <span class='ocrx_word' id='word_1_509' title='bbox 1109 3439 1283 3483; x_wconf 69' lang='lat' dir='ltr'><strong>DESUHPTAE.</strong></span> 
     </span>
    </p>
   </div>
   <div class='ocr_carea' id='block_1_4' title="bbox 115 3535 1752 5597">
    <p class='ocr_par' dir='ltr' id='par_1_6' title="bbox 115 3535 1752 5597">
     <span class='ocr_line' id='line_1_37' title="bbox 118 3535 1752 3608; baseline -0.002 -17"><span class='ocrx_word' id='word_1_510' title='bbox 118 3538 268 3608; x_wconf 91' lang='lat' dir='ltr'><strong>desperant</strong></span> <span class='ocrx_word' id='word_1_511' title='bbox 284 3555 289 3588; x_wconf 90' lang='lat'>:</span> <span class='ocrx_word' id='word_1_512' title='bbox 305 3552 352 3590; x_wconf 84' lang='lat' dir='ltr'><strong>ros</strong></span> <span class='ocrx_word' id='word_1_513' title='bbox 367 3543 462 3590; x_wconf 86' lang='lat' dir='ltr'><strong>autern</strong></span> <span class='ocrx_word' id='word_1_514' title='bbox 476 3552 525 3589; x_wconf 92' lang='lat' dir='ltr'><strong>cur</strong></span> <span class='ocrx_word' id='word_1_515' title='bbox 540 3535 737 3606; x_wconf 89' lang='lat' dir='ltr'><strong>pertimescitis</strong></span> <span class='ocrx_word' id='word_1_516' title='bbox 746 3537 794 3607; x_wconf 91' lang='lat' dir='ltr'><strong>qui</strong></span> <span class='ocrx_word' id='word_1_517' title='bbox 810 3542 914 3591; x_wconf 79' lang='lat' dir='ltr'><strong>vestros</strong></span> <span class='ocrx_word' id='word_1_518' title='bbox 956 3537 1039 3591; x_wconf 91' lang='lat' dir='ltr'><strong>illiad</strong></span> <span class='ocrx_word' id='word_1_519' title='bbox 1055 3543 1269 3591; x_wconf 90' lang='lat' dir='ltr'><strong>monumentum</strong></span> <span class='ocrx_word' id='word_1_520' title='bbox 1284 3541 1427 3599; x_wconf 82' lang='lat' dir='ltr'><strong>venerant,</strong></span> <span class='ocrx_word' id='word_1_521' title='bbox 1437 3543 1466 3590; x_wconf 89' lang='lat' dir='ltr'><strong>et</strong></span> <span class='ocrx_word' id='word_1_522' title='bbox 1476 3552 1533 3589; x_wconf 95' lang='lat' dir='ltr'><strong>non</strong></span> <span class='ocrx_word' id='word_1_523' title='bbox 1546 3536 1641 3589; x_wconf 92' lang='lat' dir='ltr'><strong>solum</strong></span> <span class='ocrx_word' id='word_1_524' title='bbox 1654 3536 1752 3589; x_wconf 86' lang='lat' dir='ltr'><strong>intuea-</strong></span> 
     </span>
     <span class='ocr_line' id='line_1_38' title="bbox 118 3607 1749 3678; baseline -0.002 -16"><span class='ocrx_word' id='word_1_525' title='bbox 118 3608 243 3663; x_wconf 82' lang='lat' dir='ltr'><strong>concivos</strong></span> <span class='ocrx_word' id='word_1_526' title='bbox 258 3607 379 3662; x_wconf 83' lang='lat' dir='ltr'><strong>ridetis?</strong></span> <span class='ocrx_word' id='word_1_527' title='bbox 394 3609 498 3662; x_wconf 82' lang='lat' dir='ltr'><strong>Daton.</strong></span> <span class='ocrx_word' id='word_1_528' title='bbox 510 3609 596 3661; x_wconf 80' lang='lat' dir='ltr'><strong>lrmm&#39;l</strong></span> <span class='ocrx_word' id='word_1_529' title='bbox 623 3611 655 3661; x_wconf 85' lang='lat' dir='ltr'><strong>iu</strong></span> <span class='ocrx_word' id='word_1_530' title='bbox 670 3610 713 3661; x_wconf 81' lang='lat' dir='ltr'><strong>dic</strong></span> <span class='ocrx_word' id='word_1_531' title='bbox 725 3610 841 3664; x_wconf 73' lang='lat' dir='ltr'><strong>Pascua.</strong></span> <span class='ocrx_word' id='word_1_532' title='bbox 956 3610 1000 3670; x_wconf 88' lang='lat' dir='ltr'><strong>do,</strong></span> <span class='ocrx_word' id='word_1_533' title='bbox 1017 3608 1165 3662; x_wconf 89' lang='lat' dir='ltr'><strong>sedetiam</strong></span> <span class='ocrx_word' id='word_1_534' title='bbox 1180 3608 1310 3662; x_wconf 91' lang='lat' dir='ltr'><strong>intmndo</strong></span> <span class='ocrx_word' id='word_1_535' title='bbox 1329 3623 1431 3678; x_wconf 90' lang='lat' dir='ltr'><strong>cerpus</strong></span> <span class='ocrx_word' id='word_1_536' title='bbox 1445 3607 1561 3661; x_wconf 85' lang='lat' dir='ltr'><strong>Domini</strong></span> <span class='ocrx_word' id='word_1_537' title='bbox 1581 3607 1749 3677; x_wconf 66' lang='lat' dir='ltr'><strong>quaesierunt,</strong></span> 
     </span>
     <span class='ocr_line' id='line_1_39' title="bbox 152 3677 1750 3751; baseline -0.003 -17"><span class='ocrx_word' id='word_1_538' title='bbox 152 3690 165 3719; x_wconf 54' lang='grc' dir='ltr'>ἃ</span> <span class='ocrx_word' id='word_1_539' title='bbox 177 3683 270 3734; x_wconf 72' lang='lat' dir='ltr'><strong>leston</strong></span> <span class='ocrx_word' id='word_1_540' title='bbox 277 3682 401 3748; x_wconf 68' lang='lat' dir='ltr'><strong>queritis</strong></span> <span class='ocrx_word' id='word_1_541' title='bbox 412 3680 601 3734; x_wconf 73' lang='lat' dir='ltr'><strong>Nazarenum.</strong></span> <span class='ocrx_word' id='word_1_542' title='bbox 611 3679 625 3732; x_wconf 87' lang='lat' dir='ltr'>J</span> <span class='ocrx_word' id='word_1_543' title='bbox 629 3695 692 3733; x_wconf 90' lang='lat' dir='ltr'><strong>esus</strong></span> <span class='ocrx_word' id='word_1_544' title='bbox 702 3679 789 3733; x_wconf 88' lang='lat' dir='ltr'><strong>latino</strong></span> <span class='ocrx_word' id='word_1_545' title='bbox 804 3680 915 3751; x_wconf 91' lang='lat' dir='ltr'><strong>eloquio</strong></span> <span class='ocrx_word' id='word_1_546' title='bbox 955 3695 1006 3734; x_wconf 84' lang='lat' dir='ltr'><strong>nee</strong></span> <span class='ocrx_word' id='word_1_547' title='bbox 1020 3680 1217 3734; x_wconf 86' lang='lat' dir='ltr'><strong>invenerant...</strong></span> <span class='ocrx_word' id='word_1_548' title='bbox 1229 3680 1333 3733; x_wconf 88' lang='lat' dir='ltr'><strong>Verum</strong></span> <span class='ocrx_word' id='word_1_549' title='bbox 1349 3679 1422 3748; x_wconf 92' lang='lat' dir='ltr'><strong>quod</strong></span> <span class='ocrx_word' id='word_1_550' title='bbox 1436 3678 1560 3731; x_wconf 91' lang='lat' dir='ltr'><strong>nimium</strong></span> <span class='ocrx_word' id='word_1_551' title='bbox 1575 3677 1696 3740; x_wconf 87' lang='lat' dir='ltr'><strong>dolebat,</strong></span> <span class='ocrx_word' id='word_1_552' title='bbox 1706 3692 1750 3730; x_wconf 85' lang='lat' dir='ltr'><strong>ner</strong></span> 
     </span>
     <span class='ocr_line' id='line_1_40' title="bbox 116 3748 1748 3821; baseline -0.002 -17"><span class='ocrx_word' id='word_1_553' title='bbox 116 3753 262 3814; x_wconf 80' lang='lat' dir='ltr'><strong>salutaris,</strong></span> <span class='ocrx_word' id='word_1_554' title='bbox 287 3751 314 3804; x_wconf 93' lang='lat' dir='ltr'><strong>id</strong></span> <span class='ocrx_word' id='word_1_555' title='bbox 340 3756 391 3814; x_wconf 89' lang='lat' dir='ltr'><strong>est,</strong></span> <span class='ocrx_word' id='word_1_556' title='bbox 416 3751 538 3804; x_wconf 84' lang='lat' dir='ltr'><strong>salrator</strong></span> <span class='ocrx_word' id='word_1_557' title='bbox 563 3750 773 3821; x_wconf 84' lang='lat' dir='ltr'><strong>interpretatur.</strong></span> <span class='ocrx_word' id='word_1_558' title='bbox 796 3751 830 3805; x_wconf 88' lang='lat' dir='ltr'><strong>Et</strong></span> <span class='ocrx_word' id='word_1_559' title='bbox 850 3768 915 3805; x_wconf 78' lang='lat' dir='ltr'><strong>vero</strong></span> <span class='ocrx_word' id='word_1_560' title='bbox 956 3751 1014 3805; x_wconf 87' lang='lat' dir='ltr'><strong>suis</strong></span> <span class='ocrx_word' id='word_1_561' title='bbox 1027 3767 1078 3805; x_wconf 91' lang='lat' dir='ltr'><strong>nec</strong></span> <span class='ocrx_word' id='word_1_562' title='bbox 1092 3750 1204 3804; x_wconf 89' lang='lat' dir='ltr'><strong>illorum</strong></span> <span class='ocrx_word' id='word_1_563' title='bbox 1223 3749 1310 3803; x_wconf 91' lang='lat' dir='ltr'><strong>oculis</strong></span> <span class='ocrx_word' id='word_1_564' title='bbox 1330 3750 1411 3803; x_wconf 83' lang='lat' dir='ltr'><strong>facile</strong></span> <span class='ocrx_word' id='word_1_565' title='bbox 1430 3749 1551 3819; x_wconf 88' lang='lat' dir='ltr'><strong>putabat</strong></span> <span class='ocrx_word' id='word_1_566' title='bbox 1566 3765 1629 3802; x_wconf 86' lang='lat' dir='ltr'><strong>esse</strong></span> <span class='ocrx_word' id='word_1_567' title='bbox 1642 3748 1748 3803; x_wconf 90' lang='lat' dir='ltr'><strong>creden-</strong></span> 
     </span>
     <span class='ocr_line' id='line_1_41' title="bbox 117 3817 1748 3903; baseline -0.002 -28"><span class='ocrx_word' id='word_1_568' title='bbox 117 3822 199 3876; x_wconf 91' lang='lat' dir='ltr'><strong>multi</strong></span> <span class='ocrx_word' id='word_1_569' title='bbox 214 3826 280 3875; x_wconf 92' lang='lat' dir='ltr'><strong>tune</strong></span> <span class='ocrx_word' id='word_1_570' title='bbox 294 3823 376 3876; x_wconf 85' lang='lat' dir='ltr'><strong>lesus</strong></span> <span class='ocrx_word' id='word_1_571' title='bbox 390 3820 444 3874; x_wconf 87' lang='lat' dir='ltr'><strong>dici</strong></span> <span class='ocrx_word' id='word_1_572' title='bbox 460 3827 598 3903; x_wconf 89' lang='lat' dir='ltr'><strong>poterant,</strong></span> <span class='ocrx_word' id='word_1_573' title='bbox 615 3838 670 3874; x_wconf 89' lang='lat' dir='ltr'><strong>non</strong></span> <span class='ocrx_word' id='word_1_574' title='bbox 681 3827 777 3875; x_wconf 88' lang='lat' dir='ltr'><strong>tamen</strong></span> <span class='ocrx_word' id='word_1_575' title='bbox 787 3821 914 3877; x_wconf 88' lang='lat' dir='ltr'><strong>substan·</strong></span> <span class='ocrx_word' id='word_1_576' title='bbox 956 3822 1045 3876; x_wconf 82' lang='lat' dir='ltr'><strong>durni</strong></span> <span class='ocrx_word' id='word_1_577' title='bbox 1064 3837 1099 3875; x_wconf 88' lang='lat' dir='ltr'><strong>an</strong></span> <span class='ocrx_word' id='word_1_578' title='bbox 1114 3822 1206 3892; x_wconf 92' lang='lat' dir='ltr'><strong>potius</strong></span> <span class='ocrx_word' id='word_1_579' title='bbox 1225 3820 1320 3874; x_wconf 76' lang='lat' dir='ltr'><strong>divino</strong></span> <span class='ocrx_word' id='word_1_580' title='bbox 1333 3821 1468 3874; x_wconf 88' lang='lat' dir='ltr'><strong>instinctu</strong></span> <span class='ocrx_word' id='word_1_581' title='bbox 1486 3820 1516 3873; x_wconf 92' lang='lat' dir='ltr'><strong>in</strong></span> <span class='ocrx_word' id='word_1_582' title='bbox 1530 3820 1630 3873; x_wconf 87' lang='lat' dir='ltr'><strong>animo</strong></span> <span class='ocrx_word' id='word_1_583' title='bbox 1642 3821 1701 3889; x_wconf 82' lang='lat' dir='ltr'><strong>ejus</strong></span> <span class='ocrx_word' id='word_1_584' title='bbox 1714 3817 1748 3872; x_wconf 79' lang='lat' dir='ltr'><strong>ei-</strong></span> 
     </span>
     <span class='ocr_line' id='line_1_42' title="bbox 117 3891 1746 3963; baseline -0.003 -16"><span class='ocrx_word' id='word_1_585' title='bbox 117 3893 233 3958; x_wconf 85' lang='lat' dir='ltr'><strong>tialiter‚</strong></span> <span class='ocrx_word' id='word_1_586' title='bbox 256 3894 305 3947; x_wconf 90' lang='lat' dir='ltr'><strong>sed</strong></span> <span class='ocrx_word' id='word_1_587' title='bbox 320 3893 587 3963; x_wconf 73' lang='lat' dir='ltr'><strong>nuncupativeidco</strong></span> <span class='ocrx_word' id='word_1_588' title='bbox 598 3898 626 3946; x_wconf 91' lang='lat' dir='ltr'><strong>et</strong></span> <span class='ocrx_word' id='word_1_589' title='bbox 635 3892 712 3946; x_wconf 88' lang='lat' dir='ltr'><strong>loeus</strong></span> <span class='ocrx_word' id='word_1_590' title='bbox 722 3892 910 3963; x_wconf 81' lang='lat' dir='ltr'><strong>subjungitur,</strong></span> <span class='ocrx_word' id='word_1_591' title='bbox 953 3893 1057 3946; x_wconf 86' lang='lat' dir='ltr'><strong>fectum</strong></span> <span class='ocrx_word' id='word_1_592' title='bbox 1072 3899 1115 3946; x_wconf 91' lang='lat' dir='ltr'><strong>est</strong></span> <span class='ocrx_word' id='word_1_593' title='bbox 1129 3897 1161 3946; x_wconf 92' lang='lat' dir='ltr'><strong>ut</strong></span> <span class='ocrx_word' id='word_1_594' title='bbox 1174 3891 1358 3963; x_wconf 88' lang='lat' dir='ltr'><strong>prospiceret?</strong></span> <span class='ocrx_word' id='word_1_595' title='bbox 1365 3893 1494 3946; x_wconf 79' lang='lat' dir='ltr'><strong>Batauus</strong></span> <span class='ocrx_word' id='word_1_596' title='bbox 1504 3908 1539 3945; x_wconf 78' lang='lat' dir='ltr'><strong>ea·</strong></span> <span class='ocrx_word' id='word_1_597' title='bbox 1549 3892 1570 3946; x_wconf 90' lang='lat' dir='ltr'><strong><em>S</em></strong></span> <span class='ocrx_word' id='word_1_598' title='bbox 1574 3931 1580 3942; x_wconf 91' lang='lat'><strong>.</strong></span> <span class='ocrx_word' id='word_1_599' title='bbox 1591 3891 1746 3959; x_wconf 76' lang='lat' dir='ltr'><strong>Aagrrstino.</strong></span> 
     </span>
     <span class='ocr_line' id='line_1_43' title="bbox 117 3963 1331 4034; baseline -0.001 -17"><span class='ocrx_word' id='word_1_600' title='bbox 117 3970 158 4028; x_wconf 95' lang='lat' dir='ltr'><strong>ut,</strong></span> <span class='ocrx_word' id='word_1_601' title='bbox 176 3965 210 4018; x_wconf 93' lang='lat' dir='ltr'><strong>de</strong></span> <span class='ocrx_word' id='word_1_602' title='bbox 227 3980 281 4034; x_wconf 92' lang='lat' dir='ltr'><strong>quo</strong></span> <span class='ocrx_word' id='word_1_603' title='bbox 295 3965 362 4018; x_wconf 85' lang='lat' dir='ltr'><strong>lesu</strong></span> <span class='ocrx_word' id='word_1_604' title='bbox 380 3963 485 4016; x_wconf 88' lang='lat' dir='ltr'><strong>dictum</strong></span> <span class='ocrx_word' id='word_1_605' title='bbox 507 3963 551 4028; x_wconf 89' lang='lat' dir='ltr'><strong>sit,</strong></span> <span class='ocrx_word' id='word_1_606' title='bbox 571 3963 774 4023; x_wconf 75' lang='lat' dir='ltr'><strong>manifestetur,</strong></span> <span class='ocrx_word' id='word_1_607' title='bbox 789 3966 912 4018; x_wconf 71' lang='lat' dir='ltr'><strong>illusore-</strong></span> <span class='ocrx_word' id='word_1_608' title='bbox 954 3966 1034 4029; x_wconf 78' lang='lat' dir='ltr'><strong>mia,</strong></span> <span class='ocrx_word' id='word_1_609' title='bbox 1050 3968 1160 4019; x_wconf 85' lang='lat' dir='ltr'><strong>tractat.</strong></span> <span class='ocrx_word' id='word_1_610' title='bbox 1171 3977 1241 4027; x_wconf 75' lang='lat' dir='ltr'><strong>cxxi,</strong></span> <span class='ocrx_word' id='word_1_611' title='bbox 1257 3974 1289 4016; x_wconf 83' lang='lat' dir='ltr'><strong>n⁰</strong></span> <span class='ocrx_word' id='word_1_612' title='bbox 1306 3963 1331 4017; x_wconf 89' lang='lat' dir='ltr'><strong>l.</strong></span> 
     </span>
     <span class='ocr_line' id='line_1_44' title="bbox 118 4032 1747 4105; baseline -0.002 -17"><span class='ocrx_word' id='word_1_613' title='bbox 118 4052 196 4088; x_wconf 75' lang='lat' dir='ltr'><strong>arira.</strong></span> <span class='ocrx_word' id='word_1_614' title='bbox 215 4034 249 4088; x_wconf 89' lang='lat' dir='ltr'><strong>Et</strong></span> <span class='ocrx_word' id='word_1_615' title='bbox 267 4050 380 4088; x_wconf 86' lang='lat' dir='ltr'><strong>causam</strong></span> <span class='ocrx_word' id='word_1_616' title='bbox 399 4035 526 4105; x_wconf 87' lang='lat' dir='ltr'><strong>protimrs</strong></span> <span class='ocrx_word' id='word_1_617' title='bbox 541 4033 652 4087; x_wconf 86' lang='lat' dir='ltr'><strong>subdit:</strong></span> <span class='ocrx_word' id='word_1_618' title='bbox 665 4037 847 4101; x_wconf 77' lang='lat' dir='ltr'><strong>(lrucr&#39;fimmr.</strong></span> <span class='ocrx_word' id='word_1_619' title='bbox 860 4036 912 4090; x_wconf 83' lang='lat' dir='ltr'><strong>lio-</strong></span> <span class='ocrx_word' id='word_1_620' title='bbox 989 4033 1080 4101; x_wconf 68' lang='lat' dir='ltr'><strong>&#39;Oraia</strong></span> <span class='ocrx_word' id='word_1_621' title='bbox 1096 4039 1222 4088; x_wconf 79' lang='lat' dir='ltr'><strong>tuterunt</strong></span> <span class='ocrx_word' id='word_1_622' title='bbox 1236 4036 1387 4089; x_wconf 83' lang='lat' dir='ltr'><strong>Domiama.</strong></span> <span class='ocrx_word' id='word_1_623' title='bbox 1399 4032 1665 4089; x_wconf 76' lang='lat' dir='ltr'><strong>narremDominum</strong></span> <span class='ocrx_word' id='word_1_624' title='bbox 1673 4048 1747 4087; x_wconf 91' lang='lat' dir='ltr'><strong>suum</strong></span> 
     </span>
     <span class='ocr_line' id='line_1_45' title="bbox 120 4104 1746 4178; baseline -0.001 -20"><span class='ocrx_word' id='word_1_625' title='bbox 120 4108 181 4158; x_wconf 73' lang='lat' dir='ltr'><strong>bore.</strong></span> <span class='ocrx_word' id='word_1_626' title='bbox 210 4108 240 4158; x_wconf 86' lang='lat' dir='ltr'><strong>in</strong></span> <span class='ocrx_word' id='word_1_627' title='bbox 265 4106 361 4157; x_wconf 81' lang='lat' dir='ltr'><strong>llottlr.</strong></span> <span class='ocrx_word' id='word_1_628' title='bbox 385 4107 433 4157; x_wconf 82' lang='lat' dir='ltr'><strong>reri</strong></span> <span class='ocrx_word' id='word_1_629' title='bbox 469 4107 537 4158; x_wconf 78' lang='lat' dir='ltr'><strong>bibl.</strong></span> <span class='ocrx_word' id='word_1_630' title='bbox 562 4106 634 4171; x_wconf 71' lang='lat' dir='ltr'><strong>neq..</strong></span> <span class='ocrx_word' id='word_1_631' title='bbox 653 4107 720 4157; x_wconf 82' lang='lat' dir='ltr'><strong>ibid.</strong></span> <span class='ocrx_word' id='word_1_632' title='bbox 737 4106 776 4158; x_wconf 87' lang='lat' dir='ltr'><strong>Ex</strong></span> <span class='ocrx_word' id='word_1_633' title='bbox 791 4109 860 4160; x_wconf 78' lang='lat' dir='ltr'><strong>Dedo</strong></span> <span class='ocrx_word' id='word_1_634' title='bbox 882 4110 913 4159; x_wconf 83' lang='lat' dir='ltr'><strong>iu</strong></span> <span class='ocrx_word' id='word_1_635' title='bbox 955 4112 1033 4159; x_wconf 83' lang='lat' dir='ltr'><strong>vocat</strong></span> <span class='ocrx_word' id='word_1_636' title='bbox 1047 4105 1159 4159; x_wconf 91' lang='lat' dir='ltr'><strong>Domini</strong></span> <span class='ocrx_word' id='word_1_637' title='bbox 1182 4105 1225 4159; x_wconf 90' lang='lat' dir='ltr'><strong>sui</strong></span> <span class='ocrx_word' id='word_1_638' title='bbox 1248 4121 1349 4175; x_wconf 87' lang='lat' dir='ltr'><strong>corpus</strong></span> <span class='ocrx_word' id='word_1_639' title='bbox 1370 4104 1508 4158; x_wconf 82' lang='lat' dir='ltr'><strong>exauime.</strong></span> <span class='ocrx_word' id='word_1_640' title='bbox 1525 4121 1544 4158; x_wconf 85' lang='lat' dir='ltr'><strong>a</strong></span> <span class='ocrx_word' id='word_1_641' title='bbox 1567 4112 1627 4159; x_wconf 89' lang='lat' dir='ltr'><strong>toto</strong></span> <span class='ocrx_word' id='word_1_642' title='bbox 1647 4112 1746 4178; x_wconf 82' lang='lat' dir='ltr'><strong>partem</strong></span> 
     </span>
     <span class='ocr_line' id='line_1_46' title="bbox 118 4173 1745 4245; baseline -0.001 -16"><span class='ocrx_word' id='word_1_643' title='bbox 118 4175 268 4237; x_wconf 65' lang='lat' dir='ltr'><strong>umetis.</strong></span> <span class='ocrx_word' id='word_1_644' title='bbox 285 4190 321 4239; x_wconf 78' lang='lat' dir='ltr'><strong>rr,</strong></span> <span class='ocrx_word' id='word_1_645' title='bbox 338 4192 398 4245; x_wconf 87' lang='lat' dir='ltr'><strong>cap.</strong></span> <span class='ocrx_word' id='word_1_646' title='bbox 416 4176 457 4229; x_wconf 82' lang='lat' dir='ltr'><strong>lli.</strong></span> <span class='ocrx_word' id='word_1_647' title='bbox 474 4177 574 4229; x_wconf 85' lang='lat' dir='ltr'><strong>limnil.</strong></span> <span class='ocrx_word' id='word_1_648' title='bbox 595 4179 624 4227; x_wconf 87' lang='lat' dir='ltr'><strong>in</strong></span> <span class='ocrx_word' id='word_1_649' title='bbox 640 4177 683 4228; x_wconf 81' lang='lat' dir='ltr'><strong>die</strong></span> <span class='ocrx_word' id='word_1_650' title='bbox 694 4177 808 4231; x_wconf 73' lang='lat' dir='ltr'><strong>l&#39;osrb-r.</strong></span> <span class='ocrx_word' id='word_1_651' title='bbox 955 4176 1130 4245; x_wconf 79' lang='lat' dir='ltr'><strong>significans3</strong></span> <span class='ocrx_word' id='word_1_652' title='bbox 1148 4176 1220 4230; x_wconf 88' lang='lat' dir='ltr'><strong>sicut</strong></span> <span class='ocrx_word' id='word_1_653' title='bbox 1242 4192 1338 4229; x_wconf 92' lang='lat' dir='ltr'><strong>omnes</strong></span> <span class='ocrx_word' id='word_1_654' title='bbox 1364 4177 1532 4229; x_wconf 81' lang='lat' dir='ltr'><strong>confitemur</strong></span> <span class='ocrx_word' id='word_1_655' title='bbox 1555 4177 1655 4231; x_wconf 86' lang='lat' dir='ltr'><strong>Jesurn</strong></span> <span class='ocrx_word' id='word_1_656' title='bbox 1674 4173 1745 4229; x_wconf 85' lang='lat' dir='ltr'><strong>Chri·</strong></span> 
     </span>
     <span class='ocr_line' id='line_1_47' title="bbox 154 4244 1745 4317; baseline -0.002 -17"><span class='ocrx_word' id='word_1_657' title='bbox 154 4247 272 4317; x_wconf 76' lang='lat' dir='ltr'><strong>batque</strong></span> <span class='ocrx_word' id='word_1_658' title='bbox 282 4246 390 4300; x_wconf 91' lang='lat' dir='ltr'><strong>addidit</strong></span> <span class='ocrx_word' id='word_1_659' title='bbox 402 4265 407 4298; x_wconf 90' lang='lat'>:</span> <span class='ocrx_word' id='word_1_660' title='bbox 421 4247 560 4310; x_wconf 75' lang='lat' dir='ltr'><strong>Surrexit,</strong></span> <span class='ocrx_word' id='word_1_661' title='bbox 572 4262 625 4298; x_wconf 86' lang='lat' dir='ltr'><strong>nou</strong></span> <span class='ocrx_word' id='word_1_662' title='bbox 642 4251 678 4298; x_wconf 80' lang='lat' dir='ltr'><strong>est</strong></span> <span class='ocrx_word' id='word_1_663' title='bbox 688 4247 740 4299; x_wconf 84' lang='lat' dir='ltr'><strong>lu&#39;r.</strong></span> <span class='ocrx_word' id='word_1_664' title='bbox 749 4247 811 4301; x_wconf 84' lang='lat' dir='ltr'><strong>Non</strong></span> <span class='ocrx_word' id='word_1_665' title='bbox 820 4249 914 4303; x_wconf 76' lang='lat' dir='ltr'><strong>estlric</strong></span> <span class='ocrx_word' id='word_1_666' title='bbox 955 4253 1029 4300; x_wconf 90' lang='lat' dir='ltr'><strong>stum</strong></span> <span class='ocrx_word' id='word_1_667' title='bbox 1039 4247 1141 4301; x_wconf 85' lang='lat' dir='ltr'><strong>Filium</strong></span> <span class='ocrx_word' id='word_1_668' title='bbox 1152 4246 1202 4302; x_wconf 91' lang='lat' dir='ltr'><strong>Dei</strong></span> <span class='ocrx_word' id='word_1_669' title='bbox 1216 4246 1339 4309; x_wconf 88' lang='lat' dir='ltr'><strong>unicum,</strong></span> <span class='ocrx_word' id='word_1_670' title='bbox 1356 4245 1508 4301; x_wconf 92' lang='lat' dir='ltr'><strong>Dominum</strong></span> <span class='ocrx_word' id='word_1_671' title='bbox 1523 4253 1665 4308; x_wconf 87' lang='lat' dir='ltr'><strong>nostrum,</strong></span> <span class='ocrx_word' id='word_1_672' title='bbox 1681 4244 1745 4316; x_wconf 89' lang='lat' dir='ltr'><strong>quod</strong></span> 
     </span>
     <span class='ocr_line' id='line_1_48' title="bbox 117 4316 1745 4390; baseline -0.001 -19"><span class='ocrx_word' id='word_1_673' title='bbox 117 4317 220 4373; x_wconf 90' lang='lat' dir='ltr'><strong>dicitur</strong></span> <span class='ocrx_word' id='word_1_674' title='bbox 233 4335 283 4389; x_wconf 90' lang='lat' dir='ltr'><strong>per</strong></span> <span class='ocrx_word' id='word_1_675' title='bbox 295 4317 472 4388; x_wconf 70' lang='lat' dir='ltr'><strong>presentiam</strong></span> <span class='ocrx_word' id='word_1_676' title='bbox 486 4319 587 4380; x_wconf 70' lang='lat' dir='ltr'><strong>carnis</strong></span> <span class='ocrx_word' id='word_1_677' title='bbox 603 4316 650 4386; x_wconf 87' lang='lat' dir='ltr'><strong>qui</strong></span> <span class='ocrx_word' id='word_1_678' title='bbox 664 4323 760 4370; x_wconf 90' lang='lat' dir='ltr'><strong>tamen</strong></span> <span class='ocrx_word' id='word_1_679' title='bbox 776 4335 912 4390; x_wconf 90' lang='lat' dir='ltr'><strong>nusquam</strong></span> <span class='ocrx_word' id='word_1_680' title='bbox 955 4318 1051 4388; x_wconf 88' lang='lat' dir='ltr'><strong>utiquo</strong></span> <span class='ocrx_word' id='word_1_681' title='bbox 1065 4318 1149 4372; x_wconf 90' lang='lat' dir='ltr'><strong>simul</strong></span> <span class='ocrx_word' id='word_1_682' title='bbox 1163 4323 1247 4372; x_wconf 88' lang='lat' dir='ltr'><strong>estet</strong></span> <span class='ocrx_word' id='word_1_683' title='bbox 1266 4317 1379 4370; x_wconf 79' lang='lat' dir='ltr'><strong>verbum</strong></span> <span class='ocrx_word' id='word_1_684' title='bbox 1396 4323 1425 4370; x_wconf 90' lang='lat' dir='ltr'><strong>et</strong></span> <span class='ocrx_word' id='word_1_685' title='bbox 1445 4317 1542 4370; x_wconf 82' lang='lat' dir='ltr'><strong>anima</strong></span> <span class='ocrx_word' id='word_1_686' title='bbox 1554 4324 1583 4372; x_wconf 90' lang='lat' dir='ltr'><strong>et</strong></span> <span class='ocrx_word' id='word_1_687' title='bbox 1601 4336 1676 4383; x_wconf 88' lang='lat' dir='ltr'><strong>earo,</strong></span> <span class='ocrx_word' id='word_1_688' title='bbox 1690 4332 1745 4371; x_wconf 86' lang='lat' dir='ltr'><strong>rru-</strong></span> 
     </span>
     <span class='ocr_line' id='line_1_49' title="bbox 116 4387 1745 4460; baseline -0.002 -18"><span class='ocrx_word' id='word_1_689' title='bbox 116 4390 214 4443; x_wconf 89' lang='lat' dir='ltr'><strong>deerat</strong></span> <span class='ocrx_word' id='word_1_690' title='bbox 227 4389 463 4460; x_wconf 81' lang='lat' dir='ltr'><strong>perpraesentiom</strong></span> <span class='ocrx_word' id='word_1_691' title='bbox 474 4387 639 4458; x_wconf 84' lang='lat' dir='ltr'><strong>majestatis.</strong></span> <span class='ocrx_word' id='word_1_692' title='bbox 653 4389 758 4442; x_wconf 72' lang='lat' dir='ltr'><strong>liotore.</strong></span> <span class='ocrx_word' id='word_1_693' title='bbox 769 4393 800 4443; x_wconf 84' lang='lat' dir='ltr'><strong>in</strong></span> <span class='ocrx_word' id='word_1_694' title='bbox 815 4391 911 4443; x_wconf 56' lang='lat' dir='ltr'><strong>illoltlr.</strong></span> <span class='ocrx_word' id='word_1_695' title='bbox 954 4389 1066 4442; x_wconf 85' lang='lat' dir='ltr'><strong>ciiixum</strong></span> <span class='ocrx_word' id='word_1_696' title='bbox 1084 4394 1180 4442; x_wconf 89' lang='lat' dir='ltr'><strong>tamen</strong></span> <span class='ocrx_word' id='word_1_697' title='bbox 1194 4395 1223 4442; x_wconf 90' lang='lat' dir='ltr'><strong>et</strong></span> <span class='ocrx_word' id='word_1_698' title='bbox 1234 4389 1385 4459; x_wconf 90' lang='lat' dir='ltr'><strong>sepultum,</strong></span> <span class='ocrx_word' id='word_1_699' title='bbox 1400 4405 1464 4442; x_wconf 86' lang='lat' dir='ltr'><strong>oum</strong></span> <span class='ocrx_word' id='word_1_700' title='bbox 1483 4389 1545 4442; x_wconf 91' lang='lat' dir='ltr'><strong>sola</strong></span> <span class='ocrx_word' id='word_1_701' title='bbox 1560 4390 1622 4460; x_wconf 83' lang='lat' dir='ltr'><strong>ejus</strong></span> <span class='ocrx_word' id='word_1_702' title='bbox 1646 4387 1745 4460; x_wconf 82' lang='lat' dir='ltr'><strong>sepulta</strong></span> 
     </span>
     <span class='ocr_line' id='line_1_50' title="bbox 118 4457 1745 4527; baseline -0.002 -15"><span class='ocrx_word' id='word_1_703' title='bbox 118 4463 174 4514; x_wconf 83' lang='lat' dir='ltr'><strong>cod.</strong></span> <span class='ocrx_word' id='word_1_704' title='bbox 193 4463 261 4514; x_wconf 84' lang='lat' dir='ltr'><strong>llibl.</strong></span> <span class='ocrx_word' id='word_1_705' title='bbox 276 4464 349 4525; x_wconf 78' lang='lat' dir='ltr'><strong>lteq,</strong></span> <span class='ocrx_word' id='word_1_706' title='bbox 368 4463 432 4513; x_wconf 82' lang='lat' dir='ltr'><strong>ibid.</strong></span> <span class='ocrx_word' id='word_1_707' title='bbox 955 4460 990 4513; x_wconf 89' lang='lat' dir='ltr'><strong>sit</strong></span> <span class='ocrx_word' id='word_1_708' title='bbox 1004 4475 1078 4513; x_wconf 90' lang='lat' dir='ltr'><strong>caro.</strong></span> <span class='ocrx_word' id='word_1_709' title='bbox 1106 4463 1212 4516; x_wconf 75' lang='lat' dir='ltr'><strong>aaroni</strong></span> <span class='ocrx_word' id='word_1_710' title='bbox 1232 4460 1333 4513; x_wconf 75' lang='lat' dir='ltr'><strong>Horati.</strong></span> <span class='ocrx_word' id='word_1_711' title='bbox 1360 4463 1412 4527; x_wconf 77' lang='lat' dir='ltr'><strong>ser.</strong></span> <span class='ocrx_word' id='word_1_712' title='bbox 1433 4474 1448 4512; x_wconf 82' lang='lat' dir='ltr'><strong>r</strong></span> <span class='ocrx_word' id='word_1_713' title='bbox 1464 4461 1583 4513; x_wconf 77' lang='lat' dir='ltr'><strong>Posclrae.</strong></span> <span class='ocrx_word' id='word_1_714' title='bbox 1601 4462 1661 4516; x_wconf 71' lang='lat' dir='ltr'><strong>lire</strong></span> <span class='ocrx_word' id='word_1_715' title='bbox 1681 4457 1745 4527; x_wconf 85' lang='lat' dir='ltr'><strong>opud</strong></span> 
     </span>
     <span class='ocr_line' id='line_1_51' title="bbox 153 4527 1742 4601; baseline -0.002 -16"><span class='ocrx_word' id='word_1_716' title='bbox 153 4542 164 4570; x_wconf 72' lang='lat'><strong>⁰</strong></span> <span class='ocrx_word' id='word_1_717' title='bbox 180 4532 367 4595; x_wconf 88' lang='lat' dir='ltr'><strong>Quaerendum</strong></span> <span class='ocrx_word' id='word_1_718' title='bbox 383 4531 462 4585; x_wconf 89' lang='lat' dir='ltr'><strong>nobis</strong></span> <span class='ocrx_word' id='word_1_719' title='bbox 478 4537 521 4584; x_wconf 90' lang='lat' dir='ltr'><strong>est</strong></span> <span class='ocrx_word' id='word_1_720' title='bbox 539 4548 588 4585; x_wconf 87' lang='lat' dir='ltr'><strong>cur</strong></span> <span class='ocrx_word' id='word_1_721' title='bbox 604 4531 755 4585; x_wconf 91' lang='lat' dir='ltr'><strong>nominatis</strong></span> <span class='ocrx_word' id='word_1_722' title='bbox 769 4530 913 4601; x_wconf 88' lang='lat' dir='ltr'><strong>discipulis</strong></span> <span class='ocrx_word' id='word_1_723' title='bbox 954 4534 1063 4595; x_wconf 66' lang='lat' dir='ltr'><strong>Beatam,</strong></span> <span class='ocrx_word' id='word_1_724' title='bbox 1075 4536 1098 4583; x_wconf 82' lang='lat' dir='ltr'><strong>et</strong></span> <span class='ocrx_word' id='word_1_725' title='bbox 1109 4534 1270 4596; x_wconf 74' lang='lat' dir='ltr'><strong>Atratinum,</strong></span> <span class='ocrx_word' id='word_1_726' title='bbox 1283 4546 1315 4584; x_wconf 89' lang='lat' dir='ltr'><strong>ex</strong></span> <span class='ocrx_word' id='word_1_727' title='bbox 1326 4531 1353 4586; x_wconf 79' lang='lat' dir='ltr'><strong>S.</strong></span> <span class='ocrx_word' id='word_1_728' title='bbox 1366 4531 1444 4598; x_wconf 75' lang='lat' dir='ltr'><strong>drop.</strong></span> <span class='ocrx_word' id='word_1_729' title='bbox 1456 4532 1530 4598; x_wconf 73' lang='lat' dir='ltr'><strong>Dap.</strong></span> <span class='ocrx_word' id='word_1_730' title='bbox 1547 4533 1580 4584; x_wconf 78' lang='lat' dir='ltr'><strong>ia</strong></span> <span class='ocrx_word' id='word_1_731' title='bbox 1591 4533 1693 4598; x_wconf 82' lang='lat' dir='ltr'><strong>Eeoaq.</strong></span> <span class='ocrx_word' id='word_1_732' title='bbox 1703 4527 1742 4582; x_wconf 87' lang='lat' dir='ltr'><strong>lib.</strong></span> 
     </span>
     <span class='ocr_line' id='line_1_52' title="bbox 119 4601 1594 4672; baseline 0.002 -18"><span class='ocrx_word' id='word_1_733' title='bbox 119 4602 218 4655; x_wconf 87' lang='lat' dir='ltr'><strong>Petrus</strong></span> <span class='ocrx_word' id='word_1_734' title='bbox 238 4602 403 4672; x_wconf 88' lang='lat' dir='ltr'><strong>designatur</strong></span> <span class='ocrx_word' id='word_1_735' title='bbox 416 4620 449 4656; x_wconf 87' lang='lat' dir='ltr'><strong>ex</strong></span> <span class='ocrx_word' id='word_1_736' title='bbox 463 4603 585 4656; x_wconf 86' lang='lat' dir='ltr'><strong>nomine.</strong></span> <span class='ocrx_word' id='word_1_737' title='bbox 603 4603 655 4656; x_wconf 89' lang='lat' dir='ltr'><strong>Sed</strong></span> <span class='ocrx_word' id='word_1_738' title='bbox 672 4603 695 4656; x_wconf 91' lang='lat' dir='ltr'><strong>si</strong></span> <span class='ocrx_word' id='word_1_739' title='bbox 712 4603 785 4655; x_wconf 87' lang='lat' dir='ltr'><strong>hunc</strong></span> <span class='ocrx_word' id='word_1_740' title='bbox 798 4603 914 4671; x_wconf 89' lang='lat' dir='ltr'><strong>angelus</strong></span> <span class='ocrx_word' id='word_1_741' title='bbox 958 4616 991 4657; x_wconf 85' lang='lat'><strong>11:</strong></span> <span class='ocrx_word' id='word_1_742' title='bbox 1008 4602 1080 4655; x_wconf 83' lang='lat' dir='ltr'><strong>born.</strong></span> <span class='ocrx_word' id='word_1_743' title='bbox 1097 4601 1144 4668; x_wconf 71' lang='lat'><strong>‘253</strong></span> <span class='ocrx_word' id='word_1_744' title='bbox 1162 4601 1275 4655; x_wconf 88' lang='lat' dir='ltr'><strong>demum</strong></span> <span class='ocrx_word' id='word_1_745' title='bbox 1291 4618 1323 4655; x_wconf 87' lang='lat' dir='ltr'><strong>ex</strong></span> <span class='ocrx_word' id='word_1_746' title='bbox 1333 4602 1361 4656; x_wconf 88' lang='lat' dir='ltr'><strong>S.</strong></span> <span class='ocrx_word' id='word_1_747' title='bbox 1378 4603 1506 4668; x_wconf 73' lang='lat' dir='ltr'><strong>August,</strong></span> <span class='ocrx_word' id='word_1_748' title='bbox 1523 4603 1594 4658; x_wconf 78' lang='lat' dir='ltr'><strong>ibid.</strong></span> 
     </span>
     <span class='ocr_line' id='line_1_53' title="bbox 119 4672 1742 4744; baseline -0.003 -19"><span class='ocrx_word' id='word_1_749' title='bbox 119 4672 285 4726; x_wconf 89' lang='lat' dir='ltr'><strong>nominatim</strong></span> <span class='ocrx_word' id='word_1_750' title='bbox 309 4690 364 4727; x_wconf 94' lang='lat' dir='ltr'><strong>non</strong></span> <span class='ocrx_word' id='word_1_751' title='bbox 379 4674 548 4744; x_wconf 85' lang='lat' dir='ltr'><strong>exprimeret</strong></span> <span class='ocrx_word' id='word_1_752' title='bbox 562 4675 607 4744; x_wconf 90' lang='lat' dir='ltr'><strong>qui</strong></span> <span class='ocrx_word' id='word_1_753' title='bbox 623 4674 788 4741; x_wconf 86' lang='lat' dir='ltr'><strong>magistrum</strong></span> <span class='ocrx_word' id='word_1_754' title='bbox 800 4689 916 4743; x_wconf 80' lang='lat' dir='ltr'><strong>negare·</strong></span> <span class='ocrx_word' id='word_1_755' title='bbox 992 4684 1007 4725; x_wconf 77' lang='lat' dir='ltr'><strong>t</strong></span> <span class='ocrx_word' id='word_1_756' title='bbox 1022 4674 1055 4727; x_wconf 78' lang='lat' dir='ltr'><strong>lit</strong></span> <span class='ocrx_word' id='word_1_757' title='bbox 1068 4675 1164 4736; x_wconf 78' lang='lat' dir='ltr'><strong>urscia,</strong></span> <span class='ocrx_word' id='word_1_758' title='bbox 1183 4672 1284 4742; x_wconf 91' lang='lat' dir='ltr'><strong>inquit,</strong></span> <span class='ocrx_word' id='word_1_759' title='bbox 1301 4674 1349 4724; x_wconf 79' lang='lat' dir='ltr'><strong>ulli</strong></span> <span class='ocrx_word' id='word_1_760' title='bbox 1362 4679 1515 4740; x_wconf 82' lang='lat' dir='ltr'><strong>posuerant</strong></span> <span class='ocrx_word' id='word_1_761' title='bbox 1529 4690 1603 4726; x_wconf 72' lang='lat' dir='ltr'><strong>carru.</strong></span> <span class='ocrx_word' id='word_1_762' title='bbox 1617 4674 1681 4728; x_wconf 83' lang='lat' dir='ltr'><strong>llaec</strong></span> <span class='ocrx_word' id='word_1_763' title='bbox 1693 4674 1742 4724; x_wconf 84' lang='lat' dir='ltr'><strong>erat</strong></span> 
     </span>
     <span class='ocr_line' id='line_1_54' title="bbox 118 4742 1740 4815; baseline -0.001 -19"><span class='ocrx_word' id='word_1_764' title='bbox 118 4750 171 4807; x_wconf 90' lang='lat' dir='ltr'><strong>rat,</strong></span> <span class='ocrx_word' id='word_1_765' title='bbox 189 4744 282 4797; x_wconf 85' lang='lat' dir='ltr'><strong>venire</strong></span> <span class='ocrx_word' id='word_1_766' title='bbox 307 4745 380 4797; x_wconf 90' lang='lat' dir='ltr'><strong>inter</strong></span> <span class='ocrx_word' id='word_1_767' title='bbox 402 4744 552 4815; x_wconf 90' lang='lat' dir='ltr'><strong>discipulos</strong></span> <span class='ocrx_word' id='word_1_768' title='bbox 577 4761 633 4797; x_wconf 94' lang='lat' dir='ltr'><strong>non</strong></span> <span class='ocrx_word' id='word_1_769' title='bbox 654 4745 785 4803; x_wconf 59' lang='lat' dir='ltr'><strong>auderem</strong></span> <span class='ocrx_word' id='word_1_770' title='bbox 803 4751 917 4797; x_wconf 76' lang='lat' dir='ltr'><strong>vocatur</strong></span> <span class='ocrx_word' id='word_1_771' title='bbox 956 4759 1041 4797; x_wconf 91' lang='lat' dir='ltr'><strong>causa</strong></span> <span class='ocrx_word' id='word_1_772' title='bbox 1055 4745 1145 4812; x_wconf 90' lang='lat' dir='ltr'><strong>major</strong></span> <span class='ocrx_word' id='word_1_773' title='bbox 1158 4743 1262 4796; x_wconf 90' lang='lat' dir='ltr'><strong>doloris</strong></span> <span class='ocrx_word' id='word_1_774' title='bbox 1272 4743 1345 4813; x_wconf 89' lang='lat' dir='ltr'><strong>quod</strong></span> <span class='ocrx_word' id='word_1_775' title='bbox 1362 4742 1504 4796; x_wconf 87' lang='lat' dir='ltr'><strong>nesciebat</strong></span> <span class='ocrx_word' id='word_1_776' title='bbox 1514 4744 1632 4814; x_wconf 90' lang='lat' dir='ltr'><strong>quoiret</strong></span> <span class='ocrx_word' id='word_1_777' title='bbox 1645 4744 1678 4797; x_wconf 92' lang='lat' dir='ltr'><strong>ad</strong></span> <span class='ocrx_word' id='word_1_778' title='bbox 1686 4758 1740 4795; x_wconf 84' lang='lat' dir='ltr'><strong>rou·</strong></span> 
     </span>
     <span class='ocr_line' id='line_1_55' title="bbox 119 4812 1737 4886; baseline -0.002 -17"><span class='ocrx_word' id='word_1_779' title='bbox 119 4831 186 4885; x_wconf 88' lang='lat' dir='ltr'><strong>ergo</strong></span> <span class='ocrx_word' id='word_1_780' title='bbox 200 4831 232 4867; x_wconf 89' lang='lat' dir='ltr'><strong>ex</strong></span> <span class='ocrx_word' id='word_1_781' title='bbox 243 4815 357 4868; x_wconf 92' lang='lat' dir='ltr'><strong>nomine</strong></span> <span class='ocrx_word' id='word_1_782' title='bbox 367 4831 402 4869; x_wconf 90' lang='lat' dir='ltr'><strong>ne</strong></span> <span class='ocrx_word' id='word_1_783' title='bbox 412 4816 575 4886; x_wconf 87' lang='lat' dir='ltr'><strong>desperaret</strong></span> <span class='ocrx_word' id='word_1_784' title='bbox 588 4833 620 4869; x_wconf 85' lang='lat' dir='ltr'><strong>ex</strong></span> <span class='ocrx_word' id='word_1_785' title='bbox 636 4815 797 4885; x_wconf 90' lang='lat' dir='ltr'><strong>negatione.</strong></span> <span class='ocrx_word' id='word_1_786' title='bbox 810 4817 916 4869; x_wconf 86' lang='lat' dir='ltr'><strong>ltabam‘</strong></span> <span class='ocrx_word' id='word_1_787' title='bbox 956 4814 1102 4868; x_wconf 89' lang='lat' dir='ltr'><strong>solandum</strong></span> <span class='ocrx_word' id='word_1_788' title='bbox 1118 4814 1253 4868; x_wconf 87' lang='lat' dir='ltr'><strong>dolorem.</strong></span> <span class='ocrx_word' id='word_1_789' title='bbox 1270 4815 1374 4869; x_wconf 78' lang='lat' dir='ltr'><strong>Daton.</strong></span> <span class='ocrx_word' id='word_1_790' title='bbox 1392 4815 1471 4873; x_wconf 76' lang='lat' dir='ltr'><strong>ibid,</strong></span> <span class='ocrx_word' id='word_1_791' title='bbox 1488 4816 1570 4870; x_wconf 80' lang='lat' dir='ltr'><strong>Dedo.</strong></span> <span class='ocrx_word' id='word_1_792' title='bbox 1585 4817 1665 4869; x_wconf 75' lang='lat' dir='ltr'><strong>ibid:</strong></span> <span class='ocrx_word' id='word_1_793' title='bbox 1677 4830 1706 4867; x_wconf 83' lang='lat' dir='ltr'><strong>ex</strong></span> <span class='ocrx_word' id='word_1_794' title='bbox 1717 4812 1737 4866; x_wconf 84' lang='lat' dir='ltr'><strong>S.</strong></span> 
     </span>
     <span class='ocr_line' id='line_1_56' title="bbox 118 4885 1368 4952; baseline -0.004 -11"><span class='ocrx_word' id='word_1_795' title='bbox 118 4888 222 4941; x_wconf 84' lang='lat' dir='ltr'><strong>llomil.</strong></span> <span class='ocrx_word' id='word_1_796' title='bbox 236 4890 267 4939; x_wconf 82' lang='lat' dir='ltr'><strong>iu.</strong></span> <span class='ocrx_word' id='word_1_797' title='bbox 278 4888 321 4939; x_wconf 82' lang='lat' dir='ltr'><strong>die</strong></span> <span class='ocrx_word' id='word_1_798' title='bbox 337 4888 441 4940; x_wconf 76' lang='lat' dir='ltr'><strong>Possim</strong></span> <span class='ocrx_word' id='word_1_799' title='bbox 467 4886 505 4940; x_wconf 89' lang='lat' dir='ltr'><strong>Ex</strong></span> <span class='ocrx_word' id='word_1_800' title='bbox 522 4888 599 4945; x_wconf 81' lang='lat' dir='ltr'><strong>llrrlu,</strong></span> <span class='ocrx_word' id='word_1_801' title='bbox 616 4889 681 4939; x_wconf 79' lang='lat' dir='ltr'><strong>ibid.</strong></span> <span class='ocrx_word' id='word_1_802' title='bbox 956 4886 1073 4952; x_wconf 81' lang='lat' dir='ltr'><strong>Anqust.</strong></span> <span class='ocrx_word' id='word_1_803' title='bbox 1088 4890 1196 4939; x_wconf 82' lang='lat' dir='ltr'><strong>tractat.</strong></span> <span class='ocrx_word' id='word_1_804' title='bbox 1209 4900 1280 4945; x_wconf 71' lang='lat' dir='ltr'><strong>cunr,</strong></span> <span class='ocrx_word' id='word_1_805' title='bbox 1295 4896 1328 4938; x_wconf 79' lang='lat' dir='ltr'><strong>n‘·</strong></span> <span class='ocrx_word' id='word_1_806' title='bbox 1346 4885 1368 4937; x_wconf 94' lang='lat' dir='ltr'><strong>l.</strong></span> 
     </span>
     <span class='ocr_line' id='line_1_57' title="bbox 154 4954 1737 5027; baseline -0.003 -17"><span class='ocrx_word' id='word_1_807' title='bbox 154 4955 258 5011; x_wconf 83' lang='lat' dir='ltr'><strong>dOculi</strong></span> <span class='ocrx_word' id='word_1_808' title='bbox 275 4957 389 5017; x_wconf 83' lang='lat' dir='ltr'><strong>tlllariael</strong></span> <span class='ocrx_word' id='word_1_809' title='bbox 403 4958 449 5027; x_wconf 90' lang='lat' dir='ltr'><strong>qui</strong></span> <span class='ocrx_word' id='word_1_810' title='bbox 465 4957 614 5011; x_wconf 91' lang='lat' dir='ltr'><strong>Dominum</strong></span> <span class='ocrx_word' id='word_1_811' title='bbox 624 4957 804 5027; x_wconf 65' lang='lat' dir='ltr'><strong>quaesierunt,</strong></span> <span class='ocrx_word' id='word_1_812' title='bbox 817 4965 845 5010; x_wconf 88' lang='lat' dir='ltr'><strong>et</strong></span> <span class='ocrx_word' id='word_1_813' title='bbox 860 4974 915 5011; x_wconf 92' lang='lat' dir='ltr'><strong>uon</strong></span> <span class='ocrx_word' id='word_1_814' title='bbox 992 4955 1005 4995; x_wconf 81' lang='lat'><strong>¹¹</strong></span> <span class='ocrx_word' id='word_1_815' title='bbox 1020 4957 1181 5010; x_wconf 80' lang='lat' dir='ltr'><strong>Notandum</strong></span> <span class='ocrx_word' id='word_1_816' title='bbox 1197 4956 1272 5026; x_wconf 88' lang='lat' dir='ltr'><strong>quod</strong></span> <span class='ocrx_word' id='word_1_817' title='bbox 1282 4956 1372 5010; x_wconf 90' lang='lat' dir='ltr'><strong>ldaria</strong></span> <span class='ocrx_word' id='word_1_818' title='bbox 1385 4954 1519 5009; x_wconf 89' lang='lat' dir='ltr'><strong>adhucde</strong></span> <span class='ocrx_word' id='word_1_819' title='bbox 1534 4956 1647 5012; x_wconf 88' lang='lat' dir='ltr'><strong>Domini</strong></span> <span class='ocrx_word' id='word_1_820' title='bbox 1661 4968 1737 5009; x_wconf 84' lang='lat' dir='ltr'><strong>resur·</strong></span> 
     </span>
     <span class='ocr_line' id='line_1_58' title="bbox 117 5025 1734 5098; baseline -0.003 -18"><span class='ocrx_word' id='word_1_821' title='bbox 117 5027 682 5098; x_wconf 73' lang='lat' dir='ltr'><strong>inveneruntlacrrmisjamexundabant.</strong></span> <span class='ocrx_word' id='word_1_822' title='bbox 693 5027 813 5097; x_wconf 90' lang='lat' dir='ltr'><strong>amplius</strong></span> <span class='ocrx_word' id='word_1_823' title='bbox 822 5029 916 5081; x_wconf 91' lang='lat' dir='ltr'><strong>dolen·</strong></span> <span class='ocrx_word' id='word_1_824' title='bbox 956 5027 1079 5081; x_wconf 85' lang='lat' dir='ltr'><strong>rectione</strong></span> <span class='ocrx_word' id='word_1_825' title='bbox 1093 5026 1271 5081; x_wconf 87' lang='lat' dir='ltr'><strong>dubitabat...</strong></span> <span class='ocrx_word' id='word_1_826' title='bbox 1286 5027 1333 5080; x_wconf 87' lang='lat' dir='ltr'><strong>sed</strong></span> <span class='ocrx_word' id='word_1_827' title='bbox 1350 5026 1416 5097; x_wconf 88' lang='lat' dir='ltr'><strong>quia</strong></span> <span class='ocrx_word' id='word_1_828' title='bbox 1426 5026 1542 5080; x_wconf 89' lang='lat' dir='ltr'><strong>amabat</strong></span> <span class='ocrx_word' id='word_1_829' title='bbox 1557 5036 1585 5082; x_wconf 87' lang='lat' dir='ltr'><strong>et</strong></span> <span class='ocrx_word' id='word_1_830' title='bbox 1599 5025 1734 5083; x_wconf 83' lang='lat' dir='ltr'><strong>dubitabat.</strong></span> 
     </span>
     <span class='ocr_line' id='line_1_59' title="bbox 118 5097 1733 5179; baseline -0.005 -26"><span class='ocrx_word' id='word_1_831' title='bbox 118 5100 349 5170; x_wconf 73' lang='lat' dir='ltr'><strong>tesquodl&#39;uerat</strong></span> <span class='ocrx_word' id='word_1_832' title='bbox 364 5099 473 5153; x_wconf 88' lang='lat' dir='ltr'><strong>ablatus</strong></span> <span class='ocrx_word' id='word_1_833' title='bbox 488 5100 522 5153; x_wconf 90' lang='lat' dir='ltr'><strong>de</strong></span> <span class='ocrx_word' id='word_1_834' title='bbox 538 5106 728 5162; x_wconf 92' lang='lat' dir='ltr'><strong>monumento,</strong></span> <span class='ocrx_word' id='word_1_835' title='bbox 743 5115 826 5179; x_wconf 88' lang='lat' dir='ltr'><strong>quam</strong></span> <span class='ocrx_word' id='word_1_836' title='bbox 842 5100 914 5171; x_wconf 90' lang='lat' dir='ltr'><strong>quod</strong></span> <span class='ocrx_word' id='word_1_837' title='bbox 957 5097 1070 5151; x_wconf 82' lang='lat' dir='ltr'><strong>ridebat</strong></span> <span class='ocrx_word' id='word_1_838' title='bbox 1084 5105 1113 5151; x_wconf 94' lang='lat' dir='ltr'><strong>et</strong></span> <span class='ocrx_word' id='word_1_839' title='bbox 1131 5114 1186 5151; x_wconf 92' lang='lat' dir='ltr'><strong>non</strong></span> <span class='ocrx_word' id='word_1_840' title='bbox 1201 5097 1385 5168; x_wconf 85' lang='lat' dir='ltr'><strong>cognoscebat</strong></span> <span class='ocrx_word' id='word_1_841' title='bbox 1401 5116 1406 5149; x_wconf 92' lang='lat'>:</span> <span class='ocrx_word' id='word_1_842' title='bbox 1424 5114 1548 5168; x_wconf 87' lang='lat' dir='ltr'><strong>eumque</strong></span> <span class='ocrx_word' id='word_1_843' title='bbox 1563 5098 1603 5153; x_wconf 92' lang='lat' dir='ltr'><strong>illi</strong></span> <span class='ocrx_word' id='word_1_844' title='bbox 1623 5108 1733 5153; x_wconf 73' lang='lat' dir='ltr'><strong>amoros-</strong></span> 
     </span>
     <span class='ocr_line' id='line_1_60' title="bbox 119 5166 1735 5241; baseline -0.001 -19"><span class='ocrx_word' id='word_1_845' title='bbox 119 5170 210 5223; x_wconf 85' lang='lat' dir='ltr'><strong>luerat</strong></span> <span class='ocrx_word' id='word_1_846' title='bbox 224 5171 330 5225; x_wconf 88' lang='lat' dir='ltr'><strong>occisus</strong></span> <span class='ocrx_word' id='word_1_847' title='bbox 345 5171 399 5224; x_wconf 92' lang='lat' dir='ltr'><strong>inli</strong></span> <span class='ocrx_word' id='word_1_848' title='bbox 441 5187 466 5233; x_wconf 94' lang='lat' dir='ltr'><strong>o,</strong></span> <span class='ocrx_word' id='word_1_849' title='bbox 484 5172 616 5241; x_wconf 88' lang='lat' dir='ltr'><strong>quoniam</strong></span> <span class='ocrx_word' id='word_1_850' title='bbox 632 5170 759 5240; x_wconf 81' lang='lat' dir='ltr'><strong>magistu</strong></span> <span class='ocrx_word' id='word_1_851' title='bbox 770 5170 852 5230; x_wconf 79' lang='lat' dir='ltr'><strong>moti,</strong></span> <span class='ocrx_word' id='word_1_852' title='bbox 866 5186 914 5223; x_wconf 92' lang='lat' dir='ltr'><strong>cu·</strong></span> <span class='ocrx_word' id='word_1_853' title='bbox 956 5169 1086 5223; x_wconf 85' lang='lat' dir='ltr'><strong>tenderat</strong></span> <span class='ocrx_word' id='word_1_854' title='bbox 1093 5168 1256 5223; x_wconf 84' lang='lat' dir='ltr'><strong>etduhietas</strong></span> <span class='ocrx_word' id='word_1_855' title='bbox 1266 5166 1471 5236; x_wconf 76' lang='lat' dir='ltr'><strong>abscondebat3</strong></span> <span class='ocrx_word' id='word_1_856' title='bbox 1487 5170 1569 5239; x_wconf 89' lang='lat' dir='ltr'><strong>cujus</strong></span> <span class='ocrx_word' id='word_1_857' title='bbox 1580 5168 1735 5236; x_wconf 72' lang='lat' dir='ltr'><strong>adbuciguu</strong></span> 
     </span>
     <span class='ocr_line' id='line_1_61' title="bbox 115 5236 1734 5311; baseline 0.001 -19"><span class='ocrx_word' id='word_1_858' title='bbox 115 5241 163 5309; x_wconf 87' lang='lat' dir='ltr'><strong>jus</strong></span> <span class='ocrx_word' id='word_1_859' title='bbox 183 5242 224 5293; x_wconf 90' lang='lat' dir='ltr'><strong>eis</strong></span> <span class='ocrx_word' id='word_1_860' title='bbox 240 5243 286 5305; x_wconf 79' lang='lat' dir='ltr'><strong>tei)</strong></span> <span class='ocrx_word' id='word_1_861' title='bbox 303 5242 360 5295; x_wconf 84' lang='lat' dir='ltr'><strong>rita</strong></span> <span class='ocrx_word' id='word_1_862' title='bbox 373 5259 404 5295; x_wconf 90' lang='lat' dir='ltr'><strong>su</strong></span> <span class='ocrx_word' id='word_1_863' title='bbox 426 5247 516 5295; x_wconf 88' lang='lat' dir='ltr'><strong>tracta</strong></span> <span class='ocrx_word' id='word_1_864' title='bbox 536 5242 636 5304; x_wconf 85' lang='lat' dir='ltr'><strong>iuerat,</strong></span> <span class='ocrx_word' id='word_1_865' title='bbox 654 5258 704 5293; x_wconf 87' lang='lat' dir='ltr'><strong>nec</strong></span> <span class='ocrx_word' id='word_1_866' title='bbox 719 5241 856 5294; x_wconf 88' lang='lat' dir='ltr'><strong>memoria</strong></span> <span class='ocrx_word' id='word_1_867' title='bbox 869 5258 914 5295; x_wconf 90' lang='lat' dir='ltr'><strong>re·</strong></span> <span class='ocrx_word' id='word_1_868' title='bbox 956 5240 1049 5293; x_wconf 76' lang='lat' dir='ltr'><strong>tantia</strong></span> <span class='ocrx_word' id='word_1_869' title='bbox 1062 5240 1236 5311; x_wconf 83' lang='lat' dir='ltr'><strong>exprimitur,</strong></span> <span class='ocrx_word' id='word_1_870' title='bbox 1254 5257 1317 5293; x_wconf 89' lang='lat' dir='ltr'><strong>cum</strong></span> <span class='ocrx_word' id='word_1_871' title='bbox 1341 5239 1461 5293; x_wconf 87' lang='lat' dir='ltr'><strong>infertur</strong></span> <span class='ocrx_word' id='word_1_872' title='bbox 1480 5246 1509 5293; x_wconf 87' lang='lat' dir='ltr'><strong>et</strong></span> <span class='ocrx_word' id='word_1_873' title='bbox 1530 5236 1734 5304; x_wconf 70' lang='lat' dir='ltr'><strong>nesciebatque</strong></span> 
     </span>
     <span class='ocr_line' id='line_1_62' title="bbox 119 5310 1734 5382; baseline -0.002 -19"><span class='ocrx_word' id='word_1_874' title='bbox 119 5311 249 5364; x_wconf 88' lang='lat' dir='ltr'><strong>manebat</strong></span> <span class='ocrx_word' id='word_1_875' title='bbox 274 5314 383 5366; x_wconf 73' lang='lat' dir='ltr'><strong>natant</strong></span> <span class='ocrx_word' id='word_1_876' title='bbox 397 5315 498 5367; x_wconf 85' lang='lat' dir='ltr'><strong>Hamil.</strong></span> <span class='ocrx_word' id='word_1_877' title='bbox 521 5316 575 5380; x_wconf 75' lang='lat' dir='ltr'><strong>fer.</strong></span> <span class='ocrx_word' id='word_1_878' title='bbox 590 5327 607 5364; x_wconf 82' lang='lat' dir='ltr'><strong>r</strong></span> <span class='ocrx_word' id='word_1_879' title='bbox 621 5314 736 5366; x_wconf 69' lang='lat' dir='ltr'><strong>Pusulae.</strong></span> <span class='ocrx_word' id='word_1_880' title='bbox 754 5312 821 5374; x_wconf 76' lang='lat' dir='ltr'><strong>Quae</strong></span> <span class='ocrx_word' id='word_1_881' title='bbox 840 5311 914 5382; x_wconf 90' lang='lat' dir='ltr'><strong>apud</strong></span> <span class='ocrx_word' id='word_1_882' title='bbox 954 5315 1031 5364; x_wconf 77' lang='lat' dir='ltr'><strong>Jrsas</strong></span> <span class='ocrx_word' id='word_1_883' title='bbox 1046 5316 1119 5363; x_wconf 80' lang='lat' dir='ltr'><strong>osset.</strong></span> <span class='ocrx_word' id='word_1_884' title='bbox 1132 5313 1225 5366; x_wconf 84' lang='lat' dir='ltr'><strong>llabon</strong></span> <span class='ocrx_word' id='word_1_885' title='bbox 1252 5312 1318 5364; x_wconf 80' lang='lat' dir='ltr'><strong>ibid.</strong></span> <span class='ocrx_word' id='word_1_886' title='bbox 1336 5326 1368 5362; x_wconf 84' lang='lat' dir='ltr'><strong>ex</strong></span> <span class='ocrx_word' id='word_1_887' title='bbox 1384 5312 1411 5364; x_wconf 82' lang='lat' dir='ltr'><strong>S.</strong></span> <span class='ocrx_word' id='word_1_888' title='bbox 1424 5310 1504 5377; x_wconf 81' lang='lat' dir='ltr'><strong>Grrq.</strong></span> <span class='ocrx_word' id='word_1_889' title='bbox 1516 5312 1589 5380; x_wconf 81' lang='lat' dir='ltr'><strong>llaq.</strong></span> <span class='ocrx_word' id='word_1_890' title='bbox 1602 5312 1734 5369; x_wconf 73' lang='lat' dir='ltr'><strong>intimae..</strong></span> 
     </span>
     <span class='ocr_line' id='line_1_63' title="bbox 118 5381 1308 5452; baseline 0.004 -20"><span class='ocrx_word' id='word_1_891' title='bbox 118 5382 270 5434; x_wconf 67' lang='lat' dir='ltr'><strong>atestinum</strong></span> <span class='ocrx_word' id='word_1_892' title='bbox 280 5384 312 5435; x_wconf 88' lang='lat' dir='ltr'><strong>dc</strong></span> <span class='ocrx_word' id='word_1_893' title='bbox 323 5386 402 5437; x_wconf 75' lang='lat' dir='ltr'><strong>uer-oe</strong></span> <span class='ocrx_word' id='word_1_894' title='bbox 415 5387 453 5438; x_wconf 82' lang='lat' dir='ltr'><strong>ort</strong></span> <span class='ocrx_word' id='word_1_895' title='bbox 467 5386 577 5437; x_wconf 82' lang='lat' dir='ltr'><strong>eertum</strong></span> <span class='ocrx_word' id='word_1_896' title='bbox 594 5385 783 5452; x_wconf 77' lang='lat' dir='ltr'><strong>reperiamur.</strong></span> <span class='ocrx_word' id='word_1_897' title='bbox 802 5399 834 5436; x_wconf 83' lang='lat' dir='ltr'><strong>ex</strong></span> <span class='ocrx_word' id='word_1_898' title='bbox 845 5385 915 5437; x_wconf 76' lang='lat' dir='ltr'><strong>ltecta</strong></span> <span class='ocrx_word' id='word_1_899' title='bbox 957 5382 1004 5435; x_wconf 90' lang='lat' dir='ltr'><strong>lib.</strong></span> <span class='ocrx_word' id='word_1_900' title='bbox 1019 5396 1049 5446; x_wconf 84' lang='lat'><strong>11,</strong></span> <span class='ocrx_word' id='word_1_901' title='bbox 1064 5384 1159 5438; x_wconf 83' lang='lat' dir='ltr'><strong>homil.</strong></span> <span class='ocrx_word' id='word_1_902' title='bbox 1176 5381 1220 5446; x_wconf 66' lang='lat'><strong>25,</strong></span> <span class='ocrx_word' id='word_1_903' title='bbox 1237 5393 1269 5434; x_wconf 82' lang='lat' dir='ltr'><strong>n⁰</strong></span> <span class='ocrx_word' id='word_1_904' title='bbox 1282 5382 1308 5438; x_wconf 80' lang='lat' dir='ltr'><strong>l.</strong></span> 
     </span>
     <span class='ocr_line' id='line_1_64' title="bbox 120 5450 1735 5523; baseline 0.001 -23"><span class='ocrx_word' id='word_1_905' title='bbox 120 5453 150 5503; x_wconf 85' lang='lat' dir='ltr'><strong>in</strong></span> <span class='ocrx_word' id='word_1_906' title='bbox 162 5453 305 5515; x_wconf 74' lang='lat' dir='ltr'><strong>ioannem,</strong></span> <span class='ocrx_word' id='word_1_907' title='bbox 318 5470 379 5523; x_wconf 87' lang='lat' dir='ltr'><strong>cap.</strong></span> <span class='ocrx_word' id='word_1_908' title='bbox 396 5454 440 5509; x_wconf 81' lang='lat' dir='ltr'><strong>ao.</strong></span> <span class='ocrx_word' id='word_1_909' title='bbox 992 5452 998 5492; x_wconf 73' lang='grc' dir='ltr'>ἰ</span> <span class='ocrx_word' id='word_1_910' title='bbox 1011 5455 1083 5507; x_wconf 74' lang='lat' dir='ltr'><strong>arcu</strong></span> <span class='ocrx_word' id='word_1_911' title='bbox 1094 5456 1119 5506; x_wconf 82' lang='lat' dir='ltr'><strong>ci</strong></span> <span class='ocrx_word' id='word_1_912' title='bbox 1126 5456 1203 5507; x_wconf 83' lang='lat' dir='ltr'><strong>lesus</strong></span> <span class='ocrx_word' id='word_1_913' title='bbox 1215 5471 1222 5506; x_wconf 91' lang='lat'><em>:</em></span> <span class='ocrx_word' id='word_1_914' title='bbox 1235 5455 1345 5516; x_wconf 58' lang='lat' dir='ltr'><strong>inerter,</strong></span> <span class='ocrx_word' id='word_1_915' title='bbox 1354 5455 1422 5520; x_wconf 83' lang='lat' dir='ltr'><strong>quid</strong></span> <span class='ocrx_word' id='word_1_916' title='bbox 1432 5455 1538 5522; x_wconf 83' lang='lat' dir='ltr'><strong>ploras,</strong></span> <span class='ocrx_word' id='word_1_917' title='bbox 1548 5470 1627 5522; x_wconf 80' lang='lat' dir='ltr'><strong>quem</strong></span> <span class='ocrx_word' id='word_1_918' title='bbox 1638 5450 1735 5521; x_wconf 70' lang='lat' dir='ltr'><strong>queris?</strong></span> 
     </span>
     <span class='ocr_line' id='line_1_65' title="bbox 154 5519 1733 5597; baseline -0.001 -25"><span class='ocrx_word' id='word_1_919' title='bbox 154 5533 166 5561; x_wconf 78' lang='lat' dir='ltr'><strong>e</strong></span> <span class='ocrx_word' id='word_1_920' title='bbox 181 5520 249 5573; x_wconf 89' lang='lat' dir='ltr'><strong>lnde</strong></span> <span class='ocrx_word' id='word_1_921' title='bbox 264 5522 405 5578; x_wconf 86' lang='lat' dir='ltr'><strong>sublatum</strong></span> <span class='ocrx_word' id='word_1_922' title='bbox 416 5525 594 5597; x_wconf 87' lang='lat' dir='ltr'><strong>etdiscipulis</strong></span> <span class='ocrx_word' id='word_1_923' title='bbox 610 5523 668 5594; x_wconf 90' lang='lat' dir='ltr'><strong>ipse</strong></span> <span class='ocrx_word' id='word_1_924' title='bbox 682 5525 870 5591; x_wconf 82' lang='lat' dir='ltr'><strong>nuntiaverat,</strong></span> <span class='ocrx_word' id='word_1_925' title='bbox 887 5528 916 5577; x_wconf 92' lang='lat' dir='ltr'><strong>et</strong></span> <span class='ocrx_word' id='word_1_926' title='bbox 956 5524 1150 5594; x_wconf 85' lang='lat' dir='ltr'><strong>Interrogatur</strong></span> <span class='ocrx_word' id='word_1_927' title='bbox 1166 5523 1270 5578; x_wconf 89' lang='lat' dir='ltr'><strong>doloris</strong></span> <span class='ocrx_word' id='word_1_928' title='bbox 1284 5539 1369 5578; x_wconf 87' lang='lat' dir='ltr'><strong>causa</strong></span> <span class='ocrx_word' id='word_1_929' title='bbox 1386 5528 1419 5577; x_wconf 90' lang='lat' dir='ltr'><strong>ut</strong></span> <span class='ocrx_word' id='word_1_930' title='bbox 1433 5529 1574 5593; x_wconf 84' lang='lat' dir='ltr'><strong>augeatur</strong></span> <span class='ocrx_word' id='word_1_931' title='bbox 1588 5519 1733 5578; x_wconf 83' lang='lat' dir='ltr'><strong>desiderium</strong></span> 
     </span>
    </p>
   </div>
   <div class='ocr_carea' id='block_1_5' title="bbox 0 0 1890 6116">
    <p class='ocr_par' dir='ltr' id='par_1_7' title="bbox 0 0 1890 6116">
     <span class='ocr_line' id='line_1_66' title="bbox 0 0 1890 6116; baseline 0 0"><span class='ocrx_word' id='word_1_932' title='bbox 0 0 1890 6116; x_wconf 95' lang='lat' dir='ltr'><strong> </strong></span> 
     </span>
    </p>
   </div>
  </div>
 </body>
</html>
