<?xml version="1.0" encoding="UTF-8"?>
<!DOCTYPE html PUBLIC "-//W3C//DTD XHTML 1.0 Transitional//EN"
    "http://www.w3.org/TR/xhtml1/DTD/xhtml1-transitional.dtd">
<html xmlns="http://www.w3.org/1999/xhtml" xml:lang="en" lang="en">
 <head>
  <title>
</title>
<meta http-equiv="Content-Type" content="text/html;charset=utf-8" />
  <meta name='ocr-system' content='tesseract 3.04.00' />
  <meta name='ocr-capabilities' content='ocr_page ocr_carea ocr_par ocr_line ocrx_word'/>
</head>
<body>
  <div class='ocr_page' id='page_1' title='image "./patrologiaecurs22goog_0312.png"; bbox 0 0 3786 6128; ppageno 0'>
   <div class='ocr_carea' id='block_1_1' title="bbox 130 306 1472 383">
    <p class='ocr_par' dir='ltr' id='par_1_1' title="bbox 130 306 1472 383">
     <span class='ocr_line' id='line_1_1' title="bbox 130 306 1472 383; baseline 0 -14"><span class='ocrx_word' id='word_1_1' title='bbox 130 316 182 383; x_wconf 69' lang='lat' dir='ltr'><strong>tu</strong></span> <span class='ocrx_word' id='word_1_2' title='bbox 428 315 460 369; x_wconf 86' lang='lat' dir='ltr'><strong>B.</strong></span> <span class='ocrx_word' id='word_1_3' title='bbox 481 312 617 375; x_wconf 78' lang='lat' dir='ltr'><strong>meant</strong></span> <span class='ocrx_word' id='word_1_4' title='bbox 636 312 752 373; x_wconf 74' lang='lat' dir='ltr'><strong>athal</strong></span> <span class='ocrx_word' id='word_1_5' title='bbox 769 310 941 373; x_wconf 75' lang='lat' dir='ltr'><strong>anaema.</strong></span> <span class='ocrx_word' id='word_1_6' title='bbox 959 308 1122 371; x_wconf 78' lang='lat' dir='ltr'><strong>hanam.</strong></span> <span class='ocrx_word' id='word_1_7' title='bbox 1142 307 1292 371; x_wconf 70' lang='lat' dir='ltr'><strong>ormana</strong></span> <span class='ocrx_word' id='word_1_8' title='bbox 1310 306 1402 371; x_wconf 62' lang='lat' dir='ltr'><strong>PARS</strong></span> <span class='ocrx_word' id='word_1_9' title='bbox 1420 306 1472 373; x_wconf 72' lang='lat' dir='ltr'><strong>Ill·</strong></span> 
     </span>
    </p>
   </div>
   <div class='ocr_carea' id='block_1_2' title="bbox 106 430 1657 5657">
    <p class='ocr_par' dir='ltr' id='par_1_2' title="bbox 131 430 1634 506">
     <span class='ocr_line' id='line_1_2' title="bbox 131 430 1634 506; baseline -0.004 -14"><span class='ocrx_word' id='word_1_10' title='bbox 131 440 327 506; x_wconf 72' lang='lat' dir='ltr'><strong>inconveniens</strong></span> <span class='ocrx_word' id='word_1_11' title='bbox 336 444 399 501; x_wconf 84' lang='lat' dir='ltr'><strong>erat</strong></span> <span class='ocrx_word' id='word_1_12' title='bbox 407 438 496 503; x_wconf 70' lang='lat' dir='ltr'><strong>Donni</strong></span> <span class='ocrx_word' id='word_1_13' title='bbox 506 436 654 497; x_wconf 78' lang='lat' dir='ltr'><strong>illaedhoc</strong></span> <span class='ocrx_word' id='word_1_14' title='bbox 661 434 810 495; x_wconf 78' lang='lat' dir='ltr'><strong>lenientem</strong></span> <span class='ocrx_word' id='word_1_15' title='bbox 819 434 881 503; x_wconf 83' lang='lat' dir='ltr'><strong>lege</strong></span> <span class='ocrx_word' id='word_1_16' title='bbox 891 432 1129 504; x_wconf 71' lang='lat' dir='ltr'><strong>abApercipitar.</strong></span> <span class='ocrx_word' id='word_1_17' title='bbox 1148 434 1282 497; x_wconf 75' lang='lat' dir='ltr'><strong>»Deinde</strong></span> <span class='ocrx_word' id='word_1_18' title='bbox 1308 434 1421 503; x_wconf 73' lang='lat' dir='ltr'><strong>adiecit,</strong></span> <span class='ocrx_word' id='word_1_19' title='bbox 1438 438 1468 487; x_wconf 87' lang='lat' dir='ltr'><strong>et</strong></span> <span class='ocrx_word' id='word_1_20' title='bbox 1480 431 1555 504; x_wconf 79' lang='lat' dir='ltr'><strong>qood</strong></span> <span class='ocrx_word' id='word_1_21' title='bbox 1577 430 1634 499; x_wconf 80' lang='lat' dir='ltr'><strong>iltis</strong></span> 
     </span>
    </p>

    <p class='ocr_par' dir='ltr' id='par_1_3' title="bbox 127 518 1657 863">
     <span class='ocr_line' id='line_1_3' title="bbox 131 518 1657 597; baseline -0.003 -14"><span class='ocrx_word' id='word_1_22' title='bbox 131 546 229 593; x_wconf 82' lang='lat' dir='ltr'><strong>eorum</strong></span> <span class='ocrx_word' id='word_1_23' title='bbox 239 544 293 583; x_wconf 91' lang='lat' dir='ltr'><strong>usu</strong></span> <span class='ocrx_word' id='word_1_24' title='bbox 307 526 434 589; x_wconf 76' lang='lat' dir='ltr'><strong>nomines</strong></span> <span class='ocrx_word' id='word_1_25' title='bbox 448 525 606 597; x_wconf 81' lang='lat' dir='ltr'><strong>prohibere.</strong></span> <span class='ocrx_word' id='word_1_26' title='bbox 619 523 784 583; x_wconf 73' lang='lat' dir='ltr'><strong>Necessario</strong></span> <span class='ocrx_word' id='word_1_27' title='bbox 798 538 864 577; x_wconf 80' lang='lat' dir='ltr'><strong>aero</strong></span> <span class='ocrx_word' id='word_1_28' title='bbox 880 522 927 577; x_wconf 86' lang='lat' dir='ltr'><strong>ad·</strong></span> <span class='ocrx_word' id='word_1_29' title='bbox 968 523 1174 592; x_wconf 84' lang='lat' dir='ltr'><strong>possitadnnsei</strong></span> <span class='ocrx_word' id='word_1_30' title='bbox 1186 540 1210 579; x_wconf 85' lang='lat' dir='ltr'><strong>:r</strong></span> <span class='ocrx_word' id='word_1_31' title='bbox 1223 523 1420 585; x_wconf 78' lang='lat' dir='ltr'><strong>Sanctificetur</strong></span> <span class='ocrx_word' id='word_1_32' title='bbox 1429 521 1504 577; x_wconf 86' lang='lat' dir='ltr'><strong>enim</strong></span> <span class='ocrx_word' id='word_1_33' title='bbox 1514 518 1657 592; x_wconf 73' lang='lat' dir='ltr'><strong>paraarba</strong></span> 
     </span>
     <span class='ocr_line' id='line_1_4' title="bbox 127 611 1657 697; baseline -0.005 -26"><span class='ocrx_word' id='word_1_34' title='bbox 127 618 197 693; x_wconf 68' lang='lat' dir='ltr'><strong>iecit</strong></span> <span class='ocrx_word' id='word_1_35' title='bbox 208 638 219 668; x_wconf 78' lang='grc' dir='ltr'>ι</span> <span class='ocrx_word' id='word_1_36' title='bbox 232 634 296 671; x_wconf 92' lang='lat' dir='ltr'><strong>cum</strong></span> <span class='ocrx_word' id='word_1_37' title='bbox 302 617 460 686; x_wconf 82' lang='lat' dir='ltr'><strong>gratiarum</strong></span> <span class='ocrx_word' id='word_1_38' title='bbox 470 615 589 679; x_wconf 73' lang='lat' dir='ltr'><strong>sartione,</strong></span> <span class='ocrx_word' id='word_1_39' title='bbox 598 614 710 697; x_wconf 28' lang='lat' dir='ltr'><strong>&#39;dicens</strong></span> <span class='ocrx_word' id='word_1_40' title='bbox 727 613 767 671; x_wconf 86' lang='lat' dir='ltr'><strong>ita</strong></span> <span class='ocrx_word' id='word_1_41' title='bbox 778 617 810 667; x_wconf 87' lang='lat' dir='ltr'><strong>ut</strong></span> <span class='ocrx_word' id='word_1_42' title='bbox 829 616 858 665; x_wconf 88' lang='lat' dir='ltr'><strong>et</strong></span> <span class='ocrx_word' id='word_1_43' title='bbox 869 628 927 667; x_wconf 88' lang='lat' dir='ltr'><strong>mo·</strong></span> <span class='ocrx_word' id='word_1_44' title='bbox 968 619 996 664; x_wconf 91' lang='lat' dir='ltr'><strong>et</strong></span> <span class='ocrx_word' id='word_1_45' title='bbox 1009 612 1173 669; x_wconf 86' lang='lat' dir='ltr'><strong>orationem.</strong></span> <span class='ocrx_word' id='word_1_46' title='bbox 1190 632 1203 662; x_wconf 77' lang='lat' dir='ltr'><strong>r</strong></span> <span class='ocrx_word' id='word_1_47' title='bbox 1217 613 1289 672; x_wconf 79' lang='lat' dir='ltr'><strong>Nam</strong></span> <span class='ocrx_word' id='word_1_48' title='bbox 1299 612 1328 667; x_wconf 92' lang='lat' dir='ltr'><strong>in</strong></span> <span class='ocrx_word' id='word_1_49' title='bbox 1338 611 1498 682; x_wconf 71' lang='lat' dir='ltr'><strong>surreptione</strong></span> <span class='ocrx_word' id='word_1_50' title='bbox 1504 626 1657 676; x_wconf 63' lang='lat' dir='ltr'><strong>oscarum</strong></span> 
     </span>
     <span class='ocr_line' id='line_1_5' title="bbox 130 701 1657 777; baseline -0.003 -17"><span class='ocrx_word' id='word_1_51' title='bbox 130 707 182 769; x_wconf 84' lang='lat' dir='ltr'><strong>dus</strong></span> <span class='ocrx_word' id='word_1_52' title='bbox 191 706 382 777; x_wconf 84' lang='lat' dir='ltr'><strong>adjectusesse</strong></span> <span class='ocrx_word' id='word_1_53' title='bbox 390 704 518 767; x_wconf 74' lang='lat' dir='ltr'><strong>videnter</strong></span> <span class='ocrx_word' id='word_1_54' title='bbox 527 703 615 773; x_wconf 85' lang='lat' dir='ltr'><strong>ipsias</strong></span> <span class='ocrx_word' id='word_1_55' title='bbox 626 719 693 757; x_wconf 89' lang='lat' dir='ltr'><strong>usos</strong></span> <span class='ocrx_word' id='word_1_56' title='bbox 702 701 855 763; x_wconf 85' lang='lat' dir='ltr'><strong>secandum</strong></span> <span class='ocrx_word' id='word_1_57' title='bbox 864 717 926 770; x_wconf 82' lang='lat' dir='ltr'><strong>quae</strong></span> <span class='ocrx_word' id='word_1_58' title='bbox 968 717 1031 755; x_wconf 88' lang='lat' dir='ltr'><strong>cam</strong></span> <span class='ocrx_word' id='word_1_59' title='bbox 1038 701 1194 768; x_wconf 73' lang='lat' dir='ltr'><strong>granorum</strong></span> <span class='ocrx_word' id='word_1_60' title='bbox 1204 701 1502 769; x_wconf 82' lang='lat' dir='ltr'><strong>elliciturectionojam</strong></span> <span class='ocrx_word' id='word_1_61' title='bbox 1513 716 1568 755; x_wconf 90' lang='lat' dir='ltr'><strong>non</strong></span> <span class='ocrx_word' id='word_1_62' title='bbox 1583 714 1657 765; x_wconf 75' lang='lat' dir='ltr'><strong>cornu</strong></span> 
     </span>
     <span class='ocr_line' id='line_1_6' title="bbox 130 787 1643 863; baseline -0.007 -14"><span class='ocrx_word' id='word_1_63' title='bbox 130 788 927 863; x_wconf 73' lang='lat' dir='ltr'><strong>factasunt,sullicrentereomprohanspravitatemprohi-</strong></span> <span class='ocrx_word' id='word_1_64' title='bbox 967 805 1060 851; x_wconf 84' lang='lat' dir='ltr'><strong>escem</strong></span> <span class='ocrx_word' id='word_1_65' title='bbox 1072 790 1140 853; x_wconf 71' lang='lat' dir='ltr'><strong>lacit</strong></span> <span class='ocrx_word' id='word_1_66' title='bbox 1153 789 1329 860; x_wconf 77' lang='lat' dir='ltr'><strong>participare,</strong></span> <span class='ocrx_word' id='word_1_67' title='bbox 1339 789 1387 843; x_wconf 86' lang='lat' dir='ltr'><strong>sed</strong></span> <span class='ocrx_word' id='word_1_68' title='bbox 1397 794 1524 853; x_wconf 63' lang='lat' dir='ltr'><strong>serenatam</strong></span> <span class='ocrx_word' id='word_1_69' title='bbox 1542 806 1546 839; x_wconf 95' lang='lat'>:</span> <span class='ocrx_word' id='word_1_70' title='bbox 1564 787 1594 853; x_wconf 75' lang='lat' dir='ltr'><strong>ip</strong></span> <span class='ocrx_word' id='word_1_71' title='bbox 1608 802 1643 849; x_wconf 82' lang='lat' dir='ltr'><strong>eo</strong></span> 
     </span>
    </p>

    <p class='ocr_par' dir='ltr' id='par_1_4' title="bbox 127 874 1657 1215">
     <span class='ocr_line' id='line_1_7' title="bbox 130 874 1657 951; baseline -0.001 -14"><span class='ocrx_word' id='word_1_72' title='bbox 130 883 266 949; x_wconf 86' lang='lat' dir='ltr'><strong>beatium,</strong></span> <span class='ocrx_word' id='word_1_73' title='bbox 282 882 305 936; x_wconf 90' lang='lat' dir='ltr'><strong>si</strong></span> <span class='ocrx_word' id='word_1_74' title='bbox 320 883 395 939; x_wconf 84' lang='lat' dir='ltr'><strong>enim</strong></span> <span class='ocrx_word' id='word_1_75' title='bbox 408 882 516 951; x_wconf 73' lang='lat' dir='ltr'><strong>gratias</strong></span> <span class='ocrx_word' id='word_1_76' title='bbox 529 896 613 951; x_wconf 78' lang='lat' dir='ltr'><strong>egere</strong></span> <span class='ocrx_word' id='word_1_77' title='bbox 627 881 684 937; x_wconf 88' lang='lat' dir='ltr'><strong>Deo</strong></span> <span class='ocrx_word' id='word_1_78' title='bbox 700 879 803 940; x_wconf 87' lang='lat' dir='ltr'><strong>honum</strong></span> <span class='ocrx_word' id='word_1_79' title='bbox 819 884 862 933; x_wconf 89' lang='lat' dir='ltr'><strong>cst</strong></span> <span class='ocrx_word' id='word_1_80' title='bbox 875 894 925 948; x_wconf 91' lang='lat' dir='ltr'><strong>pro</strong></span> <span class='ocrx_word' id='word_1_81' title='bbox 967 878 1034 933; x_wconf 90' lang='lat' dir='ltr'><strong>dum</strong></span> <span class='ocrx_word' id='word_1_82' title='bbox 1042 879 1344 948; x_wconf 76' lang='lat' dir='ltr'><strong>gratieeagnnturDeo,</strong></span> <span class='ocrx_word' id='word_1_83' title='bbox 1359 878 1444 940; x_wconf 87' lang='lat' dir='ltr'><strong>etiam</strong></span> <span class='ocrx_word' id='word_1_84' title='bbox 1459 894 1528 931; x_wconf 74' lang='lat' dir='ltr'><strong>esee</strong></span> <span class='ocrx_word' id='word_1_85' title='bbox 1539 874 1657 941; x_wconf 58' lang='lat' dir='ltr'><strong>south&amp;</strong></span> 
     </span>
     <span class='ocr_line' id='line_1_8' title="bbox 129 964 1657 1042; baseline -0.005 -15"><span class='ocrx_word' id='word_1_86' title='bbox 129 971 340 1042; x_wconf 79' lang='lat' dir='ltr'><strong>escis,i111pimn</strong></span> <span class='ocrx_word' id='word_1_87' title='bbox 355 976 398 1027; x_wconf 85' lang='lat' dir='ltr'><strong>ost</strong></span> <span class='ocrx_word' id='word_1_88' title='bbox 413 971 560 1036; x_wconf 83' lang='lat' dir='ltr'><strong>incensare</strong></span> <span class='ocrx_word' id='word_1_89' title='bbox 577 986 634 1033; x_wconf 75' lang='lat' dir='ltr'><strong>iras,</strong></span> <span class='ocrx_word' id='word_1_90' title='bbox 656 968 762 1027; x_wconf 87' lang='lat' dir='ltr'><strong>nullam</strong></span> <span class='ocrx_word' id='word_1_91' title='bbox 777 966 811 1027; x_wconf 85' lang='lat' dir='ltr'><strong>de</strong></span> <span class='ocrx_word' id='word_1_92' title='bbox 826 972 926 1027; x_wconf 80' lang='lat' dir='ltr'><strong>cetero</strong></span> <span class='ocrx_word' id='word_1_93' title='bbox 968 967 1014 1023; x_wconf 89' lang='lat' dir='ltr'><strong>Sic</strong></span> <span class='ocrx_word' id='word_1_94' title='bbox 1028 968 1063 1021; x_wconf 84' lang='lat' dir='ltr'><strong>ed</strong></span> <span class='ocrx_word' id='word_1_95' title='bbox 1078 968 1384 1038; x_wconf 78' lang='lat' dir='ltr'><strong>deginatimsegressus</strong></span> <span class='ocrx_word' id='word_1_96' title='bbox 1399 982 1550 1031; x_wconf 89' lang='lat' dir='ltr'><strong>sermones,</strong></span> <span class='ocrx_word' id='word_1_97' title='bbox 1565 964 1657 1031; x_wconf 79' lang='lat' dir='ltr'><strong>adcor</strong></span> 
     </span>
     <span class='ocr_line' id='line_1_9' title="bbox 127 1055 1657 1131; baseline -0.014 -1"><span class='ocrx_word' id='word_1_98' title='bbox 127 1060 434 1131; x_wconf 55' lang='lat' dir='ltr'><strong>&amp;indetamentionem</strong></span> <span class='ocrx_word' id='word_1_99' title='bbox 444 1056 761 1127; x_wconf 82' lang='lat' dir='ltr'><strong>subrelinquentesillis‚</strong></span> <span class='ocrx_word' id='word_1_100' title='bbox 774 1056 821 1127; x_wconf 88' lang='lat' dir='ltr'><strong>qui</strong></span> <span class='ocrx_word' id='word_1_101' title='bbox 832 1055 927 1115; x_wconf 68' lang='lat' dir='ltr'><strong>lineas</strong></span> <span class='ocrx_word' id='word_1_102' title='bbox 968 1056 1075 1115; x_wconf 75' lang='lat' dir='ltr'><strong>tamem</strong></span> <span class='ocrx_word' id='word_1_103' title='bbox 1084 1056 1211 1115; x_wconf 82' lang='lat' dir='ltr'><strong>raritatis</strong></span> <span class='ocrx_word' id='word_1_104' title='bbox 1221 1057 1284 1112; x_wconf 91' lang='lat' dir='ltr'><strong>illos</strong></span> <span class='ocrx_word' id='word_1_105' title='bbox 1296 1056 1476 1121; x_wconf 74' lang='lat' dir='ltr'><strong>interserens,</strong></span> <span class='ocrx_word' id='word_1_106' title='bbox 1492 1070 1613 1125; x_wconf 80' lang='lat' dir='ltr'><strong>qnorum</strong></span> <span class='ocrx_word' id='word_1_107' title='bbox 1627 1058 1657 1107; x_wconf 88' lang='lat' dir='ltr'><strong>et</strong></span> 
     </span>
     <span class='ocr_line' id='line_1_10' title="bbox 130 1143 1636 1215; baseline -0.005 -12"><span class='ocrx_word' id='word_1_108' title='bbox 130 1148 182 1213; x_wconf 83' lang='lat' dir='ltr'><strong>sihi</strong></span> <span class='ocrx_word' id='word_1_109' title='bbox 203 1149 324 1205; x_wconf 84' lang='lat' dir='ltr'><strong>tributas</strong></span> <span class='ocrx_word' id='word_1_110' title='bbox 346 1164 407 1203; x_wconf 85' lang='lat' dir='ltr'><strong>esse</strong></span> <span class='ocrx_word' id='word_1_111' title='bbox 429 1147 600 1212; x_wconf 81' lang='lat' dir='ltr'><strong>existiment.</strong></span> <span class='ocrx_word' id='word_1_112' title='bbox 616 1146 727 1201; x_wconf 82' lang='lat' dir='ltr'><strong>Nereis</strong></span> <span class='ocrx_word' id='word_1_113' title='bbox 751 1145 799 1215; x_wconf 83' lang='lat' dir='ltr'><strong>qui</strong></span> <span class='ocrx_word' id='word_1_114' title='bbox 821 1145 856 1205; x_wconf 83' lang='lat' dir='ltr'><strong>od</strong></span> <span class='ocrx_word' id='word_1_115' title='bbox 876 1146 928 1203; x_wconf 89' lang='lat' dir='ltr'><strong>hoc</strong></span> <span class='ocrx_word' id='word_1_116' title='bbox 968 1152 1096 1207; x_wconf 86' lang='lat' dir='ltr'><strong>mentam</strong></span> <span class='ocrx_word' id='word_1_117' title='bbox 1112 1146 1263 1203; x_wconf 86' lang='lat' dir='ltr'><strong>Ecclesiam</strong></span> <span class='ocrx_word' id='word_1_118' title='bbox 1282 1162 1342 1203; x_wconf 78' lang='lat' dir='ltr'><strong>ease</strong></span> <span class='ocrx_word' id='word_1_119' title='bbox 1361 1145 1491 1210; x_wconf 77' lang='lat' dir='ltr'><strong>asseruit,</strong></span> <span class='ocrx_word' id='word_1_120' title='bbox 1509 1143 1636 1214; x_wconf 76' lang='lat' dir='ltr'>dixitque</span> 
     </span>
    </p>

    <p class='ocr_par' dir='ltr' id='par_1_5' title="bbox 127 1233 1657 3081">
     <span class='ocr_line' id='line_1_11' title="bbox 128 1233 1657 1305; baseline -0.004 -12"><span class='ocrx_word' id='word_1_121' title='bbox 128 1238 203 1299; x_wconf 84' lang='lat' dir='ltr'><strong>l&#39;acta</strong></span> <span class='ocrx_word' id='word_1_122' title='bbox 219 1238 269 1303; x_wconf 82' lang='lat' dir='ltr'><strong>illa</strong></span> <span class='ocrx_word' id='word_1_123' title='bbox 288 1256 306 1301; x_wconf 78' lang='lat' dir='ltr'><strong>a</strong></span> <span class='ocrx_word' id='word_1_124' title='bbox 324 1238 382 1303; x_wconf 83' lang='lat' dir='ltr'><strong>Deo</strong></span> <span class='ocrx_word' id='word_1_125' title='bbox 405 1237 564 1301; x_wconf 79' lang='lat' dir='ltr'><strong>cantitetur,</strong></span> <span class='ocrx_word' id='word_1_126' title='bbox 586 1235 807 1295; x_wconf 85' lang='lat' dir='ltr'><strong>licetcontineat</strong></span> <span class='ocrx_word' id='word_1_127' title='bbox 829 1250 859 1287; x_wconf 87' lang='lat' dir='ltr'><strong>se</strong></span> <span class='ocrx_word' id='word_1_128' title='bbox 878 1250 928 1293; x_wconf 86' lang='lat' dir='ltr'><strong>sno</strong></span> <span class='ocrx_word' id='word_1_129' title='bbox 969 1235 1090 1293; x_wconf 79' lang='lat' dir='ltr'>maxime</span> <span class='ocrx_word' id='word_1_130' title='bbox 1113 1252 1174 1305; x_wconf 72' lang='lat' dir='ltr'><strong>epure</strong></span> <span class='ocrx_word' id='word_1_131' title='bbox 1196 1242 1264 1291; x_wconf 88' lang='lat' dir='ltr'><strong>tanc</strong></span> <span class='ocrx_word' id='word_1_132' title='bbox 1278 1234 1400 1291; x_wconf 82' lang='lat' dir='ltr'><strong>araxime</strong></span> <span class='ocrx_word' id='word_1_133' title='bbox 1424 1233 1478 1289; x_wconf 87' lang='lat' dir='ltr'><strong>diei</strong></span> <span class='ocrx_word' id='word_1_134' title='bbox 1506 1238 1657 1303; x_wconf 78' lang='lat' dir='ltr'><strong>oportaren</strong></span> 
     </span>
     <span class='ocr_line' id='line_1_12' title="bbox 129 1320 1657 1399; baseline -0.005 -18"><span class='ocrx_word' id='word_1_135' title='bbox 129 1327 282 1399; x_wconf 84' lang='lat' dir='ltr'><strong>proposito,</strong></span> <span class='ocrx_word' id='word_1_136' title='bbox 300 1334 397 1391; x_wconf 80' lang='lat' dir='ltr'><strong>tarpen</strong></span> <span class='ocrx_word' id='word_1_137' title='bbox 411 1324 553 1394; x_wconf 78' lang='lat' dir='ltr'><strong>cognoscit</strong></span> <span class='ocrx_word' id='word_1_138' title='bbox 568 1324 642 1394; x_wconf 84' lang='lat' dir='ltr'><strong>quod</strong></span> <span class='ocrx_word' id='word_1_139' title='bbox 658 1322 805 1385; x_wconf 82' lang='lat' dir='ltr'><strong>corrreniat</strong></span> <span class='ocrx_word' id='word_1_140' title='bbox 817 1323 852 1377; x_wconf 92' lang='lat' dir='ltr'><strong>de</strong></span> <span class='ocrx_word' id='word_1_141' title='bbox 875 1322 929 1388; x_wconf 81' lang='lat' dir='ltr'><strong>illis</strong></span> <span class='ocrx_word' id='word_1_142' title='bbox 970 1324 1117 1385; x_wconf 67' lang='lat' dir='ltr'><strong>conrnune</strong></span> <span class='ocrx_word' id='word_1_143' title='bbox 1131 1330 1198 1385; x_wconf 84' lang='lat' dir='ltr'><strong>tnnc</strong></span> <span class='ocrx_word' id='word_1_144' title='bbox 1212 1322 1420 1393; x_wconf 76' lang='lat' dir='ltr'><strong>quaestionibus,</strong></span> <span class='ocrx_word' id='word_1_145' title='bbox 1436 1322 1477 1383; x_wconf 86' lang='lat' dir='ltr'><strong>ita</strong></span> <span class='ocrx_word' id='word_1_146' title='bbox 1489 1326 1522 1381; x_wconf 83' lang='lat' dir='ltr'><strong>ut</strong></span> <span class='ocrx_word' id='word_1_147' title='bbox 1535 1320 1657 1389; x_wconf 68' lang='lat' dir='ltr'><strong>Timothr</strong></span> 
     </span>
     <span class='ocr_line' id='line_1_13' title="bbox 128 1408 1657 1486; baseline -0.003 -17"><span class='ocrx_word' id='word_1_148' title='bbox 128 1417 187 1473; x_wconf 86' lang='lat' dir='ltr'><strong>Deo</strong></span> <span class='ocrx_word' id='word_1_149' title='bbox 200 1414 308 1486; x_wconf 76' lang='lat' dir='ltr'><strong>gratias</strong></span> <span class='ocrx_word' id='word_1_150' title='bbox 317 1430 401 1483; x_wconf 78' lang='lat' dir='ltr'><strong>agere</strong></span> <span class='ocrx_word' id='word_1_151' title='bbox 414 1433 420 1480; x_wconf 93' lang='lat'>;</span> <span class='ocrx_word' id='word_1_152' title='bbox 432 1421 461 1468; x_wconf 88' lang='lat' dir='ltr'><strong>et</strong></span> <span class='ocrx_word' id='word_1_153' title='bbox 469 1413 580 1476; x_wconf 78' lang='lat' dir='ltr'><strong>arbitrii</strong></span> <span class='ocrx_word' id='word_1_154' title='bbox 591 1429 688 1472; x_wconf 88' lang='lat' dir='ltr'><strong>eorum</strong></span> <span class='ocrx_word' id='word_1_155' title='bbox 704 1411 870 1483; x_wconf 81' lang='lat' dir='ltr'><strong>pravitatem</strong></span> <span class='ocrx_word' id='word_1_156' title='bbox 887 1412 928 1465; x_wconf 88' lang='lat' dir='ltr'><strong>lo·</strong></span> <span class='ocrx_word' id='word_1_157' title='bbox 971 1417 1090 1482; x_wconf 74' lang='lat' dir='ltr'><strong>quainter</strong></span> <span class='ocrx_word' id='word_1_158' title='bbox 1096 1412 1131 1467; x_wconf 92' lang='lat' dir='ltr'><strong>de</strong></span> <span class='ocrx_word' id='word_1_159' title='bbox 1141 1411 1347 1473; x_wconf 85' lang='lat' dir='ltr'><strong>hisdoctrinam</strong></span> <span class='ocrx_word' id='word_1_160' title='bbox 1364 1411 1468 1467; x_wconf 84' lang='lat' dir='ltr'><strong>faceret</strong></span> <span class='ocrx_word' id='word_1_161' title='bbox 1478 1410 1513 1477; x_wconf 79' lang='lat' dir='ltr'><strong>ad</strong></span> <span class='ocrx_word' id='word_1_162' title='bbox 1528 1410 1636 1477; x_wconf 76' lang='lat' dir='ltr'><strong>tidelas,</strong></span> <span class='ocrx_word' id='word_1_163' title='bbox 1652 1408 1657 1473; x_wconf 83' lang='lat' dir='ltr'><strong>i</strong></span> 
     </span>
     <span class='ocr_line' id='line_1_14' title="bbox 129 1496 1657 1575; baseline -0.005 -16"><span class='ocrx_word' id='word_1_164' title='bbox 129 1503 185 1565; x_wconf 81' lang='lat' dir='ltr'><strong>tias</strong></span> <span class='ocrx_word' id='word_1_165' title='bbox 201 1503 341 1575; x_wconf 79' lang='lat' dir='ltr'><strong>explicans</strong></span> <span class='ocrx_word' id='word_1_166' title='bbox 354 1503 472 1572; x_wconf 79' lang='lat' dir='ltr'><strong>adjecit:</strong></span> <span class='ocrx_word' id='word_1_167' title='bbox 487 1522 499 1554; x_wconf 75' lang='grc' dir='ltr'>ι</span> <span class='ocrx_word' id='word_1_168' title='bbox 512 1501 653 1565; x_wconf 78' lang='lat' dir='ltr'><strong>¹Fidelihas</strong></span> <span class='ocrx_word' id='word_1_169' title='bbox 664 1507 692 1555; x_wconf 90' lang='lat' dir='ltr'><strong>et</strong></span> <span class='ocrx_word' id='word_1_170' title='bbox 710 1501 753 1555; x_wconf 90' lang='lat' dir='ltr'><strong>his</strong></span> <span class='ocrx_word' id='word_1_171' title='bbox 766 1501 815 1571; x_wconf 87' lang='lat' dir='ltr'><strong>qni</strong></span> <span class='ocrx_word' id='word_1_172' title='bbox 828 1516 929 1569; x_wconf 78' lang='lat' dir='ltr'><strong>cogno·</strong></span> <span class='ocrx_word' id='word_1_173' title='bbox 971 1501 1078 1562; x_wconf 87' lang='lat' dir='ltr'><strong>lurnhis</strong></span> <span class='ocrx_word' id='word_1_174' title='bbox 1088 1500 1180 1557; x_wconf 78' lang='lat' dir='ltr'><strong>rerbis</strong></span> <span class='ocrx_word' id='word_1_175' title='bbox 1189 1501 1337 1557; x_wconf 77' lang='lat' dir='ltr'><strong>ailinanet:</strong></span> <span class='ocrx_word' id='word_1_176' title='bbox 1357 1518 1368 1552; x_wconf 79' lang='lat' dir='ltr'><strong>c</strong></span> <span class='ocrx_word' id='word_1_177' title='bbox 1387 1500 1451 1561; x_wconf 76' lang='lat' dir='ltr'><strong>Haec</strong></span> <span class='ocrx_word' id='word_1_178' title='bbox 1465 1514 1625 1569; x_wconf 84' lang='lat' dir='ltr'><strong>proponens</strong></span> <span class='ocrx_word' id='word_1_179' title='bbox 1636 1496 1657 1563; x_wconf 77' lang='lat' dir='ltr'><strong>li</strong></span> 
     </span>
     <span class='ocr_line' id='line_1_15' title="bbox 130 1585 1657 1659; baseline -0.003 -14"><span class='ocrx_word' id='word_1_180' title='bbox 130 1598 230 1659; x_wconf 81' lang='lat' dir='ltr'><strong>repant</strong></span> <span class='ocrx_word' id='word_1_181' title='bbox 243 1591 398 1657; x_wconf 82' lang='lat' dir='ltr'><strong>veritatem.</strong></span> <span class='ocrx_word' id='word_1_182' title='bbox 418 1616 428 1639; x_wconf 70' lang='lat' dir='ltr'><strong>a</strong></span> <span class='ocrx_word' id='word_1_183' title='bbox 447 1592 509 1647; x_wconf 81' lang='lat' dir='ltr'><strong>Non</strong></span> <span class='ocrx_word' id='word_1_184' title='bbox 525 1590 596 1647; x_wconf 80' lang='lat' dir='ltr'><strong>dixit</strong></span> <span class='ocrx_word' id='word_1_185' title='bbox 620 1589 746 1646; x_wconf 80' lang='lat' dir='ltr'><strong>absolute</strong></span> <span class='ocrx_word' id='word_1_186' title='bbox 768 1588 929 1648; x_wconf 81' lang='lat' dir='ltr'><strong>honrinihos</strong></span> <span class='ocrx_word' id='word_1_187' title='bbox 971 1589 1059 1647; x_wconf 90' lang='lat' dir='ltr'><strong>honus</strong></span> <span class='ocrx_word' id='word_1_188' title='bbox 1072 1590 1128 1647; x_wconf 87' lang='lat' dir='ltr'><strong>erit</strong></span> <span class='ocrx_word' id='word_1_189' title='bbox 1141 1590 1271 1649; x_wconf 79' lang='lat' dir='ltr'><strong>minister</strong></span> <span class='ocrx_word' id='word_1_190' title='bbox 1282 1588 1386 1651; x_wconf 77' lang='lat' dir='ltr'>Christi</span> <span class='ocrx_word' id='word_1_191' title='bbox 1400 1590 1412 1643; x_wconf 83' lang='lat' dir='ltr'>J</span> <span class='ocrx_word' id='word_1_192' title='bbox 1417 1605 1500 1643; x_wconf 76' lang='lat' dir='ltr'><strong>esu.»</strong></span> <span class='ocrx_word' id='word_1_193' title='bbox 1512 1586 1583 1654; x_wconf 80' lang='lat' dir='ltr'><strong>Eris,</strong></span> <span class='ocrx_word' id='word_1_194' title='bbox 1594 1585 1657 1658; x_wconf 65' lang='lat' dir='ltr'><strong>inqr</strong></span> 
     </span>
     <span class='ocr_line' id='line_1_16' title="bbox 128 1674 1657 1751; baseline -0.003 -16"><span class='ocrx_word' id='word_1_195' title='bbox 128 1680 268 1746; x_wconf 78' lang='lat' dir='ltr'><strong>oneribus,</strong></span> <span class='ocrx_word' id='word_1_196' title='bbox 285 1679 415 1741; x_wconf 79' lang='lat' dir='ltr'><strong>sinnliter</strong></span> <span class='ocrx_word' id='word_1_197' title='bbox 428 1680 463 1734; x_wconf 85' lang='lat' dir='ltr'><strong>de</strong></span> <span class='ocrx_word' id='word_1_198' title='bbox 478 1696 530 1735; x_wconf 89' lang='lat' dir='ltr'><strong>usu</strong></span> <span class='ocrx_word' id='word_1_199' title='bbox 541 1696 668 1739; x_wconf 85' lang='lat' dir='ltr'><strong>escarum</strong></span> <span class='ocrx_word' id='word_1_200' title='bbox 683 1678 858 1751; x_wconf 86' lang='lat' dir='ltr'><strong>propositum</strong></span> <span class='ocrx_word' id='word_1_201' title='bbox 868 1694 929 1733; x_wconf 85' lang='lat' dir='ltr'><strong>osse</strong></span> <span class='ocrx_word' id='word_1_202' title='bbox 970 1678 1057 1733; x_wconf 88' lang='lat' dir='ltr'><strong>nister</strong></span> <span class='ocrx_word' id='word_1_203' title='bbox 1076 1677 1180 1739; x_wconf 76' lang='lat' dir='ltr'>Christi</span> <span class='ocrx_word' id='word_1_204' title='bbox 1206 1678 1368 1749; x_wconf 84' lang='lat' dir='ltr'><strong>probabilis,</strong></span> <span class='ocrx_word' id='word_1_205' title='bbox 1384 1678 1407 1731; x_wconf 82' lang='lat' dir='ltr'><strong>si</strong></span> <span class='ocrx_word' id='word_1_206' title='bbox 1424 1679 1559 1733; x_wconf 78' lang='lat' dir='ltr'><strong>haecum</strong></span> <span class='ocrx_word' id='word_1_207' title='bbox 1582 1674 1657 1745; x_wconf 73' lang='lat' dir='ltr'><strong>sellia</strong></span> 
     </span>
     <span class='ocr_line' id='line_1_17' title="bbox 129 1750 1657 1839; baseline 0.001 -20"><span class='ocrx_word' id='word_1_208' title='bbox 129 1768 248 1837; x_wconf 84' lang='lat' dir='ltr'><strong>ridetur,</strong></span> <span class='ocrx_word' id='word_1_209' title='bbox 259 1786 291 1821; x_wconf 91' lang='lat' dir='ltr'><strong>eo</strong></span> <span class='ocrx_word' id='word_1_210' title='bbox 302 1768 378 1839; x_wconf 67' lang='lat' dir='ltr'><strong>(pand</strong></span> <span class='ocrx_word' id='word_1_211' title='bbox 396 1768 438 1835; x_wconf 86' lang='lat' dir='ltr'><strong>ita</strong></span> <span class='ocrx_word' id='word_1_212' title='bbox 454 1785 502 1827; x_wconf 84' lang='lat' dir='ltr'><strong>eos</strong></span> <span class='ocrx_word' id='word_1_213' title='bbox 518 1768 710 1829; x_wconf 77' lang='lat' dir='ltr'><strong>universitatis</strong></span> <span class='ocrx_word' id='word_1_214' title='bbox 730 1767 827 1827; x_wconf 77' lang='lat' dir='ltr'><strong>iecerit</strong></span> <span class='ocrx_word' id='word_1_215' title='bbox 841 1750 959 1829; x_wconf 76' lang='lat' dir='ltr'><strong>Deusss</strong></span> <span class='ocrx_word' id='word_1_216' title='bbox 971 1784 1028 1828; x_wconf 79' lang='lat' dir='ltr'><strong>eos,</strong></span> <span class='ocrx_word' id='word_1_217' title='bbox 1040 1767 1087 1837; x_wconf 81' lang='lat' dir='ltr'><strong>qui</strong></span> <span class='ocrx_word' id='word_1_218' title='bbox 1102 1768 1156 1822; x_wconf 86' lang='lat' dir='ltr'><strong>lide</strong></span> <span class='ocrx_word' id='word_1_219' title='bbox 1181 1768 1259 1823; x_wconf 88' lang='lat' dir='ltr'><strong>nohis</strong></span> <span class='ocrx_word' id='word_1_220' title='bbox 1280 1766 1372 1838; x_wconf 90' lang='lat' dir='ltr'><strong>juncti</strong></span> <span class='ocrx_word' id='word_1_221' title='bbox 1385 1772 1460 1829; x_wconf 79' lang='lat' dir='ltr'><strong>sunt,</strong></span> <span class='ocrx_word' id='word_1_222' title='bbox 1476 1764 1615 1833; x_wconf 78' lang='lat' dir='ltr'><strong>docueris,</strong></span> <span class='ocrx_word' id='word_1_223' title='bbox 1627 1769 1657 1821; x_wconf 83' lang='lat' dir='ltr'><strong>et</strong></span> 
     </span>
     <span class='ocr_line' id='line_1_18' title="bbox 127 1852 1657 1927; baseline -0.001 -16"><span class='ocrx_word' id='word_1_224' title='bbox 127 1858 177 1911; x_wconf 89' lang='lat' dir='ltr'><strong>sed</strong></span> <span class='ocrx_word' id='word_1_225' title='bbox 194 1864 225 1913; x_wconf 88' lang='lat' dir='ltr'><strong>ut</strong></span> <span class='ocrx_word' id='word_1_226' title='bbox 237 1858 374 1926; x_wconf 86' lang='lat' dir='ltr'><strong>majorem</strong></span> <span class='ocrx_word' id='word_1_227' title='bbox 385 1857 515 1922; x_wconf 81' lang='lat' dir='ltr'><strong>ostendat</strong></span> <span class='ocrx_word' id='word_1_228' title='bbox 530 1857 698 1927; x_wconf 74' lang='lat' dir='ltr'><strong>pravitatem</strong></span> <span class='ocrx_word' id='word_1_229' title='bbox 712 1873 810 1919; x_wconf 87' lang='lat' dir='ltr'><strong>eornm</strong></span> <span class='ocrx_word' id='word_1_230' title='bbox 827 1855 929 1926; x_wconf 83' lang='lat' dir='ltr'><strong>quiite</strong></span> <span class='ocrx_word' id='word_1_231' title='bbox 969 1856 1038 1913; x_wconf 81' lang='lat' dir='ltr'><strong>dens</strong></span> <span class='ocrx_word' id='word_1_232' title='bbox 1044 1856 1201 1926; x_wconf 83' lang='lat' dir='ltr'><strong>simulquin</strong></span> <span class='ocrx_word' id='word_1_233' title='bbox 1208 1864 1236 1910; x_wconf 90' lang='lat' dir='ltr'><strong>et</strong></span> <span class='ocrx_word' id='word_1_234' title='bbox 1245 1856 1299 1926; x_wconf 82' lang='lat' dir='ltr'><strong>ipsi</strong></span> <span class='ocrx_word' id='word_1_235' title='bbox 1307 1853 1593 1924; x_wconf 80' lang='lat' dir='ltr'><strong>utilissithajusmodi</strong></span> <span class='ocrx_word' id='word_1_236' title='bbox 1599 1852 1657 1923; x_wconf 76' lang='lat' dir='ltr'><strong>soll</strong></span> 
     </span>
     <span class='ocr_line' id='line_1_19' title="bbox 130 1932 1657 2016; baseline -0.003 -15"><span class='ocrx_word' id='word_1_237' title='bbox 130 1946 165 2005; x_wconf 87' lang='lat' dir='ltr'><strong>de</strong></span> <span class='ocrx_word' id='word_1_238' title='bbox 181 1932 252 2013; x_wconf 80' lang='lat' dir='ltr'><strong>escis</strong></span> <span class='ocrx_word' id='word_1_239' title='bbox 263 1947 391 2001; x_wconf 86' lang='lat' dir='ltr'><strong>sentiunt</strong></span> <span class='ocrx_word' id='word_1_240' title='bbox 403 1965 409 2012; x_wconf 77' lang='lat'>3</span> <span class='ocrx_word' id='word_1_241' title='bbox 422 1945 561 2016; x_wconf 75' lang='lat' dir='ltr'><strong>siquidem</strong></span> <span class='ocrx_word' id='word_1_242' title='bbox 571 1951 601 2003; x_wconf 84' lang='lat' dir='ltr'><strong>et</strong></span> <span class='ocrx_word' id='word_1_243' title='bbox 615 1945 671 2003; x_wconf 87' lang='lat' dir='ltr'><strong>alia</strong></span> <span class='ocrx_word' id='word_1_244' title='bbox 683 1944 776 2000; x_wconf 86' lang='lat' dir='ltr'><strong>dicere</strong></span> <span class='ocrx_word' id='word_1_245' title='bbox 791 1949 929 2015; x_wconf 85' lang='lat' dir='ltr'><strong>usurpant</strong></span> <span class='ocrx_word' id='word_1_246' title='bbox 969 1947 1025 2005; x_wconf 87' lang='lat' dir='ltr'><strong>ait:</strong></span> <span class='ocrx_word' id='word_1_247' title='bbox 1044 1963 1057 1996; x_wconf 81' lang='lat' dir='ltr'><strong>e</strong></span> <span class='ocrx_word' id='word_1_248' title='bbox 1074 1945 1221 2000; x_wconf 87' lang='lat' dir='ltr'><strong>Enntritus</strong></span> <span class='ocrx_word' id='word_1_249' title='bbox 1232 1944 1322 2001; x_wconf 83' lang='lat' dir='ltr'><strong>rerhis</strong></span> <span class='ocrx_word' id='word_1_250' title='bbox 1332 1945 1398 1999; x_wconf 85' lang='lat' dir='ltr'><strong>fidei</strong></span> <span class='ocrx_word' id='word_1_251' title='bbox 1412 1950 1441 1999; x_wconf 88' lang='lat' dir='ltr'><strong>et</strong></span> <span class='ocrx_word' id='word_1_252' title='bbox 1453 1942 1657 2005; x_wconf 78' lang='lat' dir='ltr'><strong>horimdoctrinr</strong></span> 
     </span>
     <span class='ocr_line' id='line_1_20' title="bbox 128 2029 1648 2106; baseline -0.002 -18"><span class='ocrx_word' id='word_1_253' title='bbox 128 2035 243 2103; x_wconf 74' lang='lat' dir='ltr'><strong>deluis,</strong></span> <span class='ocrx_word' id='word_1_254' title='bbox 260 2052 380 2106; x_wconf 84' lang='lat' dir='ltr'><strong>quornm</strong></span> <span class='ocrx_word' id='word_1_255' title='bbox 392 2035 434 2099; x_wconf 82' lang='lat' dir='ltr'><strong>rel</strong></span> <span class='ocrx_word' id='word_1_256' title='bbox 455 2035 575 2095; x_wconf 80' lang='lat' dir='ltr'><strong>maxime</strong></span> <span class='ocrx_word' id='word_1_257' title='bbox 593 2052 660 2091; x_wconf 85' lang='lat' dir='ltr'><strong>usus</strong></span> <span class='ocrx_word' id='word_1_258' title='bbox 675 2034 805 2091; x_wconf 75' lang='lat' dir='ltr'><strong>ominibus</strong></span> <span class='ocrx_word' id='word_1_259' title='bbox 819 2034 929 2090; x_wconf 83' lang='lat' dir='ltr'><strong>ridetur</strong></span> <span class='ocrx_word' id='word_1_260' title='bbox 969 2040 1181 2090; x_wconf 75' lang='lat' dir='ltr'><strong>essecutnses.»</strong></span> <span class='ocrx_word' id='word_1_261' title='bbox 1199 2032 1338 2101; x_wconf 62' lang='lat' dir='ltr'><strong>Prahaten</strong></span> <span class='ocrx_word' id='word_1_262' title='bbox 1354 2032 1455 2102; x_wconf 82' lang='lat' dir='ltr'><strong>inquit,</strong></span> <span class='ocrx_word' id='word_1_263' title='bbox 1474 2032 1526 2085; x_wconf 82' lang='lat' dir='ltr'><strong>hcc</strong></span> <span class='ocrx_word' id='word_1_264' title='bbox 1539 2040 1568 2087; x_wconf 89' lang='lat' dir='ltr'><strong>et</strong></span> <span class='ocrx_word' id='word_1_265' title='bbox 1594 2029 1648 2099; x_wconf 78' lang='lat' dir='ltr'><strong>tihi</strong></span> 
     </span>
     <span class='ocr_line' id='line_1_21' title="bbox 129 2119 1655 2194; baseline -0.003 -17"><span class='ocrx_word' id='word_1_266' title='bbox 129 2141 191 2179; x_wconf 83' lang='lat' dir='ltr'><strong>esse</strong></span> <span class='ocrx_word' id='word_1_267' title='bbox 205 2130 235 2183; x_wconf 88' lang='lat' dir='ltr'><strong>et</strong></span> <span class='ocrx_word' id='word_1_268' title='bbox 247 2123 422 2189; x_wconf 81' lang='lat' dir='ltr'><strong>necessarius</strong></span> <span class='ocrx_word' id='word_1_269' title='bbox 436 2132 465 2177; x_wconf 87' lang='lat' dir='ltr'><strong>et</strong></span> <span class='ocrx_word' id='word_1_270' title='bbox 480 2129 573 2194; x_wconf 84' lang='lat' dir='ltr'><strong>aptus.</strong></span> <span class='ocrx_word' id='word_1_271' title='bbox 587 2125 707 2179; x_wconf 73' lang='lat' dir='ltr'><strong>Accusat</strong></span> <span class='ocrx_word' id='word_1_272' title='bbox 725 2141 789 2179; x_wconf 85' lang='lat' dir='ltr'><strong>raro</strong></span> <span class='ocrx_word' id='word_1_273' title='bbox 805 2140 852 2179; x_wconf 87' lang='lat' dir='ltr'><strong>eos</strong></span> <span class='ocrx_word' id='word_1_274' title='bbox 865 2140 929 2193; x_wconf 83' lang='lat' dir='ltr'><strong>gra·</strong></span> <span class='ocrx_word' id='word_1_275' title='bbox 969 2124 1042 2187; x_wconf 79' lang='lat' dir='ltr'><strong>lius3</strong></span> <span class='ocrx_word' id='word_1_276' title='bbox 1060 2140 1126 2179; x_wconf 83' lang='lat' dir='ltr'><strong>riom</strong></span> <span class='ocrx_word' id='word_1_277' title='bbox 1143 2123 1331 2193; x_wconf 70' lang='lat' dir='ltr'><strong>(putridorum</strong></span> <span class='ocrx_word' id='word_1_278' title='bbox 1354 2121 1447 2177; x_wconf 84' lang='lat' dir='ltr'><strong>dehita</strong></span> <span class='ocrx_word' id='word_1_279' title='bbox 1464 2119 1655 2189; x_wconf 81' lang='lat' dir='ltr'><strong>sollicitudine</strong></span> 
     </span>
     <span class='ocr_line' id='line_1_22' title="bbox 130 2210 1657 2283; baseline 0 -20"><span class='ocrx_word' id='word_1_280' title='bbox 130 2212 190 2269; x_wconf 85' lang='lat' dir='ltr'><strong>rios</strong></span> <span class='ocrx_word' id='word_1_281' title='bbox 204 2213 340 2283; x_wconf 74' lang='lat' dir='ltr'><strong>aljicicns</strong></span> <span class='ocrx_word' id='word_1_282' title='bbox 357 2233 368 2263; x_wconf 83' lang='grc' dir='ltr'>ι</span> <span class='ocrx_word' id='word_1_283' title='bbox 388 2230 452 2277; x_wconf 82' lang='lat' dir='ltr'><strong>cprp</strong></span> <span class='ocrx_word' id='word_1_284' title='bbox 464 2213 623 2283; x_wconf 81' lang='lat' dir='ltr'><strong>gratiarum</strong></span> <span class='ocrx_word' id='word_1_285' title='bbox 632 2213 741 2273; x_wconf 69' lang='lat' dir='ltr'><strong>rectione</strong></span> <span class='ocrx_word' id='word_1_286' title='bbox 752 2212 928 2273; x_wconf 73' lang='lat' dir='ltr'><strong>›.Narnideo</strong></span> <span class='ocrx_word' id='word_1_287' title='bbox 970 2211 1096 2267; x_wconf 82' lang='lat' dir='ltr'><strong>aliosilla</strong></span> <span class='ocrx_word' id='word_1_288' title='bbox 1106 2228 1168 2281; x_wconf 74' lang='lat' dir='ltr'><strong>quar</strong></span> <span class='ocrx_word' id='word_1_289' title='bbox 1178 2211 1319 2269; x_wconf 84' lang='lat' dir='ltr'><strong>lideisunt</strong></span> <span class='ocrx_word' id='word_1_290' title='bbox 1333 2210 1478 2276; x_wconf 74' lang='lat' dir='ltr'><strong>nutritoris,</strong></span> <span class='ocrx_word' id='word_1_291' title='bbox 1496 2210 1634 2279; x_wconf 73' lang='lat' dir='ltr'><strong>majorem</strong></span> <span class='ocrx_word' id='word_1_292' title='bbox 1649 2212 1657 2273; x_wconf 81' lang='grc'>1</span> 
     </span>
     <span class='ocr_line' id='line_1_23' title="bbox 128 2296 1657 2372; baseline -0.003 -16"><span class='ocrx_word' id='word_1_293' title='bbox 128 2301 362 2365; x_wconf 77' lang='lat' dir='ltr'><strong>iaclaesnntesae,</strong></span> <span class='ocrx_word' id='word_1_294' title='bbox 373 2307 478 2357; x_wconf 85' lang='lat' dir='ltr'><strong>etcum</strong></span> <span class='ocrx_word' id='word_1_295' title='bbox 485 2302 644 2372; x_wconf 83' lang='lat' dir='ltr'><strong>gratiarnm</strong></span> <span class='ocrx_word' id='word_1_296' title='bbox 653 2301 763 2359; x_wconf 75' lang='lat' dir='ltr'><strong>untione</strong></span> <span class='ocrx_word' id='word_1_297' title='bbox 781 2300 930 2371; x_wconf 78' lang='lat' dir='ltr'><strong>arrusnais-</strong></span> <span class='ocrx_word' id='word_1_298' title='bbox 970 2308 1028 2361; x_wconf 78' lang='lat' dir='ltr'><strong>tem</strong></span> <span class='ocrx_word' id='word_1_299' title='bbox 1041 2301 1102 2371; x_wconf 80' lang='lat' dir='ltr'><strong>ipse</strong></span> <span class='ocrx_word' id='word_1_300' title='bbox 1111 2317 1209 2361; x_wconf 87' lang='lat' dir='ltr'><strong>eorum</strong></span> <span class='ocrx_word' id='word_1_301' title='bbox 1228 2299 1358 2370; x_wconf 70' lang='lat' dir='ltr'><strong>acqrriris¹</strong></span> <span class='ocrx_word' id='word_1_302' title='bbox 1373 2299 1454 2369; x_wconf 80' lang='lat' dir='ltr'><strong>quasi</strong></span> <span class='ocrx_word' id='word_1_303' title='bbox 1468 2298 1516 2369; x_wconf 80' lang='lat' dir='ltr'><strong>qni</strong></span> <span class='ocrx_word' id='word_1_304' title='bbox 1534 2303 1563 2351; x_wconf 92' lang='lat' dir='ltr'><strong>et</strong></span> <span class='ocrx_word' id='word_1_305' title='bbox 1576 2296 1657 2367; x_wconf 61' lang='lat' dir='ltr'><strong>assith]</strong></span> 
     </span>
     <span class='ocr_line' id='line_1_24' title="bbox 129 2387 1657 2462; baseline -0.005 -15"><span class='ocrx_word' id='word_1_306' title='bbox 129 2407 182 2462; x_wconf 82' lang='lat' dir='ltr'><strong>qao</strong></span> <span class='ocrx_word' id='word_1_307' title='bbox 205 2407 253 2453; x_wconf 83' lang='lat' dir='ltr'><strong>eas</strong></span> <span class='ocrx_word' id='word_1_308' title='bbox 273 2396 382 2449; x_wconf 84' lang='lat' dir='ltr'><strong>eareat.</strong></span> <span class='ocrx_word' id='word_1_309' title='bbox 396 2391 501 2446; x_wconf 88' lang='lat' dir='ltr'><strong>etenim</strong></span> <span class='ocrx_word' id='word_1_310' title='bbox 506 2392 615 2461; x_wconf 74' lang='lat' dir='ltr'><strong>iustam</strong></span> <span class='ocrx_word' id='word_1_311' title='bbox 622 2398 665 2445; x_wconf 87' lang='lat' dir='ltr'><strong>est</strong></span> <span class='ocrx_word' id='word_1_312' title='bbox 677 2407 725 2445; x_wconf 86' lang='lat' dir='ltr'><strong>eos</strong></span> <span class='ocrx_word' id='word_1_313' title='bbox 735 2390 784 2461; x_wconf 83' lang='lat' dir='ltr'><strong>qai</strong></span> <span class='ocrx_word' id='word_1_314' title='bbox 798 2390 930 2447; x_wconf 82' lang='lat' dir='ltr'><strong>fruuntur</strong></span> <span class='ocrx_word' id='word_1_315' title='bbox 970 2389 1105 2447; x_wconf 87' lang='lat' dir='ltr'><strong>ditatione</strong></span> <span class='ocrx_word' id='word_1_316' title='bbox 1122 2389 1255 2447; x_wconf 87' lang='lat' dir='ltr'><strong>nutriaris</strong></span> <span class='ocrx_word' id='word_1_317' title='bbox 1266 2389 1330 2455; x_wconf 78' lang='lat' dir='ltr'><strong>illis,</strong></span> <span class='ocrx_word' id='word_1_318' title='bbox 1339 2387 1657 2458; x_wconf 69' lang='lat' dir='ltr'><strong>ostendererolepsqpoi</strong></span> 
     </span>
     <span class='ocr_line' id='line_1_25' title="bbox 127 2476 1657 2550; baseline -0.001 -19"><span class='ocrx_word' id='word_1_319' title='bbox 127 2476 184 2543; x_wconf 83' lang='lat' dir='ltr'><strong>illis</strong></span> <span class='ocrx_word' id='word_1_320' title='bbox 194 2479 302 2549; x_wconf 78' lang='lat' dir='ltr'><strong>gratias</strong></span> <span class='ocrx_word' id='word_1_321' title='bbox 311 2496 395 2549; x_wconf 79' lang='lat' dir='ltr'><strong>agere</strong></span> <span class='ocrx_word' id='word_1_322' title='bbox 407 2479 432 2533; x_wconf 89' lang='lat' dir='ltr'><strong>ei</strong></span> <span class='ocrx_word' id='word_1_323' title='bbox 443 2479 490 2550; x_wconf 82' lang='lat' dir='ltr'><strong>qni</strong></span> <span class='ocrx_word' id='word_1_324' title='bbox 502 2496 550 2539; x_wconf 87' lang='lat' dir='ltr'><strong>eas</strong></span> <span class='ocrx_word' id='word_1_325' title='bbox 560 2479 658 2547; x_wconf 71' lang='lat' dir='ltr'><strong>larphi</strong></span> <span class='ocrx_word' id='word_1_326' title='bbox 669 2479 801 2548; x_wconf 76' lang='lat' dir='ltr'><strong>dignaatus</strong></span> <span class='ocrx_word' id='word_1_327' title='bbox 811 2486 863 2541; x_wconf 83' lang='lat' dir='ltr'><strong>est,</strong></span> <span class='ocrx_word' id='word_1_328' title='bbox 880 2479 929 2533; x_wconf 88' lang='lat' dir='ltr'><strong>sed</strong></span> <span class='ocrx_word' id='word_1_329' title='bbox 971 2478 1008 2532; x_wconf 84' lang='lat' dir='ltr'><strong>sit</strong></span> <span class='ocrx_word' id='word_1_330' title='bbox 1029 2478 1069 2539; x_wconf 85' lang='lat' dir='ltr'><strong>illi</strong></span> <span class='ocrx_word' id='word_1_331' title='bbox 1095 2484 1127 2535; x_wconf 88' lang='lat' dir='ltr'><strong>ut</strong></span> <span class='ocrx_word' id='word_1_332' title='bbox 1140 2478 1252 2541; x_wconf 79' lang='lat' dir='ltr'><strong>assidue</strong></span> <span class='ocrx_word' id='word_1_333' title='bbox 1277 2478 1346 2533; x_wconf 84' lang='lat' dir='ltr'><strong>alios</strong></span> <span class='ocrx_word' id='word_1_334' title='bbox 1361 2478 1469 2543; x_wconf 72' lang='lat' dir='ltr'><strong>doceat,</strong></span> <span class='ocrx_word' id='word_1_335' title='bbox 1489 2476 1564 2546; x_wconf 78' lang='lat' dir='ltr'><strong>qaod</strong></span> <span class='ocrx_word' id='word_1_336' title='bbox 1582 2478 1657 2545; x_wconf 74' lang='lat' dir='ltr'><strong>accpi</strong></span> 
     </span>
     <span class='ocr_line' id='line_1_26' title="bbox 130 2566 1657 2637; baseline -0.001 -18"><span class='ocrx_word' id='word_1_337' title='bbox 130 2566 183 2631; x_wconf 83' lang='lat' dir='ltr'><strong>hoc</strong></span> <span class='ocrx_word' id='word_1_338' title='bbox 197 2568 299 2633; x_wconf 88' lang='lat' dir='ltr'><strong>nonde</strong></span> <span class='ocrx_word' id='word_1_339' title='bbox 315 2568 446 2629; x_wconf 84' lang='lat' dir='ltr'><strong>omnihus</strong></span> <span class='ocrx_word' id='word_1_340' title='bbox 461 2568 538 2632; x_wconf 86' lang='lat' dir='ltr'><strong>dicit,</strong></span> <span class='ocrx_word' id='word_1_341' title='bbox 550 2568 599 2621; x_wconf 83' lang='lat' dir='ltr'><strong>sed</strong></span> <span class='ocrx_word' id='word_1_342' title='bbox 618 2568 652 2621; x_wconf 89' lang='lat' dir='ltr'><strong>do</strong></span> <span class='ocrx_word' id='word_1_343' title='bbox 672 2567 738 2624; x_wconf 89' lang='lat' dir='ltr'><strong>solis</strong></span> <span class='ocrx_word' id='word_1_344' title='bbox 749 2567 877 2623; x_wconf 82' lang='lat' dir='ltr'><strong>fidelihus</strong></span> <span class='ocrx_word' id='word_1_345' title='bbox 892 2568 931 2621; x_wconf 93' lang='lat' dir='ltr'><strong>lo·</strong></span> <span class='ocrx_word' id='word_1_346' title='bbox 971 2568 1051 2636; x_wconf 81' lang='lat' dir='ltr'><strong>quasi</strong></span> <span class='ocrx_word' id='word_1_347' title='bbox 1066 2567 1171 2621; x_wconf 81' lang='lat' dir='ltr'><strong>diceret</strong></span> <span class='ocrx_word' id='word_1_348' title='bbox 1189 2585 1193 2617; x_wconf 91' lang='lat'>:</span> <span class='ocrx_word' id='word_1_349' title='bbox 1211 2568 1275 2627; x_wconf 73' lang='lat' dir='ltr'><strong>llaec</strong></span> <span class='ocrx_word' id='word_1_350' title='bbox 1291 2583 1352 2637; x_wconf 78' lang='lat' dir='ltr'><strong>qua</strong></span> <span class='ocrx_word' id='word_1_351' title='bbox 1377 2570 1537 2635; x_wconf 83' lang='lat' dir='ltr'><strong>lreqnenter</strong></span> <span class='ocrx_word' id='word_1_352' title='bbox 1560 2569 1589 2618; x_wconf 93' lang='lat' dir='ltr'><strong>et</strong></span> <span class='ocrx_word' id='word_1_353' title='bbox 1611 2580 1657 2634; x_wconf 72' lang='lat' dir='ltr'><strong>eni</strong></span> 
     </span>
     <span class='ocr_line' id='line_1_27' title="bbox 129 2653 1657 2726; baseline -0.001 -17"><span class='ocrx_word' id='word_1_354' title='bbox 129 2653 246 2725; x_wconf 89' lang='lat' dir='ltr'><strong>quitor:</strong></span> <span class='ocrx_word' id='word_1_355' title='bbox 263 2671 330 2717; x_wconf 84' lang='lat' dir='ltr'><strong>narn</strong></span> <span class='ocrx_word' id='word_1_356' title='bbox 344 2655 472 2711; x_wconf 82' lang='lat' dir='ltr'><strong>infideles</strong></span> <span class='ocrx_word' id='word_1_357' title='bbox 486 2672 538 2710; x_wconf 88' lang='lat' dir='ltr'><strong>nee</strong></span> <span class='ocrx_word' id='word_1_358' title='bbox 550 2656 708 2725; x_wconf 77' lang='lat' dir='ltr'><strong>gratiarnm</strong></span> <span class='ocrx_word' id='word_1_359' title='bbox 720 2656 859 2713; x_wconf 73' lang='lat' dir='ltr'><strong>actionem</strong></span> <span class='ocrx_word' id='word_1_360' title='bbox 870 2655 930 2711; x_wconf 88' lang='lat' dir='ltr'><strong>red·</strong></span> <span class='ocrx_word' id='word_1_361' title='bbox 970 2656 1092 2711; x_wconf 85' lang='lat' dir='ltr'><strong>didicisti</strong></span> <span class='ocrx_word' id='word_1_362' title='bbox 1112 2673 1223 2726; x_wconf 86' lang='lat' dir='ltr'><strong>semper</strong></span> <span class='ocrx_word' id='word_1_363' title='bbox 1248 2673 1357 2711; x_wconf 87' lang='lat' dir='ltr'><strong>mecum</strong></span> <span class='ocrx_word' id='word_1_364' title='bbox 1382 2656 1496 2723; x_wconf 78' lang='lat' dir='ltr'><strong>degens,</strong></span> <span class='ocrx_word' id='word_1_365' title='bbox 1513 2654 1572 2721; x_wconf 72' lang='lat' dir='ltr'><strong>haec</strong></span> <span class='ocrx_word' id='word_1_366' title='bbox 1589 2655 1657 2724; x_wconf 72' lang='lat' dir='ltr'><strong>just</strong></span> 
     </span>
     <span class='ocr_line' id='line_1_28' title="bbox 127 2741 1657 2815; baseline 0 -19"><span class='ocrx_word' id='word_1_367' title='bbox 127 2741 311 2809; x_wconf 74' lang='lat' dir='ltr'><strong>depreciant.</strong></span> <span class='ocrx_word' id='word_1_368' title='bbox 326 2744 554 2813; x_wconf 83' lang='lat' dir='ltr'><strong>llaqneetsipro</strong></span> <span class='ocrx_word' id='word_1_369' title='bbox 570 2744 680 2801; x_wconf 85' lang='lat' dir='ltr'><strong>ratione</strong></span> <span class='ocrx_word' id='word_1_370' title='bbox 695 2744 881 2815; x_wconf 84' lang='lat' dir='ltr'><strong>opilinationis</strong></span> <span class='ocrx_word' id='word_1_371' title='bbox 898 2743 929 2799; x_wconf 92' lang='lat' dir='ltr'><strong>in</strong></span> <span class='ocrx_word' id='word_1_372' title='bbox 971 2749 999 2801; x_wconf 85' lang='lat' dir='ltr'><strong>te</strong></span> <span class='ocrx_word' id='word_1_373' title='bbox 1024 2745 1124 2801; x_wconf 89' lang='lat' dir='ltr'><strong>docere</strong></span> <span class='ocrx_word' id='word_1_374' title='bbox 1150 2751 1178 2801; x_wconf 87' lang='lat' dir='ltr'><strong>et</strong></span> <span class='ocrx_word' id='word_1_375' title='bbox 1201 2744 1280 2809; x_wconf 78' lang='lat' dir='ltr'><strong>alios,</strong></span> <span class='ocrx_word' id='word_1_376' title='bbox 1307 2745 1457 2799; x_wconf 74' lang='lat' dir='ltr'><strong>exhortans</strong></span> <span class='ocrx_word' id='word_1_377' title='bbox 1479 2760 1544 2798; x_wconf 85' lang='lat' dir='ltr'><strong>rero</strong></span> <span class='ocrx_word' id='word_1_378' title='bbox 1560 2758 1627 2811; x_wconf 84' lang='lat' dir='ltr'><strong>eam</strong></span> <span class='ocrx_word' id='word_1_379' title='bbox 1647 2741 1657 2809; x_wconf 83' lang='lat' dir='ltr'><strong>i</strong></span> 
     </span>
     <span class='ocr_line' id='line_1_29' title="bbox 128 2831 1657 2903; baseline -0.001 -18"><span class='ocrx_word' id='word_1_380' title='bbox 128 2846 277 2895; x_wconf 81' lang='lat' dir='ltr'><strong>commune</strong></span> <span class='ocrx_word' id='word_1_381' title='bbox 291 2831 421 2891; x_wconf 86' lang='lat' dir='ltr'><strong>omnihus</strong></span> <span class='ocrx_word' id='word_1_382' title='bbox 434 2848 501 2895; x_wconf 83' lang='lat' dir='ltr'><strong>usas</strong></span> <span class='ocrx_word' id='word_1_383' title='bbox 517 2848 645 2891; x_wconf 69' lang='lat' dir='ltr'><strong>mentum</strong></span> <span class='ocrx_word' id='word_1_384' title='bbox 653 2832 929 2903; x_wconf 85' lang='lat' dir='ltr'><strong>propositnsesseri-</strong></span> <span class='ocrx_word' id='word_1_385' title='bbox 970 2833 1051 2887; x_wconf 82' lang='lat' dir='ltr'><strong>dict-is</strong></span> <span class='ocrx_word' id='word_1_386' title='bbox 1066 2833 1246 2897; x_wconf 81' lang='lat' dir='ltr'><strong>sullicienter,</strong></span> <span class='ocrx_word' id='word_1_387' title='bbox 1262 2839 1293 2886; x_wconf 94' lang='lat' dir='ltr'><strong>ut</strong></span> <span class='ocrx_word' id='word_1_388' title='bbox 1302 2833 1435 2887; x_wconf 81' lang='lat' dir='ltr'><strong>doetrinae</strong></span> <span class='ocrx_word' id='word_1_389' title='bbox 1446 2831 1657 2899; x_wconf 76' lang='lat' dir='ltr'><strong>iminineapton</strong></span> 
     </span>
     <span class='ocr_line' id='line_1_30' title="bbox 127 2918 1657 2993; baseline -0.001 -20"><span class='ocrx_word' id='word_1_390' title='bbox 127 2918 220 2984; x_wconf 80' lang='lat' dir='ltr'><strong>detur,</strong></span> <span class='ocrx_word' id='word_1_391' title='bbox 236 2919 285 2975; x_wconf 89' lang='lat' dir='ltr'><strong>sed</strong></span> <span class='ocrx_word' id='word_1_392' title='bbox 309 2927 341 2975; x_wconf 88' lang='lat' dir='ltr'><strong>nt</strong></span> <span class='ocrx_word' id='word_1_393' title='bbox 363 2928 483 2990; x_wconf 74' lang='lat' dir='ltr'><strong>oportet,</strong></span> <span class='ocrx_word' id='word_1_394' title='bbox 499 2921 697 2979; x_wconf 74' lang='lat' dir='ltr'><strong>consentienter</strong></span> <span class='ocrx_word' id='word_1_395' title='bbox 717 2921 778 2977; x_wconf 90' lang='lat' dir='ltr'><strong>lieri</strong></span> <span class='ocrx_word' id='word_1_396' title='bbox 800 2921 928 2977; x_wconf 80' lang='lat' dir='ltr'><strong>fidelihus</strong></span> <span class='ocrx_word' id='word_1_397' title='bbox 969 2922 1165 2985; x_wconf 80' lang='lat' dir='ltr'><strong>sollicitudine,</strong></span> <span class='ocrx_word' id='word_1_398' title='bbox 1180 2923 1345 2981; x_wconf 82' lang='lat' dir='ltr'><strong>dehortatur</strong></span> <span class='ocrx_word' id='word_1_399' title='bbox 1364 2939 1427 2975; x_wconf 90' lang='lat' dir='ltr'><strong>eum</strong></span> <span class='ocrx_word' id='word_1_400' title='bbox 1445 2920 1551 2993; x_wconf 84' lang='lat' dir='ltr'><strong>pariter</strong></span> <span class='ocrx_word' id='word_1_401' title='bbox 1569 2936 1604 2973; x_wconf 90' lang='lat' dir='ltr'><strong>ne</strong></span> <span class='ocrx_word' id='word_1_402' title='bbox 1626 2918 1657 2973; x_wconf 95' lang='lat' dir='ltr'><strong>ill</strong></span> 
     </span>
     <span class='ocr_line' id='line_1_31' title="bbox 127 3006 1528 3081; baseline -0.002 -16"><span class='ocrx_word' id='word_1_403' title='bbox 127 3006 217 3077; x_wconf 75' lang='lat' dir='ltr'><strong>tnagis</strong></span> <span class='ocrx_word' id='word_1_404' title='bbox 233 3007 343 3075; x_wconf 80' lang='lat' dir='ltr'><strong>ridetur</strong></span> <span class='ocrx_word' id='word_1_405' title='bbox 354 3026 435 3081; x_wconf 77' lang='lat' dir='ltr'><strong>posse</strong></span> <span class='ocrx_word' id='word_1_406' title='bbox 448 3008 548 3080; x_wconf 83' lang='lat' dir='ltr'><strong>aptari.</strong></span> <span class='ocrx_word' id='word_1_407' title='bbox 561 3010 679 3074; x_wconf 72' lang='lat' dir='ltr'><strong>linitam</strong></span> <span class='ocrx_word' id='word_1_408' title='bbox 687 3026 754 3079; x_wconf 83' lang='lat' dir='ltr'><strong>ergo</strong></span> <span class='ocrx_word' id='word_1_409' title='bbox 759 3010 926 3080; x_wconf 76' lang='lat' dir='ltr'><strong>pravitatem</strong></span> <span class='ocrx_word' id='word_1_410' title='bbox 969 3011 1110 3065; x_wconf 88' lang='lat' dir='ltr'><strong>contraria</strong></span> <span class='ocrx_word' id='word_1_411' title='bbox 1124 3017 1190 3064; x_wconf 88' lang='lat' dir='ltr'><strong>sunt</strong></span> <span class='ocrx_word' id='word_1_412' title='bbox 1204 3011 1247 3063; x_wconf 84' lang='lat' dir='ltr'><strong>rel</strong></span> <span class='ocrx_word' id='word_1_413' title='bbox 1259 3010 1357 3064; x_wconf 75' lang='lat' dir='ltr'><strong>leviter</strong></span> <span class='ocrx_word' id='word_1_414' title='bbox 1371 3010 1528 3063; x_wconf 77' lang='lat' dir='ltr'><strong>intendant.</strong></span> 
     </span>
    </p>

    <p class='ocr_par' dir='ltr' id='par_1_6' title="bbox 106 3096 1657 5657">
     <span class='ocr_line' id='line_1_32' title="bbox 126 3096 1656 3170; baseline 0 -19"><span class='ocrx_word' id='word_1_415' title='bbox 126 3112 224 3157; x_wconf 86' lang='lat' dir='ltr'><strong>eorum</strong></span> <span class='ocrx_word' id='word_1_416' title='bbox 237 3113 289 3167; x_wconf 90' lang='lat' dir='ltr'><strong>per</strong></span> <span class='ocrx_word' id='word_1_417' title='bbox 301 3097 354 3163; x_wconf 85' lang='lat' dir='ltr'><strong>hoc</strong></span> <span class='ocrx_word' id='word_1_418' title='bbox 368 3097 500 3163; x_wconf 84' lang='lat' dir='ltr'><strong>ostendit,</strong></span> <span class='ocrx_word' id='word_1_419' title='bbox 518 3098 566 3168; x_wconf 89' lang='lat' dir='ltr'><strong>qui</strong></span> <span class='ocrx_word' id='word_1_420' title='bbox 582 3115 645 3153; x_wconf 86' lang='lat' dir='ltr'><strong>carn</strong></span> <span class='ocrx_word' id='word_1_421' title='bbox 660 3098 768 3167; x_wconf 75' lang='lat' dir='ltr'><strong>gratias</strong></span> <span class='ocrx_word' id='word_1_422' title='bbox 779 3114 862 3168; x_wconf 79' lang='lat' dir='ltr'><strong>agere</strong></span> <span class='ocrx_word' id='word_1_423' title='bbox 875 3099 925 3155; x_wconf 91' lang='lat' dir='ltr'><strong>de·</strong></span> <span class='ocrx_word' id='word_1_424' title='bbox 1005 3120 1016 3150; x_wconf 71' lang='lat' dir='ltr'><strong>r</strong></span> <span class='ocrx_word' id='word_1_425' title='bbox 1033 3101 1146 3170; x_wconf 86' lang='lat' dir='ltr'><strong>ineptas</strong></span> <span class='ocrx_word' id='word_1_426' title='bbox 1160 3104 1255 3152; x_wconf 86' lang='lat' dir='ltr'><strong>autem</strong></span> <span class='ocrx_word' id='word_1_427' title='bbox 1270 3106 1298 3152; x_wconf 86' lang='lat' dir='ltr'><strong>et</strong></span> <span class='ocrx_word' id='word_1_428' title='bbox 1321 3099 1411 3151; x_wconf 79' lang='lat' dir='ltr'><strong>aniles</strong></span> <span class='ocrx_word' id='word_1_429' title='bbox 1432 3097 1540 3152; x_wconf 83' lang='lat' dir='ltr'><strong>l&#39;ahulas</strong></span> <span class='ocrx_word' id='word_1_430' title='bbox 1561 3096 1656 3151; x_wconf 77' lang='lat' dir='ltr'><strong>devita</strong></span> 
     </span>
     <span class='ocr_line' id='line_1_33' title="bbox 127 3184 1648 3258; baseline 0 -19"><span class='ocrx_word' id='word_1_431' title='bbox 127 3184 227 3250; x_wconf 87' lang='lat' dir='ltr'><strong>herent</strong></span> <span class='ocrx_word' id='word_1_432' title='bbox 239 3202 291 3255; x_wconf 91' lang='lat' dir='ltr'><strong>pro</strong></span> <span class='ocrx_word' id='word_1_433' title='bbox 306 3186 410 3256; x_wconf 82' lang='lat' dir='ltr'><strong>largita</strong></span> <span class='ocrx_word' id='word_1_434' title='bbox 422 3185 475 3245; x_wconf 87' lang='lat' dir='ltr'><strong>sihi</strong></span> <span class='ocrx_word' id='word_1_435' title='bbox 483 3187 591 3256; x_wconf 82' lang='lat' dir='ltr'><strong>requie,</strong></span> <span class='ocrx_word' id='word_1_436' title='bbox 600 3194 697 3245; x_wconf 77' lang='lat' dir='ltr'><strong>utinm</strong></span> <span class='ocrx_word' id='word_1_437' title='bbox 713 3187 858 3249; x_wconf 82' lang='lat' dir='ltr'><strong>irisamant</strong></span> <span class='ocrx_word' id='word_1_438' title='bbox 867 3205 924 3251; x_wconf 79' lang='lat' dir='ltr'><strong>eas,</strong></span> <span class='ocrx_word' id='word_1_439' title='bbox 968 3189 1009 3241; x_wconf 86' lang='lat' dir='ltr'><strong>rel</strong></span> <span class='ocrx_word' id='word_1_440' title='bbox 1023 3188 1142 3241; x_wconf 77' lang='lat' dir='ltr'><strong>rnamme</strong></span> <span class='ocrx_word' id='word_1_441' title='bbox 1160 3205 1217 3258; x_wconf 85' lang='lat' dir='ltr'><strong>prae</strong></span> <span class='ocrx_word' id='word_1_442' title='bbox 1240 3187 1348 3242; x_wconf 74' lang='lat' dir='ltr'><strong>ceteris</strong></span> <span class='ocrx_word' id='word_1_443' title='bbox 1368 3187 1514 3240; x_wconf 85' lang='lat' dir='ltr'><strong>conrrnodo</strong></span> <span class='ocrx_word' id='word_1_444' title='bbox 1539 3186 1648 3239; x_wconf 90' lang='lat' dir='ltr'><strong>dictum</strong></span> 
     </span>
     <span class='ocr_line' id='line_1_34' title="bbox 127 3272 1657 3347; baseline -0.002 -16"><span class='ocrx_word' id='word_1_445' title='bbox 127 3282 222 3331; x_wconf 68' lang='lat' dir='ltr'><strong>amum</strong></span> <span class='ocrx_word' id='word_1_446' title='bbox 231 3272 302 3331; x_wconf 84' lang='lat' dir='ltr'><strong>soah</strong></span> <span class='ocrx_word' id='word_1_447' title='bbox 313 3274 354 3328; x_wconf 88' lang='lat' dir='ltr'><strong>eis</strong></span> <span class='ocrx_word' id='word_1_448' title='bbox 362 3275 534 3341; x_wconf 83' lang='lat' dir='ltr'><strong>contineant,</strong></span> <span class='ocrx_word' id='word_1_449' title='bbox 548 3281 645 3345; x_wconf 78' lang='lat' dir='ltr'><strong>utpote</strong></span> <span class='ocrx_word' id='word_1_450' title='bbox 655 3276 751 3331; x_wconf 81' lang='lat' dir='ltr'><strong>fideles</strong></span> <span class='ocrx_word' id='word_1_451' title='bbox 765 3295 771 3335; x_wconf 87' lang='grc'>;</span> <span class='ocrx_word' id='word_1_452' title='bbox 788 3294 803 3331; x_wconf 92' lang='lat' dir='ltr'><strong>e</strong></span> <span class='ocrx_word' id='word_1_453' title='bbox 818 3282 926 3333; x_wconf 86' lang='lat' dir='ltr'><strong>contra-</strong></span> <span class='ocrx_word' id='word_1_454' title='bbox 967 3277 1109 3347; x_wconf 75' lang='lat' dir='ltr'><strong>Apostoli),</strong></span> <span class='ocrx_word' id='word_1_455' title='bbox 1121 3277 1144 3329; x_wconf 86' lang='lat' dir='ltr'><strong>si</strong></span> <span class='ocrx_word' id='word_1_456' title='bbox 1158 3277 1244 3346; x_wconf 80' lang='lat' dir='ltr'><strong>igitur</strong></span> <span class='ocrx_word' id='word_1_457' title='bbox 1257 3277 1318 3345; x_wconf 75' lang='lat' dir='ltr'><strong>puis</strong></span> <span class='ocrx_word' id='word_1_458' title='bbox 1336 3275 1414 3339; x_wconf 85' lang='lat' dir='ltr'><strong>libris</strong></span> <span class='ocrx_word' id='word_1_459' title='bbox 1429 3274 1596 3346; x_wconf 77' lang='lat' dir='ltr'><strong>apocryphis</strong></span> <span class='ocrx_word' id='word_1_460' title='bbox 1618 3273 1657 3341; x_wconf 72' lang='lat' dir='ltr'><strong>ipt</strong></span> 
     </span>
     <span class='ocr_line' id='line_1_35' title="bbox 125 3361 1657 3435; baseline 0.002 -20"><span class='ocrx_word' id='word_1_461' title='bbox 125 3361 168 3417; x_wconf 89' lang='lat' dir='ltr'><strong>rio</strong></span> <span class='ocrx_word' id='word_1_462' title='bbox 182 3362 315 3423; x_wconf 81' lang='lat' dir='ltr'><strong>incusant</strong></span> <span class='ocrx_word' id='word_1_463' title='bbox 332 3379 409 3419; x_wconf 80' lang='lat' dir='ltr'><strong>escas</strong></span> <span class='ocrx_word' id='word_1_464' title='bbox 434 3370 463 3419; x_wconf 89' lang='lat' dir='ltr'><strong>et</strong></span> <span class='ocrx_word' id='word_1_465' title='bbox 482 3364 557 3435; x_wconf 88' lang='lat' dir='ltr'><strong>qnod</strong></span> <span class='ocrx_word' id='word_1_466' title='bbox 571 3381 627 3421; x_wconf 90' lang='lat' dir='ltr'><strong>nen</strong></span> <span class='ocrx_word' id='word_1_467' title='bbox 641 3364 698 3430; x_wconf 84' lang='lat' dir='ltr'><strong>sint</strong></span> <span class='ocrx_word' id='word_1_468' title='bbox 717 3364 787 3419; x_wconf 87' lang='lat' dir='ltr'><strong>hene</strong></span> <span class='ocrx_word' id='word_1_469' title='bbox 805 3365 884 3421; x_wconf 74' lang='lat' dir='ltr'><strong>nete</strong></span> <span class='ocrx_word' id='word_1_470' title='bbox 899 3370 926 3419; x_wconf 85' lang='lat' dir='ltr'><strong>et</strong></span> <span class='ocrx_word' id='word_1_471' title='bbox 968 3366 1095 3431; x_wconf 77' lang='lat' dir='ltr'><strong>voluerit,</strong></span> <span class='ocrx_word' id='word_1_472' title='bbox 1111 3365 1173 3419; x_wconf 88' lang='lat' dir='ltr'><strong>illos</strong></span> <span class='ocrx_word' id='word_1_473' title='bbox 1197 3382 1266 3435; x_wconf 72' lang='lat' dir='ltr'><strong>‹puos</strong></span> <span class='ocrx_word' id='word_1_474' title='bbox 1290 3365 1392 3419; x_wconf 87' lang='lat' dir='ltr'><strong>habere</strong></span> <span class='ocrx_word' id='word_1_475' title='bbox 1417 3363 1546 3425; x_wconf 84' lang='lat' dir='ltr'><strong>ridentur</strong></span> <span class='ocrx_word' id='word_1_476' title='bbox 1568 3361 1657 3435; x_wconf 67' lang='lat' dir='ltr'><strong>illio</strong></span> 
     </span>
     <span class='ocr_line' id='line_1_36' title="bbox 125 3450 1657 3524; baseline -0.003 -15"><span class='ocrx_word' id='word_1_477' title='bbox 125 3466 208 3517; x_wconf 76' lang='lat' dir='ltr'><strong>usurp</strong></span> <span class='ocrx_word' id='word_1_478' title='bbox 220 3468 318 3513; x_wconf 82' lang='lat' dir='ltr'><strong>earum</strong></span> <span class='ocrx_word' id='word_1_479' title='bbox 331 3452 392 3522; x_wconf 80' lang='lat' dir='ltr'><strong>lege</strong></span> <span class='ocrx_word' id='word_1_480' title='bbox 401 3452 567 3509; x_wconf 77' lang='lat' dir='ltr'><strong>annitantm·</strong></span> <span class='ocrx_word' id='word_1_481' title='bbox 576 3452 926 3519; x_wconf 75' lang='lat' dir='ltr'><strong>abdicarelleindedicens</strong></span> <span class='ocrx_word' id='word_1_482' title='bbox 967 3455 1102 3524; x_wconf 74' lang='lat' dir='ltr'><strong>deginae</strong></span> <span class='ocrx_word' id='word_1_483' title='bbox 1111 3455 1288 3524; x_wconf 82' lang='lat' dir='ltr'><strong>profitentur,</strong></span> <span class='ocrx_word' id='word_1_484' title='bbox 1297 3453 1410 3521; x_wconf 73' lang='lat' dir='ltr'><strong>tremine</strong></span> <span class='ocrx_word' id='word_1_485' title='bbox 1418 3451 1531 3523; x_wconf 86' lang='lat' dir='ltr'><strong>quidem</strong></span> <span class='ocrx_word' id='word_1_486' title='bbox 1538 3450 1657 3522; x_wconf 66' lang='lat' dir='ltr'><strong>heatispi</strong></span> 
     </span>
     <span class='ocr_line' id='line_1_37' title="bbox 125 3539 1656 3614; baseline 0 -19"><span class='ocrx_word' id='word_1_487' title='bbox 125 3539 219 3614; x_wconf 79' lang='lat' dir='ltr'><strong>qaino</strong></span> <span class='ocrx_word' id='word_1_488' title='bbox 230 3542 288 3609; x_wconf 84' lang='lat' dir='ltr'><strong>¹Deo</strong></span> <span class='ocrx_word' id='word_1_489' title='bbox 297 3541 378 3609; x_wconf 77' lang='lat' dir='ltr'><strong>¹lecte</strong></span> <span class='ocrx_word' id='word_1_490' title='bbox 393 3548 469 3609; x_wconf 83' lang='lat' dir='ltr'><strong>sunt,</strong></span> <span class='ocrx_word' id='word_1_491' title='bbox 484 3548 689 3612; x_wconf 86' lang='lat' dir='ltr'><strong>consequenter</strong></span> <span class='ocrx_word' id='word_1_492' title='bbox 697 3542 814 3612; x_wconf 84' lang='lat' dir='ltr'><strong>adjecit:</strong></span> <span class='ocrx_word' id='word_1_493' title='bbox 830 3566 839 3589; x_wconf 69' lang='lat' dir='ltr'>a</span> <span class='ocrx_word' id='word_1_494' title='bbox 854 3543 927 3606; x_wconf 78' lang='lat' dir='ltr'><strong>Quia</strong></span> <span class='ocrx_word' id='word_1_495' title='bbox 968 3542 1059 3601; x_wconf 82' lang='lat' dir='ltr'><strong>editos</strong></span> <span class='ocrx_word' id='word_1_496' title='bbox 1074 3543 1274 3613; x_wconf 79' lang='lat' dir='ltr'><strong>apostolorum,</strong></span> <span class='ocrx_word' id='word_1_497' title='bbox 1286 3541 1523 3605; x_wconf 76' lang='lat' dir='ltr'><strong>‹larrroniacorum</strong></span> <span class='ocrx_word' id='word_1_498' title='bbox 1539 3556 1604 3595; x_wconf 87' lang='lat' dir='ltr'><strong>rere</strong></span> <span class='ocrx_word' id='word_1_499' title='bbox 1618 3539 1656 3595; x_wconf 89' lang='lat' dir='ltr'><strong>ho</strong></span> 
     </span>
     <span class='ocr_line' id='line_1_38' title="bbox 123 3629 1657 3702; baseline 0.001 -20"><span class='ocrx_word' id='word_1_500' title='bbox 123 3629 214 3683; x_wconf 87' lang='lat' dir='ltr'><strong>ornnis</strong></span> <span class='ocrx_word' id='word_1_501' title='bbox 231 3638 360 3686; x_wconf 88' lang='lat' dir='ltr'><strong>creatura</strong></span> <span class='ocrx_word' id='word_1_502' title='bbox 383 3630 432 3685; x_wconf 87' lang='lat' dir='ltr'><strong>Dei</strong></span> <span class='ocrx_word' id='word_1_503' title='bbox 453 3630 527 3687; x_wconf 83' lang='lat' dir='ltr'><strong>hona</strong></span> <span class='ocrx_word' id='word_1_504' title='bbox 549 3636 577 3684; x_wconf 88' lang='lat' dir='ltr'><strong>et</strong></span> <span class='ocrx_word' id='word_1_505' title='bbox 601 3631 672 3687; x_wconf 92' lang='lat' dir='ltr'><strong>nihil</strong></span> <span class='ocrx_word' id='word_1_506' title='bbox 694 3629 922 3700; x_wconf 73' lang='lat' dir='ltr'><strong>rejiciendum.»</strong></span> <span class='ocrx_word' id='word_1_507' title='bbox 965 3632 1168 3702; x_wconf 84' lang='lat' dir='ltr'><strong>conscriptione</strong></span> <span class='ocrx_word' id='word_1_508' title='bbox 1189 3632 1319 3701; x_wconf 85' lang='lat' dir='ltr'><strong>repletos,</strong></span> <span class='ocrx_word' id='word_1_509' title='bbox 1343 3630 1493 3701; x_wconf 83' lang='lat' dir='ltr'><strong>perspiciet</strong></span> <span class='ocrx_word' id='word_1_510' title='bbox 1515 3629 1657 3699; x_wconf 80' lang='lat' dir='ltr'><strong>dictorum</strong></span> 
     </span>
     <span class='ocr_line' id='line_1_39' title="bbox 123 3716 1657 3791; baseline 0 -16"><span class='ocrx_word' id='word_1_511' title='bbox 123 3717 486 3791; x_wconf 66' lang='lat' dir='ltr'><strong>Quemadmoduminqnit,</strong></span> <span class='ocrx_word' id='word_1_512' title='bbox 493 3720 668 3786; x_wconf 75' lang='lat' dir='ltr'><strong>incusatione</strong></span> <span class='ocrx_word' id='word_1_513' title='bbox 678 3720 857 3789; x_wconf 80' lang='lat' dir='ltr'><strong>dignumnon</strong></span> <span class='ocrx_word' id='word_1_514' title='bbox 864 3736 925 3789; x_wconf 88' lang='lat' dir='ltr'><strong>pos-</strong></span> <span class='ocrx_word' id='word_1_515' title='bbox 965 3721 1195 3779; x_wconf 78' lang='lat' dir='ltr'><strong>commoditatem</strong></span> <span class='ocrx_word' id='word_1_516' title='bbox 1220 3738 1226 3771; x_wconf 77' lang='grc' dir='ltr'>ε</span> <span class='ocrx_word' id='word_1_517' title='bbox 1253 3720 1293 3775; x_wconf 87' lang='lat' dir='ltr'><strong>ita</strong></span> <span class='ocrx_word' id='word_1_518' title='bbox 1307 3726 1401 3774; x_wconf 87' lang='lat' dir='ltr'><strong>autern</strong></span> <span class='ocrx_word' id='word_1_519' title='bbox 1413 3725 1442 3774; x_wconf 91' lang='lat' dir='ltr'><strong>et</strong></span> <span class='ocrx_word' id='word_1_520' title='bbox 1456 3734 1552 3785; x_wconf 87' lang='lat' dir='ltr'><strong>omnes</strong></span> <span class='ocrx_word' id='word_1_521' title='bbox 1566 3716 1657 3789; x_wconf 80' lang='lat' dir='ltr'><strong>prola</strong></span> 
     </span>
     <span class='ocr_line' id='line_1_40' title="bbox 106 3805 1657 3880; baseline 0.001 -19"><span class='ocrx_word' id='word_1_522' title='bbox 106 3805 161 3871; x_wconf 83' lang='lat' dir='ltr'><strong>-sit</strong></span> <span class='ocrx_word' id='word_1_523' title='bbox 172 3807 257 3873; x_wconf 84' lang='lat' dir='ltr'><strong>rideri</strong></span> <span class='ocrx_word' id='word_1_524' title='bbox 272 3808 341 3863; x_wconf 88' lang='lat' dir='ltr'><strong>illud</strong></span> <span class='ocrx_word' id='word_1_525' title='bbox 359 3808 433 3880; x_wconf 81' lang='lat' dir='ltr'><strong>quod</strong></span> <span class='ocrx_word' id='word_1_526' title='bbox 449 3825 466 3871; x_wconf 83' lang='lat' dir='ltr'><strong>a</strong></span> <span class='ocrx_word' id='word_1_527' title='bbox 481 3809 539 3875; x_wconf 81' lang='lat' dir='ltr'><strong>Deo</strong></span> <span class='ocrx_word' id='word_1_528' title='bbox 557 3808 662 3863; x_wconf 86' lang='lat' dir='ltr'><strong>fectum</strong></span> <span class='ocrx_word' id='word_1_529' title='bbox 678 3814 730 3874; x_wconf 86' lang='lat' dir='ltr'><strong>est,</strong></span> <span class='ocrx_word' id='word_1_530' title='bbox 744 3808 816 3869; x_wconf 85' lang='lat' dir='ltr'><strong>bene</strong></span> <span class='ocrx_word' id='word_1_531' title='bbox 829 3816 925 3871; x_wconf 85' lang='lat' dir='ltr'><strong>autem</strong></span> <span class='ocrx_word' id='word_1_532' title='bbox 966 3826 1110 3875; x_wconf 83' lang='lat' dir='ltr'><strong>sermones</strong></span> <span class='ocrx_word' id='word_1_533' title='bbox 1136 3809 1186 3863; x_wconf 89' lang='lat' dir='ltr'><strong>illi.</strong></span> <span class='ocrx_word' id='word_1_534' title='bbox 1211 3814 1239 3862; x_wconf 90' lang='lat' dir='ltr'><strong>et</strong></span> <span class='ocrx_word' id='word_1_535' title='bbox 1261 3809 1349 3863; x_wconf 83' lang='lat' dir='ltr'><strong>aniles</strong></span> <span class='ocrx_word' id='word_1_536' title='bbox 1369 3808 1479 3875; x_wconf 73' lang='lat' dir='ltr'><strong>lhhnlae,</strong></span> <span class='ocrx_word' id='word_1_537' title='bbox 1496 3823 1557 3879; x_wconf 71' lang='lat' dir='ltr'><strong>quae</strong></span> <span class='ocrx_word' id='word_1_538' title='bbox 1567 3806 1597 3875; x_wconf 79' lang='lat' dir='ltr'><strong>ip</strong></span> <span class='ocrx_word' id='word_1_539' title='bbox 1610 3806 1657 3863; x_wconf 87' lang='lat' dir='ltr'><strong>illi</strong></span> 
     </span>
     <span class='ocr_line' id='line_1_41' title="bbox 121 3896 1657 3967; baseline -0.003 -16"><span class='ocrx_word' id='word_1_540' title='bbox 121 3897 293 3967; x_wconf 76' lang='lat' dir='ltr'><strong>genicialiter</strong></span> <span class='ocrx_word' id='word_1_541' title='bbox 308 3897 379 3955; x_wconf 84' lang='lat' dir='ltr'><strong>illud</strong></span> <span class='ocrx_word' id='word_1_542' title='bbox 393 3897 481 3951; x_wconf 83' lang='lat' dir='ltr'><strong>dixit:</strong></span> <span class='ocrx_word' id='word_1_543' title='bbox 498 3915 513 3953; x_wconf 79' lang='lat' dir='ltr'><strong>a</strong></span> <span class='ocrx_word' id='word_1_544' title='bbox 530 3897 670 3961; x_wconf 84' lang='lat' dir='ltr'><strong>Quoniam</strong></span> <span class='ocrx_word' id='word_1_545' title='bbox 689 3896 780 3961; x_wconf 82' lang='lat' dir='ltr'><strong>omnis</strong></span> <span class='ocrx_word' id='word_1_546' title='bbox 795 3903 926 3951; x_wconf 85' lang='lat' dir='ltr'><strong>creatura</strong></span> <span class='ocrx_word' id='word_1_547' title='bbox 966 3898 1138 3963; x_wconf 82' lang='lat' dir='ltr'><strong>inserantur,</strong></span> <span class='ocrx_word' id='word_1_548' title='bbox 1149 3898 1203 3951; x_wconf 88' lang='lat' dir='ltr'><strong>imo</strong></span> <span class='ocrx_word' id='word_1_549' title='bbox 1214 3897 1347 3953; x_wconf 76' lang='lat' dir='ltr'><strong>etlirhulia</strong></span> <span class='ocrx_word' id='word_1_550' title='bbox 1358 3896 1479 3951; x_wconf 82' lang='lat' dir='ltr'><strong>anilihus</strong></span> <span class='ocrx_word' id='word_1_551' title='bbox 1489 3896 1551 3966; x_wconf 90' lang='lat' dir='ltr'><strong>plus</strong></span> <span class='ocrx_word' id='word_1_552' title='bbox 1572 3900 1657 3959; x_wconf 59' lang='lat' dir='ltr'><strong>sunta</strong></span> 
     </span>
     <span class='ocr_line' id='line_1_42' title="bbox 122 3984 1657 4057; baseline 0.001 -21"><span class='ocrx_word' id='word_1_553' title='bbox 122 3984 172 4049; x_wconf 77' lang='lat' dir='ltr'><strong>Dei</strong></span> <span class='ocrx_word' id='word_1_554' title='bbox 183 3984 257 4039; x_wconf 82' lang='lat' dir='ltr'><strong>hone</strong></span> <span class='ocrx_word' id='word_1_555' title='bbox 268 3991 320 4051; x_wconf 87' lang='lat' dir='ltr'><strong>cst,</strong></span> <span class='ocrx_word' id='word_1_556' title='bbox 337 3992 366 4038; x_wconf 89' lang='lat' dir='ltr'><strong>et</strong></span> <span class='ocrx_word' id='word_1_557' title='bbox 389 3985 459 4041; x_wconf 91' lang='lat' dir='ltr'><strong>nihil</strong></span> <span class='ocrx_word' id='word_1_558' title='bbox 474 3985 695 4054; x_wconf 82' lang='lat' dir='ltr'><strong>rejiciendum.»</strong></span> <span class='ocrx_word' id='word_1_559' title='bbox 713 3986 816 4041; x_wconf 87' lang='lat' dir='ltr'><strong>Omnia</strong></span> <span class='ocrx_word' id='word_1_560' title='bbox 830 3992 925 4041; x_wconf 85' lang='lat' dir='ltr'><strong>autem</strong></span> <span class='ocrx_word' id='word_1_561' title='bbox 966 3986 1045 4053; x_wconf 81' lang='lat' dir='ltr'><strong>biles,</strong></span> <span class='ocrx_word' id='word_1_562' title='bbox 1068 3986 1217 4057; x_wconf 78' lang='lat' dir='ltr'><strong>spurcitias</strong></span> <span class='ocrx_word' id='word_1_563' title='bbox 1241 3986 1317 4041; x_wconf 88' lang='lat' dir='ltr'><strong>enim</strong></span> <span class='ocrx_word' id='word_1_564' title='bbox 1341 3994 1369 4040; x_wconf 90' lang='lat' dir='ltr'><strong>et</strong></span> <span class='ocrx_word' id='word_1_565' title='bbox 1396 3985 1590 4041; x_wconf 81' lang='lat' dir='ltr'><strong>irnrnanditias</strong></span> <span class='ocrx_word' id='word_1_566' title='bbox 1609 4000 1657 4053; x_wconf 77' lang='lat' dir='ltr'><strong>epp</strong></span> 
     </span>
     <span class='ocr_line' id='line_1_43' title="bbox 125 4072 1657 4146; baseline 0 -21"><span class='ocrx_word' id='word_1_567' title='bbox 125 4072 284 4137; x_wconf 78' lang='lat' dir='ltr'><strong>atilionem,</strong></span> <span class='ocrx_word' id='word_1_568' title='bbox 293 4073 425 4143; x_wconf 86' lang='lat' dir='ltr'><strong>itaqueet</strong></span> <span class='ocrx_word' id='word_1_569' title='bbox 434 4073 551 4144; x_wconf 73' lang='lat' dir='ltr'><strong>illeque</strong></span> <span class='ocrx_word' id='word_1_570' title='bbox 561 4074 591 4129; x_wconf 93' lang='lat' dir='ltr'><strong>in</strong></span> <span class='ocrx_word' id='word_1_571' title='bbox 601 4090 760 4133; x_wconf 83' lang='lat' dir='ltr'><strong>usumescae</strong></span> <span class='ocrx_word' id='word_1_572' title='bbox 770 4075 835 4129; x_wconf 86' lang='lat' dir='ltr'><strong>data</strong></span> <span class='ocrx_word' id='word_1_573' title='bbox 847 4080 923 4138; x_wconf 80' lang='lat' dir='ltr'><strong>sarit,</strong></span> <span class='ocrx_word' id='word_1_574' title='bbox 967 4092 1027 4146; x_wconf 73' lang='lat' dir='ltr'><strong>quae</strong></span> <span class='ocrx_word' id='word_1_575' title='bbox 1044 4093 1095 4131; x_wconf 87' lang='lat' dir='ltr'><strong>nee</strong></span> <span class='ocrx_word' id='word_1_576' title='bbox 1109 4092 1191 4129; x_wconf 83' lang='lat' dir='ltr'><strong>ames</strong></span> <span class='ocrx_word' id='word_1_577' title='bbox 1207 4075 1352 4129; x_wconf 84' lang='lat' dir='ltr'><strong>homirmnr</strong></span> <span class='ocrx_word' id='word_1_578' title='bbox 1367 4075 1506 4129; x_wconf 80' lang='lat' dir='ltr'><strong>sustinere</strong></span> <span class='ocrx_word' id='word_1_579' title='bbox 1520 4079 1657 4145; x_wconf 77' lang='lat' dir='ltr'><strong>potuer-nn</strong></span> 
     </span>
     <span class='ocr_line' id='line_1_44' title="bbox 122 4160 1657 4234; baseline 0 -19"><span class='ocrx_word' id='word_1_580' title='bbox 122 4166 249 4223; x_wconf 85' lang='lat' dir='ltr'><strong>nonsunt</strong></span> <span class='ocrx_word' id='word_1_581' title='bbox 259 4160 420 4231; x_wconf 74' lang='lat' dir='ltr'><strong>reiicienda,</strong></span> <span class='ocrx_word' id='word_1_582' title='bbox 431 4162 479 4215; x_wconf 88' lang='lat' dir='ltr'><strong>sed</strong></span> <span class='ocrx_word' id='word_1_583' title='bbox 486 4161 754 4232; x_wconf 85' lang='lat' dir='ltr'><strong>potiasrecipiende‚</strong></span> <span class='ocrx_word' id='word_1_584' title='bbox 765 4179 800 4219; x_wconf 79' lang='lat' dir='ltr'><strong>eo</strong></span> <span class='ocrx_word' id='word_1_585' title='bbox 817 4163 891 4233; x_wconf 86' lang='lat' dir='ltr'><strong>qnod</strong></span> <span class='ocrx_word' id='word_1_586' title='bbox 909 4180 926 4216; x_wconf 92' lang='lat' dir='ltr'><strong>a</strong></span> <span class='ocrx_word' id='word_1_587' title='bbox 967 4181 1030 4219; x_wconf 87' lang='lat' dir='ltr'><strong>rere</strong></span> <span class='ocrx_word' id='word_1_588' title='bbox 1042 4181 1127 4234; x_wconf 88' lang='lat' dir='ltr'><strong>saper</strong></span> <span class='ocrx_word' id='word_1_589' title='bbox 1143 4164 1393 4223; x_wconf 77' lang='lat' dir='ltr'><strong>dehonorationem</strong></span> <span class='ocrx_word' id='word_1_590' title='bbox 1403 4163 1516 4221; x_wconf 87' lang='lat' dir='ltr'><strong>illorum</strong></span> <span class='ocrx_word' id='word_1_591' title='bbox 1526 4160 1657 4233; x_wconf 66' lang='lat' dir='ltr'><strong>&lt;lamehe</strong></span> 
     </span>
     <span class='ocr_line' id='line_1_45' title="bbox 113 4249 1657 4323; baseline 0.001 -20"><span class='ocrx_word' id='word_1_592' title='bbox 113 4249 180 4309; x_wconf 75' lang='lat' dir='ltr'><strong>,Deo</strong></span> <span class='ocrx_word' id='word_1_593' title='bbox 193 4249 250 4305; x_wconf 86' lang='lat' dir='ltr'><strong>sint</strong></span> <span class='ocrx_word' id='word_1_594' title='bbox 264 4250 300 4304; x_wconf 90' lang='lat' dir='ltr'><strong>ad</strong></span> <span class='ocrx_word' id='word_1_595' title='bbox 314 4250 367 4305; x_wconf 87' lang='lat' dir='ltr'><strong>hoc</strong></span> <span class='ocrx_word' id='word_1_596' title='bbox 379 4249 462 4315; x_wconf 83' lang='lat' dir='ltr'><strong>facta.</strong></span> <span class='ocrx_word' id='word_1_597' title='bbox 480 4251 620 4319; x_wconf 78' lang='lat' dir='ltr'><strong>(Theoph.)</strong></span> <span class='ocrx_word' id='word_1_598' title='bbox 635 4250 664 4304; x_wconf 82' lang='lat' dir='ltr'><strong>Si</strong></span> <span class='ocrx_word' id='word_1_599' title='bbox 679 4250 756 4317; x_wconf 86' lang='lat' dir='ltr'><strong>enim</strong></span> <span class='ocrx_word' id='word_1_600' title='bbox 770 4250 822 4305; x_wconf 86' lang='lat' dir='ltr'><strong>tali</strong></span> <span class='ocrx_word' id='word_1_601' title='bbox 839 4267 925 4311; x_wconf 89' lang='lat' dir='ltr'><strong>sensu</strong></span> <span class='ocrx_word' id='word_1_602' title='bbox 967 4253 1018 4307; x_wconf 81' lang='lat' dir='ltr'><strong>riis</strong></span> <span class='ocrx_word' id='word_1_603' title='bbox 1032 4254 1231 4318; x_wconf 68' lang='lat' dir='ltr'><strong>contemserit</strong></span> <span class='ocrx_word' id='word_1_604' title='bbox 1245 4253 1391 4307; x_wconf 89' lang='lat' dir='ltr'><strong>conanode</strong></span> <span class='ocrx_word' id='word_1_605' title='bbox 1407 4252 1512 4319; x_wconf 84' lang='lat' dir='ltr'><strong>dicens,</strong></span> <span class='ocrx_word' id='word_1_606' title='bbox 1526 4255 1554 4319; x_wconf 83' lang='lat' dir='ltr'><strong>et</strong></span> <span class='ocrx_word' id='word_1_607' title='bbox 1562 4266 1657 4323; x_wconf 80' lang='lat' dir='ltr'><strong>conse&lt;¹</strong></span> 
     </span>
     <span class='ocr_line' id='line_1_46' title="bbox 120 4338 1657 4440; baseline -0.003 -43"><span class='ocrx_word' id='word_1_608' title='bbox 120 4338 315 4411; x_wconf 68' lang='lat' dir='ltr'><strong>asproposito</strong></span> <span class='ocrx_word' id='word_1_609' title='bbox 334 4340 508 4410; x_wconf 80' lang='lat' dir='ltr'><strong>jejunemus,</strong></span> <span class='ocrx_word' id='word_1_610' title='bbox 524 4344 557 4397; x_wconf 89' lang='lat' dir='ltr'><strong>nt</strong></span> <span class='ocrx_word' id='word_1_611' title='bbox 581 4344 729 4409; x_wconf 85' lang='lat' dir='ltr'><strong>peccatum</strong></span> <span class='ocrx_word' id='word_1_612' title='bbox 743 4340 872 4407; x_wconf 72' lang='lat' dir='ltr'><strong>contrahi</strong></span> <span class='ocrx_word' id='word_1_613' title='bbox 896 4339 956 4440; x_wconf 75' lang='lat' dir='ltr'><strong>inD</strong></span> <span class='ocrx_word' id='word_1_614' title='bbox 966 4341 1197 4413; x_wconf 80' lang='lat' dir='ltr'><strong>praecedentibus,</strong></span> <span class='ocrx_word' id='word_1_615' title='bbox 1217 4341 1321 4411; x_wconf 84' lang='lat' dir='ltr'><strong>adjecit</strong></span> <span class='ocrx_word' id='word_1_616' title='bbox 1334 4341 1437 4395; x_wconf 87' lang='lat' dir='ltr'><strong>iterum</strong></span> <span class='ocrx_word' id='word_1_617' title='bbox 1451 4358 1475 4392; x_wconf 80' lang='lat' dir='ltr'><strong>:a</strong></span> <span class='ocrx_word' id='word_1_618' title='bbox 1485 4341 1588 4395; x_wconf 80' lang='lat' dir='ltr'><strong>Ererce</strong></span> <span class='ocrx_word' id='word_1_619' title='bbox 1598 4339 1657 4413; x_wconf 88' lang='lat' dir='ltr'><strong>teip</strong></span> 
     </span>
     <span class='ocr_line' id='line_1_47' title="bbox 120 4426 1657 4501; baseline 0.001 -20"><span class='ocrx_word' id='word_1_620' title='bbox 120 4444 247 4495; x_wconf 84' lang='lat' dir='ltr'><strong>escarum</strong></span> <span class='ocrx_word' id='word_1_621' title='bbox 262 4427 478 4500; x_wconf 74' lang='lat' dir='ltr'><strong>participatione</strong></span> <span class='ocrx_word' id='word_1_622' title='bbox 489 4428 647 4495; x_wconf 84' lang='lat' dir='ltr'><strong>credamus,</strong></span> <span class='ocrx_word' id='word_1_623' title='bbox 664 4445 720 4496; x_wconf 87' lang='lat' dir='ltr'><strong>non</strong></span> <span class='ocrx_word' id='word_1_624' title='bbox 735 4428 818 4497; x_wconf 81' lang='lat' dir='ltr'><strong>modo</strong></span> <span class='ocrx_word' id='word_1_625' title='bbox 832 4428 924 4487; x_wconf 87' lang='lat' dir='ltr'><strong>nullos</strong></span> <span class='ocrx_word' id='word_1_626' title='bbox 965 4429 1449 4501; x_wconf 66' lang='lat' dir='ltr'><strong>pietatem.»lapriorihuseitdoee</strong></span> <span class='ocrx_word' id='word_1_627' title='bbox 1459 4428 1586 4483; x_wconf 73' lang='lat' dir='ltr'><strong>istercurn</strong></span> <span class='ocrx_word' id='word_1_628' title='bbox 1596 4426 1657 4499; x_wconf 59' lang='lat' dir='ltr'><strong>delii</strong></span> 
     </span>
     <span class='ocr_line' id='line_1_48' title="bbox 120 4517 1657 4588; baseline -0.001 -17"><span class='ocrx_word' id='word_1_629' title='bbox 120 4518 229 4579; x_wconf 64' lang='lat' dir='ltr'><strong>trudas</strong></span> <span class='ocrx_word' id='word_1_630' title='bbox 240 4517 470 4588; x_wconf 85' lang='lat' dir='ltr'><strong>proahstinentia</strong></span> <span class='ocrx_word' id='word_1_631' title='bbox 479 4517 687 4588; x_wconf 79' lang='lat' dir='ltr'><strong>cormeqnimur,</strong></span> <span class='ocrx_word' id='word_1_632' title='bbox 699 4518 749 4573; x_wconf 85' lang='lat' dir='ltr'><strong>sed</strong></span> <span class='ocrx_word' id='word_1_633' title='bbox 763 4517 848 4577; x_wconf 86' lang='lat' dir='ltr'><strong>etiam</strong></span> <span class='ocrx_word' id='word_1_634' title='bbox 859 4534 923 4581; x_wconf 82' lang='lat' dir='ltr'><strong>rea-</strong></span> <span class='ocrx_word' id='word_1_635' title='bbox 965 4517 1108 4581; x_wconf 82' lang='lat' dir='ltr'><strong>licitudine</strong></span> <span class='ocrx_word' id='word_1_636' title='bbox 1118 4536 1124 4570; x_wconf 92' lang='lat'>:</span> <span class='ocrx_word' id='word_1_637' title='bbox 1135 4517 1280 4587; x_wconf 72' lang='lat' dir='ltr'><strong>adiuvabit</strong></span> <span class='ocrx_word' id='word_1_638' title='bbox 1288 4518 1520 4588; x_wconf 82' lang='lat' dir='ltr'><strong>auternlrequens</strong></span> <span class='ocrx_word' id='word_1_639' title='bbox 1535 4532 1636 4585; x_wconf 81' lang='lat' dir='ltr'><strong>eornm</strong></span> <span class='ocrx_word' id='word_1_640' title='bbox 1648 4533 1657 4587; x_wconf 76' lang='lat' dir='ltr'><strong>p</strong></span> 
     </span>
     <span class='ocr_line' id='line_1_49' title="bbox 121 4604 1657 4679; baseline 0.001 -20"><span class='ocrx_word' id='word_1_641' title='bbox 121 4612 182 4669; x_wconf 87' lang='lat' dir='ltr'><strong>turn</strong></span> <span class='ocrx_word' id='word_1_642' title='bbox 194 4607 348 4673; x_wconf 73' lang='lat' dir='ltr'><strong>maranum</strong></span> <span class='ocrx_word' id='word_1_643' title='bbox 363 4624 396 4663; x_wconf 85' lang='lat' dir='ltr'><strong>ac</strong></span> <span class='ocrx_word' id='word_1_644' title='bbox 407 4606 549 4676; x_wconf 86' lang='lat' dir='ltr'><strong>sacrilegii</strong></span> <span class='ocrx_word' id='word_1_645' title='bbox 563 4605 670 4665; x_wconf 84' lang='lat' dir='ltr'><strong>crimen</strong></span> <span class='ocrx_word' id='word_1_646' title='bbox 682 4606 838 4674; x_wconf 80' lang='lat' dir='ltr'><strong>secandum</strong></span> <span class='ocrx_word' id='word_1_647' title='bbox 847 4608 922 4678; x_wconf 79' lang='lat' dir='ltr'><strong>Apo·</strong></span> <span class='ocrx_word' id='word_1_648' title='bbox 963 4607 1003 4661; x_wconf 92' lang='lat' dir='ltr'><strong>tio</strong></span> <span class='ocrx_word' id='word_1_649' title='bbox 1017 4623 1073 4674; x_wconf 89' lang='lat' dir='ltr'><strong>non</strong></span> <span class='ocrx_word' id='word_1_650' title='bbox 1085 4607 1176 4667; x_wconf 87' lang='lat' dir='ltr'><strong>solum</strong></span> <span class='ocrx_word' id='word_1_651' title='bbox 1190 4623 1246 4665; x_wconf 80' lang='lat' dir='ltr'><strong>eos.</strong></span> <span class='ocrx_word' id='word_1_652' title='bbox 1263 4607 1312 4660; x_wconf 84' lang='lat' dir='ltr'><strong>sed</strong></span> <span class='ocrx_word' id='word_1_653' title='bbox 1327 4616 1356 4660; x_wconf 86' lang='lat' dir='ltr'><strong>et</strong></span> <span class='ocrx_word' id='word_1_654' title='bbox 1370 4610 1398 4659; x_wconf 92' lang='lat' dir='ltr'><strong>te</strong></span> <span class='ocrx_word' id='word_1_655' title='bbox 1412 4612 1441 4661; x_wconf 89' lang='lat' dir='ltr'><strong>et</strong></span> <span class='ocrx_word' id='word_1_656' title='bbox 1456 4605 1522 4677; x_wconf 86' lang='lat' dir='ltr'><strong>quia</strong></span> <span class='ocrx_word' id='word_1_657' title='bbox 1538 4604 1657 4679; x_wconf 72' lang='lat' dir='ltr'><strong>interiet</strong></span> 
     </span>
     <span class='ocr_line' id='line_1_50' title="bbox 120 4694 1657 4766; baseline -0.003 -15"><span class='ocrx_word' id='word_1_658' title='bbox 120 4695 224 4761; x_wconf 83' lang='lat' dir='ltr'><strong>stolam</strong></span> <span class='ocrx_word' id='word_1_659' title='bbox 239 4696 441 4757; x_wconf 78' lang='lat' dir='ltr'><strong>contrahimus,</strong></span> <span class='ocrx_word' id='word_1_660' title='bbox 457 4695 631 4755; x_wconf 82' lang='lat' dir='ltr'><strong>abstinentes</strong></span> <span class='ocrx_word' id='word_1_661' title='bbox 643 4712 662 4749; x_wconf 86' lang='lat' dir='ltr'><strong>a</strong></span> <span class='ocrx_word' id='word_1_662' title='bbox 676 4695 755 4761; x_wconf 80' lang='lat' dir='ltr'><strong>citis,</strong></span> <span class='ocrx_word' id='word_1_663' title='bbox 769 4712 839 4766; x_wconf 76' lang='lat' dir='ltr'><strong>qnos</strong></span> <span class='ocrx_word' id='word_1_664' title='bbox 849 4695 925 4754; x_wconf 85' lang='lat' dir='ltr'><strong>Deus</strong></span> <span class='ocrx_word' id='word_1_665' title='bbox 965 4695 995 4751; x_wconf 89' lang='lat' dir='ltr'><strong>in</strong></span> <span class='ocrx_word' id='word_1_666' title='bbox 1005 4695 1060 4751; x_wconf 88' lang='lat' dir='ltr'><strong>illis</strong></span> <span class='ocrx_word' id='word_1_667' title='bbox 1074 4694 1250 4763; x_wconf 83' lang='lat' dir='ltr'><strong>sermonihns</strong></span> <span class='ocrx_word' id='word_1_668' title='bbox 1266 4712 1335 4766; x_wconf 69' lang='lat' dir='ltr'><strong>epiros</strong></span> <span class='ocrx_word' id='word_1_669' title='bbox 1349 4695 1379 4749; x_wconf 93' lang='lat' dir='ltr'><strong>in</strong></span> <span class='ocrx_word' id='word_1_670' title='bbox 1394 4694 1622 4757; x_wconf 81' lang='lat' dir='ltr'><strong>dehortationem</strong></span> <span class='ocrx_word' id='word_1_671' title='bbox 1636 4710 1657 4765; x_wconf 70' lang='lat' dir='ltr'><strong>a</strong></span> 
     </span>
     <span class='ocr_line' id='line_1_51' title="bbox 122 4782 1651 4855; baseline 0 -19"><span class='ocrx_word' id='word_1_672' title='bbox 122 4782 227 4847; x_wconf 66' lang='lat' dir='ltr'><strong>creavit</strong></span> <span class='ocrx_word' id='word_1_673' title='bbox 241 4783 733 4855; x_wconf 79' lang='lat' dir='ltr'><strong>adpercipiendnmcnmgratiarum</strong></span> <span class='ocrx_word' id='word_1_674' title='bbox 743 4784 925 4847; x_wconf 79' lang='lat' dir='ltr'><strong>actionelide-</strong></span> <span class='ocrx_word' id='word_1_675' title='bbox 964 4784 1071 4845; x_wconf 87' lang='lat' dir='ltr'><strong>riorum</strong></span> <span class='ocrx_word' id='word_1_676' title='bbox 1080 4784 1192 4845; x_wconf 78' lang='lat' dir='ltr'><strong>lecerat,</strong></span> <span class='ocrx_word' id='word_1_677' title='bbox 1209 4784 1245 4838; x_wconf 85' lang='lat' dir='ltr'><strong>ad</strong></span> <span class='ocrx_word' id='word_1_678' title='bbox 1261 4783 1309 4847; x_wconf 84' lang='lat' dir='ltr'><strong>illa</strong></span> <span class='ocrx_word' id='word_1_679' title='bbox 1324 4784 1386 4855; x_wconf 83' lang='lat' dir='ltr'><strong>ipsa</strong></span> <span class='ocrx_word' id='word_1_680' title='bbox 1400 4783 1482 4847; x_wconf 80' lang='lat' dir='ltr'><strong>redit.</strong></span> <span class='ocrx_word' id='word_1_681' title='bbox 1494 4784 1571 4845; x_wconf 83' lang='lat' dir='ltr'><strong>Bene</strong></span> <span class='ocrx_word' id='word_1_682' title='bbox 1583 4798 1651 4851; x_wconf 80' lang='lat' dir='ltr'><strong>repo</strong></span> 
     </span>
     <span class='ocr_line' id='line_1_52' title="bbox 121 4870 1657 4943; baseline 0.001 -18"><span class='ocrx_word' id='word_1_683' title='bbox 121 4870 203 4937; x_wconf 84' lang='lat' dir='ltr'><strong>libas,</strong></span> <span class='ocrx_word' id='word_1_684' title='bbox 214 4871 295 4927; x_wconf 88' lang='lat' dir='ltr'><strong>ethis</strong></span> <span class='ocrx_word' id='word_1_685' title='bbox 306 4873 354 4943; x_wconf 89' lang='lat' dir='ltr'><strong>qni</strong></span> <span class='ocrx_word' id='word_1_686' title='bbox 363 4880 555 4943; x_wconf 74' lang='lat' dir='ltr'><strong>cognorerunt</strong></span> <span class='ocrx_word' id='word_1_687' title='bbox 563 4873 711 4929; x_wconf 73' lang='lat' dir='ltr'><strong>ceritatem</strong></span> <span class='ocrx_word' id='word_1_688' title='bbox 731 4872 820 4943; x_wconf 72' lang='lat' dir='ltr'><strong>&lt;puna</strong></span> <span class='ocrx_word' id='word_1_689' title='bbox 831 4873 923 4935; x_wconf 75' lang='lat' dir='ltr'><strong>ornias</strong></span> <span class='ocrx_word' id='word_1_690' title='bbox 964 4873 1101 4931; x_wconf 85' lang='lat' dir='ltr'><strong>tationem</strong></span> <span class='ocrx_word' id='word_1_691' title='bbox 1114 4872 1229 4943; x_wconf 85' lang='lat' dir='ltr'><strong>pietatis</strong></span> <span class='ocrx_word' id='word_1_692' title='bbox 1252 4873 1428 4943; x_wconf 81' lang='lat' dir='ltr'><strong>diligentiam</strong></span> <span class='ocrx_word' id='word_1_693' title='bbox 1449 4872 1520 4943; x_wconf 63' lang='lat' dir='ltr'><strong>dixit</strong></span> <span class='ocrx_word' id='word_1_694' title='bbox 1537 4887 1599 4927; x_wconf 83' lang='lat' dir='ltr'><strong>esse</strong></span> <span class='ocrx_word' id='word_1_695' title='bbox 1618 4870 1657 4939; x_wconf 69' lang='lat' dir='ltr'><strong>pio</strong></span> 
     </span>
     <span class='ocr_line' id='line_1_53' title="bbox 121 4959 1650 5034; baseline -0.001 -19"><span class='ocrx_word' id='word_1_696' title='bbox 121 4961 317 5029; x_wconf 80' lang='lat' dir='ltr'><strong>creaturallei</strong></span> <span class='ocrx_word' id='word_1_697' title='bbox 332 4961 447 5021; x_wconf 85' lang='lat' dir='ltr'><strong>bonnet</strong></span> <span class='ocrx_word' id='word_1_698' title='bbox 461 4962 531 5017; x_wconf 90' lang='lat' dir='ltr'><strong>nihil</strong></span> <span class='ocrx_word' id='word_1_699' title='bbox 548 4962 742 5033; x_wconf 78' lang='lat' dir='ltr'><strong>rejiciendam,</strong></span> <span class='ocrx_word' id='word_1_700' title='bbox 762 4962 837 5032; x_wconf 88' lang='lat' dir='ltr'><strong>qaod</strong></span> <span class='ocrx_word' id='word_1_701' title='bbox 860 4979 923 5017; x_wconf 87' lang='lat' dir='ltr'><strong>carn</strong></span> <span class='ocrx_word' id='word_1_702' title='bbox 965 4980 1021 5034; x_wconf 86' lang='lat' dir='ltr'><strong>qna</strong></span> <span class='ocrx_word' id='word_1_703' title='bbox 1030 4962 1100 5017; x_wconf 84' lang='lat' dir='ltr'><strong>ahos</strong></span> <span class='ocrx_word' id='word_1_704' title='bbox 1110 4962 1151 5016; x_wconf 83' lang='lat' dir='ltr'><strong>ita</strong></span> <span class='ocrx_word' id='word_1_705' title='bbox 1160 4961 1300 5017; x_wconf 85' lang='lat' dir='ltr'><strong>instruere</strong></span> <span class='ocrx_word' id='word_1_706' title='bbox 1308 4962 1486 5032; x_wconf 76' lang='lat' dir='ltr'><strong>deproperat,</strong></span> <span class='ocrx_word' id='word_1_707' title='bbox 1503 4961 1543 5015; x_wconf 85' lang='lat' dir='ltr'><strong>ita</strong></span> <span class='ocrx_word' id='word_1_708' title='bbox 1559 4966 1592 5025; x_wconf 87' lang='lat' dir='ltr'><strong>at</strong></span> <span class='ocrx_word' id='word_1_709' title='bbox 1610 4959 1650 5021; x_wconf 84' lang='lat' dir='ltr'><strong>sit</strong></span> 
     </span>
     <span class='ocr_line' id='line_1_54' title="bbox 120 5049 1653 5123; baseline -0.003 -16"><span class='ocrx_word' id='word_1_710' title='bbox 120 5050 279 5121; x_wconf 77' lang='lat' dir='ltr'><strong>gratiarnm</strong></span> <span class='ocrx_word' id='word_1_711' title='bbox 293 5051 403 5117; x_wconf 77' lang='lat' dir='ltr'><strong>achorm</strong></span> <span class='ocrx_word' id='word_1_712' title='bbox 414 5051 601 5122; x_wconf 73' lang='lat' dir='ltr'><strong>percipitur·</strong></span> <span class='ocrx_word' id='word_1_713' title='bbox 615 5051 669 5115; x_wconf 79' lang='lat' dir='ltr'><strong>Qui</strong></span> <span class='ocrx_word' id='word_1_714' title='bbox 680 5050 754 5105; x_wconf 91' lang='lat' dir='ltr'><strong>enim</strong></span> <span class='ocrx_word' id='word_1_715' title='bbox 762 5056 844 5121; x_wconf 81' lang='lat' dir='ltr'><strong>putat</strong></span> <span class='ocrx_word' id='word_1_716' title='bbox 853 5051 921 5121; x_wconf 79' lang='lat' dir='ltr'><strong>qnid</strong></span> <span class='ocrx_word' id='word_1_717' title='bbox 961 5051 1192 5123; x_wconf 82' lang='lat' dir='ltr'><strong>mtiopietatisei,</strong></span> <span class='ocrx_word' id='word_1_718' title='bbox 1205 5051 1253 5120; x_wconf 82' lang='lat' dir='ltr'><strong>qui</strong></span> <span class='ocrx_word' id='word_1_719' title='bbox 1263 5049 1653 5121; x_wconf 77' lang='lat' dir='ltr'><strong>piemtisexsequituropera3</strong></span> 
     </span>
     <span class='ocr_line' id='line_1_55' title="bbox 120 5137 1657 5209; baseline -0.001 -16"><span class='ocrx_word' id='word_1_720' title='bbox 120 5157 346 5205; x_wconf 70' lang='lat' dir='ltr'><strong>ceremonensem,</strong></span> <span class='ocrx_word' id='word_1_721' title='bbox 356 5140 556 5197; x_wconf 87' lang='lat' dir='ltr'><strong>illicommune</strong></span> <span class='ocrx_word' id='word_1_722' title='bbox 566 5145 619 5206; x_wconf 79' lang='lat' dir='ltr'><strong>eat,</strong></span> <span class='ocrx_word' id='word_1_723' title='bbox 629 5139 767 5199; x_wconf 89' lang='lat' dir='ltr'><strong>etidcirco</strong></span> <span class='ocrx_word' id='word_1_724' title='bbox 779 5139 814 5193; x_wconf 93' lang='lat' dir='ltr'><strong>oh</strong></span> <span class='ocrx_word' id='word_1_725' title='bbox 832 5141 920 5197; x_wconf 89' lang='lat' dir='ltr'><strong>solam</strong></span> <span class='ocrx_word' id='word_1_726' title='bbox 961 5142 1097 5205; x_wconf 76' lang='lat' dir='ltr'><strong>terionem</strong></span> <span class='ocrx_word' id='word_1_727' title='bbox 1108 5157 1172 5194; x_wconf 79' lang='lat' dir='ltr'><strong>vero</strong></span> <span class='ocrx_word' id='word_1_728' title='bbox 1181 5140 1258 5206; x_wconf 88' lang='lat' dir='ltr'><strong>dicit,</strong></span> <span class='ocrx_word' id='word_1_729' title='bbox 1268 5139 1377 5195; x_wconf 88' lang='lat' dir='ltr'><strong>utalios</strong></span> <span class='ocrx_word' id='word_1_730' title='bbox 1388 5156 1452 5195; x_wconf 84' lang='lat' dir='ltr'><strong>curn</strong></span> <span class='ocrx_word' id='word_1_731' title='bbox 1463 5137 1539 5193; x_wconf 86' lang='lat' dir='ltr'><strong>orani</strong></span> <span class='ocrx_word' id='word_1_732' title='bbox 1550 5137 1657 5209; x_wconf 76' lang='lat' dir='ltr'><strong>diligen</strong></span> 
     </span>
     <span class='ocr_line' id='line_1_56' title="bbox 118 5226 1652 5301; baseline -0.003 -16"><span class='ocrx_word' id='word_1_733' title='bbox 118 5230 326 5301; x_wconf 80' lang='lat' dir='ltr'><strong>perceptionem</strong></span> <span class='ocrx_word' id='word_1_734' title='bbox 336 5246 405 5283; x_wconf 83' lang='lat' dir='ltr'><strong>esce</strong></span> <span class='ocrx_word' id='word_1_735' title='bbox 416 5229 682 5299; x_wconf 81' lang='lat' dir='ltr'><strong>nerninemlegimus</strong></span> <span class='ocrx_word' id='word_1_736' title='bbox 690 5228 916 5295; x_wconf 85' lang='lat' dir='ltr'><strong>condemnatam,</strong></span> <span class='ocrx_word' id='word_1_737' title='bbox 960 5230 1091 5285; x_wconf 85' lang='lat' dir='ltr'><strong>instruat.</strong></span> <span class='ocrx_word' id='word_1_738' title='bbox 1108 5230 1249 5299; x_wconf 85' lang='lat' dir='ltr'><strong>Frequens</strong></span> <span class='ocrx_word' id='word_1_739' title='bbox 1264 5234 1358 5283; x_wconf 85' lang='lat' dir='ltr'><strong>antem</strong></span> <span class='ocrx_word' id='word_1_740' title='bbox 1374 5227 1518 5283; x_wconf 86' lang='lat' dir='ltr'><strong>meditatio</strong></span> <span class='ocrx_word' id='word_1_741' title='bbox 1533 5226 1652 5298; x_wconf 81' lang='lat' dir='ltr'><strong>pietatis</strong></span> 
     </span>
     <span class='ocr_line' id='line_1_57' title="bbox 120 5302 1657 5389; baseline -0.003 -19"><span class='ocrx_word' id='word_1_742' title='bbox 120 5317 558 5389; x_wconf 87' lang='lat' dir='ltr'><strong>nisisortejunctumquidt&#39;nerit,</strong></span> <span class='ocrx_word' id='word_1_743' title='bbox 569 5318 609 5371; x_wconf 85' lang='lat' dir='ltr'><strong>rel</strong></span> <span class='ocrx_word' id='word_1_744' title='bbox 621 5316 916 5387; x_wconf 66' lang='lat' dir='ltr'><strong>1›osteasnbserutom.</strong></span> <span class='ocrx_word' id='word_1_745' title='bbox 960 5318 1032 5371; x_wconf 91' lang='lat' dir='ltr'><strong>solet</strong></span> <span class='ocrx_word' id='word_1_746' title='bbox 1041 5317 1173 5383; x_wconf 62' lang='lat' dir='ltr'><strong>exerceri,</strong></span> <span class='ocrx_word' id='word_1_747' title='bbox 1181 5316 1347 5387; x_wconf 87' lang='lat' dir='ltr'><strong>etqueniam</strong></span> <span class='ocrx_word' id='word_1_748' title='bbox 1357 5315 1585 5375; x_wconf 76' lang='lat' dir='ltr'><strong>exercinrtionem</strong></span> <span class='ocrx_word' id='word_1_749' title='bbox 1596 5302 1657 5381; x_wconf 69' lang='lat' dir='ltr'><strong>illan</strong></span> 
     </span>
     <span class='ocr_line' id='line_1_58' title="bbox 120 5402 1656 5477; baseline -0.002 -17"><span class='ocrx_word' id='word_1_750' title='bbox 120 5407 252 5476; x_wconf 83' lang='lat' dir='ltr'><strong>perqpod</strong></span> <span class='ocrx_word' id='word_1_751' title='bbox 262 5408 398 5465; x_wconf 80' lang='lat' dir='ltr'><strong>inaruerit</strong></span> <span class='ocrx_word' id='word_1_752' title='bbox 408 5406 598 5471; x_wconf 83' lang='lat' dir='ltr'><strong>condemnari.</strong></span> <span class='ocrx_word' id='word_1_753' title='bbox 612 5407 730 5476; x_wconf 70' lang='lat' dir='ltr'><strong>platin.)</strong></span> <span class='ocrx_word' id='word_1_754' title='bbox 744 5407 855 5477; x_wconf 77' lang='lat' dir='ltr'><strong>Adiecit</strong></span> <span class='ocrx_word' id='word_1_755' title='bbox 867 5423 918 5462; x_wconf 90' lang='lat' dir='ltr'><strong>au·</strong></span> <span class='ocrx_word' id='word_1_756' title='bbox 960 5407 995 5461; x_wconf 83' lang='lat' dir='ltr'><strong>ad</strong></span> <span class='ocrx_word' id='word_1_757' title='bbox 1005 5407 1179 5476; x_wconf 83' lang='lat' dir='ltr'><strong>corporalem</strong></span> <span class='ocrx_word' id='word_1_758' title='bbox 1189 5422 1308 5475; x_wconf 77' lang='lat' dir='ltr'><strong>egeriem</strong></span> <span class='ocrx_word' id='word_1_759' title='bbox 1323 5406 1393 5459; x_wconf 85' lang='lat' dir='ltr'><strong>dixit</strong></span> <span class='ocrx_word' id='word_1_760' title='bbox 1408 5423 1441 5459; x_wconf 85' lang='lat' dir='ltr'><strong>ex</strong></span> <span class='ocrx_word' id='word_1_761' title='bbox 1460 5402 1656 5475; x_wconf 70' lang='lat' dir='ltr'><strong>comparationi</strong></span> 
     </span>
     <span class='ocr_line' id='line_1_59' title="bbox 120 5494 1657 5579; baseline 0.001 -32"><span class='ocrx_word' id='word_1_762' title='bbox 120 5498 178 5567; x_wconf 77' lang='lat' dir='ltr'><strong>terp</strong></span> <span class='ocrx_word' id='word_1_763' title='bbox 192 5494 296 5551; x_wconf 75' lang='lat' dir='ltr'><strong>terum</strong></span> <span class='ocrx_word' id='word_1_764' title='bbox 305 5504 335 5551; x_wconf 89' lang='lat' dir='ltr'><strong>ot</strong></span> <span class='ocrx_word' id='word_1_765' title='bbox 344 5497 469 5562; x_wconf 86' lang='lat' dir='ltr'><strong>amdam,</strong></span> <span class='ocrx_word' id='word_1_766' title='bbox 478 5496 724 5567; x_wconf 83' lang='lat' dir='ltr'><strong>secondomqaom</strong></span> <span class='ocrx_word' id='word_1_767' title='bbox 735 5501 846 5579; x_wconf 87' lang='lat' dir='ltr'><strong>oportet</strong></span> <span class='ocrx_word' id='word_1_768' title='bbox 860 5512 920 5550; x_wconf 86' lang='lat' dir='ltr'><strong>eos-</strong></span> <span class='ocrx_word' id='word_1_769' title='bbox 960 5495 1166 5563; x_wconf 82' lang='lat' dir='ltr'><strong>ostenditillins</strong></span> <span class='ocrx_word' id='word_1_770' title='bbox 1176 5495 1374 5562; x_wconf 78' lang='lat' dir='ltr'><strong>differentiam,</strong></span> <span class='ocrx_word' id='word_1_771' title='bbox 1383 5502 1413 5549; x_wconf 89' lang='lat' dir='ltr'><strong>et</strong></span> <span class='ocrx_word' id='word_1_772' title='bbox 1420 5495 1461 5561; x_wconf 82' lang='lat' dir='ltr'><strong>ait</strong></span> <span class='ocrx_word' id='word_1_773' title='bbox 1472 5513 1478 5546; x_wconf 92' lang='lat'>:</span> <span class='ocrx_word' id='word_1_774' title='bbox 1491 5514 1502 5543; x_wconf 83' lang='grc' dir='ltr'>ι</span> <span class='ocrx_word' id='word_1_775' title='bbox 1519 5494 1592 5557; x_wconf 74' lang='lat' dir='ltr'><strong>aar</strong></span> <span class='ocrx_word' id='word_1_776' title='bbox 1606 5508 1657 5555; x_wconf 81' lang='lat' dir='ltr'><strong>cor</strong></span> 
     </span>
     <span class='ocr_line' id='line_1_60' title="bbox 119 5580 1657 5657; baseline 0.001 -6"><span class='ocrx_word' id='word_1_777' title='bbox 119 5580 796 5656; x_wconf 60' lang='lat' dir='ltr'><strong>mmmmm-rammamnm</strong></span> <span class='ocrx_word' id='word_1_778' title='bbox 807 5584 919 5657; x_wconf 72' lang='lat' dir='ltr'><strong>amec</strong></span> <span class='ocrx_word' id='word_1_779' title='bbox 959 5581 1657 5657; x_wconf 68' lang='lat' dir='ltr'><strong>eremmanoacamaimmremm</strong></span> 
     </span>
    </p>
   </div>
   <div class='ocr_carea' id='block_1_3' title="bbox 0 0 1898 6128">
    <p class='ocr_par' dir='ltr' id='par_1_7' title="bbox 0 0 1898 6128">
     <span class='ocr_line' id='line_1_61' title="bbox 0 0 1898 6128; baseline 0 2"><span class='ocrx_word' id='word_1_780' title='bbox 0 0 1898 6128; x_wconf 95' lang='lat' dir='ltr'><strong> </strong></span> 
     </span>
    </p>
   </div>
  </div>
 </body>
</html>
