3772 6120
121 261 188 319 tun
765 257 990 315 herinando
1010 258 1119 312 DEUM.
1692 265 1759 323 req-2

119 401 210 457 quam
231 384 353 439 finitur?
376 384 454 437 Tunc
472 382 587 453 maligni
612 384 736 455 spiritus⁴
762 383 952 454 egredienteA
966 385 1101 439 veraciter
1116 386 1245 441 fatemur.
1258 386 1323 456 quie
1335 387 1462 459 princeps
1474 390 1557 459 hujus
1568 390 1666 444 mundi
1677 391 1762 446 habet

115 472 923 543 anima,suaoperarequimnt,tunciualaquaesuaserunt
963 474 991 526 in
1008 474 1089 527 nobis
1104 475 1201 527 multa.
1219 474 1273 528 Sed
1288 484 1383 529 tamen
1399 478 1496 530 mortis
1512 483 1613 534 nostroe
1634 487 1760 553 tempore

115 562 273 633 replicant,
289 569 321 616 ut
335 561 439 614 sociam
454 560 489 613 ad
505 567 647 616 tormenta
663 562 785 615 trahunt.
805 562 859 615 Sed
873 578 923 615 cur
960 563 1020 632 jam
1032 579 1082 616 uos
1094 579 1193 633 rapere
1209 579 1263 616 non
1280 564 1361 623 valet,
1379 565 1445 637 quia
1458 567 1518 635 ejus
1531 567 1761 625 mernbresumus

116 651 175 705 hoc
187 651 222 706 de
231 666 362 722 perversa
371 650 546 704 solummodo
560 651 655 703 anima
670 650 799 715 dicimus,
812 667 875 703 cum
886 649 921 703 ad
964 650 992 704 in
1008 667 1063 723 quo
1073 667 1128 721 non
1145 650 1228 704 haliet
1236 652 1401 723 quidquam.
1417 654 1470 707 Sed
1483 654 1549 724 quid
1565 657 1761 727 prodestquod

118 738 229 795 eleetos
244 755 370 811 quosque
380 738 555 808 egredientes
568 738 688 805 veniant,
699 745 728 792 et
738 739 856 792 suumin
867 738 922 793 illis
964 739 1056 794 eidem
1068 739 1238 812 redemptori
1247 746 1342 794 nostro
1354 759 1405 812 per
1417 743 1501 796 sidem
1509 745 1670 814 jungimur:
1688 746 1711 801 si
1726 747 1762 801 ab

120 828 148 883 si
158 827 442 900 praeraleantaliquid
453 827 607 897 requirant.
621 828 780 882 Unusenim
790 828 819 881 in
831 826 922 881 omni·
964 844 997 881 eo
1012 826 1136 882 moribus
1146 829 1360 899 disjungamur?
1373 832 1436 901 lpse
1451 834 1557 886 etenim
1571 833 1656 889 dicit:
1673 835 1760 890 «Non

119 916 176 972 bus
193 917 308 979 exstitit,
323 917 371 987 qui
387 921 451 970 ante
467 916 626 987 passionem
651 932 731 969 suam
747 915 836 969 libera
857 932 923 969 voce
965 917 1040 971 enim
1056 917 1103 987 qui
1116 917 1184 971 dicit
1196 917 1263 971 mihi
1276 918 1304 971 in
1319 919 1430 979 iliadie,
1444 921 1572 985 Domine,
1586 922 1713 989 Domine,
1722 924 1764 978 in·

120 1006 209 1063 dixit:
224 1025 236 1057 u
250 1007 312 1060 Jam
326 1022 381 1059 non
391 1003 746 1081 multaloquarvobiscuml.
755 1005 839 1058 Venit
848 1005 923 1060 euim
965 1005 1052 1060 trabit
1066 1005 1095 1059 in
1109 1023 1226 1076 regnum
1237 1008 1371 1061 coelorum
1390 1010 1497 1075 (natm
1511 1027 1556 1071 ru,
1573 1010 1626 1080 ¹21).
1645 1031 1656 1063 ι
1675 1013 1761 1067 Recta

120 1095 257 1171 princeps
267 1094 364 1148 mundi
374 1094 468 1164 huJ'us,
476 1099 505 1147 et
519 1093 547 1147 in
558 1110 664 1147 menon
675 1092 760 1147 habet
769 1093 924 1164 quidquam
966 1111 1032 1164 ergo
1048 1111 1133 1167 opera
1142 1095 1206 1148 fidei
1218 1102 1298 1149 rectae
1309 1098 1455 1168 jungenda
1464 1106 1539 1153 sunt.
1548 1100 1689 1177 Maiaquae
1701 1101 1765 1156 feci-

122 1184 218 1254 (Joaa.
235 1200 291 1247 xiv,
304 1181 360 1254 30).
379 1206 391 1233 s
409 1182 482 1247 Quia
495 1182 570 1236 enim
586 1183 660 1236 hunc
673 1183 821 1237 mortalem
837 1181 925 1235 homi-
966 1199 1028 1237 mus
1042 1199 1093 1254 per
1106 1183 1267 1254 quotidiana
1284 1185 1408 1239 lainenta
1421 1187 1585 1253 defleamus,
1608 1194 1764 1245 transactas

121 1290 190 1329 nem
207 1273 284 1333 vidit,
301 1289 384 1327 suum
400 1271 428 1325 in
443 1271 490 1325 ilio
508 1271 604 1325 mundi
621 1271 750 1342 princeps
763 1270 869 1343 aliquid
884 1271 926 1324 in·
967 1279 1078 1326 uestras
1088 1272 1529 1343 nequitiessurgentiueiramore
1542 1277 1590 1330 Dei
1602 1284 1631 1331 et
1644 1280 1763 1350 proximi

122 1362 222 1416 venire
236 1378 318 1434 posse
332 1378 361 1414 se
384 1360 511 1414 credidit.
537 1361 591 1415 Sed
613 1361 673 1414 sine
694 1361 751 1414 ullo
773 1368 886 1431 peccato
909 1376 925 1413 a
968 1366 1044 1414 recte
1057 1376 1144 1430 opera
1156 1365 1299 1430 superent,
1311 1362 1458 1432 nullaque·
1473 1380 1620 1434 possumus
1631 1365 1764 1422 fratribus

124 1449 226 1505 mundi
242 1450 420 1521 corruptione
436 1449 512 1515 exiit,
524 1449 572 1520 qui
585 1449 645 1502 sine
658 1456 771 1522 peccato
793 1449 821 1502 in
842 1465 925 1502 mun-
968 1449 1130 1519 impendere
1144 1448 1218 1502 bona
1232 1466 1402 1503 recusemus.
1424 1438 1522 1522 Neque
1536 1453 1611 1507 enim
1624 1455 1706 1509 aliter
1720 1474 1765 1510 re-

125 1538 195 1593 dum
211 1538 364 1593 renitlioc
379 1539 413 1591 dc
428 1555 458 1591 se
472 1538 679 1592 contramundi
701 1538 854 1608 principem
876 1554 926 1591 nec
968 1538 1122 1608 demptoris
1138 1537 1227 1591 nostri
1242 1536 1367 1592 membre
1382 1539 1528 1606 efficimur,
1541 1541 1593 1595 nisi
1605 1543 1766 1599 inhaerendo
1805 1560 1810 1565 ·

125 1626 327 1682 Pctrusdicerc
336 1626 522 1697 presumpsit,
531 1626 578 1696 qui
589 1626 686 1680 audire
693 1626 808 1680 meruit:
822 1647 831 1673 ι
844 1627 926 1689 Quie-
969 1628 1037 1687 Deo,
1054 1632 1082 1679 et
1096 1626 1292 1697 compatiendo
1308 1627 1443 1697 proximo.
1462 1629 1511 1682 ilie
1526 1629 1659 1687 nimirum
1684 1638 1766 1703 aptus

125 1733 238 1786 cunque
252 1716 382 1786 ligaveris
397 1732 482 1786 super
500 1721 615 1780 terrem,
633 1715 717 1785 ligata
741 1721 824 1769 erunt
846 1721 874 1769 et
898 1715 927 1769 in
937 1700 959 1760 Β
970 1722 1011 1769 est
1028 1732 1113 1785 regno
1126 1715 1270 1783 coelorum,
1283 1715 1329 1785 qui
1345 1715 1523 1771 dilectionem
1533 1718 1582 1772 Dei
1599 1719 1628 1773 in
1643 1721 1770 1775 custodia

118 1805 219 1859 'eoelis:
242 1814 270 1858 et
287 1804 473 1876 quodeunque
488 1804 603 1857 solveris
628 1821 712 1875 super
734 1810 849 1868 terram,
874 1803 928 1858 erit
972 1804 1169 1858 meditatorum
1185 1805 1246 1873 ejus
1260 1810 1326 1857 ante
1340 1805 1436 1858 omnia
1451 1822 1539 1877 usque
1559 1808 1691 1862 adfinem
1707 1809 1769 1865 ritae

126 1894 254 1949 solutum
269 1898 298 1947 ct
313 1893 340 1946 in
357 1893 433 1946 coelis
443 1893 551 1961 (netto.
563 1909 614 1957 xri,
634 1891 708 1961 19).»
724 1892 782 1946 Hoc
797 1909 848 1945 nec
858 1892 928 1946 Pau·
972 1893 1075 1947 habere
1090 1893 1202 1962 satagit,
1214 1892 1430 1947 etditectionem
1442 1895 1571 1963 proximi,
1584 1896 1610 1948 in
1623 1898 1771 1952 necessita-

125 1981 464 2054 iusdicerepraesumpsit,
474 1982 522 2052 qui
528 1980 926 2053 priusquammortisdebitum
970 1981 1045 2035 tibus
1058 1983 1120 2050 ejus
1135 1988 1272 2052 quantum
1288 1981 1419 2051 prevalet
1428 1984 1607 2043 consulendo,
1625 1986 1772 2042 niauiseste

123 2073 256 2136 solreret,
275 2071 311 2125 ad
332 2070 393 2124 cudi
414 2069 490 2123 tertii
507 2075 615 2124 secreta
637 2069 777 2140 persenit,
803 2069 856 2123 hoc
877 2085 928 2122 nec
971 2087 1021 2143 per
1035 2088 1120 2142 opera
1131 2069 1261 2124 ostendit.
1280 2070 1345 2124 llaec
1361 2087 1426 2139 ergo
1437 2071 1646 2126 considerantes
1666 2073 1770 2129 bonum

124 2160 251 2218 loannes
267 2159 359 2214 dicere
374 2176 458 2213 ausus
473 2165 525 2219 est,
542 2158 589 2231 qui
612 2176 663 2229 pro
677 2174 774 2211 amore
789 2158 928 2230 praecipuo
971 2166 1114 2214 certamen
1131 2165 1281 2221 certemus,
1298 2159 1771 2229 cursumugonisnostriconsum-
1809 2184 1812 2189 ·

123 2248 155 2304 in
169 2249 359 2321 redemptoris
374 2248 415 2302 sui
438 2254 550 2319 pectore
566 2247 593 2300 in
609 2263 688 2301 crena
701 2246 838 2301 recubuit.
856 2247 928 2301 Nam
971 2266 1049 2303 mare
1068 2249 1243 2311 studeamus,
1271 2248 1353 2300 tidem
1376 2265 1486 2301 serrare
1509 2266 1648 2304 curemus.
1672 2252 1773 2307 Nullus

124 2354 192 2393 cum
208 2338 350 2409 Propheta
361 2337 444 2391 dicat:
464 2355 476 2386 c
495 2336 562 2390 Ecce
586 2335 705 2390 enimin
733 2334 928 2406 iniquitatibus
973 2336 1771 2410 nostrumdejustitiusuapraesumat:sedcaquaeretro

125 2432 280 2501 conceptus
292 2443 366 2491 sum,
375 2432 404 2480 et
417 2427 446 2480 in
456 2425 565 2479 delictis
575 2425 684 2496 peperit
698 2441 744 2477 me
759 2430 849 2478 mater
865 2440 929 2478 mea
974 2433 1039 2482 sunt
1048 2425 1213 2481 obliviscens
1222 2425 1250 2478 in
1261 2425 1403 2480 anteriora
1417 2442 1448 2479 sc
1457 2443 1568 2497 semper
1581 2428 1720 2493 extendat,
1732 2447 1774 2483 se·

127 2519 212 2585 (Psoi.
230 2532 256 2583 L,
268 2518 305 2580 ἲ),
319 2516 406 2570 asine
421 2515 504 2584 culpa
514 2514 542 2567 in
560 2513 665 2568 mundo
681 2529 742 2567 esse
757 2529 813 2567 non
825 2513 928 2584 potuit,
975 2533 1064 2587 quens
1082 2531 1210 2586 supernae
1229 2513 1381 2567 vocationis
1408 2515 1565 2584 praemium,
1591 2517 1774 2588 quoadusque

126 2605 212 2679 quiin
232 2605 372 2659 mundum
385 2621 448 2657 cum
459 2603 541 2674 culpa
552 2603 637 2656 seuit.
648 2601 932 2672 Hincnamqueidem
975 2605 1043 2659 iliud
1061 2609 1257 2674 consequatur.
1270 2604 1359 2656 Nemo
1374 2619 1440 2671 ergo
1454 2603 1506 2656 scit
1521 2603 1587 2674 quid
1600 2605 1675 2660 dese
1687 2605 1716 2658 in
1731 2623 1774 2660 oc-

125 2692 271 2767 Propheta
281 2694 335 2748 ait:
351 2712 364 2743 <‹
377 2694 440 2747 Non
450 2692 525 2746 enim
530 2691 733 2762 justificabitur
746 2690 774 2744 in
783 2696 933 2762 conspectu
976 2693 1057 2748 cultis
1070 2693 1120 2747 Dei
1132 2692 1245 2762 judiciis
1257 2691 1359 2761 agitur,
1377 2692 1444 2761 quia
1464 2692 1545 2745 multi
1568 2693 1665 2750 vocati.
1694 2695 1775 2764 pauci

126 2788 176 2839 tuo
190 2783 284 2837 omnis
307 2783 401 2836 vivens
418 2784 499 2851 (Psal.
516 2797 597 2842 erun,
613 2780 651 2841 ²2).
670 2800 681 2830 ι
708 2779 780 2833 Hinc
802 2779 934 2834 Salomon
976 2799 1041 2835 vero
1056 2781 1146 2836 eiecti.
1164 2781 1237 2844 Quia
1255 2780 1341 2852 igitur
1355 2781 1424 2834 nulii
1445 2781 1479 2834 de
1494 2798 1524 2835 se
1539 2787 1646 2836 eertum
1662 2790 1704 2836 est
1719 2783 1776 2837 eie·

127 2872 185 2927 ait:
207 2892 219 2923 ι
236 2873 300 2927 Non
316 2871 456 2926 esthemo
472 2870 502 2924 in
517 2877 594 2924 terra
607 2869 655 2940 qui
670 2868 754 2922 saciat
774 2868 879 2922 bonum
905 2873 934 2921 et
977 2878 1052 2925 ctum
1067 2887 1096 2923 se
1112 2886 1182 2933 esse,
1199 2876 1287 2923 restet
1301 2875 1331 2924 ut
1353 2885 1450 2923 omnes
1463 2869 1614 2941 trepident.
1628 2887 1726 2925 omnes
1742 2872 1776 2926 de

128 2976 184 3017 non
196 2968 332 3032 peccet.»
355 2960 426 3014 Hinc
439 2960 561 3014 ioannes
581 2958 665 3012 dicit:
697 2976 709 3009 u
726 2957 755 3011 Si
778 2955 931 3009 dixerimus
953 2976 1026 3040 xsua
1039 2958 1147 3012 actione
1161 2958 1322 3023 formident,
1338 2974 1435 3013 omnes
1449 2959 1550 3012 insola
1573 2959 1667 3014 divina
1690 2960 1774 3014 mise-

129 3049 196 3120 quia
206 3056 418 3120 peceatumnon
432 3046 577 3112 habemus,
593 3046 646 3118 ipsi
656 3063 706 3100 nos
725 3045 886 3100 seducimus
901 3018 962 3098 etc
980 3047 1103 3103 riccrdia
1118 3047 1270 3115 gaudeant,
1296 3046 1390 3099 nullus
1408 3046 1442 3100 de
1466 3047 1524 3100 suis
1550 3047 1653 3101 viribus
1673 3065 1781 3121 praesu-

131 3138 278 3193 veritasin
297 3137 377 3192 nobis
397 3153 453 3191 non
474 3142 517 3190 est
539 3138 632 3206 (locri.
659 3152 677 3201 i,
704 3135 741 3201 8).
760 3154 772 3186 u
795 3133 867 3187 Hine
891 3133 938 3187 Ja·
982 3141 1050 3190 mat.
1065 3136 1114 3190 Est
1128 3135 1175 3205 qui
1191 3134 1317 3206 perficiat
1341 3135 1472 3189 tiduciam
1493 3143 1633 3190 nostrum:
1659 3136 1707 3191 ille
1722 3139 1776 3192 sci-

132 3225 223 3280 eobus
234 3228 291 3281 ait:
310 3245 323 3278 e
339 3226 371 3280 ln
385 3225 481 3279 multis
493 3225 568 3279 enim
579 3223 746 3278 offendimus
761 3239 857 3277 omnes
868 3225 936 3284 (lac.
982 3227 1047 3280 licet
1060 3225 1108 3296 qui
1119 3224 1149 3278 in
1164 3241 1194 3277 se
1207 3224 1340 3294 dignatus
1353 3231 1396 3277 est
1409 3241 1552 3279 assumere
1576 3231 1705 3281 naturam
1725 3244 1776 3282 no-

132 3331 168 3379 ω,
181 3315 221 3385 ἳ).
240 3338 253 3367 a
279 3316 396 3370 Constat
411 3314 486 3368 enim
507 3329 558 3367 nec
583 3329 686 3383 negare
709 3329 868 3383 possumus,
891 3311 938 3365 sed
982 3316 1079 3365 stram.

350 3708 674 3805 BEATI
718 3704 1144 3806 RABANI
1192 3701 1558 3800 MAURI

467 3915 666 3970 FULDENSIS
686 3914 838 3969 ABBATIS
858 3913 902 3968 Er
921 3911 1130 3968 MOGUNTINI
1148 3910 1437 3980 Ancfllnplscopl,

185 4089 239 4218 u
277 4090 463 4221 irritet
500 4090 633 4234 titt,
674 4089 726 4218 tt
766 4088 975 4219 ritum
1012 4084 1162 4219 titiis
1200 4088 1252 4216 u
1290 4087 1406 4216 tort
1443 4086 1718 4217 ittuntur

780 4435 782 4438 ,
826 4354 953 4425 LIBRI
978 4355 1105 4439 Titus,

738 4513 785 4566 no
806 4513 978 4567 aesosun
998 4514 1175 4568 neesson.

404 4815 512 4870 LIBER
521 4815 665 4870 PRIMUS.
977 4817 1104 4873 ordinem
1118 4818 1187 4871 fiant
1203 4819 1228 4881 (I
1239 4816 1299 4871 Gor.
1318 4830 1373 4879 xiv,
1390 4813 1445 4880 40).
1463 4832 1477 4863 e
1494 4813 1573 4868 Unde
1594 4813 1681 4867 miror
1700 4814 1774 4885 quod

976 4906 1090 4976 quidam
1106 4924 1139 4960 ex
1155 4905 1267 4967 nostris,
1288 4921 1343 4957 non
1358 4908 1469 4973 tempus
1485 4918 1536 4955 nec
1552 4901 1666 4955 modum
1682 4901 1775 4955 obser-

979 5002 1086 5061 vantes
1112 4995 1146 5048 de
1162 4994 1276 5048 secretis
1289 4992 1340 5047 Dei
1364 4998 1393 5046 et
1406 4990 1564 5044 coelcstibus
1587 4990 1728 5061 mysteriis
1746 4991 1775 5044 in

174 5081 334 5153 Apostolica
348 5097 400 5135 nos
415 5081 549 5134 admonet
562 5083 701 5135 sententia
730 5085 815 5143 (dein.
841 5099 885 5139 xn.
911 5080 971 5159 3)D
983 5083 1119 5138 conviviis
1135 5084 1193 5138 suis
1212 5083 1286 5137 inter
1301 5082 1399 5152 poeula
1413 5080 1567 5161 disputant,
1591 5077 1712 5150 qualiter
1727 5095 1777 5149 pos

144 5175 170 5224 ut
184 5186 263 5224 cnon
278 5170 341 5241 pius
351 5169 468 5223 velimus
479 5185 576 5240 sapere
588 5187 671 5240 quam
681 5178 791 5241 oportet
800 5187 907 5240 sapere,
921 5188 934 5222 r
978 5174 1050 5227 hauc
1064 5172 1147 5226 vitam
1170 5172 1250 5225 electi
1269 5171 1353 5225 visuri
1378 5176 1444 5225 sunt.
1460 5168 1611 5222 Dominum
1636 5167 1665 5220 in
1689 5184 1776 5239 reguo

143 5259 186 5313 sed
200 5275 301 5330 sapere
316 5258 352 5312 ad
370 5257 560 5321 sobrictatem,
585 5266 614 5311 ct
628 5259 781 5313 secundum
798 5260 937 5312 rationem
979 5261 1098 5328 coelesti3
1111 5261 1190 5335 quasi
1203 5261 1275 5314 idem
1286 5259 1407 5313 oiiicium
1418 5258 1454 5312 sit
1462 5256 1595 5327 cauponis
1610 5263 1637 5311 et
1650 5265 1776 5311 contem-

143 5348 221 5415 ndei,
237 5355 267 5402 et
286 5347 361 5401 idem
386 5347 516 5401 hortatur
535 5364 586 5401 nos
611 5353 642 5401 ut
661 5348 795 5419 quidquid
820 5364 937 5419 agamus
979 5349 1119 5422 plutionis,
1133 5348 1250 5421 etquasi
1262 5348 1391 5419 poculum
1404 5346 1459 5399 rini
1474 5345 1713 5399 amatoribussuis
1725 5347 1776 5401 hoc

141 5437 293 5508 prudenter
304 5436 496 5491 etsecundum
511 5437 748 5492 rationemsacere
763 5437 935 5499 studeamus,
981 5451 1037 5489 una
1051 5434 1119 5487 horo
1133 5432 1222 5503 possit
1234 5431 1359 5485 conferre
1374 5430 1448 5501 quod
1472 5429 1513 5482 illi
1538 5436 1623 5485 antea
1642 5431 1723 5501 longe
1746 5431 1777 5485 iu

148 5533 176 5581 ta
189 5526 305 5581 dicens:
329 5509 461 5580 «Omnia
485 5532 578 5581 vestre
599 5527 714 5581 honeste
734 5533 762 5580 et
783 5525 937 5581 secundum
980 5522 1132 5593 scripturis
1147 5520 1234 5574 sacris
1249 5519 1356 5574 intente
1366 5520 1518 5573 noluerunt
1533 5519 1684 5574 meditari?
1705 5536 1776 5591 pne·

404 4955 438 4993 DE
448 4955 564 4995 VIDENDO
583 4956 667 4995 DEUM.
