3772 6120
117 295 184 354 15³1
416 299 446 354 Β.
469 301 607 357 ΒΛΒΑΝΙ
626 303 741 364 nabar
762 305 929 360 ARCHIEP.
950 302 1112 360 MOGUNT.
1134 301 1283 358 OPERUM
1302 301 1395 358 PARS
1414 302 1464 358 ΙΙΙ.
1697 302 1767 361 15³2

118 422 157 478 ris
169 424 303 496 quidquid
318 427 379 495 ejus
392 427 483 497 gratia
493 445 616 499 possum,
632 434 687 485 tuae
700 429 845 484 charitatis
861 430 976 490 uti-A«
994 426 1092 482 Omnia
1102 427 1187 481 homo
1202 427 1260 498 qui,
1272 426 1389 481 credens
1403 427 1433 482 in
1447 427 1563 484 Patrem
1579 435 1608 485 et
1621 429 1727 484 Filium
1740 435 1768 486 et

118 511 190 567 litati
211 513 337 568 conferre
358 533 407 587 per
424 517 528 583 omnia,
546 525 575 572 et
589 518 618 572 in
644 518 773 573 omnibus
790 523 920 591 paratum
963 516 1098 587 Spiritum
1109 519 1248 580 sanctum,
1265 522 1449 586 regeneratur
1464 517 1493 572 in
1508 517 1662 590 baptismo,
1680 523 1768 576 tama

119 617 189 656 esse.
203 603 280 670 Vale,
298 609 327 658 et
342 610 483 660 amantem
498 612 526 660 tc
542 607 637 678 dilige,
654 614 812 679 nostraeque
832 607 922 681 parvi·
962 606 1084 678 propriis
1095 604 1215 677 peccatis
1226 622 1288 677 qum
1297 606 1524 662 malavoluntate
1538 614 1568 663 et
1582 608 1694 664 actione
1703 626 1768 664 con·

118 690 186 745 tatis
205 692 234 747 in
248 693 334 748 sacris
354 694 527 749 orationibus
543 713 652 752 memor
666 697 726 752 fieri
742 713 798 751 non
812 697 919 751 emitte.
962 694 1056 762 traxit,
1073 712 1158 766 quarn
1181 694 1216 748 ab
1233 695 1362 766 originali
1376 696 1450 766 quod
1466 713 1483 750 a
1502 696 1673 768 parentibus
1687 699 1770 753 traxit

962 783 1124 838 absolvitur.
1136 784 1189 838 Sed
1200 784 1343 856 relapsum
1357 790 1421 856 post
1432 783 1609 857 baptismum
1625 785 1661 840 ad
1675 786 1769 842 infide-

961 873 1079 940 litatem,
1091 877 1120 927 et
1132 872 1234 946 impios
1244 889 1346 940 mores,
1356 873 1404 944 qui
1416 880 1502 945 negat
1513 875 1649 946 originali
1658 882 1768 947 peccato

359 961 392 998 ⁰ss
409 959 670 1000 '‘REDESTffl—fflffiss·
961 960 1047 1016 fuisse
1061 967 1223 1035 purgatum,
1235 967 1294 1016 tarn
1306 961 1377 1015 falsa
1387 962 1520 1033 opinatur
1532 980 1620 1035 quam
1633 965 1682 1035 qui
1692 980 1766 1020 eum-

155 1048 184 1104 Si
198 1050 281 1104 horno
296 1051 440 1104 rationalis
451 1052 506 1104 vim
519 1069 576 1106 suae
591 1058 757 1122 agnosceret
767 1059 883 1119 naturas,
892 1060 921 1108 et
961 1050 1025 1105 dem
1039 1051 1139 1105 asserit
1152 1068 1209 1105 non
1224 1056 1328 1106 aeterna
1349 1059 1441 1106 morte
1456 1052 1543 1107 fuisse
1562 1053 1765 1109 damnandum.

381 839 502 906 lirplicit
516 840 657 907 prefatio.

37 1195 44 1212 Ι
120 1137 262 1192 creatoris
271 1141 314 1192 sui
325 1140 479 1210 potentiam
491 1141 543 1194 rite
554 1141 733 1211 intelligeret,
742 1158 920 1213 nequaquam
960 1138 1014 1203 Qui
1028 1139 1102 1196 enim
1117 1140 1225 1196 recedit
1236 1157 1254 1194 a
1264 1140 1386 1207 Christo,
1402 1148 1430 1195 et
1442 1141 1554 1196 alienus
1573 1158 1591 1196 a
1605 1143 1700 1213 gratia
1709 1143 1768 1197 linit

120 1227 213 1281 stultis
224 1227 743 1302 seimplicaretquaestionibus,etque
753 1230 920 1286 Christiana
961 1227 1142 1294 hanoniam,
1159 1229 1261 1283 cadens
1275 1229 1304 1283 in
1319 1229 1517 1300 perditionem,
1536 1246 1595 1285 non
1609 1230 1641 1284 in
1657 1231 1686 1286 id
1696 1231 1766 1302 quod

119 1315 248 1387 religioni
259 1322 325 1372 sunt
338 1318 488 1384 contraria,
501 1313 551 1372 nec'
566 1337 650 1374 sensu
662 1324 779 1386 teneret,
792 1337 843 1375 nec
854 1337 919 1375 voce
960 1318 1109 1373 remissum
1125 1323 1168 1373 est
1181 1317 1289 1385 recidit,
1306 1334 1357 1372 nec
1371 1319 1400 1372 in
1410 1318 1542 1390 originali
1557 1323 1677 1390 peccato
1689 1319 1765 1375 dam-

120 1404 267 1476 prol'erret.
283 1406 337 1460 Sed
357 1407 424 1477 quia
441 1408 573 1479 antiquus
595 1408 690 1472 hostis,
712 1409 759 1479 qui
779 1409 814 1463 ab
839 1409 919 1464 initio
960 1405 1151 1463 nabitur2sed
1166 1413 1282 1480 propter
1291 1414 1435 1478 postrema
1448 1407 1570 1462 crimina
1583 1424 1620 1462 ea
1633 1408 1766 1464 morteni-

121 1493 250 1549 bumnnae
266 1495 365 1549 invidit
380 1496 473 1563 saluti,
494 1513 638 1568 nunquam
659 1497 764 1552 desinit
782 1497 810 1552 in
826 1503 920 1569 segete
960 1495 1079 1563 ficietur,
1092 1512 1153 1568 quae
1168 1496 1193 1551 ei
1207 1509 1323 1568 propter
1336 1495 1385 1550 illa
1399 1513 1460 1567 quae
1475 1496 1599 1551 remissa
1612 1497 1767 1552 suntdebe·

121 1582 225 1637 Christi
240 1585 463 1654 superseminare
478 1585 592 1652 zizania,
609 1585 671 1640 ideo
693 1604 744 1658 per
757 1587 920 1660 vaniloquos
960 1582 1053 1639 batur.
1068 1585 1147 1650 Quod
1164 1584 1231 1657 quia
1248 1584 1299 1640 Dei
1317 1584 1523 1656 prescientiam
1538 1601 1593 1640 nec
1607 1582 1701 1654 latuit,
1717 1602 1764 1643 neo

122 1686 178 1726 non
190 1672 281 1726 solum
296 1672 395 1738 otiosa,
405 1673 454 1727 sed
464 1686 492 1728 ct
505 1675 596 1739 noxia,
609 1681 638 1729 ct
647 1674 828 1747 blasphemiis
841 1676 924 1747 plena
963 1673 1070 1741 fefellit,
1096 1673 1157 1728 sine
1179 1672 1265 1728 dubio
1288 1674 1374 1728 talem
1402 1691 1550 1746 nunqnam
1578 1674 1676 1745 elegit,
1701 1692 1766 1730 nnn-

122 1760 227 1832 profert
236 1760 409 1832 eloquialta
419 1768 450 1816 ut
458 1763 571 1833 quidam
583 1781 679 1819 eorum
692 1764 856 1836 perditionis
865 1746 1050 1832 sumBquam
1075 1761 1293 1834 predestinavit,
1319 1767 1348 1817 et
1369 1761 1528 1834 periturum
1558 1779 1708 1834 nunquam
1734 1762 1766 1818 ab

121 1848 294 1903 conditorem
310 1856 437 1906 asserant
448 1856 601 1916 auctorem,
615 1853 740 1907 dicentes
755 1855 826 1925 qued
842 1853 924 1908 sicuti
965 1855 1070 1905 aeterna
1080 1851 1237 1923 perditione
1248 1851 1387 1906 discrevit.
1399 1871 1413 1903 r
1423 1851 1768 1925 Igitursicutbonaopaa

122 1938 170 2009 qui
180 1939 500 2010 perpraescientiamDei
509 1958 540 1994 ac
549 1942 823 2012 praedestinationem
836 1942 924 1997 vocati
965 1940 1001 1994 ad
1024 1939 1238 2012 inspirationem
1252 1957 1362 2004 eorum,
1377 1940 1419 1994 ita
1432 1940 1509 1994 mala
1524 1940 1562 1994 ad
1579 1958 1629 1996 eos
1644 1946 1712 1996 sunt
1725 1957 1768 1996 re·‘

122 2032 188 2081 sunt
200 2027 234 2081 ad
248 2026 454 2099 percipiendam
465 2029 584 2099 gloriam
591 2036 703 2085 eterna
714 2032 786 2095 vitae,
799 2048 925 2104 nonpos-
965 2028 1081 2082 serenda
1096 2028 1144 2099 qui
1159 2034 1284 2099 peceant.
1302 2029 1365 2083 Non
1389 2029 1463 2082 enim
1481 2028 1574 2082 relicti
1592 2035 1661 2083 sunt
1685 2030 1768 2084 abeo

123 2121 188 2170 sunt
200 2132 256 2171 non
270 2117 381 2180 salvari,
391 2118 466 2172 itaet
477 2119 516 2172 illi
527 2120 574 2190 qui
585 2121 619 2174 ad
632 2127 767 2175 aeternum
778 2121 924 2176 interitum
966 2121 996 2170 ut
1021 2117 1214 2188 relinquerent
1229 2117 1328 2183 lleum,
1358 2118 1407 2172 sed
1435 2117 1639 2190 relinquerunt
1659 2134 1723 2173 eum
1744 2124 1771 2175 et

121 2204 485 2276 vadunt‚prmdestinatione
496 2207 546 2261 Dei
555 2213 927 2281 coguntur,etnonpossunt
966 2205 1056 2261 relicti
1079 2212 1155 2272 sunt,
1186 2210 1215 2260 et
1238 2223 1271 2260 ex
1286 2205 1359 2260 beno
1376 2206 1403 2260 in
1419 2208 1527 2261 malum
1543 2207 1664 2279 propria
1677 2208 1769 2264 volun·

123 2294 240 2349 evadere
255 2294 411 2349 interitum.
422 2295 500 2360 Quod
513 2313 598 2368 quarn
614 2297 766 2352 absurdum
780 2298 825 2364 sit,
839 2299 926 2353 etiam
967 2300 1026 2350 tate
1042 2295 1144 2350 mutati
1160 2299 1236 2362 sunt,
1249 2301 1334 2367 atque
1352 2294 1386 2349 ob
1402 2296 1464 2362 hoc,
1477 2295 1544 2350 licet
1555 2295 1665 2351 fuerint
1675 2296 1768 2364 renati,

123 2381 246 2454 imperiti
257 2382 414 2455 intelligere
424 2390 550 2455 possunt,
562 2385 628 2457 quia
639 2387 715 2441 nullo
726 2387 808 2441 modo
819 2387 865 2441 ille
877 2387 925 2459 qui
967 2385 1033 2439 licet
1047 2384 1153 2439 suerint
1166 2383 1321 2455 justillcati,
1339 2383 1373 2438 ab
1387 2400 1420 2438 eo
1441 2390 1541 2439 tamen
1558 2385 1609 2456 qni
1625 2385 1689 2440 illos
1703 2386 1768 2441 tales

123 2478 223 2527 cuncta
232 2471 306 2527 bona
319 2474 432 2540 creavit,
442 2479 470 2528 et
479 2474 618 2529 sanabiles
629 2474 695 2529 iecit
710 2476 838 2530 nationes
850 2476 925 2530 orbis
966 2473 1113 2545 prescivit,
1126 2490 1182 2527 non
1195 2478 1261 2528 sunt
1272 2472 1473 2545 predestinati.
1491 2473 1769 2530 Praedestinationem

123 2565 273 2626 terrarum,
290 2566 374 2634 atque
390 2563 449 2617 vult
463 2580 560 2618 omnes
575 2555 703 2619 homines
719 2566 809 2619 salvos
824 2565 885 2619 fieri
898 2570 926 2621 et
967 2568 1062 2617 autem
1073 2562 1134 2627 Dei,
1151 2562 1208 2616 sive
1221 2562 1256 2616 ad
1273 2561 1376 2617 bonum
1389 2562 1446 2616 sive
1458 2561 1495 2616 ad
1506 2562 1627 2630 malum,
1641 2563 1672 2618 in
1686 2563 1769 2618 omni·

124 2651 341 2721 adagnitionem
357 2652 482 2706 veritatis
497 2653 601 2720 venire,
617 2654 738 2725 aliquem
751 2653 826 2724 cogit
840 2654 927 2709 inter·
967 2650 1018 2705 bus
1040 2651 1150 2722 operari
1179 2651 1352 2722 ineptissime
1376 2650 1481 2705 dicitnr
1505 2669 1511 2704 :
1539 2668 1593 2706 nec
1611 2669 1711 2707 verum
1735 2657 1772 2707 est

124 2739 174 2803 ire,
186 2739 236 2794 scd
247 2741 336 2810 magis
346 2741 410 2795 facit
425 2747 499 2795 recte
511 2743 721 2810 credentem,ac
730 2742 850 2813 benigne
862 2760 926 2815 ope·
969 2739 1097 2795 homines
1108 2740 1236 2811 quaedam
1246 2740 1413 2794 necessitate
1428 2739 1561 2811 implere,
1574 2757 1642 2795 cnm
1656 2758 1687 2795 1n
1700 2741 1771 2796 bonis

125 2833 244 2894 rentem,
268 2830 303 2884 ad
319 2831 437 2884 salutem
454 2837 589 2885 aeternam
608 2832 763 2903 pervenire.
787 2833 816 2887 Si
840 2833 924 2898 enim,
968 2830 1096 2885 voluntas
1106 2845 1162 2883 non
1178 2829 1216 2883 sit
1230 2827 1413 2899 intelligenda
1426 2828 1488 2882 sine
1502 2829 1609 2899 gratia.
1622 2830 1692 2895 Qua
1703 2829 1769 2884 enin

123 2918 277 2972 secundum
290 2919 419 2991 ipsosqui
431 2920 499 2974 talia
512 2922 647 2987 sentiunt,
658 2922 708 2975 Dei
716 2921 926 2992 praedestinatio
968 2917 1039 2972 ratio
1054 2924 1096 2973 est
1106 2923 1138 2972 ut
1150 2917 1223 2972 ullus
1233 2917 1281 2988 qui
1292 2934 1392 2972 sanum
1406 2917 1482 2988 sapit
1489 2917 1569 2973 dicat
1582 2937 1587 2972 :
1599 2919 1665 2973 Non
1678 2923 1769 2974 estne

124 3005 243 3060 invitum
255 3006 398 3061 hominem
410 3008 476 3062 tamt
485 3026 608 3079 peccare,
621 3011 759 3081 quomodo
768 3012 845 3080 justo
853 3011 927 3080 judi·
967 3023 1043 3062 cesse
1051 3006 1121 3060 mihi
1132 3004 1294 3060 utlaborem
1304 3022 1355 3077 pro
1366 3004 1463 3076 requie
1474 3012 1503 3059 et
1520 3007 1617 3061 salute
1629 3024 1704 3074 mea,
1716 3007 1773 3079 quia

126 3093 168 3148 cie
178 3095 252 3148 Deus
262 3095 378 3150 damnat
385 3103 556 3167 peccantem,
572 3114 634 3151 curn
646 3098 693 3151 ille
703 3115 758 3152 non
772 3099 925 3166 voluntate,
968 3094 991 3150 si
1005 3094 1220 3166 praedestinatus
1234 3111 1297 3149 sum
1312 3111 1328 3148 a
1343 3095 1401 3148 Deo
1416 3094 1452 3148 ad
1468 3094 1560 3148 vitam
1568 3102 1719 3164 aeternam,
1732 3112 1771 3150 re·

125 3183 173 3236 sed
189 3183 355 3238 necessitate
365 3186 537 3256 peccaverit?
548 3187 746 3256 autqnomodo
761 3187 836 3241 Deus
848 3188 926 3257 judi·
968 3186 1017 3239 lim
1034 3185 1119 3238 nolim
1135 3183 1201 3238 illuc
1211 3184 1388 3255 perveniam:
1406 3183 1429 3238 si
1445 3189 1545 3238 autem
1562 3185 1772 3256 predestinatus

125 3271 199 3326 cabit
213 3273 359 3336 mundum,
377 3274 424 3344 qui
438 3280 481 3328 est
492 3276 586 3345 justus
599 3275 695 3344 judex,
714 3281 742 3329 et
756 3275 853 3329 reddet
866 3276 928 3329 uni·
969 3289 1024 3327 non
1039 3290 1112 3340 sum,
1128 3273 1199 3327 nihil
1215 3272 1284 3326 mihi
1295 3271 1406 3343 preficit
1415 3272 1487 3327 bene
1495 3273 1612 3345 operari
1625 3291 1659 3328 ac
1675 3273 1773 3330 virtuti-

126 3362 226 3432 cuique
235 3362 389 3416 secundum
401 3380 487 3434 opera
500 3364 569 3417 sua?
580 3363 722 3433 judicabit
737 3362 832 3417 orbem
847 3369 928 3418 terrae
969 3361 1020 3416 bus
1035 3377 1150 3433 operam
1164 3362 1241 3429 dare,
1254 3361 1320 3432 quia
1335 3367 1446 3416 aeternae
1461 3361 1653 3419 beatitudinis
1669 3361 1773 3436 praemia

126 3449 156 3504 in
179 3451 319 3521 aequitate,
336 3458 365 3505 et
387 3452 503 3522 populos
519 3452 547 3505 in
566 3452 683 3506 veritate
700 3453 775 3506 sua?
790 3453 818 3526 Si
834 3458 928 3506 autem
971 3467 1028 3506 non
1043 3450 1200 3521 possidebo.
1218 3450 1304 3515 Quasi
1320 3453 1409 3505 Deum
1425 3452 1577 3517 tentando,
1595 3470 1630 3506 ac
1646 3452 1774 3524 promissa

127 3540 508 3610 hujusmodiratiocinatione
518 3542 734 3596 tolliturlleone
742 3542 826 3611 judex
835 3543 929 3612 justus
970 3539 1059 3611 ipsius
1074 3539 1263 3611 despiciendo,
1275 3545 1304 3593 et
1317 3556 1374 3593 non
1390 3539 1481 3610 magis
1497 3557 1550 3610 per
1566 3542 1656 3596 sidem
1671 3541 1770 3597 etdile·

129 3627 174 3690 sit,
186 3629 570 3698 consequentcrauserturilli
584 3635 612 3683 et
624 3629 831 3699 regiadignitas
844 3634 929 3699 atque
970 3629 1091 3684 ctionem
1105 3629 1202 3683 devote
1216 3629 1361 3682 serviendo
1371 3629 1482 3699 placere
1493 3631 1604 3700 possim
1619 3632 1773 3700 (Hypatam-

130 3716 223 3770 divina
242 3716 385 3786 majestas.
402 3718 456 3771 Sed
481 3737 495 3770 c
512 3718 651 3772 contrario
669 3719 813 3789 Scriptura
827 3718 931 3772 clamat
971 3720 1116 3773 sticonlib.
1129 3718 1176 3784 vr),
1189 3716 1294 3771 «Prius
1308 3734 1374 3787 crgo
1391 3717 1482 3788 ipsum
1504 3734 1614 3772 nomen
1641 3718 1773 3790 praedesti·

129 3805 291 3876 prophetica
307 3824 312 3859 :
330 3823 342 3852 a
360 3806 498 3870 Quoniam
516 3808 591 3862 Deus
607 3807 886 3877 magnusDominuS,
903 3812 932 3861 et
972 3807 1056 3861 tionis
1075 3806 1141 3878 quid
1160 3805 1260 3861 indicit
1279 3822 1475 3879 exponamus:
1506 3807 1615 3862 deinde
1635 3826 1697 3864 esse
1708 3807 1772 3880 apud

129 3916 141 3946 e
158 3912 206 3948 rex
225 3911 345 3964 magnus
365 3913 449 3965 super
464 3913 560 3950 ornnes
579 3897 644 3950 deos
666 3899 750 3964 (Prot.
769 3913 836 3963 xmv,
854 3895 895 3962 3),
918 3915 930 3948 i>
972 3896 1124 3967 Deum,qui
1133 3895 1194 3950 sine
1209 3897 1369 3967 acceptione
1380 3911 1570 3966 personarum
1578 3896 1772 3969 estprmdesti·

127 3984 236 4038 etitem
253 4003 257 4036 :
279 4004 289 4034 ι
307 3984 445 4055 Regnabit
462 3985 599 4039 Dominus
617 4002 701 4055 snper
713 4002 809 4039 ornnes
822 3990 930 4055 gentes,
973 3985 1116 4039 nationem
1132 3984 1289 4039 divinarum
1306 3984 1517 4055 scripturarum
1529 3985 1704 4041 auctoritate
1718 4001 1773 4057 pro·

129 4074 231 4128 «Deus
251 4074 329 4127 sedet
358 4090 442 4144 super
468 4075 563 4127 sedem
589 4081 715 4128 sanctam
738 4090 817 4127 suam
846 4076 930 4141 (Psoi.
974 4073 1111 4129 habimus.
1133 4073 1343 4128 Praedestinatio
1371 4073 1474 4144 quippe
1504 4091 1524 4127 a
1547 4075 1772 4145 praevidendaet

131 4182 142 4213 v
160 4178 216 4221 rur,
238 4163 270 4218 n.
289 4181 302 4216 a
319 4162 417 4231 lgitur,
430 4163 503 4233 quod
519 4179 582 4216 cum
598 4163 650 4216 hac
666 4164 774 4216 ratione
786 4164 932 4234 perspicue
974 4163 1176 4234 praeveniendo,
1185 4163 1227 4217 vel
1237 4161 1587 4233 praeordinandosuturum
1596 4165 1707 4235 aliquid
1717 4162 1773 4217 dici-

128 4251 291 4321 explicatur,
308 4257 395 4305 restat
409 4258 440 4304 ut
455 4251 502 4322 qui
517 4251 584 4305 talia
599 4251 694 4317 sensit,
713 4268 747 4305 ex
764 4269 860 4305 eornm
878 4269 931 4307 nu·
973 4258 1052 4307 turet
1060 4253 1123 4308 ideo
1135 4251 1267 4319 Deus,eni
1275 4250 1450 4322 praescientia
1459 4267 1517 4305 non
1532 4252 1721 4315 accidensest,
1732 4250 1774 4306 sed

129 4357 205 4394 mero
216 4341 253 4394 sit
262 4341 296 4394 cle
307 4339 407 4411 quibus
417 4341 565 4394 psalmista
577 4341 617 4393 ait
629 4359 633 4392 :
649 4360 659 4390 ι
672 4340 747 4394 Dixit
759 4340 893 4412 insipiens
902 4341 962 4440 inD
973 4342 1095 4396 essentia
1107 4340 1160 4395 suit
1166 4356 1277 4410 semper
1283 4346 1367 4404 otest,
1382 4338 1520 4410 quidquid
1529 4341 1730 4412 antequamsit
1738 4339 1772 4394 sic

129 4447 143 4483 e
160 4430 242 4484 corde
258 4446 308 4483 sue
322 4447 326 4481 :
345 4431 407 4484 Non
418 4436 460 4483 est
471 4430 553 4483 Deus.
566 4429 696 4500 Corrupti
711 4436 816 4484 suntet
826 4430 930 4484 alterni·
971 4430 1082 4503 praescit
1094 4429 1287 4501 praedestinat,
1301 4434 1329 4482 et
1342 4434 1491 4499 propterea
1507 4429 1704 4498 praedestinat,
1716 4429 1774 4500 quia

130 4518 265 4572 «nabiles
295 4519 359 4573 facti
387 4524 452 4573 sunt
478 4519 506 4572 in
540 4517 730 4590 voluptatibus
758 4519 817 4573 sais
846 4522 927 4584 (Psoi.
971 4517 1773 4591 qualcfuturumjsitpraescit.ldeoetApostoluseram

130 4625 143 4658 a
160 4624 220 4671 rev,
233 4608 269 4669 a).
284 4634 295 4655 υ
308 4609 388 4661 Hunc
402 4614 495 4663 autem
509 4624 631 4661 errorem
642 4614 802 4662 sanctorum
813 4609 929 4662 Petrum
973 4628 986 4661 a
1004 4625 1073 4680 quos
1084 4607 1230 4679 praescivit,
1243 4609 1345 4676 inquit,
1355 4610 1383 4658 et
1393 4605 1608 4677 praedestinavit
1617 4608 1706 4678 (noan.
1721 4620 1771 4672 vni,

129 4696 321 4767 multiplieiter
340 4697 465 4751 confutat
480 4698 615 4761 doctrina,
633 4702 662 4750 nt
676 4698 815 4751 convincit
836 4697 931 4751 taliter
974 4717 987 4749 v
1005 4697 1059 4766 bil).
1079 4716 1091 4750 n
1108 4695 1162 4751 Sed
1178 4712 1233 4749 non
1248 4711 1330 4749 omne
1345 4693 1419 4765 quod
1444 4693 1558 4766 praescit
1585 4696 1770 4766 praedestinat.

128 4787 290 4844 sentientes.
304 4787 827 4858 necScripturarumauctoritate‚nec
841 4787 931 4841 veraci
972 4787 1046 4842 Mala
1074 4785 1150 4839 enirn
1179 4789 1290 4837 tantum
1305 4784 1424 4855 praescit,
1443 4786 1472 4837 et
1495 4800 1553 4838 non
1571 4785 1770 4856 praedestinat:

127 4877 210 4932 inniti
221 4877 445 4931 ratiocinatione.
455 4876 712 4931 praedestinationis
726 4877 801 4930 enirn
811 4876 932 4930 sidessrr-
974 4875 1046 4929 bona
1060 4891 1125 4928 vero
1139 4878 1167 4928 et
1178 4873 1288 4946 praescit
1306 4877 1335 4927 et
1345 4871 1536 4943 praedestinat.
1551 4873 1637 4937 Quod
1653 4890 1718 4945 ergo
1730 4873 1770 4926 bo

129 4966 252 5022 missima
261 4973 421 5021 sanctarum
431 4966 597 5020 auctoritate
607 4965 815 5036 Scripturarum
824 4965 933 5019 munita
973 4980 1042 5018 num
1052 4970 1096 5018 est
1115 4961 1289 5035 praesciente
1302 4961 1491 5033 praedestinat,
1509 4960 1599 5017 idest
1615 4963 1770 5034 priusquam

129 5057 252 5112 est:cui
273 5058 349 5111 nullo
370 5057 452 5110 niodo
471 5057 511 5109 sas
527 5061 568 5111 est
588 5073 621 5109 ea
638 5072 699 5127 quae
721 5054 756 5108 ab
773 5054 933 5109 bominibus
976 5054 1014 5108 sit
1027 5053 1057 5107 in
1072 5069 1102 5107 se
1122 5051 1310 5124 praeordinat:
1329 5052 1381 5106 hoc
1403 5067 1467 5106 cum
1495 5050 1556 5122 ipso
1583 5058 1701 5106 auctare
1719 5064 1772 5105 esse

35 5210 37 5213 Ι
130 5147 202 5199 male
218 5152 340 5215 aguntur
355 5145 465 5208 ascribi,
481 5146 527 5216 qui
543 5146 571 5200 in
587 5144 789 5216 proclivitatem
804 5143 930 5209 cadendi,
977 5141 1104 5213 coeperit,
1120 5145 1209 5207 vocat,
1221 5139 1334 5194 ordinat
1354 5146 1382 5194 et
1395 5137 1529 5211 disponit.
1545 5139 1631 5194 Unde
1645 5146 1673 5194 et
1686 5137 1771 5210 sequi-

129 5250 184 5287 non
197 5252 228 5287 ex
241 5236 400 5290 conditione
415 5235 474 5300 Dei,
492 5236 541 5289 sed
556 5252 588 5288 ex
604 5234 685 5306 primi
700 5234 789 5305 patris
801 5233 932 5304 praevari-
974 5236 1038 5284 tur:
1056 5231 1158 5296 «Quos
1183 5229 1400 5301 praedestinavit,
1413 5229 1463 5282 hos
1477 5233 1508 5282 et
1522 5229 1651 5285 vocavit:
1669 5235 1698 5284 et
1711 5243 1771 5300 quos

128 5322 238 5376 catione
250 5330 394 5379 venerunt.
407 5326 447 5378 De
457 5324 537 5394 qu'us
546 5339 718 5395 poenanemo
729 5322 865 5377 liberatur
875 5322 929 5376 nisi
978 5346 986 5368 ι
1002 5319 1109 5374 vocavit
1117 5320 1179 5374 illos
1188 5324 1217 5373 et
1222 5317 1401 5387 iustificavit3
1419 5334 1489 5388 quos
1507 5322 1608 5372 autern
1618 5315 1771 5389 justificant

128 5410 308 5478 pergratiam
320 5413 429 5466 Domini
441 5413 529 5466 nestri
542 5414 606 5467 lesu
622 5411 735 5471 Clnisti,
745 5416 930 5482 praeparatam
974 5430 987 5461 a
1002 5409 1064 5463 illos
1079 5414 1107 5464 et
1119 5408 1294 5480 glorificavit.
1309 5425 1322 5460 ι
1344 5408 1405 5462 Jam
1421 5405 1509 5477 igitur
1521 5408 1651 5478 apertius
1664 5407 1771 5462 dissere·

129 5503 158 5550 et
167 5497 392 5566 praedestinatam
403 5502 432 5555 in
445 5508 549 5556 aeterno
560 5502 679 5556 consilio
689 5501 738 5554 Dei
751 5505 815 5555 ante
829 5500 932 5554 consti·
973 5515 1035 5553 inus
1046 5499 1117 5569 quod
1130 5497 1430 5568 loquimurQuomedo
1439 5513 1508 5567 erga
1519 5497 1680 5552 humanum
1690 5511 1770 5567 genus

128 5586 269 5642 tutionem
298 5589 404 5642 mundi.
436 5593 560 5660 (Prosper
587 5597 683 5645 ceretro
711 5592 810 5646 Gallos.
840 5607 862 5644 c.
894 5588 930 5662 3.)
973 5588 1149 5660 praescientia
1159 5593 1245 5643 suaet
1255 5586 1501 5659 predestinatione
1511 5586 1767 5659 Deusgeneraliter.
