3772 6120
17 4582 21 4587 ·
128 4570 217 4623 nectit
231 4568 423 4641 alphabetum.
436 4572 508 4635 Quid

128 300 196 359 1587
434 297 465 350 B.
488 292 624 350 antem
643 292 760 350 unum
778 290 938 349 saumae
955 292 1118 349 nonunt.
1137 292 1287 349 optauit
1304 293 1397 351 Pana
1416 295 1466 350 lv.
1656 290 1659 295 ’
1708 293 1771 352 tote

165 428 220 494 Qui
230 424 354 497 graviter
368 436 485 494 peccans
500 435 575 491 aeger
587 419 616 474 ia
632 418 698 474 orbe
713 419 794 490 dego.

131 519 215 590 Eripe
230 531 276 570 me
289 513 344 577 his,
359 512 471 575 invicte,
484 509 574 573 malis,
593 508 690 581 procul
705 508 800 564 omnia
813 507 895 580 pelle,

165 607 234 672 Qua
248 608 372 658 mentem
385 606 415 656 et
429 615 531 671 corpus
544 598 665 653 crimina
680 597 740 652 dire
754 603 852 652 tenent
870 615 876 651 :

130 697 204 753 Nam
215 693 302 748 ritem
316 691 400 745 variis
415 689 589 745 macularum
601 686 743 742 erroribus
755 702 877 753 omnem,

166 785 260 855 Atque
271 787 350 836 tuam
360 780 452 851 legem
466 794 599 849 spemere
611 792 667 831 non
678 777 773 836 timui.

132 873 250 943 Lingua,
269 873 471 936 mantenano
485 865 613 921 commisi
627 864 711 921 noxia
724 865 822 932 multa,

165 962 269 1016 Textus
282 958 424 1031 Evangelii
434 973 551 1028 aneque
566 961 660 1010 vetare
671 955 752 1011 solet.

132 1052 167 1107 Et
181 1049 248 1122 quid
264 1053 332 1103 ωηο
343 1047 417 1102 volui
427 1047 561 1116 deceptus
575 1044 672 1099 fraude
688 1044 815 1114 maligni,

937 419 1004 481 Aln
1019 419 1118 473 dextra
1130 435 1246 490 ponens,
1264 436 1328 474 cum
1341 420 1427 490 J'uatis
1442 419 1562 492 praemia
1573 419 1704 484 reddens,

1010 509 1130 562 Cernam
1146 509 1221 579 quod
1236 510 1344 563 vultum
1358 509 1427 564 lucis
1440 510 1469 564 ia
1485 525 1552 563 arce
1567 514 1660 564 tunm.

972 597 1022 660 Te,
1038 596 1109 651 bone
1123 598 1199 660 Jesu,
1216 614 1324 668 precor,
1340 597 1453 664 Rector,
1470 597 1602 652 Salvator
1622 604 1652 653 et
1663 600 1768 668 Auctor,

1008 684 1149 757 Quidquid
1164 686 1335 757 protuleram
1350 686 1403 740 rite
1418 686 1562 758 loquendo
1576 702 1659 757 prece
1669 687 1720 743 hic.

973 773 1114 845 Suscipies
1128 773 1265 829 miserens
1279 774 1416 830 famulum
1431 775 1597 837 clementer,
1614 781 1643 830 et
1656 778 1727 847 audi,

1007 862 1105 917 Mdua
1114 863 1238 933 poscenti
1251 863 1300 917 des
1315 879 1427 936 quoque
1443 880 1533 935 regna
1547 864 1616 936 poli.

973 952 1068 1007 Portio
1077 952 1131 1006 sim
1147 951 1244 1023 plebia,
1261 951 1358 1007 laudes
1372 957 1402 1007 et
1416 954 1445 1007 in
1460 953 1563 1008 ordine
1578 959 1697 1019 centem,

1008 1043 1176 1095 Sanctorum
1185 1042 1331 1111 gratulans
1340 1043 1449 1096 mantica
1459 1050 1548 1113 grate
1563 1042 1625 1098 tibi.

168 1133 729 1210 Quemquesequebaramens,decipula1n
739 1133 931 1188 hostisamans
972 1130 1069 1185 Gloria
1081 1144 1185 1202 magne
1198 1131 1267 1197 Deo,
1283 1148 1396 1203 semper
1409 1130 1462 1186 tibi
1472 1133 1577 1202 glorie
1593 1133 1707 1197 Christe,

132 1230 173 1284 Λο
186 1227 273 1282 miser
281 1225 384 1286 inferni
399 1223 557 1278 redolentia
570 1222 705 1294 sulphure
720 1228 829 1293 stagna,

167 1318 266 1390 Ignem
277 1333 341 1372 cum
351 1331 455 1382 verme,
471 1318 586 1386 perpete
601 1329 666 1368 cum
679 1312 797 1384 gemitu,

132 1407 210 1478 Elegi
221 1422 317 1461 amare
329 1404 420 1475 magis
435 1419 520 1475 qnam
532 1402 626 1458 dulcia
633 1402 739 1473 gaudia
749 1402 821 1468 coeli,

165 1493 328 1550 Thuriieros
339 1509 453 1565 campos
473 1508 567 1564 quam,
579 1491 718 1563 perediae,
731 1498 805 1546 tuos.

1006 1220 1105 1287 Amen,
1118 1219 1148 1274 in
1163 1226 1299 1276 samum
1313 1220 1409 1290 gloria
1418 1236 1526 1292 magna
1539 1221 1609 1277 Deo.

1143 1356 1193 1417 IV.
1211 1388 1251 1401 -
1267 1372 1381 1418 venans
1403 1374 1444 1417 an
1467 1371 1603 1418 surcuu.

973 1488 1063 1555 Salve,
1080 1488 1153 1544 sidus
1167 1505 1257 1557 amor,
1271 1489 1337 1543 felix
1352 1490 1475 1555 dilectio,
1491 1490 1579 1556 salve,

132 1586 193 1640 Heu
205 1583 301 1651 miser,
317 1582 372 1637 heu
387 1582 511 1647 demens,
528 1580 578 1635 ubi
592 1597 667 1635 nunc
681 1586 732 1634 tua
746 1581 803 1635 vita
815 1580 929 1652 periret,
1009 1579 1110 1649 Sospes
1123 1579 1152 1633 in
1165 1578 1233 1633 orbe
1244 1595 1336 1643 mene,
1350 1595 1447 1650 sospes
1463 1579 1493 1633 in
1506 1596 1558 1634 ore
1571 1595 1664 1635 mone.

166 1673 276 1740 Quosve
289 1671 371 1727 dares
385 1671 508 1742 gemitus
520 1676 612 1726 tortus
624 1669 654 1725 in
668 1669 733 1741 igne
748 1669 807 1724 dire
820 1671 827 1724 !

131 1762 168 1817 Ni
181 1762 257 1818 Deus
270 1760 416 1815 immense
429 1759 572 1825 bonitatis,
584 1775 666 1814 verus
680 1763 790 1813 amator

168 1844 304 1906 Huiuaase
318 1849 425 1916 torma,
440 1848 600 1903 retraheret
613 1848 761 1903 miserans.

974 1666 1107 1721 Carmina
1118 1683 1219 1738 nempe
1232 1672 1282 1722 tua
1290 1668 1352 1722 dico
1366 1668 1485 1722 meliora
1496 1669 1624 1723 Maronis

941 1742 965 1802 B
1009 1754 1196 1822 Carminibus
1212 1757 1278 1811 celsi
1292 1756 1422 1812 cantibus
1436 1757 1531 1812 Ovidii
1549 1776 1555 1810 ε

972 1844 1040 1900 0dis
1054 1862 1124 1917 ques
1138 1845 1240 1900 cecinit
1249 1846 1373 1912 flaccus,
1383 1846 1519 1902 verbosus
1534 1848 1684 1911 Homerus,

131 1940 177 1996 Fit
186 1955 298 2013 quoque
306 1939 380 2010 quod
390 1937 497 1993 dudum
507 1937 657 1992 Psalmista
665 1943 710 1992 est
723 1953 789 1992 voce
801 1936 928 2004 canebat,
971 1944 984 1973 ¹
999 1933 1130 1989 Corduba
1145 1951 1228 2006 quem
1243 1936 1351 2005 gennit,
1365 1936 1461 1991 Africa
1471 1952 1560 2008 quem
1573 1939 1676 2006 tenuit,

167 2030 238 2086 eum
254 2027 365 2100 stupuit
380 2027 487 2082 mirans
500 2025 774 2098 donasuperneDei.

132 2119 168 2175 Ni
184 2117 381 2188 loretadjutor
393 2115 540 2183 Dominus,
553 2117 614 2187 J'am
629 2114 754 2170 infernus
770 2115 894 2183 haberet,

168 2208 284 2262 Sontem
298 2211 362 2261 trux
376 2205 509 2272 animem,
525 2210 555 2259 et
564 2205 702 2260 cruciaret
715 2221 788 2259 eam.

96 2350 102 2363 ,
130 2296 223 2363 Nunc,
236 2295 311 2351 Deus
326 2295 409 2356 alme.
425 2299 507 2350 tuum
518 2294 655 2349 famulum
668 2293 773 2365 pietate
782 2300 871 2361 sueta,

167 2385 339 2441 Conversum
350 2384 452 2457 recipe,
462 2400 546 2456 quem
555 2383 636 2439 dolor
650 2384 799 2438 excruciat.

132 2475 208 2532 Saus
221 2474 384 2540 contritum,
401 2473 515 2528 flentem
530 2472 656 2528 solabere
671 2482 813 2539 moestam,

168 2563 332 2634 Indulgens,
348 2579 453 2635 quaeso,
469 2562 697 2617 criminamncta
710 2568 769 2616 tuo.

131 2652 174 2708 Da
188 2651 258 2706 mihi
269 2668 348 2724 spem
358 2651 455 2718 venia,
474 2651 516 2706 lac
525 2651 610 2706 corda
624 2651 762 2705 merentia
776 2651 848 2717 laeta,

167 2740 352 2797 &inmutatis
366 2741 500 2809 lacemm,
513 2743 574 2812 jam
586 2741 672 2796 iacias
682 2740 833 2813 placidum.

973 2023 1008 2077 Hi
1020 2023 1088 2095 quia
1096 2024 1273 2096 protulerant
1285 2026 1428 2097 pomposis
1439 2025 1514 2080 falsa
1529 2027 1681 2093 camoenis,

1008 2112 1071 2167 Rite
1081 2113 1255 2168 tabescentes
1268 2114 1409 2169 morsibus
1423 2114 1546 2169 insidiae.

972 2202 1014 2257 Tu
1029 2202 1129 2256 devota
1143 2202 1197 2273 piis
1206 2203 1348 2258 connectis
1359 2203 1471 2258 vincula
1483 2203 1589 2270 verbis,

1009 2291 1167 2346 Decantans
1182 2291 1290 2363 placide
1303 2299 1417 2364 pectora
1430 2294 1524 2347 amice
1537 2299 1652 2349 notans.

974 2381 1033 2434 Hoc
1047 2396 1115 2451 rogo
1125 2386 1222 2435 noster
1234 2397 1314 2435 anaor
1327 2381 1420 2447 faciat,
1431 2398 1501 2452 rogo
1513 2382 1655 2450 versibus,
1669 2400 1722 2450 oro,

1009 2469 1090 2534 Quod
1100 2469 1203 2524 nostris
1213 2470 1325 2543 scriptis
1339 2471 1454 2526 sedulus
1465 2472 1554 2526 ardor
1565 2479 1624 2527 eat.

973 2560 1071 2612 Sermo
1082 2558 1200 2613 decorus
1210 2565 1282 2626 ovet,
1297 2569 1425 2615 servetur
1438 2562 1539 2631 regula
1551 2562 1646 2628 dicus,

1007 2646 1131 2702 Nexibus
1146 2654 1175 2703 et
1188 2648 1272 2703 certis
1286 2666 1383 2704 versus
1397 2650 1427 2703 in
1441 2656 1506 2704 arte
1520 2658 1610 2706 meet.

973 2736 1018 2791 Sic
1032 2742 1082 2791 tua
1095 2742 1163 2791 tunc
1177 2736 1271 2791 sobrio
1285 2738 1434 2793 decoratur
1444 2740 1543 2794 tistule
1556 2746 1655 2806 mum,

136 2830 233 2902 Daque
248 2831 333 2885 tidem
347 2831 469 2902 plenam,
486 2830 523 2885 da
537 2847 627 2902 spem,
648 2832 684 2885 da
699 2830 802 2901 pignus
815 2828 929 2896 amoris,
1008 2826 1209 2898 Laudaturque
1218 2827 1302 2883 modo
1315 2830 1380 2899 jure
1395 2834 1480 2900 poeta
1489 2828 1576 2886 bono.

168 2918 357 2990 Mandateque
367 2926 416 2973 tna
430 2919 513 2974 corde
526 2936 668 2991 manuque
680 2936 789 2989 geram.

134 3006 240 3062 Strinxi
255 3023 300 3061 me
310 3013 384 3072 voto,
400 3008 507 3078 comple
523 3009 576 3061 hoc
590 3009 653 3080 pius
666 3008 773 3063 arbiter
786 3008 870 3074 orbis,

167 3095 276 3151 Natura
288 3095 396 3165 fragilis
406 3096 480 3166 quod
492 3096 614 3151 celerare
627 3096 734 3168 nequit.

131 3183 229 3255 Sitque
244 3200 314 3255 opus
330 3199 412 3237 omne
424 3189 515 3250 tuum,
533 3185 718 3257 quodcunque
733 3185 865 3257 expendis

167 3273 211 3327 Sit
223 3272 275 3327 tibi
290 3273 352 3327 laus
366 3272 429 3338 soli,
444 3273 535 3343 gloria
544 3274 637 3345 sitque
650 3279 709 3329 tua.

133 3361 205 3417 Cum
219 3362 287 3417 velis
301 3363 364 3418 vite
375 3363 470 3424 tinem,
486 3363 627 3434 finemque
642 3361 746 3418 laboris

166 3451 324 3522 Mponcre,
339 3468 420 3506 servo
435 3456 503 3506 ωηο
517 3451 652 3508 miserere
666 3457 725 3507 tuo.

130 3541 172 3597 Ne
185 3556 317 3597 occursus
326 3557 416 3596 sevus
429 3548 537 3609 noceat,
550 3558 586 3596 ne
596 3543 730 3597 Tartarus
741 3543 853 3610 ardens,

165 3630 268 3684 Missus
282 3630 331 3684 sed
342 3630 414 3685 lucis
429 3630 513 3685 ducat
525 3631 561 3686 ad
571 3637 648 3686 astra
664 3631 738 3703 poli:

130 3717 204 3774 Dum
212 3718 299 3790 ludex
311 3719 406 3775 reniae
420 3720 586 3775 meritorum
596 3721 664 3792 jura
677 3719 842 3792 rependens,

165 3806 305 3863 lustitlcea
316 3825 427 3864 servum
441 3815 518 3877 tunc,
535 3825 643 3882 precor,
659 3809 719 3882 ipsc
737 3816 828 3865 tuum.

973 2913 1027 2970 Det
1040 2915 1092 2970 tibi
1106 2933 1217 2971 summa
1231 2916 1324 2971 Patris
1335 2935 1496 2973 sermonem
1507 2919 1611 2990 lingua
1621 2920 1736 2993 loquele,

1009 3003 1137 3060 Christus
1151 3005 1182 3059 in
1194 3021 1258 3059 arce
1272 3006 1357 3074 Deus,
1370 3007 1474 3062 Rector
1484 3009 1515 3063 in
1529 3007 1602 3064 orbe
1616 3012 1689 3083 pius.
1760 3009 1762 3012 ’

974 3093 1095 3165 Spiritus
1109 3100 1193 3166 atque
1208 3112 1276 3150 suus
1288 3096 1373 3150 saciat
1386 3096 1437 3151 tibi
1451 3100 1539 3154 corda
1555 3100 1689 3173 benigne,

1008 3182 1148 3237 Mentibus
1158 3199 1190 3237 ac
1204 3183 1297 3238 verbis
1311 3191 1343 3239 ut
1356 3185 1477 3241 Domino
1492 3189 1620 3260 placeas.

793 3275 928 3345 [alumno‚
972 3272 1038 3326 ilaec
1051 3272 1103 3326 tibi
1113 3289 1187 3328 nuuc
1198 3273 1317 3328 breviter
1329 3273 1448 3331 festinus
1459 3277 1532 3331 calle
1544 3278 1648 3346 viarm,

1007 3361 1134 3416 Scribere
1147 3362 1331 3434 compulerat,
1346 3369 1378 3417 tu
1392 3364 1453 3418 sine
1468 3366 1527 3420 tine
1542 3367 1619 3422 vale.

971 3494 1066 3557 v.-¹¹
1081 3514 1123 3557 aa
1137 3513 1310 3558 aamercort
1326 3514 1495 3560 errscormr
1507 3517 1765 3578 aerisaoassseu,

1187 3612 1226 3667 iia
1235 3627 1354 3681 persona
1370 3624 1382 3653 ⁰
1397 3614 1550 3670 laanbmti.

970 3718 1048 3773 Vade
1066 3717 1165 3785 libens,
1182 3718 1290 3785 charta,
1306 3735 1357 3790 pro
1367 3737 1413 3774 me
1422 3722 1550 3778 transire
1558 3724 1681 3796 juberis.

1006 3809 1071 3880 lpse
1084 3808 1239 3863 salutatum
1253 3808 1368 3864 domata
1382 3809 1476 3866 Petris
1490 3812 1553 3868 adi.

628 3951 784 4007 SCHOLIA
802 3950 1070 4007 CHRISTOPHORI
1090 3950 1270 4006 BROWERI.

128 4086 226 4127 corum
249 4074 385 4136 veterum,
410 4080 471 4128 tum
498 4074 574 4129 illius
599 4075 703 4202 qqinin
729 4076 862 4148 psalterio
877 4093 928 4132 suo
970 4076 1011 4130 vel
1024 4075 1152 4147 discipuli
1167 4093 1284 4130 munere
1303 4077 1430 4132 functum
1449 4095 1524 4146 esse,
1542 4089 1684 4150 veterum,
1694 4085 1762 4210 Μ

129 4140 303 4197 decachordo
319 4142 477 4198 Simonides
490 4153 596 4213 noster,

668 4147 753 4202 darus
767 4154 796 4202 et
807 4149 927 4210 Alcaeus,
968 4147 1065 4212 sciam,
1077 4163 1161 4201 nemo
1176 4148 1307 4218 prodidit,
1324 4150 1377 4203 etsi
1391 4151 1513 4221 catalogi
1529 4152 1684 4210 Fuldensis

130 4212 274 4267 christum
283 4213 346 4284 lyra
357 4230 519 4284 personans,
529 4217 631 4273 litteris
645 4219 680 4272 ad
695 4236 825 4274 versuum
835 4220 928 4291 capita
967 4223 1028 4273 tum
1043 4219 1148 4289 vulgati
1159 4219 1279 4290 scriptor
1294 4219 1322 4274 id
1341 4229 1492 4276 asseveret.

129 4299 262 4340 numeros
278 4301 351 4356 sape
368 4286 518 4341 concinnat
532 4291 644 4354 (esaim.
661 4304 711 4355 vn,
731 4305 805 4356 xxiv,
827 4305 922 4357 marn,

1002 4293 1139 4344 Patronus
1154 4293 1231 4344 saitis
1245 4294 1334 4359 accipe
1344 4292 1443 4362 Operis
1452 4298 1763 4363 euram,etsinontauti,

128 4369 222 4422 xxxvi,
236 4368 281 4420 cx,
298 4364 591 4428 cxr,cxa1v,crv111);
607 4367 667 4415 tum
683 4362 799 4415 alterius
821 4362 868 4433 qui
879 4379 928 4416 ur-
969 4361 1071 4415 iterum
1082 4362 1612 4438 commendatsanetohiartino,cu1us
1631 4368 1764 4424 bibliothe-

131 4427 173 4481 bis
192 4426 330 4481 excidium
359 4433 388 4482 et
411 4429 507 4500 populi
531 4431 574 4485 sui
591 4432 781 4503 captivitatem
796 4434 928 4488 lamentis
968 4449 1030 4486 cam
1042 4432 1393 4503 amariamillcisingenio,
1409 4437 1543 4506 precibus
1557 4447 1589 4493 et
1601 4441 1762 4496 iuternamio

129 4514 310 4570 prosequens,
327 4498 357 4553 in
371 4499 491 4555 Threnis
509 4503 684 4627 Qadmplex
699 4504 816 4559 diversis
829 4484 1004 4560 metrisDne
1019 4505 1106 4558 vitam
1117 4504 1284 4558 communiri
1292 4522 1383 4576 posse,
1397 4515 1503 4576 sperat.

547 4576 697 4646 rythmum
712 4577 754 4631 vel
770 4578 926 4632 Cumanam

1003 4577 1151 4629 *llorduba
1162 4581 1357 4643 quemgenuit,
1374 4584 1426 4631 etc.
1438 4579 1577 4651 Aliquem
1591 4584 1667 4639 forte
1682 4585 1761 4639 culter

129 4639 264 4712 Sibyllam
275 4657 438 4708 memorem,
455 4661 517 4714 qua
532 4651 597 4699 ante
618 4652 661 4702 tot
682 4648 847 4712 seculorum
862 4654 927 4702 aeta-
967 4646 1029 4701 istis
1043 4663 1113 4717 quos
1132 4647 1268 4701 Martialis
1290 4648 1387 4703 laudat
1400 4656 1628 4729 eapeupadtee.
1646 4657 1761 4726 Duosque

128 4718 180 4793 tes,
204 4717 236 4766 ut
249 4717 293 4766 est
314 4712 389 4783 apud
415 4713 529 4798 beatum
542 4717 729 4788 augustinum
752 4719 787 4773 de
808 4720 926 4775 Ciuitate
968 4728 1087 4782 Senecas
1114 4729 1237 4798 (patrem
1261 4728 1413 4795 rhetorem,
1439 4729 1533 4786 tilium
1563 4736 1761 4809 philosophum}

127 4781 176 4837 llb-
195 4795 270 4850 xlm,
287 4800 312 4837 0·
338 4782 382 4850 93,
407 4790 465 4841 lam
489 4786 593 4842 dlserle
607 4788 710 4862 Ἰησοῦς
725 4792 840 4882 Χριστὸς
852 4792 923 4851 Θεοῦ
966 4799 1138 4870 unicumque
1152 4799 1296 4853 Lucanum

126 4863 183 4933 υἱὸς
209 4864 318 4944 Σωτήρ,
332 4865 471 4936 capitibus
485 4885 617 4923 uersuum
635 4873 796 4941 expressit?
811 4888 924 4943 unaque

123 4944 237 5012 Piscem,
254 4944 340 5024 ἰχθὺν,
351 4945 466 5001 notabili
482 4949 617 5019 mysterio
626 4949 718 5004 verbis
727 4951 761 5005 iis
774 4951 922 5024 implicuit.

124 5022 214 5079 'l'aceo
225 5025 285 5094 jam
297 5026 442 5083 Sedulium
458 5029 487 5083 in
497 5030 602 5101 hymno
615 5033 800 5103 genethliaco,
818 5040 847 5088 et
859 5034 926 5089 For-

124 5099 256 5153 tunatam
276 5104 418 5167 nostrum,
439 5100 613 5157 Christianos
636 5110 743 5176 poetas,
760 5104 813 5160 hoc
835 5122 925 5175 genus

124 5167 291 5235 carminum,
306 5186 363 5224 nou
388 5175 420 5225 ut
437 5171 550 5226 inanem
563 5197 625 5252 πιρι
640 5178 741 5252 ιργίαν,
755 5177 804 5231 sed
820 5185 851 5231 ut
870 5179 926 5249 pri-
966 5148 988 5256 ἓ

966 5274 1033 5328 dum
1045 5292 1052 5339 ς
1065 5273 1222 5343 Septimum
1238 5272 1382 5341 Severum,
1391 5276 1616 5351 Tertullianum,
1632 5283 1758 5340 Terenti*

125 5245 179 5299 scis
193 5247 341 5317 natatum,
351 5252 504 5330 εὐρυθμίαν,
520 5270 577 5309 ηοη
590 5261 754 5327 aspernatos
768 5274 838 5313 csse.

1089 4939 1198 4989 Facunda
1211 4941 1319 5003 loquitur
1330 4941 1472 4995 Corduba...

966 5059 1021 5114 Sed
1032 5058 1175 5112 neminem
1191 5074 1224 5111 ex
1237 5058 1291 5122 his,
1309 5064 1341 5113 ut
1358 5077 1422 5115 mea
1441 5080 1536 5131 mens,
1547 5067 1649 5124 Africa
1662 5070 1757 5125 tenuit:

985 5130 1093 5202 uisqnis
1104 5129 1191 5212 igitur
1204 5129 1261 5211 ille,
1274 5130 1297 5183 si
1312 5130 1453 5188 diversum
1469 5142 1564 5201 notat,
1581 5140 1678 5197 adhuc
1694 5143 1757 5196 latet.

989 5203 1065 5256 lures
1081 5217 1156 5256 enim
1178 5199 1272 5256 Africa
1295 5204 1404 5258 tonuit:
1422 5206 1453 5259 P.
1469 5206 1653 5273 Terentium,
1674 5227 1757 5267 corna

158 5323 192 5377 Bt
206 5331 273 5394 qaia
282 5345 309 5383 se
319 5335 449 5386 ammisit
462 5338 606 5389 nutritum
619 5339 651 5390 ia
660 5337 767 5392 dornate
777 5340 925 5396 claraDo-
964 5361 1032 5399 num
1045 5344 1185 5399 Maurum.

125 5394 210 5449 raetis
224 5396 309 5468 huius
328 5403 447 5474 vestigia
469 5421 561 5477 neque
587 5406 712 5473 Parisiis,
729 5409 776 5464 ubi
791 5409 923 5467 Rabanus
1000 5417 1185 5483 bilaturicus,
1206 5415 1255 5485 qni
1277 5416 1412 5473 Teudisce
1439 5425 1607 5481 vernacule.
1638 5425 1757 5485 mrem,

124 5478 239 5546 operam
261 5469 379 5553 Alcuino
407 5474 517 5558 dedisse
538 5484 670 5549 putatum
691 5496 782 5563 neque
800 5482 829 5535 in
848 5482 923 5538 illius
964 5486 1113 5558 quodcum
1127 5486 1244 5543 Rabano
1263 5484 1495 5561 interpretamur,
1518 5501 1758 5553 crisolameataraa

124 5533 202 5588 urbis
214 5554 427 5618 gymnasiorum
436 5547 531 5619 aliquo
546 5550 674 5620 estquod
719 5555 919 5623 rqurraszsed,
962 5561 1045 5613 diaes.

124 5606 236 5674 utdixr,
266 5610 296 5664 in
315 5618 529 5674 monasterias.
546 5621 659 5676 Martini
723 5625 846 5691 ronensi,
873 5626 921 5680 ubi

997 5629 1464 5718 cDeIsambertqplaniusinepita
1506 5638 1553 5703 hs,
1563 5639 1616 5722 qui
1628 5641 1758 5713 presbyter

122 5675 254 5762 Rabequs
282 5681 426 5765 doctorem
445 5688 595 5772 Alcuinum
621 5692 774 5766 discipulus
803 5696 919 5752 audivit.
962 5703 1167 5771 etmouachua‚
1182 5706 1396 5778 origineBoius,
1416 5707 1515 5763 Fudae
1529 5711 1638 5768 vixisse
1652 5712 1755 5777 ridetur,

119 5747 238 5810 Putatis
250 5757 338 5812 οωηι
351 5754 500 5817 Quum
511 5776 623 5830 muse,
632 5765 738 5825 nedum
751 5767 873 5823 doctoris
881 5768 923 5823 ibi
962 5772 1757 5853 Baturicoepiscapoabpetriaconsuetudiuemtamiliaris
