3772 6120
115 283 162 339 tob
309 283 600 357 ENARRfflONUM
618 285 754 358 lngllPP.
775 287 883 345 enum
903 289 971 345 LlB.
992 288 1092 345 XVIII.
1119 317 1151 330 -
1173 288 1213 344 ΙΝ
1232 286 1344 345 EPIS'l'.
1364 283 1413 343 AD
1428 282 1557 355 ΕΒΚΘ.
1704 285 1758 346 idi

115 409 278 465 mutere·
286 409 703 477 Obrestisocientesvoluntatem
709 411 759 465 Dei
768 415 912 466 exanimo.
923 414 1069 474 Afirmam
1084 429 1145 468 esse
1160 428 1240 484 spem
1255 409 1459 484 promissionis,
1478 411 1601 484 prompti
1613 411 1671 470 sint
1684 409 1760 470 cirea

116 497 176 553 turn
192 498 366 564 terrenitate
380 502 527 552 servientes
540 502 611 552 sicut
626 501 752 565 domino,
768 506 791 554 et
807 518 862 556 non
871 503 915 556 lio·
956 502 1090 574 obsequia
1105 502 1165 568 Dei,
1184 501 1324 571 erigentes
1337 499 1528 570 gubernacula
1543 503 1642 557 contra
1655 502 1759 558 fluctus

115 586 523 656 mintha-³:5cientesquune'a1n
537 591 915 660 unusquisquequodcunque
956 592 1089 646 excitatos
1109 590 1300 662 imprudentia
1319 588 1435 644 inimici.
1455 589 1663 661 'tempestatem
1682 591 1758 647 enim

115 675 912 745 (eoentbonurndroccensequeturadomino,riuererous,
955 681 1006 735 Dei
1035 680 1121 734 servis
1140 684 1309 746 commovet,
1330 678 1379 733 sed
1402 678 1462 750 ipse
1480 678 1661 750 naufragium
1680 678 1757 736 iacit.

115 765 161 816 rire
170 764 244 816 liber
255 763 378 832 (Ambe.)
394 765 513 835 Propter
521 765 651 819 timorem
662 766 713 820 Dei
720 768 798 836 justa
808 775 836 821 et
845 769 915 822 side-
954 770 1056 842 (liter.)
1074 768 1153 832 Quod
1168 769 1256 839 igitur
1270 768 1320 831 ait,
1338 767 1544 835 Consortamc'ni
1557 771 1590 824 in
1602 768 1721 824 domino
1733 775 1759 824 et

116 850 215 904 turult
224 852 392 907 hominibus
402 853 527 907 exhiberi
534 854 656 908 servitia.
664 854 722 909 Deo
733 856 808 910 enim
819 857 912 923 servit,
955 860 988 911 in
1000 860 1124 926 potentia
1138 859 1252 911 uirtutis
1265 860 1334 926 ejus,
1351 860 1443 910 totum
1455 855 1576 912 sentitur
1590 856 1620 911 in
1635 855 1757 924 Christo,

116 941 187 1009 cujus
199 941 272 1009 jura
296 941 326 996 in
351 941 493 1014 obsequiis
517 943 623 997 domini
643 945 764 998 carnalis
782 946 912 1012 custodit,
956 951 988 1000 ut
1002 945 1032 1000 in
1046 945 1177 1000 omnibus
1194 944 1356 1012 virtutibus,
1372 960 1434 1016 quae
1448 944 1484 998 de
1498 960 1532 1001 eo
1548 944 1757 1017 intelliguntur,

117 1044 192 1100 quem
207 1029 265 1083 sibi
280 1047 332 1101 pro
345 1032 431 1101 justis
445 1031 552 1087 actibus
570 1033 600 1086 in
619 1033 693 1087 diem
710 1034 808 1104 Judicii
828 1035 914 1090 vicem
956 1035 1004 1106 qui
1031 1034 1202 1089 crediderint
1225 1031 1429 1089 confortentur.
1456 1033 1492 1088 ut
1513 1034 1668 1105 prudenter
1693 1041 1758 1108 poet

118 1117 227 1173 reddere
244 1124 275 1173 et
287 1121 396 1174 caeteris
411 1120 540 1175 omnibus
555 1122 635 1175 audit
653 1123 761 1177 testari.
785 1124 852 1187 Quae
870 1141 915 1179 res
955 1124 1088 1195 specialia
1104 1124 1246 1190 mandata,
1262 1122 1329 1194 quid
1344 1123 1411 1177 viris
1426 1127 1455 1177 et
1467 1122 1610 1189 uxoribus,
1631 1123 1758 1196 patribus

119 1211 201 1278 potest
216 1208 357 1277 proficere
371 1210 458 1262 etiam
475 1209 510 1263 ed
524 1209 645 1263 salutem
658 1210 837 1266 dominorum
855 1232 860 1265 :
877 1212 917 1265 vi·
957 1217 986 1266 et
999 1213 1073 1278 tiliis,
1089 1212 1210 1267 dominis
1226 1219 1254 1266 ct
1276 1211 1364 1266 servis
1386 1211 1590 1267 observandum
1612 1212 1658 1280 sit,
1684 1227 1759 1269 nune

120 1294 206 1348 dentes
221 1296 302 1350 euim
318 1298 392 1368 quod
413 1297 525 1351 difficile
544 1303 596 1363 est,
613 1314 707 1353 servos
721 1284 836 1370 perlici
849 1317 915 1371 gra·
955 1300 1126 1371 generaliter
1136 1299 1267 1355 omnibus
1275 1299 1306 1354 in
1316 1316 1465 1354 commune
1474 1299 1609 1373 precipit,
1621 1300 1693 1356 utin
1703 1300 1757 1356 Do·

120 1382 179 1437 fiam
192 1384 285 1439 iactos
300 1385 399 1439 fideles
413 1387 568 1453 ministros,
585 1393 719 1458 poterunt
733 1389 782 1443 Dei
796 1389 916 1458 gloriam
956 1390 1033 1444 mino
1045 1395 1075 1443 et
1084 1390 1114 1443 in
1124 1390 1185 1460 ejus
1196 1389 1321 1460 potentia
1332 1388 1481 1443 confortati
1489 1395 1649 1462 praeparent
1661 1406 1692 1444 se
1705 1389 1757 1445 ed·

122 1471 390 1546 codaudare.(Hier.)
403 1475 547 1538 Quomodo
557 1482 652 1530 autern
662 1477 697 1530 ad
706 1477 865 1531 Corinthios
875 1494 916 1531 se·
955 1494 1067 1533 versum
1075 1477 1229 1544 diabolum,
1241 1478 1275 1532 de
1286 1494 1341 1549 quo
1351 1478 1380 1532 in
1395 1477 1631 1550 consequentibus
1640 1477 1756 1534 scribit:

123 1561 233 1616 cundum
244 1568 360 1634 tempus
368 1565 551 1634 rescripserat
560 1566 587 1630 (I
593 1565 654 1619 Cor.
666 1568 723 1632 vul,
735 1583 771 1620 ne
779 1583 830 1638 per
839 1583 916 1620 occa·
991 1570 1102 1622 induite
1114 1584 1159 1622 cos
1176 1573 1357 1622 aeneatorum
1372 1569 1430 1634 dei,
1446 1571 1478 1622 ut
1488 1569 1598 1636 possitis
1617 1573 1690 1623 sture
1709 1567 1759 1622 nd·

124 1648 217 1704 ionem
227 1651 296 1705 fidei
307 1652 338 1705 in
349 1653 461 1707 Christo
471 1653 668 1707 intermoritos
678 1660 707 1707 et
717 1671 815 1709 uxores
825 1655 915 1709 divor·
954 1672 1048 1710 uersus
1058 1658 1178 1711 e'nsidc'as
1191 1657 1304 1710 diaboli.
1320 1656 1359 1710 Ex
1374 1655 1418 1710 his
1432 1671 1493 1727 quae
1503 1655 1577 1711 infra
1588 1655 1718 1727 legimus,
1729 1663 1758 1711 et

124 1739 273 1803 tiatiereut,
287 1741 313 1794 si
324 1757 340 1794 e
350 1740 460 1795 duobus
469 1758 542 1795 nnus
552 1741 666 1795 credere
675 1743 816 1810 voluisset,
829 1744 869 1798 ita
878 1736 998 1800 adeis
1013 1760 1074 1815 quae
1089 1742 1119 1798 in
1134 1743 1287 1815 scripturis
1301 1743 1431 1798 omnibus
1445 1743 1480 1797 de
1490 1743 1610 1799 Domino
1619 1744 1757 1800 salvatore

126 1826 246 1898 Ephesios
257 1829 329 1882 etad
340 1830 528 1896 Colossenses,
541 1831 607 1901 quia
621 1832 735 1902 plurimi
750 1832 825 1887 inter
834 1833 914 1889 initia
955 1832 1096 1899 dicuntur,
1113 1833 1340 1887 manifestissime
1356 1830 1554 1902 comprobatur
1567 1832 1663 1887 omnia
1676 1846 1757 1889 arma

127 1915 178 1969 idei
186 1916 326 1987 putabant
335 1918 590 1987 gentilesdominos
600 1922 827 1981 contemnendos,
838 1939 913 1977 nunc
954 1921 1120 1992 Dei,quibus
1128 1920 1435 1991 nunciuduijubemur,
1443 1920 1562 1992 intelligi
1571 1920 1755 1988 Salvatnrem,

127 2004 304 2060 conditionum
310 2007 455 2061 moderate
462 2009 790 2079 preceptaconstituitut
797 2012 913 2065 etscrvi·
954 2016 987 2065 ut
998 2027 1086 2067 unum
1100 2016 1185 2082 atque
1200 2010 1276 2065 idem
1291 2010 1327 2063 sit
1340 2009 1442 2063 dixisse
1454 2028 1461 2062 ι
1473 2009 1585 2065 induite
1599 2025 1648 2065 voa
1661 2009 1757 2066 omnia

128 2093 215 2148 tenen
225 2094 357 2150 videatur
366 2096 599 2151 contradorninos
606 2098 756 2164 concitare,
766 2105 913 2155 etrursum
955 2116 1035 2154 arma
1053 2100 1115 2165 Dei,
1135 2099 1215 2171 quasi
1233 2098 1336 2153 dixerit
1348 2117 1354 2152 ι
1366 2097 1480 2154 Indurte
1493 2098 1645 2153 Dominum
1659 2099 1756 2154 iesum

129 2198 290 2254 nequaqnam
304 2185 434 2239 dominos
459 2186 558 2240 doceat
578 2186 742 2253 audiendos,
768 2188 791 2241 si
815 2189 915 2243 vitiosa
955 2188 1118 2256 Christnm3
1135 2188 1249 2242 sienim
1272 2187 1417 2257 cingulum
1432 2187 1535 2241 veritas
1555 2192 1606 2254 est,
1626 2193 1657 2242 et
1670 2187 1757 2243 lorica

131 2271 283 2327 ductanda
312 2274 486 2345 praecipiant.
517 2275 553 2328 Et
576 2276 627 2329 hoc
650 2276 815 2343 notandum,
840 2279 915 2348 quod
952 2277 1064 2348 justitia
1073 2283 1124 2342 est,
1137 2277 1265 2332 Salvator
1276 2282 1371 2331 autern
1384 2280 1413 2330 et
1422 2275 1525 2330 veritas
1535 2280 1565 2331 et
1577 2274 1690 2345 justitia
1703 2291 1755 2330 no·

132 2356 278 2417 obedientia
291 2362 416 2416 liliorum
439 2368 525 2434 atque
545 2381 691 2418 servorum
716 2365 826 2420 diversa
847 2366 914 2420 sub·
955 2367 1089 2429 minatur,
1104 2366 1174 2420 nulli
1190 2364 1307 2420 dubium
1331 2364 1400 2436 quin
1419 2364 1479 2435 ipse
1500 2363 1644 2435 cingulum
1666 2363 1706 2419 sit
1726 2369 1758 2420 et

131 2448 244 2517 junxerit.
258 2448 303 2505 Ad
324 2451 398 2505 tilios
420 2451 496 2505 enim
513 2451 602 2505 dicit:
625 2453 731 2507 obedite
751 2457 914 2522 perentibus
956 2454 1049 2508 lorica.
1066 2456 1164 2525 ltaque
1173 2454 1255 2524 juxta
1262 2452 1438 2523 Apostolum,
1449 2452 1509 2523 ipse
1524 2451 1579 2506 erit
1588 2451 1756 2524 preparatio

133 2541 208 2591 enm
225 2542 258 2592 in
277 2541 397 2594 Donetno
407 2559 415 2603 ,·
440 2539 476 2594 ad
495 2557 589 2595 servos
612 2558 678 2595 vero
703 2560 708 2595 :
735 2543 842 2598 Obede'te
865 2546 914 2598 do·
955 2541 1097 2611 Evangelii
1107 2542 1193 2614 pacis,
1209 2548 1237 2596 et
1245 2546 1356 2595 scutum
1367 2540 1443 2607 fidei,
1455 2545 1484 2594 et
1491 2540 1574 2610 galea
1582 2540 1757 2607 suammet

134 2629 202 2680 erinis
214 2630 377 2682 mercatibus
393 2645 456 2682 cum
479 2633 577 2683 terrore
597 2635 621 2683 et
642 2635 768 2697 tremore,
791 2639 823 2686 nt
842 2633 915 2687 sieut
953 2631 1064 2700 gladius
1074 2630 1205 2701 Spiritus,
1217 2630 1291 2701 quod
1303 2635 1346 2684 est
1355 2627 1471 2683 verbum
1481 2628 1543 2695 Dei,
1554 2626 1687 2684 civirens
1694 2644 1756 2684 ser·
1770 2642 1774 2649 ·

134 2713 191 2768 inter
202 2732 312 2771 servum
327 2723 357 2771 et
371 2734 486 2772 uxorem
503 2717 588 2772 habet
602 2724 693 2773 metus
711 2720 912 2788 diversitatem,
954 2736 1001 2774 mo
1015 2725 1046 2773 et
1058 2720 1165 2787 efficax,
1182 2727 1211 2774 et
1223 2724 1323 2774 acutus
1343 2734 1428 2790 super
1447 2733 1561 2772 omnem
1579 2717 1707 2788 gladium
1721 2732 1756 2775 ex

134 2801 163 2855 iu
174 2811 199 2857 ot
209 2804 282 2859 inter
294 2806 370 2859 tilios
390 2814 419 2861 et
434 2824 528 2861 servos
551 2806 711 2862 obedientia
730 2808 911 2880 discreparet.
954 2815 1074 2880 utraque
1083 2815 1164 2880 parte
1175 2814 1288 2863 acutum
1299 2808 1393 2868 llietr.
1404 2809 1451 2876 ιν).
1459 2805 1526 2872 Quae
1536 2812 1632 2862 autem
1645 2806 1756 2863 aliaar·

134 2888 274 2962 litpulchre
285 2894 429 2965 imperans
441 2896 528 2950 servis
537 2902 570 2949 ut
578 2895 711 2951 obediant
719 2898 850 2966 dominis,
865 2900 913 2953 ad·
954 2914 1001 2952 ma
1009 2898 1060 2952 Dei
1067 2914 1215 2969 possumus
1223 2896 1373 2962 aestimare,
1382 2894 1484 2967 quibus
1491 2894 1651 2950 induendus
1658 2895 1757 2967 estqui

133 2978 267 3050 jecitqunsi
277 2984 395 3050 Chresto,
406 2988 436 3037 et
447 2984 560 3051 iterum,
573 2989 604 3037 ut
614 2989 688 3039 servi
696 2986 801 3040 Olrristi
810 2989 913 3054 sacien—
952 2968 1756 3055 habe'tadversusdiabolidimicareversutiasexceptavir·

137 3073 395 3137 amanuenses,
409 3080 440 3126 ut
451 3073 559 3127 scilicet
567 3089 623 3127 non
634 3075 732 3129 audiat
744 3091 840 3143 servus
850 3093 912 3130 car-
922 3081 944 3142 c
953 3081 1023 3141 tute,
1040 3092 1102 3146 quae
1115 3080 1158 3130 est
1168 3075 1307 3130 Christus.
1322 3074 1404 3128 Hunc
1413 3072 1500 3138 enim,
1512 3072 1560 3144 qui
1567 3074 1649 3144 juxta
1659 3072 1757 3128 omnia

137 3157 205 3212 ratem
219 3160 377 3228 dominum,
391 3161 414 3215 si
425 3162 567 3216 contraria
577 3163 723 3233 praeceptis
733 3164 784 3217 Dei
795 3165 914 3219 voluerit
955 3180 1016 3236 quae
1026 3181 1110 3236 super
1118 3181 1152 3218 eo
1161 3161 1456 3234 intelliguntur,luerit
1464 3161 1692 3233 indutus,potens
1700 3160 1757 3217 erit

137 3244 258 3317 inperare.
954 3250 1757 3322 contrauniversasinsidiasdiabolirepugnareetsocun-

160 3335 187 3390 tt
201 3353 252 3403 ros,
271 3340 391 3404 dornini,
410 3341 503 3393 eodem
520 3341 602 3408 (acite
617 3343 654 3395 ud
669 3344 732 3396 illoc
746 3346 913 3398 remittentes
954 3337 1755 3413 dumidquidem,quodveritatepraecinctusestnonfarile

139 3426 442 3497 scandentemque
451 3431 913 3497 ipsorumetoesterliominusestin
954 3427 1757 3502 adfalsitatisdogmatadeducetur:juxtahocvero,quod

140 3516 197 3580 nte,
210 3521 234 3570 et
245 3532 434 3585 personarum
455 3521 572 3586 acceptio
591 3535 648 3572 non
669 3525 705 3572 eet
723 3521 798 3588 apud
815 3522 912 3575 [teum.
953 3520 1042 3575 lorica
1053 3520 1169 3574 indutus
1189 3525 1233 3573 est
1252 3517 1380 3589 justitia,
1403 3516 1562 3588 iniquitatis
1579 3516 1682 3587 jaculis
1699 3532 1756 3574 non

140 3601 913 3676 liubr.)NonignorantesutiquecarnalesdominiDeum
955 3609 1058 3680 poterit
1072 3607 1208 3680 perforari
1236 3625 1242 3661 :
1265 3623 1316 3661 nec
1340 3621 1397 3660 non
1421 3620 1485 3659 cum
1509 3604 1649 3659 calceatus
1671 3603 1758 3660 fuerit

83 3704 85 3745 i
138 3693 239 3748 tunium
253 3693 408 3749 Dominum
423 3710 484 3749 esse
503 3711 691 3761 communem,
713 3698 782 3751 talia
801 3698 915 3768 exigant
954 3696 1151 3751 calceamentis
1160 3694 1356 3768 pulcherrimis
1365 3693 1395 3748 in
1403 3692 1757 3764 praeparatioueEvangelii

136 3781 234 3849 adua,
251 3782 349 3855 qualia
364 3800 382 3837 a
396 3800 426 3837 sc
441 3784 514 3853 exigi
529 3799 585 3838 non
599 3783 692 3838 lerant
705 3802 797 3855 aegre:
813 3786 842 3839 in
859 3804 914 3858 qua
955 3786 1041 3858 pacis,
1059 3784 1138 3857 quasi
1147 3785 1172 3838 is
1181 3783 1229 3855 qui
1243 3781 1410 3855 praeparavit
1428 3781 1458 3835 in
1473 3782 1529 3835 line
1550 3796 1637 3852 opera
1649 3795 1712 3849 sua,
1727 3787 1758 3836 et

135 3868 190 3923 uim
202 3871 265 3943 quis
284 3888 420 3926 mensura
438 3874 650 3939 mensuraverit,
670 3875 835 3929 remetietur
848 3876 912 3930 illi:
956 3876 1059 3930 idcirco
1069 3874 1145 3945 pacis
1155 3874 1238 3927 homo
1247 3871 1337 3927 lactus
1347 3877 1399 3937 est,
1413 3886 1465 3925 nec
1476 3869 1640 3925 bellicosum
1648 3869 1756 3940 aliquid

133 3954 248 4015 butum
257 3961 335 4016 enim
343 3961 437 4031 justus
444 3961 531 4032 judex
541 3963 915 4035 causasdiscernitmonpcr-
956 3968 985 4019 et
998 3964 1205 4018 tumultuosum
1219 3960 1288 4033 agit,
1309 3976 1361 4015 nec
1379 3975 1444 4014 cum
1462 3958 1515 4026 his,
1540 3957 1589 4030 qui
1606 3958 1756 4032 impraepe-

130 4060 204 4103 onas.
214 4051 316 4118 (Hier.)
326 4050 533 4114 Quaenamsunt
543 4051 611 4116 brec,
620 4068 681 4122 quae
689 4053 776 4106 servis
786 4055 914 4124 superius
955 4052 1010 4108 rati
1025 4056 1101 4118 sunt,
1115 4048 1357 4106 condemnabitur.
1373 4048 1528 4105 Infidelitas
1550 4064 1673 4119 quoque,
1694 4064 1757 4121 quae

128 4132 269 4208 muravit,
285 4146 319 4192 ut
332 4139 440 4193 diceret
453 4139 574 4194 dominis
589 4141 687 4194 eadem
706 4142 833 4195 facienda
852 4160 914 4213 queo
955 4141 1144 4196 inimicatidei
1155 4144 1207 4206 est,
1223 4137 1271 4194 nbi
1286 4143 1398 4193 scutum
1412 4143 1456 4192 est
1469 4136 1545 4205 fidei,
1561 4137 1631 4192 nihil
1643 4135 1755 4193 valebit.

124 4227 297 4282 muiPuto
308 4228 360 4282 illa
369 4245 430 4299 quae
442 4227 559 4294 dixerat,
575 4232 608 4284 in
622 4232 799 4298 sinrpticitute
813 4233 910 4297 ceretu,
955 4232 1047 4302 Caput
1061 4231 1188 4285 etiamst
1201 4227 1356 4300 principale
1372 4228 1463 4282 cordis
1479 4232 1508 4281 et
1526 4227 1638 4293 animes,
1656 4227 1686 4281 in
1701 4243 1757 4298 quo

124 4316 283 4381 miserentes
290 4320 461 4371 voluntatem
467 4319 526 4382 liei,
535 4321 721 4384 enecari-mo,
730 4324 768 4385 et,
778 4335 840 4372 curn
852 4321 945 4418 fide-D
954 4335 1053 4374 sensus
1061 4335 1158 4374 omnes
1168 4317 1254 4373 locuti
1264 4322 1341 4384 suut,
1353 4316 1452 4371 salutis
1460 4317 1543 4386 galea
1553 4314 1758 4370 circumdatum

120 4404 190 4459 litote
198 4405 255 4459 sive
266 4405 463 4460 benevolentia
471 4405 501 4460 in
511 4423 616 4472 servos,
629 4407 695 4478 quia
705 4407 791 4466 rivere
802 4413 913 4463 utrum·
954 4425 1011 4464 non
1022 4407 1211 4480 quassabitur.
1222 4406 1266 4461 Ad
1278 4411 1445 4470 extremum,
1457 4403 1539 4474 quasi
1548 4403 1591 4457 vir
1602 4402 1721 4457 bellator
1728 4408 1759 4458 et

122 4507 282 4562 quemnam
296 4499 400 4565 potest.
417 4495 614 4567 Unusquisque
629 4496 913 4566 enirn,quodiece1·it
953 4498 1043 4563 fortis,
1068 4513 1166 4551 omnes
1190 4501 1280 4550 sectas
1304 4493 1458 4548 contrarias
1480 4489 1592 4544 veritati
1617 4489 1756 4558 concidet,

120 4578 189 4648 toni,
201 4581 253 4637 hoc
262 4583 382 4654 recipiet
392 4601 410 4637 a
422 4584 551 4651 Domino,
567 4585 623 4639 sive
637 4585 760 4639 famulus
775 4585 911 4653 servierit,
954 4585 1112 4651 interficiet,
1122 4583 1273 4656 iugulabit,
1279 4582 1406 4652 gladium
1416 4579 1546 4650 Spiritus,
1554 4578 1583 4632 id
1593 4578 1757 4634 estverbum

120 4671 324 4742 utpraedictum
339 4681 392 4737 est.
415 4673 472 4726 sire
491 4672 562 4727 liber
582 4673 742 4728 dominatus
765 4673 860 4738 luerit,
881 4679 914 4728 ut
953 4675 1014 4740 Dei,
1026 4679 1231 4728 manutenens.
1244 4666 1759 4738 Volensergonpostolusmultimoda

120 4766 224 4830 eportet
246 4780 252 4814 :
272 4768 307 4815 nt
329 4777 385 4815 non
413 4761 450 4815 sit
471 4762 604 4816 terribilis.
627 4780 683 4817 non
707 4769 854 4834 promptus
878 4762 913 4816 ed
954 4763 1057 4818 diaboli
1080 4761 1194 4833 ingenia
1212 4757 1369 4824 ostendere,
1396 4755 1496 4828 quibus
1520 4771 1572 4811 nos
1591 4772 1692 4829 capere
1712 4757 1757 4811 ni·

120 4848 237 4917 verbera,
249 4851 342 4904 sciens
352 4850 421 4922 quia
429 4857 458 4904 et
466 4850 526 4922 ipse
536 4851 620 4905 habet
628 4853 779 4906 Dominum
788 4852 817 4906 in
826 4851 911 4918 eoelis,
954 4852 1032 4917 titur,
1044 4867 1096 4924 per
1105 4867 1139 4905 ea
1148 4848 1248 4904 locain
1261 4847 1363 4919 quibus
1381 4861 1438 4900 non
1460 4844 1536 4900 omni
1556 4845 1685 4902 custodia
1697 4862 1758 4902 ser·

120 4938 188 5008 rpud
198 4953 282 5009 quem
291 4955 350 4993 non
362 4945 406 4993 est
415 4940 539 5010 acceptio
551 4957 747 5011 personarum,
762 4947 791 4993 et
805 4939 853 5011 qui
866 4955 913 4994 so·
954 4956 1050 4995 vemus
1064 4956 1112 4994 cor
1126 4944 1264 5004 nostrum,
1288 4933 1446 4990 methodias
1461 4936 1533 5005 ejus,
1553 4934 1584 4989 id
1603 4940 1656 5000 est,
1676 4933 1759 4990 adin·
1831 4930 1834 4939 '

117 5022 155 5080 ΙΙ
166 5033 277 5082 mutum
289 5028 401 5098 judicet
419 5028 586 5095 voluntates,
615 5035 643 5082 et
663 5031 744 5100 juxta
766 5046 814 5083 eus
834 5031 913 5083 dete·
955 5030 1108 5094 ventiones,
1125 5028 1168 5081 vel
1187 5024 1325 5080 versutias
1345 5022 1509 5079 nominavit.
1532 5023 1561 5078 Si
1577 5022 1653 5077 enim
1667 5019 1756 5077 absti-

117 5113 178 5169 riori
186 5116 318 5186 preferat
328 5116 485 5180 meliorem,
497 5118 603 5188 eligens
612 5118 695 5184 lacta,
707 5135 762 5171 non
775 5117 911 5184 homines,
955 5118 1100 5173 nuerimus
1115 5133 1166 5170 nos
1179 5133 1197 5168 a
1210 5129 1360 5185 corporum
1375 5111 1527 5184 voluptate,
1543 5125 1644 5181 parum
1659 5115 1758 5167 mutos

117 5202 255 5260 teretem
276 5207 480 5274 eorrsortamine'
499 5210 530 5260 in
551 5209 678 5273 Dorerino,
700 5212 725 5260 et
744 5210 913 5275 inpotentia
954 5207 984 5261 in
994 5206 1114 5261 avaritia
1127 5205 1211 5276 capit.
1232 5203 1312 5267 Quod
1334 5202 1358 5256 si
1379 5208 1408 5256 et
1425 5199 1572 5254 avaritiam
1591 5213 1657 5253 eum
1677 5199 1757 5254 volu-

118 5293 224 5347 rr'rtutis
236 5297 306 5361 siun
324 5293 443 5362 (Ambe.)
460 5294 528 5348 Post
542 5296 637 5349 omnia
651 5296 759 5350 monita
773 5303 802 5349 et
815 5296 912 5350 horta·
953 5290 1449 5367 ptatecontemnimus,perlururiam
1456 5286 1565 5359 irrepit,
1573 5286 1759 5344 etfacitnobis

118 5388 217 5449 uta,
229 5392 259 5437 et
272 5382 428 5455 disciplina
438 5383 564 5438 ordinem
579 5384 713 5439 traditum
729 5385 867 5455 religiose,
885 5390 914 5439 et
954 5390 1080 5439 ventrem
1095 5399 1155 5439 csse
1173 5383 1273 5448 Deum,
1296 5388 1325 5436 et
1346 5396 1396 5452 per
1418 5379 1490 5432 hanc
1514 5375 1600 5431 etiam
1622 5375 1673 5432 illa
1696 5392 1758 5449 ques

117 5466 322 5540 tiqimuonem
334 5472 462 5542 mysterii
473 5472 689 5538 manifestatam,
706 5473 836 5527 robustos
850 5473 912 5527 illos
954 5473 1039 5529 fortia
1052 5490 1113 5527 esse
1126 5470 1293 5526 videbantur
1304 5473 1455 5542 expugnat.
1471 5465 1507 5521 Et
1515 5465 1656 5537 quomodo
1666 5465 1758 5520 solent

118 5554 170 5612 ult
185 5576 247 5615 ease
265 5560 294 5616 in
313 5564 372 5616 tide
393 5561 495 5616 fiducia
508 5561 655 5632 potestatis
670 5563 730 5628 Dei,
747 5568 781 5617 ut
793 5563 913 5617 scientes
954 5563 1096 5634 sapientes
1109 5560 1284 5619 exercituum
1297 5556 1448 5631 principes,
1462 5569 1497 5610 ea
1509 5554 1554 5625 vql
1567 5551 1689 5610 maxime
1703 5568 1755 5622 op-

1794 5716 1829 5744 A
