3772 6120
147 294 171 350 a
365 291 655 347 ENARRATIONUM
674 293 712 344 ΙΝ
733 292 810 345 ΕΡΡ.
834 295 936 348 rauel
958 296 1025 350 LlB.
1047 299 1081 353 X.
1098 327 1130 338 -
1150 301 1188 354 lN
1208 301 1320 355 aelst.
1343 301 1420 356 lat)
1439 304 1519 357 otiu.
1728 312 1761 360 aa

147 432 193 473 rota
201 418 298 487 legalia
312 434 371 471 iton
386 418 498 483 ollerre,
516 417 565 471 sed
578 417 646 471 facit
660 417 717 471 hac
735 419 838 483 arania,
859 422 926 490 quia
935 423 1089 486 Arictoriae
1102 426 1184 479 laude
1195 428 1369 496 conquirere.
1384 429 1480 499 ltaque
1490 432 1513 484 si
1525 447 1622 500 agonis
1635 435 1762 489 mundia-
1820 483 1825 489 .

145 507 289 578 reliquerit
301 506 631 576 quodsibiutiloest,sed
647 508 720 576 quod
733 508 838 568 inultis,
848 510 922 578 quod
965 512 998 564 lis
1011 512 1194 581 intelligimus
1209 515 1396 584 disciplinam.
1417 519 1496 586 eujus
1515 522 1642 592 exernplo
1663 522 1761 578 beatus

143 596 249 668 quamvis
262 595 314 649 Dei
329 595 568 665 contemplatione
582 595 619 649 sit
636 595 750 657 factum,
770 603 865 650 tauma
883 599 922 651 si'-
963 601 1113 669 Apostolus
1126 602 1272 655 nosvoluit
1284 603 1404 663 erudire,
1414 605 1761 678 docensquantacustodia

143 687 276 739 laniatione
289 701 347 738 non
362 684 465 737 caruit.
482 684 621 747 Quicnim
634 701 685 754 per
705 685 795 753 legem
818 686 922 740 Christi
964 687 1031 757 quid
1045 705 1096 742 nos
1115 691 1262 744 conveniat
1281 691 1381 757 lacere,
1404 710 1460 762 qua
1477 696 1600 764 puritate
1621 699 1761 769 oportebit

141 776 182 845 legi
195 781 321 827 mortuus
338 774 441 837 fuerat,
462 780 494 826 ut
512 774 569 827 Deo
587 773 699 831 vireret,
721 774 824 844 quique
845 776 923 828 illam
964 777 1103 831 custodire
1117 779 1204 833 nostri
1226 781 1349 850 corporis
1369 789 1454 851 atque
1471 784 1572 839 animae
1590 787 1759 855 castitatem,

139 865 259 934 justitiam
272 862 353 931 legia.
370 862 400 915 in
414 868 660 932 quaeantersatus
674 862 766 915 suerat
778 863 838 917 sine
853 882 922 934 que-
964 882 1033 935 quos
1046 882 1158 921 neeesse
1173 874 1217 920 est
1235 869 1360 939 quotidie
1379 872 1561 926 sacrosanctis
1582 875 1648 944 agni
1667 877 1760 930 carni·

140 954 192 1006 reta.
207 952 411 1005 detrimentum
421 951 535 1014 feceno,
552 958 580 1006 et
594 951 786 1006 arbitraturut
799 960 923 1006 stercora
962 952 1014 1007 bus
1038 956 1119 1020 raeci,
1145 972 1214 1025 quas
1234 958 1377 1011 neminem
1396 959 1574 1015 immundum
1599 964 1761 1035 contingere

139 1054 161 1095 ut
172 1041 312 1094 Christum
325 1040 503 1094 lucrifaceret
518 1041 630 1109 (Philip.
646 1046 694 1105 m),
717 1057 752 1094 ea
769 1058 830 1111 quae
852 1041 922 1109 legis
963 1043 1157 1097 etiamreteris
1169 1045 1239 1114 legis
1249 1054 1387 1117 praecepta
1398 1049 1583 1117 permittunt?
1594 1051 1627 1106 ln
1640 1053 1762 1109 Levitico

138 1142 204 1183 amnt
218 1145 283 1183 cero
293 1129 387 1182 cordis
400 1128 502 1182 allecta
517 1128 616 1182 allone
626 1145 682 1183 non
696 1131 795 1200 potuit.
808 1131 865 1183 Nec
880 1131 922 1183 t'as
963 1148 1084 1202 namque
1099 1133 1139 1186 ita
1151 1134 1326 1204 praecipitur:
1340 1136 1436 1190 dennis
1445 1141 1568 1192 arraudus
1582 1143 1761 1196 inanducaln't

136 1227 170 1274 cst
181 1219 253 1272 credi
271 1234 338 1272 curn
354 1218 402 1288 qui
417 1217 546 1270 dixerat:
564 1217 596 1272 Si
614 1221 689 1271 caim
709 1236 768 1287 qaa-
786 1220 918 1282 destruat,
962 1228 1097 1281 carnes‚ct
1107 1225 1205 1275 anieno
1216 1239 1382 1292 quecunque
1394 1227 1478 1279 ederit
1489 1229 1521 1279 da
1531 1230 1663 1283 carnibus
1675 1235 1761 1286 sacri

135 1311 178 1362 tec
195 1312 296 1361 iterum
320 1308 431 1372 edifica,
456 1309 696 1374 prevaricatorem
728 1324 768 1358 uec
788 1311 921 1360 comatico
963 1311 1019 1375 licii
1032 1313 1175 1373 salutaris,
1187 1313 1304 1380 qaadcst
1315 1312 1438 1375 Hauriat,
1450 1318 1481 1368 ia
1492 1323 1595 1384 quaest
1606 1321 1760 1374 intereundi·

134 1398 193 1465 (Gal.
208 1400 247 1462 n'),
266 1396 296 1448 in
312 1395 340 1448 id
355 1412 385 1448 se
397 1395 528 1448 incidisse
543 1395 617 1464 quod
632 1395 690 1465 ipse
702 1395 884 1448 damnaverat
894 1403 922 1449 ct
964 1400 1012 1460 tio,
1026 1400 1127 1465 peribit
1142 1415 1234 1451 corana
1250 1401 1365 1454 llourino
1382 1404 1474 1463 (tevit.
1490 1408 1547 1471 vu).
1559 1405 1702 1468 Quantum
1717 1414 1761 1462 ast

131 1486 277 1539 intantum
292 1501 351 1537 non
366 1485 457 1553 magis
477 1500 521 1536 res
536 1485 597 1553 ipsa
617 1500 678 1554 quae
696 1464 813 1553 geritur,
837 1500 921 1553 quarn
963 1485 1049 1554 igitur
1059 1486 1230 1555 integritatis
1244 1503 1355 1554 munus,
1372 1491 1433 1544 sine
1449 1508 1505 1563 qua
1518 1499 1547 1546 et
1560 1493 1600 1547 illi
1618 1495 1760 1564 quierant

129 1575 243 1644 gerentis
262 1578 401 1644 pensatur
418 1573 542 1627 allectus.
566 1574 659 1640 (step.)
677 1573 734 1626 Hoc
755 1588 822 1642 crgo
843 1573 921 1625 extri-
962 1573 1013 1627 sub
1034 1575 1120 1627 reteri
1135 1575 1314 1631 Testamenta
1328 1579 1471 1633 sacriticiis
1488 1582 1588 1652 typicis
1609 1599 1665 1636 non
1680 1591 1760 1654 pate-

130 1661 269 1716 beamusei
281 1662 567 1733 cujasinsrrmitatem
579 1662 834 1731 portarerolumus,
848 1662 922 1731 quod
962 1668 1026 1716 rant
1047 1663 1191 1725 interesse,
1210 1671 1239 1718 et
1258 1667 1305 1735 qai
1325 1668 1423 1721 mundi
1446 1669 1529 1739 hujus
1549 1671 1759 1743 corruptibilem

129 1751 158 1805 ab
171 1752 217 1804 illo
231 1751 313 1804 nobis
328 1751 463 1803 vellemus
477 1749 610 1815 exhiberi,
631 1750 655 1803 si
674 1750 745 1803 forte
766 1767 816 1817 nos
838 1751 867 1804 in
888 1766 921 1803 ca
931 1741 1091 1805 Bearonam
1100 1753 1504 1826 cupiuntadipisci,nequeunt
1511 1760 1649 1813 coronari.
1661 1761 1759 1832 ltaque

128 1856 246 1893 mamus
259 1852 289 1893 et
304 1840 363 1910 ipse
379 1856 435 1892 non
443 1844 525 1892 esset.
536 1838 578 1891 dd
586 1840 638 1892 hoc
648 1839 852 1909 pertinetquod
860 1839 920 1909 ipse
961 1840 1038 1893 omni
1052 1840 1179 1895 custodia
1191 1844 1282 1896 cordis
1302 1845 1390 1898 nostri
1410 1850 1477 1899 sunt
1496 1846 1608 1901 latebre
1628 1849 1759 1919 primitus

126 1931 269 2000 Apostolus
284 1929 325 1982 ait
338 1947 344 1980 t
358 1929 491 1983 Omnibus
501 1931 596 1981 arania
606 1929 695 1994 factas
705 1944 776 1993 staur,
788 1934 819 1981 at
828 1945 920 1982 orienes
962 1929 1147 1999 extirpandae:
1165 1932 1238 2002 quod
1251 1933 1326 1986 enim
1339 1933 1380 1986 illi
1395 1934 1425 1987 in
1440 1936 1563 2005 corporis
1578 1938 1701 2006 puritate
1713 1955 1759 1992 au·

125 2021 324 2086 lucrifacerem,
340 2017 489 2087 cogitando
506 2017 611 2071 scilicet
623 2017 652 2070 in
662 2033 695 2070 eo
709 2017 776 2070 ritio
792 2017 877 2070 ctiam
890 2033 920 2070 se
961 2018 1043 2087 piunt
1061 2020 1183 2089 assequi,
1204 2037 1254 2074 nos
1278 2021 1412 2076 debemus
1431 2023 1517 2077 etiam
1535 2024 1565 2078 in
1583 2024 1674 2080 cardis
1691 2043 1758 2081 con-

125 2124 181 2160 esse
196 2108 332 2177 potuisse.
349 2107 424 2160 unde
435 2105 814 2176 cupiebatalterumliberari
827 2125 832 2157 :
843 2123 919 2159 com-
961 2106 1079 2160 scientia
1099 2109 1249 2177 possidere,
1271 2111 1300 2164 in
1318 2128 1374 2181 qua
1395 2112 1532 2167 Dominus
1552 2113 1659 2168 arbiter
1674 2122 1759 2185 atque

124 2197 253 2266 patiendo
278 2196 355 2248 eninr
378 2195 471 2266 potius
493 2195 521 2247 id
541 2194 651 2264 egebat,
672 2211 729 2247 noa
747 2195 917 2260 mentienda,
961 2196 1759 2271 agonotlretaresidenspugnameursusatquecertamiais

123 2286 192 2339 sicut
203 2285 321 2355 quidam
336 2284 525 2354 suspieentur,
535 2289 563 2337 et
571 2283 599 2336 hi
613 2283 734 2336 maxime
743 2283 791 2353 qui
803 2284 919 2337 menda·
962 2283 1162 2354 nostrijugiter
1170 2294 1320 2356 exspectat,
1330 2293 1362 2341 ut
1373 2305 1407 2341 ea
1419 2306 1481 2359 quae
1495 2290 1524 2342 in
1536 2291 1683 2360 propatulo
1692 2292 1759 2346 hor·

123 2375 170 2427 ciis
180 2374 241 2427 suis
254 2372 448 2438 defendendis,
464 2388 525 2442 quae
539 2388 643 2441 negare
663 2389 718 2426 non
737 2379 854 2442 possunt
867 2373 920 2425 ali·
962 2389 1057 2425 remus
1071 2373 1229 2440 admittere,
1246 2392 1281 2428 ne
1296 2376 1463 2430 intrinsecus
1477 2378 1590 2447 quidem
1604 2380 1759 2435 coalescere

126 2464 202 2530 cuias
216 2463 315 2531 magni
330 2460 451 2530 exempli
465 2461 651 2530 patrocinium
664 2468 802 2531 quaerunt.
820 2462 920 2515 Oriraia
962 2461 1076 2514 incauta
1089 2462 1257 2531 cogitatione
1272 2465 1423 2534 patiamur,
1440 2473 1469 2519 et
1482 2465 1511 2519 in
1524 2466 1625 2537 quibus
1634 2468 1759 2533 humana

123 2558 209 2604 caeru
222 2553 296 2618 (acio
303 2555 414 2618 propter
426 2544 615 2617 Ecanpelc‘aar,
629 2556 658 2602 ut
667 2553 801 2618 particeps
816 2553 874 2618 ejice
884 2552 921 2616 es-
962 2549 1120 2618 cognitione
1133 2551 1337 2618 contundimur,
1350 2570 1401 2607 nec
1411 2556 1520 2608 occulta
1533 2556 1647 2626 quidem
1661 2574 1759 2612 concu-

125 2643 211 2706 μίαν.
231 2638 353 2706 (ababa)
369 2639 427 2691 Hoc
443 2643 495 2702 est,
511 2639 606 2692 omnia
619 2639 872 2709 supradictat'acia,
890 2646 923 2692 ut
963 2638 1099 2708 piscentia
1113 2640 1285 2709 polluamur:
1298 2658 1358 2714 quae
1368 2642 1760 2717 lieetpassithomiuumprae·

123 2727 273 2782 voluntatis
293 2726 464 2796 lla-angelicae
478 2726 617 2797 particeps
636 2728 712 2797 darii,
733 2743 817 2798 quam
837 2727 923 2781 habet
961 2727 1047 2780 terire
1056 2727 1195 2794 notitiam,
1208 2733 1760 2805 sanctorumtamendngelorumipsius·
1823 2782 1832 2803 ,

122 2817 192 2870 circa
211 2817 335 2869 salutem
354 2816 518 2869 hurnanam.
540 2816 652 2869 Nescitis
669 2819 802 2884 quoniam
821 2819 870 2884 qai
891 2819 921 2868 in
963 2832 1016 2886 que
1031 2816 1230 2887 oninipotentis
1246 2820 1297 2875 Dei
1308 2821 1455 2874 scientiam
1466 2839 1551 2892 quam
1563 2823 1759 2878 nullasubter·

122 2907 208 2959 stadio
222 2911 354 2969 enarrant,
372 2920 464 2958 ornnes
479 2905 588 2971 quidem
599 2910 727 2967 currunt,
741 2921 815 2957 naas
829 2910 921 2957 autern
962 2904 1074 2974 lugiunt
1085 2915 1202 2973 secreta,
1218 2909 1305 2962 latere
1316 2926 1370 2963 non
1382 2910 1493 2980 poterit.
1506 2912 1539 2965 Et
1553 2914 1600 2966 itti
1608 2914 1720 2980 quidem
1727 2919 1760 2967 ut

121 2998 218 3063 accipit
227 2997 363 3061 patrnam.
386 2994 467 3046 Nunc
485 2993 561 3046 aliud
579 2992 679 3062 incipit
696 3009 843 3062 exponere.
863 2994 920 3046 lta-
962 2995 1167 3060 corruptibilem
1177 3013 1305 3051 aaronem
1319 3001 1465 3066 accipiant,
1477 3015 1525 3052 aas
1534 3004 1771 3068 aeceiiziacorra

123 3098 175 3152 que
184 3083 235 3135 hoc
244 3082 373 3152 exemplo
382 3081 506 3134 ostendit
513 3086 619 3150 quanta
631 3081 669 3133 sit
675 3080 782 3134 utilitas
791 3081 860 3150 legis
869 3097 921 3134 no·
930 3059 950 3118 C
959 3089 1047 3154 ptam.
1065 3083 1168 3154 (Δηὼ.)
1185 3087 1220 3139 Et
1233 3087 1262 3139 iu
1276 3087 1328 3140 hoc
1342 3088 1462 3140 multura
1477 3088 1573 3158 dispar
1586 3088 1691 3142 donum
1705 3097 1758 3154 est,

122 3167 918 3241 stre,inquanonuni,sedornnibuspromissaestpalma.
962 3191 994 3228 ae
1009 3193 1059 3247 per
1073 3178 1124 3230 hoc
1138 3175 1330 3245 diligentiores
1338 3191 1388 3228 nos
1397 3191 1457 3228 esse
1465 3175 1576 3242 debere,
1593 3175 1760 3248 quibusnon

155 3260 201 3314 Sia
214 3263 321 3312 currite
335 3264 365 3311 at
379 3259 621 3326 carrrprclreadatis.
638 3262 647 3324 t
653 3255 782 3326 Theolop.)
798 3258 921 3312 Sollicite
961 3263 1359 3320 terrenisetnrarceseentibus
1372 3263 1497 3327 floribus,
1510 3264 1558 3318 sed
1571 3266 1682 3320 aetemis
1692 3282 1759 3320 con-

122 3350 177 3402 rult
191 3349 268 3402 curri
283 3349 319 3401 ad
338 3346 563 3417 promissionem,
585 3347 651 3417 quia
672 3363 775 3416 magna
796 3354 847 3413 est,
870 3364 921 3401 nec
962 3352 1760 3425 sertagernmis,ininodamregalisdiadematis,spiritalis

122 3445 234 3508 propter
247 3437 390 3490 lentorum
405 3441 433 3488 et
448 3436 577 3505 segnium
596 3452 688 3489 moras
709 3442 821 3506 paratos
836 3443 920 3506 atque
960 3460 1063 3497 corona
1077 3447 1214 3497 servatur.

120 3528 223 3580 aumas
231 3525 336 3579 debere
344 3524 506 3589 subsistere,
519 3540 582 3577 eum
591 3526 694 3578 rectius
705 3525 751 3582 sit.
765 3531 797 3578 ut
809 3525 919 3579 desides
996 3532 1050 3599 Epo
1059 3534 1146 3599 ipitar
1156 3534 1293 3595 sicciora,
1306 3533 1450 3599 nonquasi
1459 3534 1491 3584 in
1501 3532 1759 3601 incertamdtlegna

121 3633 134 3667 a
149 3613 385 3685 praectrrrentibus
398 3612 559 3677 incitentur,
579 3630 663 3683 quam
683 3621 715 3667 ut
735 3622 918 3684 properantes
958 3639 1007 3691 spe
1020 3637 1133 3674 currere
1148 3620 1304 3689 profitetur,
1317 3625 1425 3673 certum
1441 3619 1547 3673 habens
1560 3619 1628 3690 quid
1642 3620 1680 3674 sit
1693 3637 1758 3691 pro·

122 3720 137 3756 a
149 3703 340 3758 residentibus
347 3702 516 3772 obligentur.
526 3702 621 3756 Oraais
629 3708 721 3756 autem
732 3707 782 3772 qai
793 3707 823 3756 ia
833 3720 918 3771 apane
960 3710 1086 3762 missum.
1102 3708 1147 3762 Sic
1158 3710 1405 3775 prepaoaoaqaasi
1412 3723 1503 3761 aeram
1512 3709 1623 3761 cedens.
1638 3709 1697 3761 lloc
1705 3716 1757 3775 est,

123 3795 257 3846 contradit
272 3793 307 3845 ab
324 3793 451 3845 caricibus
469 3808 495 3845 sc
512 3792 636 3844 abstinet.
659 3791 701 3845 Ab
719 3792 762 3845 his
778 3792 916 3855 omnibus,
959 3814 1015 3850 non
1033 3797 1124 3849 verbis
1143 3796 1233 3864 magis
1251 3795 1299 3847 sed
1319 3793 1402 3847 rebus
1420 3795 1567 3848 contendo.
1588 3796 1641 3849 Sed
1658 3800 1759 3864 castipo

124 3883 220 3953 inquit,
240 3898 303 3952 quae
322 3881 436 3934 vitanda
454 3880 552 3934 eadem
572 3880 659 3934 tradit
676 3880 832 3951 disciplina,
854 3897 918 3934 cum
960 3900 1160 3954 corporearum
1177 3888 1201 3936 et
1220 3885 1347 3935 servituti
1361 3884 1486 3951 subjicio.
1500 3882 1644 3952 Castigare
1659 3899 1759 3954 corpus

122 3973 208 4025 sciant
224 3987 315 4024 unum
329 3969 530 4035 coronandum,
548 3974 653 4039 quanto
666 3969 755 4039 magis
769 3969 919 4023 observan—
961 3979 1003 4027 est
1014 3971 1207 4043 jeJuniisillud
1221 3987 1314 4040 agere,
1328 3978 1356 4024 et
1367 3970 1416 4024 illa
1428 3970 1453 4024 ei
1466 3971 1533 4024 dare
1549 3987 1611 4042 quae
1625 3973 1759 4027 advitam

121 4061 186 4114 dum
196 4059 278 4114 nobis
292 4065 345 4123 est,
361 4059 428 4129 quia
443 4057 572 4112 omnibus
585 4059 723 4129 promissa
738 4065 780 4112 est
794 4059 878 4112 salus.
895 4061 920 4112 A
960 4063 1117 4134 proficiant,
1133 4078 1188 4115 non
1204 4062 1238 4114 ad
1252 4060 1363 4128 laxum;
1377 4060 1506 4115 servituti
1521 4078 1585 4115 vero
1599 4061 1757 4133 subjicitur,

121 4148 219 4218 quibus
231 4147 363 4203 amnibus
373 4147 484 4213 dixerit,
501 4148 685 4217 inquiramus,
698 4148 829 4220 utpossit
839 4146 919 4200 nobis
960 4153 1027 4207 dum
1048 4168 1104 4205 non
1124 4167 1204 4204 suam
1228 4150 1345 4221 perficit,
1369 4150 1418 4203 sed
1440 4151 1555 4221 spiritus
1574 4152 1757 4207 voluntatem.

121 4238 256 4308 spiritalis
277 4236 377 4306 agonis
402 4236 549 4289 instructio
570 4237 778 4306 comparatione
799 4238 918 4290 carrralis
960 4244 998 4297 Ne
1014 4244 1084 4309 forte
1098 4243 1163 4294 aliis
1175 4242 1328 4308 predicans
1343 4242 1398 4309 ipse
1413 4242 1543 4308 reprobas
1557 4242 1677 4309 efficiar.v
1693 4242 1759 4296 Ideo

122 4327 236 4398 acquiri.
255 4328 352 4393 (dass.)
367 4325 411 4379 llli
422 4324 526 4378 etenim
540 4325 587 4396 qui
603 4325 632 4378 in
648 4326 699 4378 hoe
714 4342 802 4395 agone
817 4326 917 4380 visibili
960 4348 990 4385 se
1005 4331 1147 4385 refrenare
1166 4345 1267 4399 corpus
1286 4345 1369 4382 suam
1389 4329 1520 4392 ostendit,
1541 4335 1573 4382 ut
1593 4345 1757 4383 remunera-

121 4417 233 4470 stndent
253 4415 379 4486 legitime
403 4414 556 4479 decertare,
583 4414 680 4468 utendi
703 4415 832 4468 omnibus
848 4417 917 4470 escis
959 4421 1046 4486 tione,
1065 4435 1149 4490 quam
1165 4418 1228 4472 aliis
1242 4417 1383 4488 praedicat,
1400 4418 1486 4470 ctiam
1505 4417 1564 4486 ipse
1584 4417 1686 4485 dignas
1707 4418 1757 4471 ha-

122 4523 187 4576 qaas
199 4504 333 4559 desiderii
343 4503 429 4557 libido
437 4503 608 4573 suggesserit
623 4520 678 4557 non
688 4503 917 4559 habenttaeulta·
959 4510 1058 4563 beatur
1071 4525 1106 4562 ne
1123 4507 1186 4561 aliis
1201 4507 1305 4561 curatis
1325 4507 1384 4576 ipse
1403 4509 1563 4557 remaneret
1581 4504 1610 4557 in
1631 4505 1756 4559 vulnere.

121 4606 185 4660 tem,
198 4594 245 4648 sed
258 4594 315 4647 illis
322 4593 518 4646 tantummodo
529 4609 598 4662 qaas
610 4593 773 4647 eorumdem
785 4595 915 4648 eertami-
958 4600 1060 4653 Raram
1066 4612 1217 4667 ergospem
1228 4593 1432 4665 praedicationis
1439 4609 1496 4647 suae
1504 4591 1637 4655 affirmat,
1645 4594 1756 4664 quando

121 4701 185 4737 num
208 4683 310 4736 statuit
332 4682 489 4751 disciplina.
517 4688 542 4735 et
566 4698 621 4734 non
645 4681 736 4735 solum
760 4683 916 4737 interdictis
956 4688 1043 4758 gestis
1059 4687 1086 4740 id
1102 4703 1131 4739 se
1150 4683 1281 4756 prosequi
1303 4682 1376 4753 quod
1398 4682 1487 4741 docet,
1508 4682 1632 4737 ostendit
1658 4701 1663 4735 :
1691 4683 1758 4754 quia

120 4774 196 4827 escis.
212 4779 243 4825 et
256 4771 401 4829 ebrietate,
418 4770 550 4840 omnique
562 4771 686 4840 crapula,
697 4787 744 4825 eos
756 4781 918 4826 necesseest
958 4777 1005 4846 qui
1021 4777 1103 4829 aliter
1122 4775 1181 4844 agit
1200 4787 1285 4843 quam
1304 4771 1444 4842 praedicat,
1464 4779 1608 4843 suspectas
1626 4772 1692 4827 facit
1706 4789 1756 4826 aa·

119 4862 268 4917 abstinere.
283 4861 468 4914 verumetiam
481 4864 580 4912 cuncta
590 4860 701 4924 inertia,
719 4866 747 4914 et
760 4861 817 4913 otio
832 4867 916 4931 atque
960 4865 1077 4927 dientes,
1093 4863 1317 4933 utdepromissis
1330 4860 1474 4926 dubitent;
1492 4878 1541 4915 suo
1557 4863 1651 4933 itaque
1666 4879 1768 4916 erem·

120 4950 224 5003 desidia
238 4948 448 5020 utquotidienis
458 4948 596 5001 exercitiis
603 4949 721 5018 jugique
736 4949 917 5004 meditatione
959 4955 1005 5024 plo
1021 4970 1075 5006 non
1090 4953 1179 5022 magis
1192 4951 1294 5017 serbis,
1316 4968 1400 5021 quam
1419 4949 1551 5021 operibus
1571 4951 1755 5005 exercendum

120 5040 204 5093 virtus
214 5055 313 5093 eorum
323 5038 411 5107 possit
425 5053 590 5102 accrescere,
604 5044 633 5090 et
645 5037 685 5090 ita
695 5038 770 5091 omni
781 5038 917 5092 sollicitu—
960 5044 1096 5096 hortatur.
1115 5044 1209 5108 (Cass.)
1227 5040 1312 5095 Vides
1327 5040 1393 5112 quid
1406 5041 1435 5094 in
1449 5039 1609 5110 semetipso,
1621 5039 1650 5092 id
1662 5045 1714 5104 est,
1725 5040 1754 5092 in

119 5129 221 5182 dineac
231 5127 347 5180 tristitia
355 5124 915 5195 negotiisquesecularibus,allectuetiam
957 5147 1041 5186 carne
1059 5147 1119 5195 sua,
1135 5130 1363 5184 colluctationum
1382 5145 1523 5184 summam
1544 5127 1667 5180 velutin
1688 5127 1755 5180 base

119 5227 237 5288 etopere
247 5215 387 5284 conjugali
399 5214 559 5268 efficiuntur
572 5215 667 5277 alieni,
685 5220 717 5268 ut
727 5223 915 5285 praetereser-
957 5221 1078 5291 quadam
1094 5219 1256 5273 firmissima
1269 5220 1408 5284 statuerit,
1425 5224 1454 5272 et
1469 5223 1634 5289 proventum
1654 5232 1755 5288 pugnae

118 5309 213 5360 citium
224 5304 377 5375 disciplinae
386 5303 458 5356 nihil
466 5303 540 5356 aliud
548 5304 687 5367 noverint,
697 5321 749 5358 nec
762 5307 820 5360 ulla
832 5323 914 5360 mun-
956 5309 986 5363 in
1000 5310 1060 5362 sola
1074 5309 1257 5379 castigatione
1267 5309 1359 5361 camis
1374 5312 1402 5360 et
1414 5307 1587 5377 subjectione
1603 5305 1645 5358 sui
1660 5321 1756 5376 corpo

117 5396 182 5449 diali
197 5410 267 5448 cura
285 5393 397 5463 penitas
419 5392 606 5461 implicentur,
627 5392 661 5446 ab
680 5410 712 5448 eo
734 5399 845 5451 tantam
868 5398 915 5468 qui
958 5398 998 5453 ris
1010 5398 1193 5452 collocaverit.
1211 5398 1274 5464 Epo,
1293 5396 1444 5467 inquitate
1458 5412 1543 5451 carro
1559 5411 1614 5449 aon
1629 5397 1710 5463 quari
1724 5398 1754 5448 ia

116 5484 262 5538 conamini
276 5482 418 5553 praesidet,
429 5487 573 5550 sperantes
582 5484 737 5551 quotidiani
752 5486 916 5540 rictussub·
957 5492 1105 5551 incertum,
1127 5504 1183 5541 non
1204 5486 1292 5539 currit
1313 5486 1341 5539 in
1364 5486 1503 5540 incertum
1523 5485 1590 5556 quia
1613 5485 1755 5538 coelestem

116 5577 250 5632 mutiam
264 5578 294 5626 et
310 5587 422 5626 corona·
435 5570 565 5639 gloriam,
588 5571 781 5643 condigneque
801 5575 916 5644 praemia
956 5578 1112 5632 Jerusalem
1142 5575 1315 5646 conspiciens
1343 5575 1465 5629 defixum
1499 5573 1584 5628 habet
1618 5571 1756 5644 quojeibi
