3772 6120
122 310 175 367 ou
414 305 446 367 ι.
466 305 604 366 msam
626 304 929 365 moereamus.
948 303 1111 365 uoouur.
1133 276 1282 363 ornnes
1300 303 1464 365 ιιιιιιιι.

122 451 172 491 nes
185 434 254 489 illud
262 433 298 487 de
307 432 456 502 Evangelio
467 432 566 487 audire
574 431 737 487 desiderent
752 451 758 486 :
777 450 790 487 ι
807 433 915 504 Hospes
925 433 1104 493 Aimmundo
1115 432 1264 497 abstineat,
1276 432 1326 487 sed
1340 432 1426 488 etism
1438 433 1542 502 stacte
1555 430 1631 487 oculi
1644 446 1652 487 ι

120 524 171 588 fui,
187 528 216 577 et
229 521 391 593 suscepistis
401 536 446 575 me
457 524 564 587 (Martii.
577 532 683 586 xxrts
710 527 815 593 quanto
828 524 919 592 magis
958 523 1178 577 tationiserrore
1193 538 1273 577 mens
1287 521 1391 577 Christi
1412 536 1515 592 corpus
1537 519 1652 576 contem

121 614 278 684 episcopus,
290 612 370 681 cuius
380 611 615 665 domusomnium
629 628 776 667 commune.
796 628 857 665 esse
872 611 918 665 de·
958 611 1055 665 libere.
1069 613 1165 666 iustus
1179 624 1291 681 quoque
1305 610 1451 682 episcopus
1462 626 1524 665 esse
1542 608 1630 665 debet
1646 626 1652 661 ι

121 702 168 755 bet
182 700 355 771 hospitium!
379 699 479 754 Laicus
493 700 569 756 enim
587 716 686 765 unum,
702 705 752 756 aut
772 699 851 764 duos,
868 704 919 755 sut
958 706 1029 766 ctus,
1040 699 1225 769 utiustitism
1243 699 1273 754 in
1298 699 1418 770 populis,
1437 698 1539 770 quibus
1552 702 1652 769 prm

121 804 224 862 paucos
237 789 385 860 recipiens.
411 787 539 858 implebit
559 789 759 859 hospitalitatis
772 788 896 844 officium
909 808 915 855 ;
958 795 1028 853 cest,
1046 788 1165 847 reddens
1180 787 1330 858 unicuique
1342 788 1417 858 quod
1428 795 1564 853 meretur,
1575 801 1652 845 nent

122 879 273 950 Episcopus
284 877 338 931 nisi
354 892 452 932 omnes
466 878 604 947 receperit
615 877 786 933 inhumanus
796 883 849 932 est.
863 874 918 931 Sed
958 894 1107 948 personam
1120 877 1149 933 in
1165 876 1282 946 judicio.
1304 877 1381 931 iuter
1399 876 1462 933 laici
1481 882 1579 931 sutem
1593 880 1652 931 ete

121 982 218 1021 vereor
231 982 267 1021 ne
281 966 421 1036 quomodo
436 965 535 1035 regine
545 966 642 1022 Austri
657 965 800 1021 remense
815 964 918 1020 sinibus
956 967 1096 1036 justitiam
1113 966 1165 1021 lioc
1183 966 1309 1030 interest,
1326 965 1400 1036 quod
1414 966 1501 1021 laicus
1515 968 1611 1035 potest
1623 979 1652 1035 sp

120 1062 203 1110 terrm
218 1055 317 1109 audire
326 1054 494 1125 replentium
515 1054 681 1120 Salomonis,
693 1055 856 1124 judicatura
874 1060 919 1109 est
956 1057 1051 1125 justus
1064 1055 1093 1110 in
1107 1055 1211 1125 paucis,
1222 1054 1439 1125 episcopussero
1450 1056 1479 1111 in
1489 1059 1652 1109 interemor

121 1145 249 1199 homiues
262 1144 398 1214 temporis
412 1144 472 1209 sui;
497 1150 527 1197 et
540 1143 590 1197 viri
607 1144 737 1200 Niniritse
752 1149 813 1199 rictu
828 1143 917 1214 pomi·
959 1145 1028 1199 tiam
1043 1150 1144 1215 potem,
1161 1150 1230 1213 quot
1243 1148 1273 1197 et
1280 1142 1406 1198 subditos
1417 1143 1511 1198 habet.
1523 1143 1650 1199 Sanctus

120 1234 209 1289 tertie
224 1233 260 1289 sd
278 1231 503 1303 predicationem
522 1233 599 1287 lonso
618 1230 846 1289 condemnabunt
870 1249 918 1285 coe
960 1234 1032 1304 quod
1048 1232 1223 1294 Graeoedetot
1243 1231 1353 1293 dicitur,
1371 1232 1461 1302 megis
1480 1231 1509 1286 id
1526 1229 1652 1301 signina

122 1322 169 1393 qul
178 1323 314 1391 majorem
324 1320 396 1377 Jona
405 1320 577 1375 Sslrstomm
592 1320 689 1375 audire
700 1320 920 1391 contempserint
959 1321 1021 1391 ipsa
1033 1319 1166 1375 sanctitas
1180 1326 1223 1374 est
1233 1320 1316 1375 miste
1325 1319 1431 1391 pietati,
1451 1321 1525 1375 etad
1534 1336 1602 1375 eum
1617 1334 1652 1377 ne

120 1412 227 1480 (Mettis.
240 1411 302 1478 ruis
318 1410 358 1463 sic
373 1408 486 1479 plurimi
499 1409 529 1465 in
548 1409 659 1480 populis
683 1408 826 1481 episcopos
842 1408 918 1478 judi·
959 1408 1652 1485 quemcuimnossenctumGr-seciiqtmroesntttp

121 1507 186 1554 cent
198 1499 396 1554 subtrahentes
414 1514 444 1552 sc
463 1496 498 1552 ab
512 1498 698 1555 ecclesiastico
716 1498 817 1569 gradu,
842 1504 871 1551 et
884 1514 918 1551 es
958 1494 1039 1562 delos,
1054 1512 1105 1549 nos
1119 1497 1198 1566 pium
1212 1497 1241 1552 in
1256 1497 1344 1551 Deum
1369 1510 1518 1566 possumus
1540 1497 1652 1569 appulis

122 1605 182 1659 quse
196 1589 325 1658 episcopo
340 1602 396 1643 non
408 1587 758 1651 conveniuutexercentes3
774 1586 918 1659 dequibus
959 1601 1069 1657 quoque
1083 1587 1229 1657 episcopus
1238 1593 1267 1641 et
1274 1586 1433 1643 abstinens:
1445 1602 1502 1641 non
1516 1592 1642 1655 tantum,

121 1682 189 1749 puto
201 1683 229 1731 et
244 1676 423 1731 loannemed
434 1676 536 1731 Gaium
545 1675 668 1731 scribere
685 1694 690 1729 :
705 1692 719 1727 r
734 1675 915 1739 charissime,
959 1675 1024 1729 dsm
1032 1680 1142 1746 putant,
1159 1693 1176 1729 e
1189 1675 1303 1731 libidine
1317 1682 1347 1731 et
1359 1675 1395 1729 ab
1410 1676 1504 1731 uxoris
1515 1676 1650 1747 amplexu

121 1766 242 1820 fideliter
256 1765 324 1820 iscis
339 1764 525 1835 quodeunque
540 1765 665 1835 opereris
680 1765 710 1821 in
729 1762 873 1829 fratribus,
889 1771 918 1817 et
927 1750 950 1810 Β
959 1763 1088 1818 omnibus
1103 1765 1189 1818 enimi
1202 1764 1458 1834 perturbationibus
1470 1784 1477 1823 ι
1488 1781 1523 1819 ue
1539 1765 1652 1821 adimes

120 1856 174 1909 hoc
187 1854 342 1925 peregrinis
352 1854 400 1924 qui
415 1854 610 1909 testimonium
623 1853 763 1907 dederunt
774 1852 918 1907 dilectioni
958 1852 1122 1915 concitetur,
1139 1870 1173 1908 ne
1188 1853 1267 1907 illum
1280 1852 1529 1922 tristitiadejicist‚
1544 1868 1581 1908 ne
1595 1859 1652 1909 ten

120 1951 176 1999 tuse
185 1958 279 1998 coram
293 1943 432 1998 Emissis:
445 1942 734 2013 quosoptimesacissi
750 1941 918 2013 premiseris
958 1941 1038 2010 gitet,
1056 1958 1092 1996 ne
1106 1942 1204 1996 laetitia
1218 1943 1406 1997 immoderata
1425 1942 1563 1998 sustollat.
1580 1941 1652 2001 hbui

121 2035 178 2087 Deo
188 2032 289 2102 digner
306 2031 477 2103 pronomine
487 2032 562 2087 enim
575 2031 688 2088 Domini
697 2030 833 2095 exierunt,
847 2030 917 2087 nibil
958 2036 1052 2085 autem
1066 2031 1095 2084 in
1115 2031 1252 2085 fructibus
1268 2031 1385 2101 spiritus
1399 2030 1434 2084 eb
1448 2032 1584 2100 Apostolo
1601 2046 1652 2087 mei

121 2121 288 2192 accipientes
311 2138 329 2175 a
354 2120 506 2191 gentilibus
536 2122 591 2186 (lii
607 2122 687 2175 ioan.
717 2119 742 2181 5,
774 2119 808 2186 l).
842 2135 855 2170 ι
884 2119 918 2173 Et
958 2125 1010 2173 est.
1035 2120 1069 2174 Et
1088 2120 1111 2173 si
1133 2121 1255 2190 exigitur
1272 2120 1307 2173 ab
1327 2119 1468 2185 omnibus,
1488 2125 1597 2190 quanto
1617 2136 1652 2177 mr

121 2228 184 2265 rere
194 2215 291 2265 sancto
300 2209 407 2281 Spiritu
416 2209 446 2263 in
454 2225 484 2263 se
494 2209 625 2280 loquente
633 2208 707 2279 quod
717 2207 842 2265 futurum
856 2214 918 2261 erat
958 2208 1108 2279 episcopo?
1119 2210 1167 2280 qui
1176 2209 1286 2279 patiens
1294 2215 1322 2263 et
1333 2214 1497 2266 mansuetus
1508 2208 1595 2263 debet
1607 2209 1652 2265 vit

120 2299 253 2365 ecclesiis,
266 2300 326 2368 jem
347 2304 414 2353 tnnc
439 2297 621 2368 reprehendit
642 2297 738 2353 dicens
754 2315 761 2351 ι
779 2314 793 2351 ι
813 2296 916 2366 Scripsi
959 2297 1286 2367 peccantiumconsoleri
1297 2298 1499 2368 pusillanimes,
1512 2303 1652 2357 sustenter

120 2388 205 2443 etiam
220 2387 361 2443 licelesioe:
371 2387 419 2441 sed
431 2386 477 2456 qui
490 2386 626 2457 primatus
636 2401 719 2455 agere
728 2384 806 2456 eupit
818 2399 916 2441 eorum
959 2403 1028 2445 mos,
1044 2386 1113 2443 nulli
1129 2388 1234 2441 mulum
1247 2403 1297 2458 pro
1317 2387 1391 2443 malo
1406 2387 1532 2450 reddere,
1546 2386 1598 2441 sed
1608 2386 1652 2443 tin

120 2478 272 2548 Dioprepes
287 2493 343 2530 non
367 2475 467 2545 recipit
480 2491 540 2530 nos.
557 2476 710 2545 Propterea
730 2489 793 2531 cum
815 2489 916 2529 renem
958 2474 1030 2528 bono
1043 2475 1158 2529 malum.
1176 2476 1218 2531 Ad
1243 2482 1409 2538 extremum.
1427 2475 1554 2530 obtineat
1567 2491 1635 2531 enm

120 2564 254 2619 amovebo
268 2565 330 2634 ejus
346 2579 431 2633 opere
446 2579 506 2632 qum
529 2562 595 2617 fecit
617 2563 698 2617 ruatis
711 2560 803 2615 verbis
824 2562 917 2617 detre-
957 2563 1079 2617 cundum
1094 2563 1252 2619 doctrinam
1267 2571 1310 2619 est
1329 2565 1439 2619 fidelem
1454 2580 1627 2631 sermonem,
1642 2581 1652 2621 ι

120 2655 190 2707 heus
201 2651 325 2707 denobis
340 2657 448 2705 :etnon
458 2650 593 2705 sullicitel
610 2651 683 2721 quod
701 2651 760 2720 ipse
780 2665 836 2705 non
850 2650 918 2705 reci·
958 2651 1041 2705 modo
1056 2669 1150 2707 sermo
1169 2654 1219 2706 Dei
1238 2653 1329 2707 fidelis
1341 2659 1393 2713 est,
1409 2658 1438 2709 ot
1448 2670 1526 2707 oium
1541 2655 1652 2725 accepti

121 2742 160 2812 pit
174 2741 284 2799 iratres,
300 2740 350 2794 sed
365 2740 530 2793 etrelentes
546 2738 683 2809 prohibet.
702 2738 778 2793 etde
795 2738 918 2792 Ecclesia
957 2752 1030 2808 gnus
1046 2742 1071 2810 (Ι
1097 2742 1166 2794 Tim.
1185 2745 1214 2805 i),
1230 2742 1270 2795 sic
1286 2749 1314 2795 et
1342 2742 1390 2796 ille
1410 2742 1496 2795 talem
1521 2758 1552 2796 se
1569 2740 1652 2813 preb

122 2830 207 2900 ejicit.
226 2848 238 2881 ι
254 2829 326 2882 Vere
340 2841 415 2883 nnnc
429 2831 472 2881 est
486 2842 600 2881 cernere
614 2828 687 2897 quod
701 2827 865 2897 predictum
876 2833 919 2880 est
959 2845 1042 2881 omne
1061 2828 1135 2898 quod
1160 2830 1284 2900 loquitur
1304 2831 1360 2884 sule
1379 2830 1496 2899 dignum
1515 2830 1652 2891 existimet

122 2919 151 2972 in
163 2918 304 2989 plerisque
319 2915 434 2971 urbibus
449 2915 593 2987 episcopos
614 2916 672 2970 sive
691 2914 879 2986 presbyteros,
895 2915 918 2970 si
959 2916 1044 2971 verba
1071 2917 1159 2988 ipsius
1182 2919 1239 2972 sint
1262 2920 1359 2989 regula
1373 2919 1508 2973 veritatis.
1525 2918 1631 2975 Potens
1650 2954 1652 2961 ·

121 3007 206 3060 laicos
218 3006 338 3061 viderint
348 3004 509 3075 hospitales,
526 3010 665 3059 amatores
677 3003 831 3071 bonornm;
848 3004 919 3058 invi·
961 3006 998 3059 sit
1009 3022 1066 3073 eos,
1079 3023 1140 3077 quae
1150 3007 1242 3062 saeculi
1251 3008 1495 3063 istiusturbinlbus
1501 3008 1652 3078 exagitanti

122 3096 197 3157 dere,
214 3096 341 3159 fremere,
355 3094 605 3156 excommunicare,
621 3093 656 3151 de
680 3093 802 3151 Ecclesia
825 3097 918 3165 cxpel-
929 3067 950 3125 0
962 3095 1150 3165 sola1i‚etper
1159 3112 1256 3149 sanam
1266 3097 1422 3151 doctrinam
1431 3097 1544 3153 infirma
1558 3112 1652 3169 prece

122 3185 189 3247 lere,
209 3184 288 3255 quasi
311 3200 366 3238 non
385 3184 468 3239 liceat
483 3183 574 3239 secere
591 3183 666 3252 quod
688 3183 834 3253 epiecopus
863 3200 919 3238 non
959 3190 1078 3245 struere.
1090 3185 1271 3241 Selinuntem
1284 3186 1413 3240 doctrina
1428 3186 1532 3241 dicitur
1550 3187 1587 3241 ad
1605 3186 1652 3241 dis

120 3273 219 3327 ssoiat:
230 3273 405 3327 ettalescsse
417 3271 503 3326 laicos
520 3271 664 3329 damnatio
685 3272 916 3327 secerdotumslt.
959 3286 1024 3325 nsm
1037 3273 1176 3343 languidus
1190 3274 1363 3344 infirmisque
1382 3274 1523 3331 doctrine.
1546 3275 1623 3331 Talis
1648 3298 1652 3325 ι

122 3363 228 3416 Grates
243 3362 338 3432 itaque
353 3377 401 3415 cos
415 3359 520 3416 hebent
533 3365 562 3414 et
583 3360 663 3430 qussi
683 3360 837 3417 cervicibus
860 3362 918 3416 suis
959 3360 1005 3426 sit,
1018 3366 1050 3416 ut
1057 3362 1281 3417 contradicentes
1292 3369 1392 3431 iirguut
1408 3363 1552 3417 hereticos
1564 3363 1652 3423 sire]

120 3451 274 3522 impositos,
290 3457 323 3505 ιιι
337 3450 436 3505 abono
448 3449 589 3505 abducant
598 3462 682 3519 opere
692 3449 778 3505 variis
788 3466 918 3520 persecu·
959 3456 988 3503 et
998 3451 1090 3505 soeculi
1106 3451 1187 3507 istius
1199 3452 1350 3521 sepientes.
1364 3453 1399 3507 Et
1408 3453 1555 3522 superiora
1568 3452 1652 3522 quide

118 3538 243 3595 tionibus
259 3540 428 3611 inquietant.
444 3539 487 3595 eit
499 3543 594 3594 autom
608 3538 918 3609 episcopnsetpudious
959 3538 988 3593 in
1011 3539 1131 3610 episcopi
1153 3539 1304 3595 virtutibus
1328 3541 1430 3610 posuit,
1447 3540 1483 3594 ad
1498 3547 1585 3595 ritem
1602 3551 1652 3611 per

78 3672 89 3691 .
119 3646 202 3700 quem
229 3628 316 3682 Greci
345 3629 466 3706 σώφρονι
495 3633 594 3681 vocant
612 3650 617 3682 :
636 3631 664 3681 et
689 3628 806 3682 Latinus
827 3628 914 3681 inter·
956 3627 1015 3681 Hoc
1040 3644 1113 3692 uero,
1140 3630 1214 3698 quod
1233 3629 1282 3691 nit.
1302 3650 1313 3679 s
1330 3635 1361 3683 ut
1390 3636 1489 3699 potens
1511 3629 1548 3683 slt
1571 3646 1652 3686 const

118 3734 183 3789 pres
196 3718 273 3773 verbi
287 3717 472 3787 ambiguitate
486 3717 629 3788 deceptus,
647 3732 698 3786 pro
720 3717 831 3788 pudico.
847 3733 915 3788 pru·
956 3716 1084 3771 doctrine
1098 3724 1202 3772 sancet
1213 3717 1436 3775 contradicentes
1459 3734 1588 3787 arguere,
1607 3738 1620 3770 s
1637 3735 1652 3775 ι·

118 3807 232 3881 dentem
256 3805 410 3861 nanstullt.
428 3804 457 3860 Si
477 3811 572 3863 autern
593 3806 671 3861 laicis
691 3806 856 3877 imperatur,
883 3811 916 3861 nt
956 3805 1074 3861 dumosi
1083 3806 1119 3861 ad
1128 3806 1285 3869 scientium,
1303 3807 1371 3876 quie
1380 3806 1403 3860 si
1413 3807 1535 3877 episcopi
1543 3812 1652 3866 tanturm

119 3900 233 3967 propter
245 3895 401 3950 orationem
415 3894 576 3950 abstineant
589 3911 619 3949 se
635 3894 670 3950 ab
688 3910 807 3950 urorum
829 3894 914 3961 coitu,
957 3887 993 3947 sii
1003 3893 1070 3959 vita,
1080 3893 1133 3948 sihi
1154 3901 1247 3964 potest
1269 3895 1401 3964 prodesse
1416 3895 1456 3949 sic
1467 3897 1572 3951 uirens.
1588 3896 1652 3953 Pon

119 3984 186 4055 quid
199 3984 234 4037 ds
247 3984 377 4054 episcopo
392 3983 570 4038 sentiendum
586 3989 639 4047 est,
656 3983 703 4054 qui
725 3982 851 4054 quotidie
866 3999 916 4053 pro
957 3982 1084 4039 doctrina
1103 3988 1131 4036 et
1141 3998 1270 4037 sermone
1282 3983 1367 4039 luerit
1381 3984 1517 4046 cruditus,
1536 3990 1631 4055 potest
1644 4003 1652 4042 ι

119 4072 177 4125 suis
191 4071 341 4142 populique
356 4072 477 4142 peccetis
494 4071 615 4126 illibatas
630 4073 687 4126 Deo
705 4070 850 4127 oblaturus
874 4080 917 4125 est
958 4084 1069 4141 quoqne
1085 4072 1234 4137 instruere,
1247 4077 1275 4125 et
1291 4088 1346 4126 non
1360 4073 1452 4127 solum
1468 4073 1609 4127 instruere
1619 4079 1651 4129 et

119 4159 264 4213 victimas?
278 4159 446 4229 delegemus
458 4160 620 4228 Regnorum
636 4159 731 4224 libros,
747 4164 775 4213 et
791 4159 915 4215 invenie·
957 4176 1032 4225 suos,
1046 4161 1095 4213 sed
1110 4167 1139 4213 et
1153 4160 1327 4215 adversarios
1341 4166 1529 4231 repercutere.
1545 4162 1593 4231 qui
1609 4162 1652 4219 nis

120 4265 182 4302 reus
193 4247 367 4305 sacerdotem
378 4247 541 4302 Abimelech
550 4247 710 4318 depanibus
718 4248 916 4318 propositionis
957 4248 1009 4303 teti
1035 4247 1139 4301 suerint
1156 4255 1240 4318 etque
1263 4250 1391 4311 convicti.
1409 4249 1487 4311 facile
1512 4258 1621 4320 queunt
1648 4272 1652 4307 ι

119 4337 241 4392 noluisse
261 4337 338 4407 prius
349 4338 416 4391 dare
434 4336 520 4390 David
537 4336 745 4407 etpuerisejus‚
762 4337 816 4391 nisi
831 4337 916 4394 inter·
958 4336 1033 4395 cium
1047 4337 1132 4391 corde
1144 4343 1313 4407 pervertere.
1328 4338 1465 4393 Hiclocus
1475 4339 1613 4397 ailrcrsue
1634 4354 1652 4395 e

119 4432 232 4498 regeret
244 4431 339 4481 utrum
364 4425 461 4481 inundi
486 4431 580 4480 essent
608 4425 687 4496 pueri
710 4442 728 4481 e
750 4395 1005 4496 mulieribuquui
1017 4424 1124 4482 inertias
1138 4442 1168 4479 so
1183 4432 1211 4481 et
1225 4427 1274 4481 otii
1289 4428 1398 4481 sorunio
1414 4428 1521 4491 dantes,
1537 4434 1642 4497 putent

121 4518 146 4583 (i
154 4519 214 4583 lleq.
225 4524 299 4583 nsi);
317 4532 371 4570 non
387 4515 484 4584 utique
498 4513 607 4579 alienis,
624 4515 671 4569 sed
686 4514 866 4585 conjugibus3
888 4521 915 4570 et
956 4519 1095 4578 tumeam,
1109 4514 1132 4567 si
1153 4514 1310 4584 Scripturas
1323 4515 1459 4585 legerint:
1483 4522 1512 4570 et
1525 4533 1572 4571 eos
1587 4517 1638 4587 qui

120 4604 172 4658 nisi
188 4620 235 4658 oos
250 4605 373 4659 audisset
386 4604 421 4658 ab
429 4603 491 4659 heri
504 4609 534 4658 et
541 4603 747 4659 nudiustertius
756 4620 867 4659 vacasse
881 4604 915 4659 ab
956 4603 1068 4661 Domini
1077 4603 1299 4658 meditanturdie
1310 4621 1342 4658 ac
1352 4612 1432 4661 noete
1444 4607 1525 4675 (l’sal.
1545 4612 1576 4669 ι).
1598 4622 1652 4676 qus

120 4709 203 4763 opem
217 4693 367 4763 conjugali,
379 4708 558 4764 nequaquem
567 4709 653 4764 panes
667 4709 737 4763 quos
750 4693 916 4763 priusnega·
957 4693 1032 4746 rulos
1047 4691 1215 4762 inutilesque
1230 4698 1414 4752 contemnunt
1429 4712 1435 4746 ε
1451 4710 1507 4747 non
1521 4694 1596 4747 enim
1606 4695 1652 4751 cdi

120 4787 198 4834 verat
209 4781 400 4836 concessisset.
412 4782 555 4845 Quantum
569 4781 688 4837 interest
700 4782 775 4836 inter
788 4783 915 4853 proposi·
956 4781 1121 4851 Apostolum
1135 4788 1198 4851 post
1213 4782 1372 4852 catalogum
1386 4783 1605 4837 conversationis
1620 4798 1652 4856 ep

120 4869 205 4923 tionis
224 4877 311 4939 panes
331 4874 361 4922 ct
383 4884 483 4941 eorpus
509 4870 640 4925 Christi?
668 4885 731 4941 quie
758 4871 917 4926 differentis
957 4870 1043 4927 etiarn
1057 4870 1214 4929 doctrinam
1229 4870 1358 4927 similiter
1367 4872 1539 4941 precepisse.

120 4957 194 5011 inter
208 4957 338 5011 umbram
347 4961 376 5012 et
384 4974 510 5029 corpore,
518 4959 593 5013 inter
608 4959 761 5028 imaginem
771 4966 800 5013 et
818 4960 916 5013 verite·-
995 4979 1006 5008 ι
1023 4958 1095 5012 Sunt
1109 4959 1183 5012 euim
1199 4959 1279 5012 multi
1300 4965 1327 5011 et
1349 4976 1405 5013 non
1424 4959 1537 5024 suliditi,
1554 4959 1650 5015 venile

120 5052 188 5111 tem,
204 5047 278 5101 inter
287 5047 457 5117 exemplaria
471 5048 640 5111 futurorum,
648 5053 677 5101 ct
690 5063 724 5101 es
733 5047 918 5118 ipsequaeper
960 5066 972 5097 ι
989 5045 1124 5101 mentium
1140 5047 1302 5118 deceptores
1321 5067 1325 5100 :
1343 5048 1463 5103 maxime
1486 5048 1535 5118 qui
1558 5049 1593 5102 de
1614 5049 1652 5105 eir

121 5136 292 5205 exemplaria
305 5135 573 5206 praefigurabantur?
583 5135 729 5199 Quomodo
736 5135 831 5205 itsque
839 5149 918 5191 man·
960 5135 1066 5188 «sione
1085 5142 1160 5193 eurit.
1188 5137 1289 5207 quibus
1309 5143 1420 5207 oportet
1434 5137 1576 5191 silentium
1591 5137 1652 5193 indi

121 5224 250 5289 suetudo,
259 5224 404 5295 patientis,
415 5223 560 5290 sobrietas,
572 5222 917 5289 moderatio‚abstinentin
961 5243 971 5277 ι
989 5223 1132 5278 universes
1156 5225 1254 5279 domos
1277 5226 1451 5291 subvertunt,
1466 5227 1597 5280 docentes
1619 5244 1652 5299 qe

121 5309 201 5374 lucri,
227 5311 402 5382 hospitalitas
423 5328 533 5383 quoque
556 5318 586 5365 et
599 5311 758 5381 benignitas
778 5312 917 5384 precipue
960 5330 972 5364 e
988 5318 1098 5383 oportet
1110 5315 1201 5384 turpis
1217 5315 1394 5384 luorigretie.
1405 5335 1417 5364 e
1428 5315 1649 5383 (ilirilirhblulti,

122 5412 182 5450 esse
207 5396 310 5454 debent
335 5401 363 5455 iu
391 5401 529 5472 episcopo,
554 5407 583 5455 et
603 5401 678 5455 inter
701 5406 816 5459 cunctos
832 5401 917 5457 laicos
958 5407 1025 5459 sunt
1047 5401 1094 5472 qui
1113 5402 1306 5472 obtemperare
1330 5403 1455 5459 veritatis
1474 5404 1609 5459 doctrine
1632 5420 1652 5461 n

122 5483 284 5552 eminentie,
296 5487 336 5541 sic
346 5495 375 5542 et
385 5489 499 5545 castitas
513 5489 628 5561 propria
642 5495 680 5554 et,
692 5497 724 5547 ut
733 5491 774 5547 ite
787 5491 914 5556 dixerim,
958 5501 1070 5547 omnem
1085 5506 1149 5545 vero
1164 5490 1313 5546 verborum
1327 5493 1529 5564 subsequentes
1543 5493 1652 5551 venitm

123 5571 520 5646 metamaucensium
541 5594 598 5633 ees
615 5578 709 5635 solum
725 5579 762 5637 sb
779 5594 864 5652 opere
887 5597 918 5637 se
958 5579 1190 5639 denuntiemus.
1202 5580 1385 5639 Telessutem
1399 5588 1467 5638 sunt
1481 5582 1509 5637 ni
1524 5582 1573 5652 qui
1588 5594 1652 5647 ene
