3772 6120
64 275 138 333 1409
696 271 958 326 POENITENTIUM
977 270 1093 326 LIBER.
1642 278 1713 335 telo

53 380 170 473 prima,
187 397 308 453 secunda
324 396 425 450 mulier
453 394 668 449 ‹lebetercludi
693 396 901 456 InnocentiusA
912 395 1035 450 cmlii.
1052 427 1084 436 -
1112 398 1256 466 llccopui
1274 414 1384 452 errarem
1402 402 1653 467 captisortiturcst
1682 407 1713 460 in

63 488 160 543 Probo
175 486 286 558 scripsit
306 503 312 539 :
330 483 513 539 conturbatio
524 484 650 554 procellae
664 483 815 539 barbarica
829 485 870 539 la-
1200 473 1427 523 ''1⁰¹¹'1'1110121'11m·

63 578 167 632 cultati
182 578 274 647 legum
290 575 386 629 intulit
408 590 513 627 casum.
535 574 606 627 Nam
626 573 697 627 bene
719 574 870 629 coristituto
947 581 1055 636 ltemin
1075 582 1194 637 decretis
1209 584 1309 638 Lamp„
1327 602 1415 656 pstpae·
1437 602 1497 657 ⁰⁰1³·
1516 586 1559 643 43·
1576 589 1713 661 scriptum

64 666 250 720 matrimonio
261 665 335 717 inter
349 664 515 717 Fortunium
529 667 557 716 et
580 663 680 717 Ursam
702 663 871 734 captiuitatis
912 674 964 734 est,
981 670 1054 740 qnod
1066 688 1121 725 non
1136 672 1264 726 videatur
1278 690 1338 727 esse
1363 673 1509 744 culpabilis
1524 677 1572 747 qui
1596 694 1712 734 uxorem

63 754 311 810 incure'fflffloeffll
325 768 444 817 nmium,
453 751 508 806 nisi
518 769 603 805 Ssscrre
614 752 872 822 religionisstatuta
911 758 985 829 capti
1001 760 1117 814 sortitus
1132 765 1184 826 est,
1197 778 1249 815 nec
1256 768 1351 816 tarnen
1359 763 1505 833 culpabilis
1516 766 1669 834 iudicetur,
1684 773 1713 824 et

63 845 257 917 providerent.
274 844 344 896 Cum
356 841 431 895 enim
447 841 642 911 incaptiritate
653 841 784 912 [irradiata
797 841 871 896 Ursa
910 850 1047 918 tanquam
1061 849 1144 903 alieni
1161 850 1234 919 juris
1248 866 1381 920 pervasor
1391 851 1536 918 habeatur,
1549 855 1596 924 qui
1616 873 1714 927 perso·

63 930 870 1000 muliertonoretur,aliudconjugiumcumlleslitutaFor·
911 951 976 989 nam
994 937 1055 1006 ejus
1070 938 1173 1003 mariti,
1192 939 1239 1009 qui
1252 941 1312 1009 jam
1329 956 1385 994 non
1404 958 1464 995 esse
1487 942 1710 1013 existimabatur,

61 1022 165 1077 lunius
184 1026 356 1075 memoratus
377 1019 474 1073 iniisse
492 1019 748 1089 cognosciturzsed
776 1020 869 1074 farore
910 1025 1072 1096 assumpsit.
1088 1026 1133 1081 Sic
1144 1026 1218 1081 enim
1230 1029 1319 1082 multa
1330 1044 1390 1100 quae
1406 1030 1442 1084 ad
1451 1047 1499 1084 eos
1508 1032 1556 1102 qui
1569 1032 1598 1087 in
1622 1035 1713 1107 eapti.

61 1111 179 1167 Domini
193 1111 383 1165 reuersaUrsa
398 1125 448 1162 nos
463 1108 541 1165 adiit.
557 1114 585 1162 et
609 1108 686 1162 nullo
712 1108 866 1175 diffidente,
909 1113 1025 1167 vitatem
1033 1114 1109 1168 ducti
1117 1120 1184 1169 sunt
1199 1116 1386 1187 pertinebant,
1397 1118 1425 1172 in
1433 1119 1610 1189 jusalienum
1620 1127 1712 1179 trans·

61 1216 183 1255 uxorem
197 1217 227 1254 se
243 1197 390 1253 memorati
405 1214 466 1252 esse
481 1197 634 1268 perdocuit.
644 1198 745 1262 Quare,
754 1197 868 1252 domine
909 1200 950 1255 ire
964 1207 1118 1272 potuerunt
1135 1223 1140 1257 :
1159 1210 1188 1258 et
1212 1211 1308 1259 tamen
1332 1206 1446 1275 plenum
1475 1209 1594 1278 justitie
1613 1217 1713 1272 estut

61 1288 106 1345 ali
118 1289 219 1343 merite
231 1287 358 1350 illustris,
369 1286 529 1345 statuimus,
546 1287 601 1340 lule
615 1286 753 1341 catholica
766 1288 867 1342 salira-
908 1289 1009 1344 iisdem
1029 1291 1149 1346 reversis
1171 1293 1286 1364 propria
1304 1294 1501 1350 reformentur.
1535 1297 1614 1362 Quod
1630 1299 1653 1353 si
1682 1300 1713 1355 in

59 1384 160 1451 gente,
175 1378 243 1432 illud
255 1394 315 1431 esse
330 1376 492 1447 conjugium
508 1375 582 1445 quod
597 1382 659 1430 erat
676 1377 807 1448 primitus
827 1376 869 1429 di·
909 1379 1056 1450 mancipiis
1069 1381 1112 1434 rel
1127 1381 1202 1451 agris
1212 1389 1262 1436 aut
1275 1383 1360 1437 etiam
1379 1383 1407 1438 in
1418 1385 1548 1440 domibus
1557 1404 1589 1441 ac
1602 1404 1712 1458 posses·

61 1468 132 1523 vina
162 1467 257 1538 gratia
285 1466 445 1520 fundatum.
486 1466 716 1536 conventumque
740 1465 868 1520 secundae
910 1466 1035 1522 sionibus
1048 1468 1244 1531 riteserratur,
1262 1473 1465 1543 quantomagis
1480 1474 1713 1547 inconjugiorum

62 1557 195 1611 mulieris
222 1556 316 1628 priore
343 1554 504 1626 superstite,
529 1572 579 1609 nec
602 1554 719 1609 divortio
748 1557 867 1626 rejectae,
912 1557 1152 1629 redintegratione
1167 1560 1324 1615 laciendum
1339 1568 1391 1620 cst.
1409 1567 1440 1616 ut
1450 1563 1524 1633 quod
1540 1563 1638 1621 bellica
1667 1583 1714 1621 ne·

61 1646 144 1702 nullo
159 1650 328 1718 puctopoese
342 1661 402 1698 esse
418 1644 584 1714 legitimum.
912 1646 1042 1702 cessitate
1064 1648 1208 1703 turbatum
1235 1657 1287 1713 est,
1304 1650 1380 1721 pacis
1393 1651 1516 1705 remedio
1534 1651 1711 1710 reformetur.

880 1713 904 1773 B

62 1806 132 1862 cst,
149 1805 225 1860 vm,
243 1836 275 1845 ..
292 1805 367 1871 Quod
377 1805 458 1857 apud
470 1807 505 1857 ,p
520 1819 600 1863 mr·
616 1806 868 1870 αηηάωηουωΜ,
912 1781 977 1835 Car.
993 1783 1027 1836 X.
1050 1784 1134 1836 -Ile
1152 1786 1201 1837 ilio
1224 1786 1274 1852 put
1297 1785 1481 1839 concubinam
1500 1803 1583 1857 super
1599 1805 1713 1844 acrorem

100 1882 126 1930 ct
139 1878 213 1944 quod
225 1893 281 1930 uon
296 1879 331 1929 rit
351 1878 475 1943 conjrrpii
501 1877 664 1943 (triplicatio,
680 1879 800 1945 artando,
817 1893 871 1931 an·
1270 1855 1358 1909 habel·

100 1951 169 2001 ‘'ll“
185 1951 294 2016 rejecto,
313 1963 383 2000 “²⁰’'
394 1949 559 2000 ⁰⁸⁵⁸‘l'llll‘l3
949 1966 981 2020 ln
994 1966 1129 2021 Tolemno
1144 1967 1270 2027 concilio,
1286 1985 1346 2039 cap.
1359 1975 1385 2034 7,
1403 1970 1595 2041 scriptumest
1619 1974 1654 2029 de
1679 1992 1713 2031 eo

101 2090 135 2144 ln
162 2089 282 2143 decretis
310 2089 410 2143 Leonis
427 2105 515 2160 papae,
532 2106 593 2160 cap·
611 2087 653 2153 ,¹92
669 2090 805 2161 scriptum
827 2096 871 2145 est
911 2054 958 2124 qui
975 2071 1089 2109 uxorem
1111 2055 1246 2156 aeliensi
1263 2056 1445 2113 concubinam
1474 2060 1613 2129 habuerit,
1638 2064 1713 2134 quod

65 2179 142 2250 quod
157 2178 235 2232 aliud
246 2178 282 2232 δὴ
297 2194 375 2240 ΜΓ,
388 2183 417 2231 e,
430 2178 507 2231 aliud
527 2178 690 2232 concubina·
716 2180 774 2233 Nec
795 2186 871 2234 emt
910 2159 966 2196 non
977 2150 1172 2244 eommunicet.
1190 2146 1294 2217 Siquis
1317 2147 1422 2201 liabens
1434 2164 1549 2246 uxorem
1572 2151 1671 2215 fidelis,
1687 2152 1713 2208 si

66 2268 198 2339 quisquis
209 2267 296 2321 filiam
310 2284 391 2321 suam
401 2267 430 2320 in
444 2267 655 2321 matrimonium
668 2267 817 2323 tradiderit
844 2268 869 2322 ei
910 2232 1093 2288 ⁰⁰¹¹⁰¹¹b¹¹¹³m
1110 2233 1219 2299 habeat·
1237 2252 1292 2289 ”⁰¹¹
1316 2242 1511 2291 ⁰⁰m¹¹¹⁰¹¹¹⁰⁰t·
1532 2239 1671 2294 camisum
1687 2258 1712 2297 ¹⁵

66 2356 118 2428 qui
131 2355 233 2412 habuit
246 2356 512 2410 concubinamb'on
526 2356 794 2411 omnismulierriro
806 2357 871 2427 jun·
911 2337 1026 2391 q⁰¹¹¹⁰¹¹
1043 2322 1125 2377 habet
1151 2340 1275 2425 ¹¹¹,0rem’
1297 2330 1326 2380 et
1348 2342 1398 2396 pm
1421 2342 1505 2380 um
1527 2328 1711 2385 ⁰⁰¹¹⁰¹¹bin⁰m

67 2453 124 2509 cta,
141 2451 263 2500 uxorest
277 2445 328 2499 riri
345 2464 350 2497 :
369 2445 435 2516 quia
447 2461 498 2499 nec
512 2445 604 2498 omnis
617 2444 690 2499 lilius
717 2447 805 2500 heres
828 2453 871 2499 est
911 2410 1245 2476 h³b⁰t⁹a⁰⁰mmu¹¹¹⁰¹¹⁰
1270 2431 1325 2468 ”⁰¹¹
1354 2415 1506 2485 mpenatur
1521 2434 1528 2470 ²
1544 2422 1654 2473 tantum
1679 2424 1713 2474 ut

67 2535 346 2607 patrisNuptiarum
356 2540 450 2587 autem
460 2533 565 2587 federa
576 2534 795 2603 interingenuos
805 2540 872 2589 sunt
912 2514 996 2554 umus
1008 2501 1133 2556 mmmm
1147 2509 1197 2556 aut
1210 2520 1303 2557 ”⁸⁰⁸⁸
1318 2510 1368 2557 aut
1381 2504 1551 2569 ⁰⁰¹¹⁰¹¹b¹¹¹²⁰¹
1563 2512 1596 2561 ¹¹²
1609 2524 1635 2561 ³¹
1649 2509 1710 2580 P¹⁸‘

67 2624 204 2696 legitima,
213 2623 324 2677 etium
331 2624 460 2694 mquales.
472 2624 506 2677 Et
521 2598 760 2695 maltoprius.hoe
777 2624 870 2696 ipsum
912 2589 1011 2689 cuerit,
1026 2589 1064 2644 sit
1077 2592 1272 2662 conjunctione
1291 2594 1532 2648 contentuslllias
1544 2612 1607 2649 reio
1617 2596 1711 2653 virens

66 2713 189 2770 Domino
203 2713 400 2773 constituente,
423 2730 507 2783 quam
523 2712 633 2767 initium
659 2713 777 2767 Romani
796 2714 870 2784 juris
911 2677 1061 2748 abjiciatur
1075 2679 1162 2734 donec
1181 2680 1299 2740 desinat,
1317 2683 1393 2735 etad
1409 2683 1604 2753 penitentiam
1617 2702 1710 2741 rerer-

66 2804 210 2859 existeret.
226 2803 324 2873 ltaque
339 2802 415 2856 aliud
429 2808 560 2868 estuxor,
591 2803 667 2857 aliud
696 2802 866 2858 concubina:
910 2770 996 2821 tatur·

64 2893 136 2948 sicul
154 2891 231 2946 aliud
244 2891 355 2953 ancilla,
372 2891 448 2946 aliud
461 2890 559 2946 libera.
571 2893 690 2964 Propter
699 2892 773 2963 quod
783 2893 868 2948 etiam
910 2883 975 2937 Car.
992 2883 1039 2937 Xl.
1055 2912 1087 2924 —
1101 2885 1138 2938 Dc
1154 2887 1306 2954 parricide,
1324 2891 1347 2940 ct
1372 2887 1415 2939 lu's
1451 2890 1502 2957 prii
1525 2895 1625 2958 prorius
1648 2905 1711 2944 sues

63 2982 218 3054 Apostolus
239 2981 274 3034 ad
300 2980 535 3035 manifestandam
560 2981 661 3035 barum
684 2997 868 3052 personarum
1263 2965 1370 3012 'lisam-

64 3070 276 3135 discretionem,
295 3070 486 3124 testimonium
506 3070 586 3141 ponit
600 3088 633 3125 ex
648 3071 760 3134 Genesi,
771 3071 819 3125 ubi
830 3048 901 3125 di·C
945 3068 1120 3124 Panicidum
1135 3077 1229 3126 autem
1245 3073 1380 3143 quamsit
1400 3074 1565 3130 detestabile
1592 3075 1708 3143 crimen,

64 3160 140 3215 citur
148 3159 287 3214 Abrahae:
306 3180 316 3210 r
335 3158 410 3229 EJ'iee
425 3159 555 3214 ancillam
571 3160 702 3214 etlilium
718 3161 789 3230 ejus,
805 3161 868 3215 Non
911 3156 1055 3227 injudicio
1071 3159 1143 3213 facta
1167 3160 1242 3214 inter
1258 3161 1327 3215 Cain
1343 3170 1371 3216 et
1388 3162 1457 3217 Abel
1484 3164 1600 3219 fratrem
1616 3182 1710 3229 suum,

64 3249 143 3305 enim
154 3249 245 3304 hares
260 3249 315 3303 crit
329 3249 403 3302 lilius
414 3249 521 3303 ancilla
537 3265 601 3303 curn
631 3249 687 3304 silio
712 3266 774 3303 meo
793 3250 871 3304 lsaae
911 3246 1049 3301 Dominus
1058 3248 1118 3319 ipse
1134 3250 1265 3315 ostendit,
1282 3267 1346 3305 cum
1357 3251 1390 3305 ad
1407 3253 1476 3307 Cain
1486 3253 1709 3324 parricidamaitg

65 3337 870 3409 (GenusumUndecumsocietasnuptiarumitaabinitio
913 3336 1102 3390 «Maledictus
1126 3337 1181 3391 eris
1209 3355 1295 3409 super
1321 3345 1515 3412 terramque
1538 3343 1650 3414 aperuit
1677 3361 1710 3398 os
1800 3384 1809 3407 ,

62 3427 222 3483 wnmituta
234 3426 320 3483 situt
330 3432 431 3498 preter
445 3444 562 3481 sextium
577 3427 803 3497 conjuactionem
819 3427 870 3481 lra-
910 3440 1003 3483 suum.
1020 3430 1049 3479 et
1067 3426 1189 3497 suscepit
1202 3428 1368 3497 sanguinem
1382 3429 1476 3483 fratris
1501 3431 1544 3485 tui
1567 3432 1602 3486 de
1626 3448 1712 3488 manu

63 3514 147 3571 beret
162 3515 191 3570 in
202 3531 232 3568 se
238 3515 342 3569 Christi
352 3521 381 3569 et
390 3515 519 3570 Ecclesiae
525 3523 743 3581 sacramentum,
753 3514 870 3569 dubium
911 3517 969 3567 tua.
986 3515 1047 3568 Non
1058 3513 1136 3568 dabit
1146 3514 1196 3568 tibi
1211 3515 1318 3570 fructus
1331 3534 1406 3571 suos.
1418 3518 1513 3588 Vagus
1534 3526 1564 3572 et
1577 3520 1712 3590 profugus

64 3620 124 3661 non
139 3610 184 3659 est
196 3621 258 3658 eam
275 3605 422 3658 mulierem
437 3620 492 3658 non
507 3604 647 3674 pertinere
662 3605 697 3658 ad
727 3603 871 3658 matrime-
911 3600 966 3656 eris
978 3608 1179 3673 superterram
1195 3605 1269 3669 (den.
1286 3609 1334 3670 rr).
1354 3625 1364 3655 ι
1381 3606 1412 3659 ln
1436 3622 1491 3677 quo
1512 3607 1598 3662 etiam
1616 3608 1712 3679 posuit

64 3694 266 3764 nium,inqua
287 3694 403 3747 docetur
430 3692 555 3763 nuptiale
578 3709 633 3747 nan
651 3693 737 3748 fuisse
765 3697 869 3764 myste-
912 3691 1033 3759 signum,
1049 3691 1189 3745 hocestut
1199 3698 1323 3747 tremens
1336 3700 1484 3764 etgemeas
1497 3696 1632 3766 profugus
1641 3714 1713 3752 sem·

64 3784 153 3839 rium.
172 3783 262 3853 Igitur
276 3781 427 3853 cujuslibet
440 3781 492 3834 loci
504 3781 631 3846 clericus,
647 3782 670 3835 si
682 3782 769 3836 liliam
789 3798 869 3836 suam
910 3795 960 3851 per
973 3778 1087 3843 viveret,
1102 3796 1152 3833 nec
1166 3780 1284 3835 auderet
1291 3783 1352 3851 jum
1367 3783 1476 3853 uspiam
1503 3784 1583 3838 sedes
1609 3785 1712 3841 lrabere

63 3874 126 3929 viro
136 3871 253 3927 habenti
267 3871 450 3927 concubinam
469 3870 498 3924 in
518 3870 730 3925 matrimonium
750 3870 867 3939 dederit,
911 3867 1028 3939 quietas.
1041 3868 1094 3923 Sed
1111 3868 1215 3939 quiain
1230 3870 1553 3942 modemistemporibus
1567 3874 1713 3944 parricidas

65 3957 375 4028 nonitaaccipiendum
390 3960 442 4020 est,
459 3956 538 4025 quasi
550 3972 611 4009 eam
626 3956 870 4025 conjugatodedc·
911 3957 1021 4028 profugi
1035 3957 1196 4012 discurrunt
1210 3974 1261 4029 per
1271 3959 1381 4014 diversa
1396 3961 1466 4025 loca,
1483 3967 1512 4015 et
1537 3962 1622 4017 variis
1636 3962 1712 4019 viliis

66 4048 115 4112 rit,
131 4047 188 4103 nisi
199 4047 269 4101 torte
281 4047 328 4101 illa
343 4046 445 4100 mulier
456 4051 485 4098 et
501 4045 624 4114 ingenua
636 4044 719 4109 lacta,
736 4048 765 4097 et
775 4043 872 4098 dotata
912 4050 997 4116 atque
1008 4046 1080 4115 guin
1095 4045 1233 4101 illecebris
1252 4046 1422 4117 deserviunt,
1441 4050 1542 4106 melius
1554 4053 1622 4106 mihi
1635 4052 1712 4108 vide·

66 4137 206 4209 legitime,
222 4141 251 4190 et
264 4135 383 4207 publicis
392 4134 499 4206 nuptiis
507 4133 654 4187 honestata
664 4132 792 4187 rideatur
807 4151 812 4185 :
825 4148 873 4204 pa·
912 4140 1009 4201 tur,ut
1019 4135 1047 4188 in
1068 4150 1124 4188 uno
1147 4136 1207 4190 loco
1225 4143 1381 4205 innuentes,
1406 4139 1573 4211 penitentia
1586 4141 1714 4197 districta

67 4232 152 4283 terno
167 4224 285 4280 arbitrio
298 4224 365 4278 riris
373 4225 478 4294 Junctoe
495 4227 592 4277 mrent
605 4222 687 4293 culpa
700 4222 724 4276 si
738 4222 872 4277 mulieres
914 4223 1078 4295 semeptisos
1097 4224 1243 4295 castigent,
1256 4224 1279 4279 si
1293 4226 1365 4282 torte
1375 4245 1393 4283 a
1405 4228 1518 4283 Domini
1533 4228 1657 4285 bonitate
1673 4231 1713 4286 in·

68 4332 133 4387 quae
149 4332 167 4369 a
181 4313 248 4368 viris
262 4313 420 4368 habeantur
433 4313 462 4366 in
477 4311 657 4366 matrimonio
669 4327 725 4365 noa
747 4310 870 4379 fuerunt,
913 4310 1088 4380 dulgentiam
1103 4310 1236 4366 facinoris
1247 4313 1289 4367 sui
1307 4315 1449 4387 percipere
1464 4322 1635 4370 mereantur.
1650 4316 1712 4371 Nou

68 4404 137 4476 quia
151 4402 227 4457 aliud
242 4407 286 4456 est
297 4408 395 4474 nupta,
411 4402 488 4456 aliud
502 4400 667 4456 concubina.
913 4399 988 4454 enim
1003 4399 1044 4454 eis
1056 4399 1151 4454 licebit
1163 4402 1237 4455 ultra
1247 4401 1354 4457 militie
1368 4403 1511 4473 cingulum
1535 4422 1657 4471 sumere,
1683 4411 1713 4461 et

105 4492 179 4548 item
193 4492 223 4545 in
237 4492 364 4562 ejusdem
377 4491 505 4557 decretis,
521 4507 581 4562 cap.
594 4488 639 4554 26,
656 4489 792 4561 scriptum
806 4495 848 4545 est
864 4508 870 4544 :
913 4489 1020 4560 nuptiis
1034 4494 1118 4559 atque
1132 4488 1254 4559 conjugii
1265 4490 1363 4560 copula
1374 4491 1414 4545 uti
1435 4509 1441 4543 τ
1458 4491 1526 4562 quia
1539 4494 1611 4547 sacri
1625 4494 1714 4549 Cano·

69 4580 151 4645 Quod
165 4581 271 4635 nonsit
290 4580 414 4651 conjugii
446 4580 606 4651 duplicatio,
632 4579 754 4650 quando,
771 4579 873 4633 ancilla
914 4594 964 4632 nes
975 4580 1027 4633 hoc
1041 4579 1081 4632 eis
1096 4578 1446 4633 nonconscntiunt:sicut
1460 4580 1542 4635 modo
1570 4582 1604 4637 de
1627 4582 1715 4655 preni-

69 4670 441 4741 rejectu,uxorassumitur.
458 4669 596 4723 Ancillam
611 4668 723 4722 athoro
740 4667 870 4738 abjicere,
912 4666 1037 4721 tentibus
1067 4683 1118 4737 pro
1145 4666 1236 4737 culpis
1263 4666 1390 4735 gravium
1414 4669 1564 4725 criminum
1600 4672 1714 4728 decreta
1815 4656 1823 4669 ⁶

70 4764 99 4813 et
114 4775 232 4813 uxorem
243 4765 325 4813 certa
340 4757 522 4829 ingenuitatis
547 4756 682 4828 accipere,
699 4773 754 4811 non
779 4756 872 4827 dupli·
913 4754 1060 4826 synodalia
1073 4755 1224 4809 decernere
1237 4755 1376 4810 ostensuri
1392 4773 1499 4812 sumus.

69 4848 144 4903 catio
154 4848 289 4918 conjugii,
299 4848 347 4901 sed
359 4846 547 4919 profectusest
556 4846 721 4900 honestatis.
730 4846 875 4917 Culpanda
951 4845 1048 4915 Itaque
1070 4843 1099 4898 ia
1121 4845 1269 4916 Ancyrano
1291 4845 1407 4900 concilio
1432 4863 1492 4918 cap.
1509 4847 1553 4911 90,
1579 4850 1713 4921 scriptum

70 4937 107 4992 sit
120 4954 191 4992 sane
205 4937 305 4991 talium
318 4935 509 5007 negligentia:
526 4935 574 4989 sed
590 4950 646 4989 non
656 4933 767 5006 penitus
777 4935 874 5007 despe-
914 4938 958 4987 est
973 4933 1007 4987 de
1022 4932 1065 4986 his
1077 4932 1125 5003 qui
1135 4939 1232 5005 partus
1248 4950 1313 4988 suos
1331 4952 1363 4989 ex
1391 4935 1575 4991 dimicatione
1598 4937 1714 4993 diversis

70 5027 180 5082 rande:
209 5032 241 5081 ut
259 5025 364 5081 crebris
390 5023 629 5079 exhortationibus
655 5024 773 5089 incitati,
798 5024 873 5096 quod
915 5021 1245 5077 medisinterimualtDc
1258 5023 1422 5079 mulieribus
1433 5025 1715 5095 qualomieantur,et

71 5116 230 5171 necessarie
271 5115 483 5187 expetiverunt,
516 5113 636 5168 fideliter
674 5118 871 5185 exsequontur.
914 5118 1012 5184 partus
1026 5116 1216 5176 suosnecant,
1233 5112 1445 5183 relquaeagunt
1464 5131 1558 5169 secum
1576 5120 1609 5170 ut
1632 5120 1714 5171 utero

71 5205 160 5260 Nemo
175 5205 251 5259 enim
269 5203 460 5275 desperandus
488 5207 539 5267 est,
561 5200 670 5256 damin
687 5203 739 5256 hoc
758 5219 872 5274 corpore
914 5206 1061 5273 conceptos
1072 5200 1223 5266 excutiant,
1234 5201 1351 5273 antiqua
1364 5202 1475 5274 quidem
1484 5203 1610 5258 delinitio
1625 5220 1715 5276 usque
1806 5242 1810 5251 ,

72 5295 242 5350 constitutus
262 5298 320 5347 est:
338 5293 405 5364 quia
419 5308 621 5364 nonnunquam
632 5292 705 5362 quod
717 5291 873 5347 dillldoatia
913 5291 948 5345 ad
958 5289 1063 5345 exitum
1080 5289 1141 5344 ritae
1156 5306 1204 5344 eas
1218 5289 1253 5345 ab
1268 5291 1389 5346 Ecclesia
1407 5298 1540 5346 removet.
1557 5292 1715 5348 llumanius

72 5384 160 5438 etatis
185 5382 324 5446 differtur,
355 5380 471 5435 consilio
494 5381 639 5435 maturiori
661 5380 814 5452 perficitur,
842 5381 871 5435 in
914 5386 1008 5436 sautem
1023 5378 1715 5453 auncdessninrus‚uteisdecomaanorumtempus

72 5470 253 5526 matrimonio
262 5471 373 5526 ridetur
384 5487 455 5525 esse.
913 5469 1066 5524 secuudum
1083 5469 1209 5539 praelixas
1215 5467 1319 5535 gradus
1333 5468 1503 5539 penitentie
1515 5469 1678 5541 largiamur.

951 5560 1023 5614 ltem
1035 5557 1065 5612 in
1080 5555 1196 5612 concilio
1204 5555 1421 5625 llcliberritano,
1432 5574 1493 5631 cap.
1521 5557 1566 5629 68,
1578 5560 1715 5634 scriptum
