3772 6120
192 237 243 293 263
501 235 532 287 B.
549 234 684 289 RABANI
700 236 815 291 MAURI
829 237 996 291 ARCHIEP.
1012 237 1174 292 MOGUNT.
1193 237 1341 292 OPERUM
1354 237 1446 291 Pnus
1461 239 1510 292 lll.
1772 241 1824 299 ’264

192 361 359 425 referantur,
376 377 407 413 se
426 374 482 412 non
500 357 535 412 ab
558 358 669 412 homine
683 359 797 413 doctum
812 377 881 427 esse,
905 361 954 414 sed
969 364 1083 421 aAci'a.
1095 361 1194 429 (Hier.)
1204 361 1272 414 Post
1281 360 1480 431 Hierosolyma
1492 360 1627 432 visionem
1637 365 1713 419 venit
1728 363 1764 419 ad
1776 366 1826 435 Sy·

192 452 364 506 Deo.Atiem
372 454 464 502 aulem
474 451 657 514 apostoloram
668 450 727 501 cidi
735 451 869 502 neironem
881 452 988 503 m'silo·
1029 449 1110 514 riam,
1127 466 1189 522 quae
1203 448 1348 503 nobiscum
1361 448 1465 502 dicitur
1478 454 1579 505 eacclse
1592 457 1677 523 atque
1686 455 1824 508 sublimis.

191 542 286 594 cabum
301 541 419 605 frollam
429 538 550 589 Domini.
562 534 680 601 (Amba)
691 536 825 590 iacobum
843 537 912 591 vidit
926 538 989 591 Hie·
1029 536 1135 590 Deinde
1150 537 1263 590 transiit
1285 537 1321 590 ad
1337 536 1470 602 Ciliciam,
1492 556 1576 608 quam
1601 540 1630 594 in
1651 541 1707 595 tide
1722 542 1826 596 Christi

192 627 349 698 rosolymis,
370 624 437 695 quia
456 623 512 676 illic
530 629 592 676 erat
609 624 778 679 constitutus
797 624 832 678 ab
855 626 988 696 apostolis
1029 625 1160 695 cupiebat
1168 642 1321 691 assumere,
1338 625 1530 695 evangelizans
1545 628 1569 680 ei
1578 628 1750 683 vocationem
1766 647 1826 701 poe·

192 712 989 786 episcopus,quietipsepriusiueratiucredulus,sicutdi-
1029 713 1171 779 nitentiae;
1194 714 1291 768 Cilicia
1313 714 1416 785 quippe
1439 714 1641 786 interpretatur
1664 722 1825 787 assumptio,

191 801 504 872 citerangelistalloan.
514 801 986 873 calquisnrofratresrjaainquit,
1029 800 1086 854 sive
1101 806 1203 855 vocatio
1216 803 1410 857 lculentabilis.
1427 804 1512 857 Eram
1526 809 1619 858 orclem
1632 809 1741 873 iqnolus
1756 808 1827 874 socie

190 893 280 946 aditam
294 892 436 945 credeban!
450 893 481 943 iu
498 907 569 943 curn
583 890 681 956 lHier.)
697 891 793 944 Potest
806 891 894 944 ethoc
907 890 989 944 aliter
1030 889 1154 942 Ecclesiis
1171 892 1277 952 leidae,
1296 907 1355 960 qua
1368 897 1448 944 crant
1467 895 1498 944 in
1515 893 1622 946 Clua'sto
1635 896 1709 950 lesa.
1732 893 1825 965 (hug.)

189 979 318 1049 intelligi,
335 979 533 1049 quodpropter
547 979 674 1049 egregios
691 996 782 1033 mores
797 986 824 1032 ct
845 979 987 1050 incompa-
1028 977 1314 1031 Animadvertendum
1330 979 1424 1032 nonin
1438 980 1498 1033 sola
1512 979 1706 1052 Hierosolyma
1716 983 1827 1038 ludaeos

190 1067 307 1123 rabilem
326 1069 420 1129 fidem,
437 1067 659 1138 sapientiamque
677 1084 732 1121 non
754 1068 885 1132 mediam,
901 1068 989 1122 irater
1028 1065 1058 1118 in
1069 1065 1178 1119 Christo
1195 1066 1362 1133 credidisse,
1376 1083 1427 1120 nec
1441 1073 1500 1121 tam
1515 1085 1617 1139 paucos
1627 1069 1722 1136 suisse,
1732 1078 1764 1127 ut
1779 1072 1827 1127 Ec·

189 1157 281 1212 dietus
295 1157 334 1209 sit
346 1156 466 1221 Domini,
484 1162 513 1209 et
526 1156 600 1226 quod
615 1156 723 1226 primus
738 1156 762 1209 ei
779 1157 905 1211 Ecclesiae
920 1173 988 1228 prae-
1027 1152 1119 1206 clesiis
1133 1154 1262 1223 gentium
1276 1153 1469 1221 miscerentur,
1487 1157 1536 1210 sed
1556 1165 1615 1211 tam
1632 1159 1736 1213 multos
1751 1165 1781 1214 ut
1794 1176 1827 1213 ex

191 1246 285 1311 fuerit,
302 1261 363 1315 quae
378 1244 469 1315 prima
481 1245 510 1298 in
532 1244 675 1298 Christum
689 1245 815 1311 eredens,
833 1262 866 1298 ex
884 1245 988 1300 ludaeis
1028 1241 1083 1295 illis
1092 1242 1218 1297 Ecclesia
1229 1243 1337 1296 tierent.
1345 1246 1464 1298 Tantam
1473 1246 1604 1299 auditum
1612 1247 1755 1312 habebant,
1763 1264 1827 1316 quo-

189 1334 283 1389 fuerat
304 1339 481 1404 congregata.
498 1333 635 1387 Dicuntur
649 1333 763 1404 quidem
773 1341 801 1387 et
815 1334 986 1405 caeteriilpo-
1029 1333 1108 1384 aiam
1122 1334 1171 1398 qai
1177 1333 1389 1400 persequebatur
1401 1349 1448 1387 nos
1457 1336 1703 1403 aliquando,naao
1712 1352 1827 1405 ecanae·

191 1423 254 1477 stoli
270 1422 370 1476 iratres
389 1423 512 1487 Domini,
528 1421 600 1475 sicut
615 1422 645 1475 in
663 1422 834 1492 Evangelio:
858 1424 925 1477 Vade
944 1425 989 1477 dic
1029 1421 1280 1488 lizalfiaanqaam
1291 1421 1827 1493 qaoredamcrpupnabct,etiameolori·

190 1513 327 1578 frat-ribus
342 1515 427 1565 ilicis:
444 1512 511 1564 l'ado
520 1512 557 1563 ad
569 1513 679 1564 Patrem
689 1527 781 1564 alaeam
790 1517 813 1564 el
825 1513 988 1565 Patremor·
1027 1507 1147 1576 licebant
1161 1509 1257 1561 Deerit.
1271 1510 1365 1578 (Aug.)
1382 1509 1440 1562 Hoc
1454 1515 1497 1563 est
1510 1510 1584 1580 quod
1594 1511 1681 1565 etiam
1691 1511 1827 1567 Dominus

190 1607 291 1664 strum,
307 1602 396 1654 Deam
411 1615 506 1652 meam
520 1604 545 1652 el
559 1601 644 1652 Deam
659 1605 779 1653 vestram
793 1601 899 1664 (blattis.
911 1616 987 1665 xuu,
1029 1594 1097 1648 dicit
1110 1597 1199 1662 (illan.
1213 1599 1240 1664 t)
1255 1614 1260 1648 1
1277 1598 1374 1650 Lueeol
1390 1600 1439 1651 lua
1453 1603 1543 1651 vestra
1554 1615 1648 1652 eorem
1657 1600 1825 1655 bominibus.

189 1691 270 1743 leant.
281 1692 339 1756 xx).
349 1688 404 1741 Sed
412 1687 440 1741 in
451 1688 559 1759 psalmo
569 1707 578 1741 ι
590 1687 718 1741 Narrabo
729 1704 827 1741 nornen
837 1693 920 1741 leiim
928 1673 1018 1756 fra-B
1029 1688 1060 1738 al
1074 1685 1185 1737 videant
1196 1686 1266 1737 bona
1276 1686 1350 1752 facto
1361 1690 1486 1751 vestram
1496 1689 1649 1754 clarificent
1661 1690 1772 1742 Patrem
1782 1706 1827 1743 oc·

191 1779 280 1831 tribus
295 1779 370 1839 ilicis,
388 1780 420 1829 ia
434 1777 524 1829 aredio
543 1776 660 1829 Ecclesia
676 1777 790 1830 corileto
809 1776 948 1846 {lamiabol
964 1782 987 1831 te
1028 1778 1118 1826 strum
1128 1775 1177 1840 qui
1187 1775 1218 1825 ia
1228 1775 1354 1826 calisesl.
1366 1773 1468 1842 (Hier.)
1488 1774 1623 1841 Ecclesiae,
1636 1776 1827 1847 quaerentia

192 1868 275 1932 (Psal.
300 1870 369 1932 xri).
388 1864 443 1919 Sed
460 1864 597 1935 praecipue
610 1864 654 1918 hic
668 1864 755 1917 frater
768 1863 879 1925 dicitur,
897 1864 942 1918 cui
956 1866 989 1918 fi·
1027 1859 1133 1925 Judaea,
1150 1860 1268 1915 Paulum
1278 1865 1388 1916 tanturn
1398 1879 1511 1917 rumore
1520 1870 1716 1934 cognoverant,
1724 1882 1757 1919 ex
1768 1865 1828 1937 qui-

190 1952 348 2008 liosmatris
357 1953 456 2007 suaead
469 1953 581 2007 Patrem
591 1952 835 2006 Dominusvadens
845 1969 987 2007 commen·
1027 1946 1080 2002 bus
1086 1948 1295 2019 pleraequeeum
1301 1949 1391 2019 magis
1396 1958 1605 2020 persecutorem
1615 1970 1701 2027 quam
1710 1954 1828 2025 Aposto-

190 2043 314 2097 daverat.
327 2043 361 2096 Et
375 2041 515 2112 quomodo
529 2043 543 2096 J
546 2041 581 2094 ob
596 2047 625 2094 et
639 2040 731 2095 caeteri
742 2041 907 2111 patriarchae
921 2041 988 2095 dicti
1028 2035 1397 2108 lum,riderant:Syriavero
1409 2046 1438 2093 et
1449 2044 1543 2110 partes
1554 2040 1665 2107 Ciliciae,
1683 2041 1790 2096 Arabia
1800 2049 1830 2098 et

190 2136 257 2186 sunt
270 2131 382 2203 quidem
396 2130 493 2184 famuli
507 2129 566 2196 Dei,
587 2130 636 2183 scd
651 2130 731 2200 quasi
746 2129 889 2199 egregium
910 2129 989 2199 quid·
1029 2125 1204 2188 Damascum,
1221 2142 1253 2179 ex
1263 2126 1340 2180 vultu
1356 2144 1467 2199 quoque
1479 2145 1544 2182 eum
1552 2129 1669 2184 forsitan
1678 2138 1824 2191 noverant.

190 2219 255 2273 dam
276 2219 386 2290 Moyses
401 2218 499 2273 habuit
513 2219 603 2283 (Hebr.
625 2222 673 2284 ml,
698 2224 730 2272 ut
744 2216 876 2271 scribitur
890 2217 925 2270 de
938 2234 985 2271 eo:
1029 2213 1095 2284 quia
1103 2214 1200 2267 doctor
1208 2214 1336 2284 gentium
1344 2216 1526 2286 Evangelium
1536 2217 1700 2274 Christiuon
1708 2220 1822 2286 ludaeis,

190 2305 242 2362 Sed
260 2324 315 2362 non
334 2311 404 2361 sicel
427 2309 528 2374 Moyses
543 2308 667 2374 [aerleius
682 2323 772 2370 nicils5
791 2306 830 2359 sic
849 2310 877 2359 et
890 2304 987 2359 beatus
1028 2302 1077 2355 sed
1098 2302 1230 2373 gentibus
1245 2303 1422 2373 praedicabat.
1438 2305 1540 2359 Totum
1554 2311 1650 2360 autem
1665 2308 1739 2378 quod
1753 2309 1821 2379 agit,

189 2395 308 2450 lacobus
321 2395 480 2467 specialiter
491 2395 579 2451 irater
587 2394 708 2459 Domini,
729 2400 762 2448 ut
777 2401 842 2449 ante
856 2394 985 2461 diximus,
1028 2389 1097 2444 illud
1121 2396 1173 2455 est,
1197 2398 1229 2447 ut
1250 2392 1349 2446 doceat
1376 2410 1406 2447 se
1427 2409 1573 2465 nunquam
1597 2395 1632 2449 de
1650 2402 1829 2466 persecutore

191 2485 347 2555 appellatus
365 2490 416 2539 cst.
440 2486 503 2551 Qua
517 2490 610 2539 aulem
626 2485 714 2537 scribo
728 2485 810 2549 cobis,
826 2500 880 2538 ecee
895 2499 989 2537 coram
1029 2479 1103 2550 apud
1114 2496 1162 2533 eos
1173 2479 1248 2550 ipsos
1260 2496 1329 2551 quos
1337 2481 1827 2556 priuspersecutusfuerat,potuisse

189 2574 241 2626 Deo
254 2575 322 2640 quio
338 2589 393 2626 iton
409 2575 537 2626 licentior.
555 2573 655 2639 (Hier.)
667 2571 729 2626 Sive
742 2571 906 2641 simpliciter
915 2571 987 2625 acci-
1029 2567 1147 2621 existere
1157 2568 1320 2637 gloriosum,
1333 2569 1388 2623 nisi
1403 2570 1563 2640 praedicatio
1573 2572 1634 2641 ejus
1641 2588 1738 2627 eorum
1756 2590 1827 2645 quo·

189 2660 334 2729 piendum,
358 2665 391 2714 ut
407 2660 459 2713 sit:
487 2662 554 2723 Qum
580 2658 670 2714 scribo
694 2659 771 2714 vobis
786 2676 852 2712 vera
866 2666 941 2724 sunt,
959 2665 988 2714 et
1029 2671 1091 2726 que.
1122 2657 1256 2728 quiante
1279 2673 1344 2711 eum
1364 2659 1436 2712 male
1457 2667 1602 2726 noverant,
1627 2667 1701 2715 esset
1716 2661 1824 2732 judicio

191 2749 248 2802 Deo
258 2752 330 2802 teste
340 2748 484 2813 confirmo,
499 2748 565 2819 quia
579 2748 656 2801 nulla
666 2753 726 2802 arte
737 2747 894 2814 verborum,
909 2748 985 2802 nullo
1026 2744 1215 2815 comprobata.
1232 2745 1267 2800 Et
1288 2746 1323 2799 ad
1338 2747 1512 2817 propositum
1527 2748 1634 2803 occulte
1655 2749 1749 2816 rediit,
1765 2755 1825 2805 tam

189 2841 257 2891 sunt
270 2836 363 2890 fucata
381 2836 536 2891 mendacio.
553 2829 723 2901 Sive'altius,
739 2836 890 2906 allegatur
901 2855 907 2888 :
918 2838 985 2899 Quae
1026 2831 1107 2885 breve
1127 2839 1238 2903 tempus
1259 2850 1290 2888 se
1311 2834 1340 2887 in
1359 2836 1456 2890 ludaea
1468 2835 1567 2890 fecisse
1587 2838 1766 2905 confirmans,
1792 2845 1826 2894 ut

189 2923 279 2979 scribo
294 2924 372 2978 vobis
384 2940 478 2979 coram
490 2926 547 2979 Deo
561 2931 636 2989 sunt,
652 2924 740 2990 idest,
754 2925 804 2978 Dei
818 2924 903 2995 digna
917 2941 983 2978 con·
1027 2921 1113 2974 etiam
1126 2922 1205 2975 vultu
1218 2922 1397 2976 credentibus
1414 2929 1488 2977 esset
1510 2924 1631 2994 ignotus.
1654 2927 1692 2980 Ex
1706 2943 1761 2998 quo
1776 2944 1823 2982 os-

189 3019 295 3086 spect-u.
312 3014 404 3078 Quare
414 3018 508 3067 autem
519 3014 569 3067 Dei
580 3014 665 3083 digna
675 3013 921 3084 conspectulQuia
930 3013 983 3066 sci·
995 2984 1016 3041 C
1026 3008 1117 3062 tendit
1131 3025 1187 3063 non
1203 3010 1327 3077 Petrum,
1343 3028 1398 3065 non
1410 3011 1553 3077 iacobum,
1571 3029 1627 3068 non
1642 3015 1780 3070 loannem
1794 3033 1825 3071 se

188 3101 253 3156 licet
267 3119 323 3156 non
338 3103 467 3156 mentior.
483 3103 518 3156 Et
532 3102 679 3173 quomodo,
694 3102 773 3156 Oculi
783 3104 895 3156 havuini
903 3118 985 3170 saper
1024 3096 1156 3151 habuisse
1170 3098 1308 3165 doctores,
1328 3100 1377 3153 sed
1400 3100 1552 3166 Christum,
1571 3102 1619 3173 qui
1633 3101 1686 3156 sibi
1702 3103 1825 3174 Evange-

183 3192 273 3259 jeslos
293 3193 376 3256 (Psal.
393 3193 501 3258 xxxin),
521 3191 623 3244 avertit
645 3197 740 3244 autem
760 3190 858 3243 taciem
873 3206 954 3244 suam
968 3206 985 3243 a
1024 3185 1093 3240 lium
1110 3186 1268 3241 revelasset.
1278 3187 1366 3242 Simul
1380 3195 1475 3244 autem
1489 3191 1644 3245 notandum
1657 3191 1731 3263 quod
1739 3208 1825 3264 supra

188 3283 337 3350 conspectu
351 3278 527 3349 impiorum?
553 3279 596 3332 lta
620 3295 694 3332 nunc
716 3295 749 3332 ea
774 3294 834 3349 quae
855 3277 982 3331 scribun-
1024 3273 1820 3348 diciturEcclcsiamexpugnasse,hics1dem,ibihomiues,

187 3372 235 3420 tur
258 3383 353 3420 coram
375 3367 494 3421 Domino
510 3373 585 3430 sunt,
603 3384 648 3420 me
677 3383 733 3420 non
758 3367 911 3420 mentiente
934 3365 982 3437 qui
1023 3362 1067 3416 hic
1076 3379 1149 3429 rem,
1162 3370 1194 3417 ut
1205 3380 1280 3418 nunc
1294 3365 1478 3436 opportunius
1493 3366 1823 3438 inferreturtanapeli-

188 3453 296 3520 scrib03
315 3472 376 3527 quae
386 3472 443 3509 non
457 3460 551 3509 essent
564 3471 658 3508 coram
672 3454 790 3509 Domino
800 3454 824 3508 si
837 3454 980 3508 mentirer.
1022 3456 1067 3504 zat
1082 3453 1162 3517 flictu
1178 3469 1262 3521 quom
1279 3455 1431 3522 aliquando
1446 3457 1627 3524 sapapaabat.
1644 3456 1685 3511 De
1700 3457 1824 3513 Ecclesia

188 3542 247 3596 Hoc
259 3547 373 3597 autnon
384 3544 475 3597 solum
489 3543 524 3597 de
539 3543 582 3596 his
594 3560 655 3613 quae
664 3558 738 3596 nunc
747 3541 843 3596 scribit
852 3543 888 3596 ad
899 3542 982 3596 Gala-
1024 3539 1100 3592 enim
1107 3539 1235 3594 similiter
1242 3557 1342 3595 sonare
1348 3558 1404 3596 non
1409 3547 1547 3612 poterant.
1556 3546 1586 3611 (l
1592 3545 1658 3613 inb.)
1666 3545 1737 3600 Cum
1744 3546 1825 3601 Chri·

187 3636 232 3684 tas
241 3632 444 3702 potestaccipi;
458 3632 546 3685 sedet
559 3630 729 3701 generaliter
736 3631 770 3685 de
780 3615 909 3685 omnibus
922 3630 985 3701 Epi·
1025 3627 1061 3681 sti
1070 3628 1114 3681 lex
1123 3627 1198 3682 aliud
1211 3629 1386 3700 impenderet
1395 3647 1480 3701 quam
1491 3631 1666 3700 ludaismus;
1678 3633 1735 3688 illic
1744 3636 1821 3690 enim

189 3718 278 3785 stalis,
300 3720 368 3790 quia
381 3737 438 3774 non
451 3726 519 3774 sunt
532 3720 602 3774 salsa
617 3736 678 3791 quse
693 3718 804 3785 scribat,
822 3726 849 3773 et
864 3735 912 3772 cor
923 3720 984 3789 ejus
1025 3716 1197 3771 circumcisio
1207 3717 1357 3784 camisest,
1368 3718 1414 3772 hic
1425 3720 1529 3773 cordis:
1545 3719 1601 3774 illic
1610 3720 1662 3774 sub
1675 3721 1824 3778 elementis

187 3807 326 3879 verbaque
340 3825 396 3863 non
410 3808 568 3879 discrepent
582 3810 675 3877 (deep.)
692 3807 746 3872 Qui
760 3807 846 3862 dicit:
867 3809 932 3862 Ecce
946 3823 986 3861 co·
1026 3804 1147 3859 servitur
1161 3805 1315 3860 neomeniis
1330 3813 1359 3860 et
1372 3806 1497 3873 sabbato,
1515 3808 1559 3861 hic
1571 3808 1623 3862 soli
1639 3809 1697 3864 Deo
1712 3810 1741 3865 in
1762 3812 1824 3883 Spi-

186 3912 250 3951 ram
265 3899 317 3951 lieo
332 3914 388 3951 aon
404 3900 531 3962 licentior,
549 3899 628 3967 iurat
642 3896 748 3967 utique.
773 3895 807 3950 Et
834 3895 901 3965 quid
920 3912 985 3949 san·
1026 3892 1091 3958 ritu,
1109 3894 1175 3965 quia
1189 3895 1272 3948 corde
1285 3895 1428 3961 ereditur,
1452 3896 1508 3950 illic
1530 3895 1652 3951 conditio
1680 3903 1724 3952 est
1737 3915 1824 3955 causa

186 3984 258 4041 etius
272 3985 325 4038 hac
338 3985 497 4053 juratione?
513 3984 567 4039 Sed
576 4000 633 4038 non
648 3989 692 4038 est
706 3989 803 4038 contra
816 3989 986 4054 praeceptum
1026 3981 1141 4052 peccati,
1154 3982 1198 4035 hic
1208 3981 1323 4037 libertas
1335 4000 1367 4037 ex
1383 3984 1546 4039 remissione
1557 4001 1715 4056 peccorum.
1733 3987 1823 4042 Multa

183 4071 290 4139 juratio
305 4088 366 4142 quae
381 4076 483 4126 amalo
496 4078 543 4137 est,
559 4089 615 4126 non
626 4072 759 4142 jurantis,
773 4072 822 4125 sed
836 4062 985 4126 increduli·
1025 4069 1121 4140 itaque
1135 4069 1269 4125 distantia
1282 4078 1334 4126 est.

103 4176 105 4183 ’
186 4158 254 4213 tatis
269 4159 331 4228 ejus
346 4159 390 4213 cui
404 4160 500 4229 jurare
514 4161 642 4230 cogitem
660 4177 725 4215 nam
741 4160 806 4214 hinc
818 4160 985 4231 intelligitur
1021 4160 1024 4165 ‘
1333 4197 1449 4252 CAPUT
1469 4199 1504 4253 ss·

186 4246 227 4301 ita
241 4247 391 4302 Dominum
405 4247 580 4318 prohibuisse
595 4265 612 4302 a
618 4249 749 4319 jurando,
767 4253 799 4302 ut
809 4249 983 4320 quantumin
1130 4304 1135 4315 ,
1335 4307 1340 4317 ,
1443 4307 1447 4318 ,
1468 4308 1473 4320 ,

186 4336 247 4407 ipso
262 4342 305 4392 est
319 4337 438 4408 quisque
454 4354 510 4391 non
529 4338 615 4406 juret.
628 4336 708 4400 Quod
721 4337 802 4391 multi
817 4337 931 4401 iaciunt,
951 4333 1012 4392 iuD
1025 4301 1822 4448 &m⁸fflfflg'ffa{gffifflfflmfflffifiumgg—

124 4463 128 4470 ·
186 4426 553 4498 ⁰f0h⁸b0¹¹l0⁸l⁰f²li⁰¹¹⁰m
560 4431 983 4497 mnqustmfflflssssufflffifflale
1058 4447 1201 4497 stolorum.
1217 4445 1251 4498 Et
1266 4448 1367 4499 restitit
1381 4451 1498 4514 apostolo
1511 4449 1597 4511 Petro,
1614 4451 1665 4517 qui
1677 4450 1822 4502 uidebatur

186 4515 302 4586 aliquid.
319 4516 390 4570 Nam
405 4517 503 4587 utique
517 4519 633 4569 noverat
646 4514 798 4584 Apostolus
813 4520 982 4586 praeceptum
1058 4517 1297 4568 circumcisionem
1318 4519 1480 4584 aliqualiter
1498 4522 1629 4587 palliare,
1658 4521 1821 4573 concludens

186 4603 307 4669 Domini,
323 4609 352 4658 et
363 4604 469 4674 juravit
483 4612 587 4658 tamen.
604 4604 666 4658 Non
681 4603 756 4656 enim
769 4603 901 4657 audiendi
916 4609 983 4658 sunt
1059 4587 1158 4652 “dalla
1174 4601 1229 4638 '²⁰²²
1239 4602 1292 4640 ⁶³⁸⁶
1306 4589 1451 4641 mam·

187 4691 235 4761 qui
244 4692 454 4760 hasjurationes
462 4709 586 4747 essenon
594 4696 710 4762 putant:
725 4691 791 4762 quid
800 4691 873 4745 enim
880 4692 983 4746 facient
1057 4692 1161 4745 Debiac
1172 4697 1232 4759 post
1245 4708 1333 4747 aranos
1350 4696 1557 4762 qualuoniecim
1576 4711 1693 4750 rursum
1711 4700 1823 4752 ascendi

188 4778 223 4831 de
236 4777 301 4831 illa:
314 4779 437 4845 antrme
453 4795 613 4848 morlorper
624 4781 981 4848 vestramploriamsralrcs
1022 4780 1241 4847 Hierosolymam
1256 4797 1319 4835 eam
1334 4784 1473 4848 Bernaba,
1492 4790 1630 4852 assalnplo
1645 4790 1669 4838 el
1688 4786 1756 4840 Tito.
1770 4790 1821 4842 As·

186 4882 271 4934 quom
289 4868 371 4919 liabeo
389 4870 421 4920 in
438 4867 545 4920 Christo
559 4871 622 4922 lese
637 4869 755 4921 Domino
774 4863 870 4922 nostro
881 4869 912 4935 (Ι
919 4869 979 4923 Cor.
1022 4870 1100 4922 cendi
1113 4873 1206 4923 aulem
1220 4871 1369 4924 secandam
1385 4875 1586 4936 revelationem,
1598 4878 1623 4926 et
1637 4877 1744 4928 contuli
1758 4891 1821 4929 cam

186 4957 244 5024 xv),
256 4969 341 5024 quam
350 4953 447 5008 Gracco
460 4955 630 5024 exemplaria
643 4955 898 5010 manifestissimam
904 4957 981 5026 jura·
1022 4959 1059 5009 eir
1073 4956 1263 5024 Eoonpcliam,
1280 4961 1351 5026 qaod
1370 4961 1486 5028 predico
1507 4963 1538 5013 in
1561 4962 1697 5028 parilibus.
1719 4963 1819 5034 (Cass.)

185 5043 291 5098 tionem
306 5059 367 5098 esse
380 5042 569 5096 convincunt?
582 5045 724 5107 Quantum
736 5061 802 5114 ergo
815 5045 844 5097 in
858 5045 918 5115 ipso
926 5050 977 5110 est,
1022 5042 1090 5107 Quis
1105 5060 1171 5114 ergo
1186 5048 1244 5097 tam
1258 5053 1443 5117 presumptor
1456 5053 1485 5101 et
1498 5065 1585 5103 eaecus
1595 5048 1640 5115 sit,
1658 5050 1706 5120 qui
1725 5066 1755 5104 se
1770 5066 1821 5105 au-

110 5124 117 5138 ’“
185 5147 242 5186 non
254 5134 333 5203 jurat
350 5131 509 5204 Apostolus,
529 5147 585 5185 nou
600 5133 674 5187 enim
689 5134 797 5204 appetit
806 5133 979 5202 jurationem
1021 5131 1086 5186 deat
1111 5148 1162 5186 suo
1177 5131 1284 5202 judicio
1309 5135 1526 5206 discretionique
1545 5138 1730 5206 committere,
1754 5156 1819 5195 cum

184 5220 337 5289 cupiditate
350 5227 400 5276 aut
408 5220 556 5276 dilectione
567 5221 692 5290 jurandi,
705 5225 828 5291 amplias
843 5228 881 5275 cst
893 5221 979 5288 enim,
1022 5238 1070 5276 vas
1093 5219 1222 5275 elationis
1238 5221 1391 5292 indiguisse
1410 5241 1440 5278 se
1461 5226 1685 5297 coapostolorum
1700 5244 1818 5284 suorum

186 5321 280 5376 quam,
291 5309 338 5362 Est
351 5316 388 5362 cil
399 5310 489 5375 :Nora
501 5325 567 5371 aon,
579 5314 608 5362 et
620 5308 683 5363 ideo
697 5326 716 5364 o
730 5314 803 5365 malo
817 5317 868 5377 est·
879 5312 929 5366 sad
939 5311 980 5366 in·
1022 5309 1169 5366 collatione
1192 5312 1335 5366 testatur?
1349 5313 1429 5368 Unde
1447 5313 1677 5370 manifestissime
1689 5331 1817 5388 compro-

185 5394 326 5450 firmitatis
335 5401 384 5451 aut
393 5395 596 5451 incredulitatis
603 5412 700 5451 eorum
707 5398 755 5468 qui
765 5415 821 5454 uon
830 5401 913 5455 aliter
921 5416 979 5455 mo·
1019 5399 1111 5464 batur,
1122 5397 1192 5453 nulli
1206 5415 1225 5453 a
1236 5399 1356 5456 Domino
1366 5401 1438 5456 viam
1446 5402 1623 5473 perfectionis
1636 5404 1756 5472 ostendi,
1766 5407 1814 5477 qui

186 5484 329 5538 venturad
343 5485 436 5539 sidem.
451 5486 554 5538 deinde
566 5488 628 5538 veni
638 5489 670 5538 in
676 5491 768 5554 perles
778 5486 866 5554 Syria
876 5495 899 5541 et
913 5492 978 5544 cili·
1019 5487 1125 5542 habens
1148 5487 1222 5541 unde
1248 5489 1340 5545 valeat
1353 5490 1466 5546 erudiri.
1482 5490 1639 5547 doctrinam
1659 5494 1811 5560 seniorum,
