3772 6120
152 324 192 383 ,a
325 297 617 377 tutaminum
636 318 676 373 is
693 314 1171 373 mr.rsu1rn1a.axr11.-·
1184 317 1224 375 ιε
1241 316 1353 375 error.
1373 317 1422 373 sn
1440 318 1549 374 nass.
1701 321 1753 395 aso

147 451 224 506 elium
235 443 288 506 Dei,
306 449 335 499 et
348 443 471 498 ostentui
484 443 628 499 habentes.
644 443 843 514 »Impossibile
857 442 1044 503 estAsacme
1060 443 1240 513 poenitentiae,
1263 449 1402 515 quatenus
1421 444 1582 499 nullatenus
1600 445 1630 499 in
1651 446 1751 503 eadem

145 532 407 610 inquitaondifficile.
417 534 592 604 Impossibile
602 539 654 593 cst,
665 532 765 604 inquit.
774 534 806 588 ln
817 533 913 603 despe·
953 531 1056 585 iterum
1074 538 1187 586 corruat
1197 538 1319 603 peccata.
1333 533 1439 586 Deinde
1455 534 1551 587 multis
1565 534 1751 606 eleemosynis

144 628 254 685 monem
266 638 313 675 eos
334 622 412 676 misit
429 623 552 677 seeundo
571 622 708 693 baptizari
725 639 806 693 posse
823 641 827 675 :
845 621 913 692 quia
952 620 1091 675 redimere
1103 638 1133 675 se
1149 621 1272 693 incipiat,
1291 622 1338 692 qui
1356 623 1448 676 saculi
1460 622 1750 695 habeatpotzstatem,

146 710 284 786 impossibile
311 720 355 765 est
383 712 457 781 quod
487 712 547 765 lieri
575 729 631 766 non
654 718 746 781 potest
768 729 774 762 :
798 710 912 767 difficile
952 709 1173 780 sicutseriptum
1189 716 1248 763 irat:
1264 730 1276 761 n
1291 709 1398 766 Divitia
1414 710 1465 766 viri
1479 713 1636 784 redemptio
1650 713 1752 769 areima

148 820 194 859 vero
211 800 284 871 quod.
302 800 431 870 quamvis
453 817 519 854 cum
536 800 641 861 labore,
663 800 724 854 lieri
744 806 838 854 tamen
861 816 912 871 po·
953 798 1030 853 illius
1045 802 1134 865 (Prae.
1152 800 1217 864 nni).
1232 819 1246 853 ε
1262 800 1407 854 Postremo
1426 818 1497 871 opus
1514 807 1557 855 est
1572 802 1645 855 nulli
1659 802 1752 869 irasci,

147 900 193 949 test.
206 890 232 945 si
247 889 340 953 semel,
356 889 459 959 inquit,
476 890 627 944 illuminati
645 889 712 944 estis
727 906 777 960 per
791 889 913 958 gratiam
955 904 1045 958 neque.
1060 889 1165 943 malum
1181 905 1230 959 pro
1241 889 1315 943 malo
1329 889 1456 954 reddere,
1467 889 1597 945 omnibus
1609 891 1753 945 diruittere

148 978 214 1035 auti
233 977 357 1047 Spiritus,
375 985 403 1032 et
426 979 562 1047 gustetis
585 979 691 1033 dorium
715 979 836 1042 coeleste,
862 978 914 1031 hoc
955 976 1134 1047 peccantibus
1153 978 1183 1032 in
1198 994 1237 1043 se,
1256 978 1366 1033 dicente
1380 978 1442 1050 ipsa
1461 978 1606 1035 Veritate:
1624 1002 1636 1031 a
1652 980 1754 1035 Dimit-

147 1075 185 1131 θεῖ,
196 1065 376 1119 remissionem
397 1071 575 1136 peccatorum
595 1065 753 1137 accepistis,
779 1071 807 1119 θῖ
829 1065 915 1136 parti-
955 1065 1016 1130 tite,
1033 1072 1061 1119 et
1074 1065 1233 1121 dimittetur
1243 1065 1319 1119 robis
1338 1090 1348 1113 n
1362 1067 1461 1136 (Metu.
1479 1076 1527 1131 rr).

150 1157 203 1227 cipes
222 1154 276 1209 laeti
296 1154 365 1208 estis
389 1155 510 1225 Spiritus
540 1155 640 1216 sancti,
667 1155 696 1209 in
717 1154 914 1209 distributione
993 1178 1004 1203 α
1024 1155 1111 1209 Terra
1134 1154 1210 1208 enim
1224 1171 1297 1225 saepo
1322 1155 1479 1210 vomentem
1502 1173 1588 1227 super
1609 1174 1640 1213 se
1658 1157 1755 1213 bibens

150 1245 252 1299 doraum
274 1243 336 1306 Dei,
356 1260 418 1314 qua·
440 1244 470 1297 in
492 1244 616 1315 Epistola
638 1244 673 1299 ad
698 1243 858 1297 Corinthios
881 1244 913 1297 B.
959 1242 1116 1305 uimlrrem,
1138 1250 1166 1297 et
1178 1243 1341 1313 germinans
1360 1243 1477 1299 herbam
1493 1250 1680 1317 opportunam
1700 1246 1755 1313 hia,

152 1333 225 1389 Publi
239 1339 400 1398 enumerat;
418 1340 447 1386 et
457 1333 562 1388 bonum
575 1333 709 1403 gestastis
724 1332 838 1387 verbum
853 1332 913 1397 Dei,
959 1351 971 1379 r
988 1348 1006 1385 a
1019 1331 1120 1403 quibus
1141 1332 1251 1393 colitur,
1267 1332 1376 1403 accepit
1399 1332 1621 1389 benedictionem
1636 1352 1654 1389 a
1676 1337 1755 1401 Deo;

153 1421 329 1475 hicdoctrinam
350 1421 418 1475 dicit
438 1422 643 1492 Evangelioam,
666 1427 695 1475 et
716 1421 831 1475 virtutes
853 1438 916 1474 ven·
960 1421 1131 1491 «proferens
1151 1427 1246 1474 autern
1265 1421 1361 1492 spinas
1382 1439 1414 1474 ae
1433 1422 1555 1476 tribulos
1571 1424 1689 1494 reproba
1703 1430 1756 1492 est,

153 1508 282 1563 tirisaculi
309 1509 487 1579 cognovistis.
512 1512 579 1573 Quae
604 1514 647 1563 est
676 1509 808 1563 revelatio
830 1509 916 1562 laturi
961 1514 1018 1562 «ct
1028 1509 1176 1562 maledicto
1191 1511 1325 1579 proxima,
1340 1511 1420 1580 cujus
1431 1513 1634 1566 consummatio
1645 1514 1675 1567 in
1685 1531 1759 1569 com-

153 1597 224 1655 acub,
239 1598 288 1651 nisi
305 1599 473 1654 resurrectio
498 1604 527 1653 et
547 1599 605 1652 vita
626 1598 711 1653 beata
726 1616 787 1669 qum
811 1599 917 1652 sanctia
960 1615 973 1650 c
990 1595 1159 1651 bustionem.
1176 1601 1225 1653 nil.
1239 1599 1348 1668 Citrpc)
1360 1600 1432 1653 Cum
1447 1599 1548 1654 timore
1559 1608 1654 1655 autem
1664 1603 1760 1657 audia-

154 1686 311 1756 promittitur?
326 1686 391 1740 llaec
402 1687 496 1741 omnia
511 1688 539 1741 in
555 1684 683 1741 doctrina
694 1687 768 1749 ndei,
785 1686 814 1740 in
825 1687 917 1756 gratia
960 1701 1023 1738 mus
1037 1701 1183 1739 sermones
1199 1686 1258 1739 Dei.
1276 1688 1338 1740 Non
1352 1693 1419 1741 sunt
1433 1688 1476 1742 has
1491 1688 1576 1744 mina·
1590 1690 1686 1755 Pauh;
1703 1708 1759 1746 non

154 1774 238 1845 lleiper
256 1774 428 1846 baptismum
450 1776 602 1830 illuminati
618 1776 763 1847 accepistis
778 1783 806 1829 et
820 1759 1025 1845 cogno-Reum
1054 1773 1175 1826 hominis
1197 1774 1289 1835 verba,
1315 1775 1399 1828 rerba
1426 1777 1548 1846 Spiritus
1571 1780 1660 1833 sancti
1683 1786 1757 1845 sunt,

154 1863 213 1917 iistis.
225 1864 325 1921 Scitote
341 1865 508 1925 certissime,
528 1866 551 1919 si
567 1865 596 1919 in
612 1866 731 1936 peccatis
747 1866 850 1919 iterum
872 1860 930 1918 θεέ
960 1862 1065 1915 Christi
1076 1870 1142 1915 sunt
1151 1863 1292 1933 loquentis
1307 1864 1334 1917 in
1346 1864 1442 1919 Paulo.
1455 1867 1700 1936 Comparationem
1716 1870 1761 1923 hic

154 1948 209 2017 aas,
221 1952 386 2025 impossibile
402 1971 463 2008 esse
486 1971 533 2007 ros
548 1955 676 2009 renovari
690 1954 794 2008 iterum
809 1953 843 2008 ad
858 1969 918 2023 pce·
960 1950 1025 2005 fecit
1039 1951 1073 2004 de
1087 1951 1250 2020 proficiente
1261 1952 1356 2005 antima
1372 1952 1400 2005 in
1414 1952 1543 2008 doctrina
1552 1956 1612 2021 Dei,
1629 1963 1658 2011 θῖ
1671 1959 1761 2028 negli-

154 2038 275 2105 nitentium,
294 2041 348 2095 hoc
376 2048 428 2103 cst,
446 2059 496 2113 per
514 2043 719 2115 poenitentiam.
738 2042 809 2106 Quid
832 2043 918 2111 ergo?
959 2039 1036 2109 genti
1048 2041 1168 2093 salutem
1180 2058 1269 2094 sunm.
1282 2041 1442 2096 Fructiierae
1454 2049 1536 2097 terrae
1547 2045 1762 2117 coelestibusque

157 2126 243 2189 &elusa
256 2137 298 2184 est
307 2131 473 2202 punitentia
480 2135 544 2202 post
552 2131 723 2203 baptismum
734 2132 746 2183 l
759 2131 853 2195 Absit,
871 2130 920 2185 scd
960 2126 1229 2197 imbribusirrigatae
1237 2130 1395 2199 adaequarit
1399 2132 1593 2201 proficientem
1601 2135 1726 2188 animam
1733 2135 1763 2189 in

153 2219 259 2275 morano
281 2236 331 2290 per
354 2220 426 2274 sacri
447 2220 623 2291 baptismatis
638 2222 780 2275 lavacrum
795 2219 919 2274 secunda
961 2216 1079 2271 floribus
1103 2227 1265 2272 astrictorum
1288 2234 1459 2288 germanum,
1486 2220 1581 2274 dicens
1606 2240 1611 2273 :
1639 2241 1651 2274 n
1676 2224 1763 2278 Terra

153 2304 250 2363 noan
263 2324 319 2362 non
332 2310 589 2379 potest:renorari‚
601 2310 682 2372 dixit,
691 2310 742 2363 hoc
752 2315 805 2375 est,
815 2325 918 2363 norum
960 2306 1035 2360 enim
1054 2322 1128 2377 serape
1149 2307 1306 2361 venientem
1321 2324 1406 2378 super
1428 2325 1457 2362 se
1483 2308 1600 2363 imbrem
1619 2309 1727 2366 bibens.
1748 2333 1760 2366 a

153 2392 202 2449 len.
216 2396 319 2453 Nurum
338 2398 442 2468 quippe
458 2397 548 2452 lacere
566 2399 708 2453 hominem
731 2398 804 2452 sacri
824 2397 918 2469 bapti·
960 2393 1011 2447 Hic
1030 2395 1156 2449 declarat
1172 2395 1245 2465 quod
1260 2396 1289 2449 hi
1312 2396 1347 2449 ad
1368 2413 1438 2467 quos
1453 2398 1514 2467 eJ'us
1529 2414 1622 2453 sermo
1637 2400 1700 2467 fuit,
1717 2419 1763 2457 su·

153 2485 224 2540 mat
238 2492 288 2549 est,
304 2486 341 2541 de
352 2503 407 2557 quo
420 2487 561 2558 Propheta
569 2488 609 2541 ait
624 2505 629 2539 :
643 2486 855 2541 «Renoi'abitur
869 2486 919 2539 sic·
960 2489 1110 2555 sceperunt
1119 2491 1147 2537 et
1157 2484 1353 2539 combiberunt
1360 2484 1474 2539 verbum
1485 2488 1605 2542 coelestis
1615 2488 1759 2557 doctrina,

154 2571 271 2644 utaquilae
286 2576 422 2645 iuventus
442 2582 492 2631 tua
505 2576 591 2646 (Ptol.
610 2579 664 2645 (nr).
684 2595 697 2630 s
716 2577 803 2646 Cujus
817 2575 915 2639 virtus,
961 2571 1094 2643 etsaepius
1105 2589 1156 2642 per
1166 2573 1476 2643 legem,perprophetas
1484 2584 1679 2646 perceperunt,
1689 2584 1717 2631 et
1727 2594 1762 2632 nc

152 2655 396 2735 liutbaptismatis
405 2665 488 2730 sacri,
498 2665 525 2717 in
533 2671 652 2719 crueeet
662 2665 806 2735 sepultura
815 2663 919 2718 Christi
960 2658 999 2714 sic
1017 2659 1138 2731 prompti
1152 2660 1216 2714 laeti
1227 2666 1293 2714 sunt
1303 2662 1433 2731 germina
1442 2663 1507 2717 lidei
1518 2665 1652 2734 proferre.
1663 2664 1762 2722 hdhuc

152 2756 238 2806 ῖθθεῖθῖ.
259 2750 381 2808 Proinde
395 2753 541 2824 subjunxit
557 2773 562 2807 :
584 2775 595 2804 e
613 2754 735 2808 Rursum
751 2753 917 2823 crucifigen-
960 2746 1068 2803 addidit
1081 2750 1115 2802 de
1130 2748 1203 2803 bona
1213 2757 1298 2815 terra,
1315 2749 1345 2803 in
1361 2768 1445 2823 «luam
1458 2752 1559 2806 cecidit
1577 2771 1673 2809 semen
1689 2755 1765 2810 verbi

151 2840 180 2889 ta
189 2839 360 2913 sibimetipsis
375 2841 476 2897 Filium
487 2843 548 2902 Dei,
557 2849 586 2896 et
599 2842 721 2898 ostentui
737 2841 887 2896 habentes.
905 2859 918 2893 a
961 2837 1021 2904 Dei,
1032 2837 1221 2907 «germinans,
1232 2838 1280 2905 etit,
1289 2838 1405 2893 herbam
1413 2847 1610 2911 opportunam.
1618 2866 1629 2893 o
1637 2843 1712 2899 Nihil
1722 2845 1763 2900 sic

151 2921 187 2979 boc
197 2936 253 2983 est:
271 2949 283 2981 n
302 2931 389 2985 Vetus
409 2932 493 2987 homo
509 2938 605 2986 nostor
617 2932 701 2987 simul
716 2931 864 2985 crucilixus
878 2935 921 2984 est
962 2933 1151 2999 opportunum
1163 2928 1236 2981 sicut
1246 2928 1316 2982 fides
1326 2928 1354 2982 in
1368 2928 1472 2983 Filium
1482 2931 1532 2984 Dei
1543 2936 1572 2985 θῖ
1581 2931 1638 2986 rita
1645 2933 1760 3003 optima.

151 3017 464 3089 mnChristotltom.r1).
479 3039 491 3072 ε
510 3019 589 3074 Sicut
603 3019 658 3074 alio
670 3020 729 3073 loco
741 3020 779 3072 ait
798 3038 802 3070 :
821 3020 920 3074 «Con-
963 3016 1028 3070 llaec
1042 3032 1106 3069 vero
1121 3016 1186 3069 talis
1202 3022 1278 3071 terra
1296 3018 1397 3089 accipit
1417 3016 1642 3075 benedictionem
1657 3038 1675 3076 a
1693 3023 1761 3089 Deo,

151 3098 225 3161 brues
241 3107 317 3161 enirn
336 3107 400 3162 sacti
418 3125 515 3162 sumus
531 3108 630 3163 mortis
643 3109 719 3177 ejus3
735 3107 898 3161 »etiterum
912 3125 917 3159 :
930 3077 952 3136 G
963 3110 995 3158 ut
1008 3104 1079 3159 ferat
1092 3104 1278 3175 trigesimum,
1296 3105 1510 3176 sexagesimum,
1529 3109 1614 3163 etiam
1630 3115 1658 3164 et
1672 3117 1764 3167 cente·

152 3191 312 3267 cumputat
328 3197 403 3251 enim
419 3197 486 3251 estis
501 3197 527 3250 ci
545 3214 595 3269 per
615 3197 787 3268 baptismum
803 3197 833 3250 in
847 3212 921 3250 inor·
962 3194 1066 3247 simum
1080 3192 1212 3247 fructum.
1231 3194 1264 3248 Et
1279 3195 1330 3248 hoc
1350 3196 1506 3250 notandum
1517 3203 1568 3261 est,
1581 3199 1655 3269 quod
1671 3201 1762 3255 omnis

149 3280 273 3348 uterus,
295 3289 334 3355 n).
363 3306 375 3336 o
406 3286 484 3340 Sicut
510 3285 585 3340 enim
613 3285 784 3356 impossibile
807 3291 850 3338 est
874 3302 919 3338 se·
960 3280 1134 3336 abundantia
1148 3282 1177 3335 in
1192 3280 1320 3353 frugibus
1335 3290 1427 3345 terr-«e,
1440 3284 1469 3337 in
1483 3284 1620 3341 fructibus
1631 3287 1764 3344 arborum

148 3370 213 3425 anto
236 3374 362 3445 crucifigi
385 3375 538 3439 Christum,
563 3374 615 3429 hoc
640 3379 683 3428 est
706 3374 828 3428 ostentui
854 3391 919 3428 eum
962 3370 1765 3441 nonalitermisiperDeibenedictionemcultoribusadvo-

148 3451 231 3515 iubere.
249 3462 304 3527 Qut
319 3464 441 3518 secundo
456 3481 486 3517 se
506 3463 640 3535 baptizari
655 3479 736 3534 posse
760 3469 850 3534 putat,
874 3480 919 3516 se·
960 3458 1098 3512 lunuitem
1111 3459 1247 3529 respicere
1261 3460 1373 3530 poterit.
1386 3460 1482 3531 Neque
1492 3462 1567 3516 enim
1578 3464 1765 3533 agricolarum

148 3548 370 3605 antechristum
394 3552 557 3621 crucifigere
578 3551 678 3623 quaerit
695 3569 700 3602 :
726 3550 773 3621 qui
790 3550 813 3603 si
829 3551 919 3604 cruci·
960 3546 1013 3601 suit
1028 3554 1132 3601 terram
1148 3547 1268 3601 excitare
1285 3547 1320 3600 ad
1335 3548 1452 3612 fruetus,
1469 3551 1517 3602 sed
1535 3550 1684 3622 imperium
1700 3554 1760 3621 Dei,

147 3629 195 3690 itus
205 3645 290 3705 estet
305 3646 441 3703 mortuus,
454 3646 482 3694 θῖ
493 3640 581 3694 victor
591 3639 689 3693 nnsortis
703 3639 866 3698 resurrexit,
880 3645 920 3692 at-
961 3634 1032 3689 sicut
1047 3634 1113 3690 alibi
1130 3634 1203 3688 idem
1220 3635 1318 3690 beatus
1335 3637 1438 3690 Paulus
1451 3637 1509 3691 ait:
1524 3657 1536 3689 (ι
1554 3640 1611 3709 Ego
1626 3642 1760 3711 plantavi,

146 3733 182 3789 tue
193 3742 249 3781 cum
263 3727 408 3799 triumpho
422 3737 452 3784 et
464 3729 555 3799 gliiria
570 3730 653 3782 ciclos
666 3728 800 3783 ascendit¹
816 3746 829 3778 i
843 3728 920 3782 Sicut
960 3725 1060 3795 Apollo
1084 3724 1192 3793 rigavit,
1214 3725 1261 3778 sed
1279 3724 1352 3778 Deus
1368 3724 1572 3781 incrementum
1593 3729 1642 3782 dat
1658 3732 1684 3796 (I
1698 3731 1759 3786 Cor.

146 3811 292 3871 eunsemel
305 3817 435 3871 Christus
447 3823 719 3872 mortuuscstcarne
734 3817 762 3870 in
778 3833 867 3870 cruce.
880 3817 920 3869 sic
961 3818 1010 3882 ur).
1031 3836 1040 3861 r
1060 3813 1117 3867 lloc
1132 3828 1197 3881 er'go
1213 3812 1247 3865 de
1266 3813 1369 3871 attinnt
1382 3814 1493 3868 llorenti
1514 3815 1544 3869 in
1564 3816 1712 3873 virtutibus
1731 3826 1760 3876 et

144 3909 181 3956 lta
193 3906 275 3959 minei
293 3907 431 3961 morimur
444 3906 473 3959 in
489 3904 671 3976 baptismum
685 3922 741 3959 nim
761 3921 855 3967 earne,
871 3906 919 3958 sed
961 3901 1010 3955 Dei
1022 3901 1213 3956 benedictione
1225 3901 1308 3972 digne
1320 3902 1437 3973 protulit
1450 3905 1627 3975 exemplum3
1641 3924 1761 3979 moxque

142 3998 265 4053 mato.»
280 3997 374 4066 Atque
384 3994 456 4049 sieut
471 3995 517 4049 ille
528 3994 632 4049 iterum
647 3994 787 4048 morinen
804 3993 917 4064 poterit,
961 3989 1105 4060 subjunxit
1115 3990 1190 4044 aliud
1201 3990 1367 4061 paradigma
1380 3991 1414 4044 dc
1424 4009 1457 4046 ea
1473 4010 1534 4063 quae
1548 4012 1627 4049 suam
1643 3997 1760 4068 negligit

139 4068 225 4137 ¹'iarios
243 4082 377 4153 baptizari
398 4100 453 4139 non
479 4100 636 4154 possumus,
655 4082 708 4136 nisi
731 4082 857 4136 fortassis
877 4082 919 4135 la·
960 4080 1091 4145 salutem,
1107 4079 1201 4133 dicens
1220 4099 1225 4133 :
1244 4098 1256 4129 n
1272 4078 1420 4135 Proierens
1439 4089 1534 4137 autem
1550 4084 1645 4155 spinas
1664 4103 1696 4140 ac
1710 4087 1760 4142 tri-

136 4172 225 4239 ‘tynis
237 4173 419 4244 poenitentiae,
431 4189 487 4227 non
499 4172 600 4226 lavacri
612 4172 833 4243 regeneratione.
846 4170 919 4234 Quid
960 4166 1050 4233 bulos,
1074 4168 1193 4239 reproba
1217 4174 1269 4230 est,
1295 4174 1324 4223 et
1351 4170 1499 4226 maledicto
1523 4174 1658 4244 proxima,
1679 4177 1759 4246 cujus

130 4260 189 4329 *aa
203 4261 266 4315 cst?
280 4260 383 4333 inquis.
402 4278 457 4315 non
474 4268 517 4316 est
540 4261 729 4332 poenitentia?
749 4261 797 4314 Est
821 4258 918 4330 utique
960 4257 1164 4311 consummatio
1180 4258 1208 4312 in
1223 4257 1455 4314 combustionem.
1474 4282 1486 4312 r>
1503 4262 1572 4325 Quis
1582 4280 1706 4333 namque
1717 4270 1761 4319 est

123 4345 293 4415 sententia,
308 4350 357 4404 sed
372 4349 512 4420 baptisma
526 4350 601 4404 aliud
613 4367 668 4403 non
681 4356 733 4403 ost.
750 4347 919 4403 Paenitentia
959 4345 1063 4400 abistis
1077 4347 1165 4417 spinis
1177 4347 1316 4401 mundus?
1324 4349 1363 4402 Ac
1377 4350 1400 4402 si
1412 4367 1537 4404 essemus
1552 4352 1658 4417 mundi,
1667 4369 1758 4424 neque

121 4434 188 4491 lem
200 4444 253 4501 est,
268 4446 297 4493 et
318 4440 439 4492 multam
463 4439 548 4493 habet
569 4437 763 4493 fortitudinem
782 4438 868 4492 etiam
889 4437 918 4491 in
960 4434 1000 4488 sic
1014 4444 1250 4506 praesumptuosos
1268 4453 1318 4489 nos
1337 4444 1448 4508 oportet
1462 4456 1532 4501 esse,
1545 4440 1594 4493 sed
1614 4440 1713 4495 timere
1730 4448 1759 4497 et

115 4522 187 4579 eliin
199 4527 246 4598 qui
266 4528 389 4599 peccatis
408 4528 487 4582 valde
507 4528 646 4582 dimersus
668 4535 720 4581 est.
739 4527 769 4581 Si
787 4526 916 4594 voluerit,
959 4528 1090 4591 tremere,
1106 4541 1141 4578 ne
1156 4524 1227 4578 forte
1237 4525 1375 4595 pullulent
1388 4525 1418 4579 in
1433 4526 1514 4579 nobis
1528 4527 1614 4597 spinae
1628 4536 1757 4599 peccato-

111 4610 212 4669 voest
223 4632 290 4671 eum
305 4616 424 4671 liberare
444 4634 476 4670 ex
498 4633 582 4670 onere
596 4622 784 4687 peccatorum,
800 4622 829 4668 et
842 4615 917 4686 peri·
959 4628 1032 4666 rum.
1050 4613 1195 4677 Quomodo
1210 4612 1304 4666 anima
1322 4613 1363 4666 rel
1378 4630 1442 4667 caro
1457 4613 1544 4684 spinis
1560 4616 1643 4686 plena
1656 4636 1755 4691 super·

107 4690 298 4781 flilantemin
306 4710 368 4759 tuto
380 4705 561 4771 constituere,
571 4723 603 4758 ac
614 4704 637 4758 si
648 4705 681 4757 ad
698 4704 790 4776 ipsum
798 4702 917 4758 fundum
959 4701 1018 4754 hire
1024 4700 1141 4772 poterit?
1150 4700 1452 4773 NunquidnonmaJori
1461 4702 1647 4761 solhcitudine
1659 4710 1756 4765 exstir-

105 4784 276 4863 ⁸&iquitatis
291 4793 464 4865 permanerit3
477 4802 507 4848 et
521 4795 572 4847 hoc
583 4811 615 4847 ex
630 4792 725 4847 multis
738 4792 917 4847 manifestum
958 4807 1025 4860 pare
1039 4806 1086 4843 eas
1103 4807 1172 4860 opus
1187 4788 1321 4844 haberet?
1336 4791 1402 4855 Quae
1421 4800 1487 4846 sunt
1502 4809 1568 4864 ergo
1579 4797 1683 4868 spinal
1697 4801 1755 4853 Au·

105 4874 166 4931 eBt
177 4880 355 4935 testimoniis.
371 4882 437 4937 Ideo
451 4880 559 4936 addidit
575 4901 580 4934 :
597 4901 610 4931 u
623 4882 758 4952 Nunquid
779 4882 852 4935 enim
868 4882 916 4953 qui
958 4879 1068 4935 diamus
1082 4878 1223 4934 Christum
1234 4878 1268 4932 de
1283 4878 1371 4950 spinis
1386 4880 1535 4947 dicentem,
1548 4883 1614 4955 quia
1628 4902 1696 4941 cura
1706 4906 1755 4943 sae-

105 4964 208 5035 Qua,
221 4986 278 5025 non
294 4977 438 5041 resurget,
455 4976 504 5025 aut
513 4971 560 5042 qui
571 4970 717 5031 avertitur,
731 4986 786 5024 non
798 4978 917 5025 reverte·
958 4968 1014 5023 culi
1024 4969 1107 5039 hujus
1116 4974 1145 5022 et
1157 4968 1284 5040 ‹leccptio
1294 4968 1453 5024 divitiarum
1466 4970 1615 5042 prosecant
1627 4975 1752 5043 verbum,

106 5040 203 5111 ture»
217 5061 283 5125 (lor.
295 5060 531 5130 t·m.)Qualeergo
544 5059 669 5114 estistud
681 5059 915 5114 medicamentum
958 5065 986 5113 et
999 5058 1203 5113 infructuosum
1218 5056 1338 5111 efficitur
1346 5058 1453 5126 (liuida
1464 5065 1531 5127 xm).
1544 5061 1700 5130 Proierens,
1713 5066 1754 5119 di-

109 5140 297 5211 meantia,
308 5155 358 5202 aut
372 5148 493 5219 qualiter
507 5148 669 5203 coniicitur?
683 5148 808 5202 Primum
825 5150 916 5203 excul-
957 5147 1006 5214 xit,
1018 5147 1121 5218 spinas,
1136 5163 1190 5200 non
1200 5163 1347 5217 generans,
1361 5147 1549 5203 maledictioni
1559 5152 1686 5221 proxima
1699 5160 1751 5209 est.

115 5232 209 5293 rana
218 5236 333 5309 propria
342 5243 456 5309 peccata
468 5257 473 5290 :
488 5237 703 5308 «Iniquitatcm,
715 5238 816 5309 inquit.
824 5255 915 5292 meam
958 5237 980 5291 Ο
992 5242 1125 5308 quantam
1136 5235 1221 5290 habet
1232 5236 1452 5291 consolationem
1463 5238 1508 5292 hic
1518 5256 1609 5293 sermo
1619 5242 1624 5293 l
1639 5242 1753 5298 Maledi-

118 5321 177 5377 Eon
196 5326 300 5393 celavi3
320 5331 349 5380 et
367 5325 554 5396 pronuntiabo
575 5327 722 5381 adversum
747 5344 790 5380 me
816 5326 916 5398 iniqui·
956 5325 1051 5390 ctioni,
1067 5325 1160 5396 inquit
1177 5324 1312 5395 proxima.
1324 5326 1386 5380 Non
1401 5327 1557 5394 maledicta,
1576 5329 1642 5401 quia
1656 5340 1752 5388 autem

123 5402 204 5469 ἥῖθῐθ
221 5430 315 5469 meum
335 5414 464 5481 Domino,
482 5421 510 5469 et
528 5422 558 5470 tu
579 5415 719 5469 abstulisti
740 5415 914 5487 impietatem
957 5415 1113 5469 necdumiu
1125 5413 1350 5468 maledictionem
1359 5415 1465 5481 incidit,
1473 5417 1520 5470 sed
1531 5420 1750 5491 proximitatem,

128 5500 209 5557 hordia
222 5504 278 5559 mei
291 5505 374 5576 (Psoi.
392 5511 480 5574 xxxi).
494 5522 507 5555 o
531 5504 668 5571 Secundo,
690 5505 779 5560 inulta
800 5504 913 5559 humili·
956 5510 985 5557 et
998 5504 1079 5575 longe
1089 5503 1150 5557 fieri
1159 5503 1272 5575 poterit.
1287 5502 1320 5557 Et
1333 5520 1389 5557 uon
1405 5504 1457 5560 hoc
1475 5506 1566 5561 solum
1580 5513 1751 5581 consolatur,

132 5584 177 5645 itte
187 5592 322 5667 plangere
337 5598 453 5665 peccata
464 5610 525 5662 sua,
534 5592 696 5667 fructusque
707 5593 807 5666 dignos
816 5594 916 5649 exinde
956 5592 1007 5649 sed
1015 5598 1101 5648 stram
1109 5592 1140 5647 ia
1155 5609 1187 5647 eo
1200 5592 1274 5665 quod
1283 5593 1487 5667 sequitur.h‘0n
1496 5596 1581 5653 dixit:
1590 5598 1752 5673 Reprobaet
