3772 6120
128 327 180 385 m
422 326 453 380 B.
474 324 610 383 meam
629 324 745 381 naum
768 325 937 381 moulan
957 323 1120 380 nouam.
1142 325 1292 381 ornauit
1309 325 1402 385 PARS
1420 326 1472 385 m.

127 455 304 524 riumejuar
321 451 536 517 honestandam
549 451 843 521 ipseperpatienteset
853 452 981 510 eom-Ae
999 451 1204 505 communionis
1219 451 1305 506 nolite
1320 451 1454 517 oblivisci,
1469 451 1603 509 talibus!

128 542 302 598 manicantes
314 543 339 595 ei
351 542 380 595 iu
391 539 577 612 passionibus
589 540 637 610 qui
647 540 926 599 condemnatuamru-
969 562 982 589 u
1000 547 1175 609 pronmretur
1188 542 1272 594 Deus.
1284 542 1365 595 eNon
1376 542 1603 612 praesentibusl'u

126 631 223 686 eillnas
230 637 274 685 est
283 630 359 697 forie,
374 630 441 684 soris
455 630 559 700 quippe
574 646 673 699 passus
688 636 739 693 est,
756 629 804 683 aed
821 629 856 682 ed
871 646 926 682 cue·
967 629 1102 683 denuntio
1115 636 1236 694 uentum,
1254 647 1349 684 verum
1360 631 1445 686 etiem
1456 630 1603 689 abentius

127 721 185 774 lum
200 720 315 789 sanguis
329 719 456 774 sublatas
471 723 522 773 est.
546 717 667 772 latueris
685 717 772 786 igitur
791 719 926 788 quonium
967 717 1014 771 elii
1029 724 1135 771 vestras
1154 734 1272 788 rapuere
1287 719 1468 777 substantias.
1483 726 1603 777 taraone

126 808 293 878 sanguinem
307 809 518 879 participamur,
537 807 584 877 qui
599 806 925 867 inlerhrriasancta,sed
967 806 1075 860 habetis
1090 807 1288 877 hospitalitatis
1303 825 1372 879 opus
1385 809 1536 875 ostendite,
1546 826 1603 881 qna

125 901 222 951 sancta
235 898 353 952 veracia.
369 899 427 951 Nos
442 897 528 966 igitur
543 896 689 949 veritatem
712 896 921 966 participamur.
965 896 1602 962 excusationemnoshabebimus,cumaudium

126 987 156 1041 Si
170 1004 237 1057 ergo
251 1003 307 1041 non
321 986 533 1058 improperium,
552 985 601 1039 sed
615 985 709 1055 potius
722 984 922 1039 sanctificatio·
965 983 1018 1049 his,
1030 985 1235 1054 quosnapinam
1246 985 1603 1045 substantiarumsuarumr

126 1073 923 1147 nemparticipamur,improperiumilladsunctihcationis
964 1072 1603 1145 constabatletnondiaithospitalitatie,sedam

125 1170 169 1219 oet
182 1180 267 1219 causa
282 1183 288 1218 :
304 1164 465 1219 sicutenim
480 1164 539 1234 ipse
553 1163 754 1234 improperium
778 1163 921 1221 sustinuit,
964 1161 1170 1233 talitatis‚quod
1180 1163 1603 1221 inGrsecodistinctiusinvenitl

125 1254 165 1308 sic
178 1253 263 1307 etiam
278 1270 339 1308 nos.
356 1253 475 1307 Proinde
489 1252 513 1306 si
534 1251 705 1322 egredimur,
722 1251 925 1323 participamur
965 1250 1184 1330 saltando-piar,
1195 1253 1603 1327 quodsignilicathospltaliteb

126 1357 189 1396 oum
199 1359 242 1397 eo,
253 1343 325 1406 Quid
337 1348 432 1396 autem
441 1341 565 1411 estquod
576 1340 653 1406 dicit
668 1361 679 1391 s
696 1341 876 1410 egrediamur
890 1342 925 1395 ed
966 1337 1090 1407 laicales,
1108 1339 1181 1409 quod
1201 1355 1326 1394 amorem
1340 1341 1541 1411 hospitalitatis
1555 1341 1603 1399 ine

126 1432 223 1486 illurn?
235 1450 249 1484 ι
261 1430 396 1485 Videlicet
405 1430 644 1485 communicemus
653 1444 716 1483 curn
727 1446 761 1484 ea
770 1430 923 1500 passiones,
966 1427 1200 1496 quamsidimret,
1212 1429 1304 1484 Nolite
1310 1430 1603 1503 simpliciterhospitet

126 1524 271 1592 porteams
291 1520 352 1590 ejus
377 1519 568 1590 improperia:
587 1535 642 1572 non
665 1518 740 1573 enim
761 1519 927 1589 simpliciter
967 1517 1421 1577 sedcumamorehocetcharitate
1433 1521 1603 1591 perliciteae

127 1616 207 1664 extre
223 1614 333 1679 portam
349 1607 506 1662 conversari
530 1624 581 1661 nos
602 1607 697 1677 jussit,
713 1607 762 1660 sed
784 1607 856 1662 sicut
879 1607 927 1661 ille
966 1604 1600 1677 futuramotrepositemvobisretrihutionem,

126 1697 297 1769 improperio
309 1695 475 1759 sustinebat,
492 1696 573 1750 sicuti
598 1696 801 1749 condemnatus
817 1702 868 1760 est,
886 1696 926 1751 sic
966 1696 1329 1765 rumeupinioresesficeret,
1346 1698 1394 1751 sed
1399 1699 1459 1767 jam
1467 1698 1603 1755 retributa

26 1820 30 1827 ·
127 1787 212 1840 etiam
222 1803 282 1840 nos.
296 1786 396 1854 (drap.)
409 1786 527 1857 Propter
536 1785 588 1838 hoc
598 1785 701 1855 quippe
712 1785 873 1838 incarnatus
884 1771 956 1840 estB
967 1784 1603 1858 cit:«Perlmnceaim,inquit,latueruntquide

126 1876 210 1938 Deua,
227 1882 321 1929 utnos
336 1874 526 1928 introduceret
549 1874 585 1927 ed
605 1874 698 1935 tidem,
715 1877 745 1927 ct
767 1874 867 1928 educat
891 1875 927 1929 ed
967 1873 1603 1948 tiorccipieutesangelos.»-‹Talibus,inquil

126 1964 246 2034 speciem
262 1963 377 2017 visionis
391 1980 457 2017 aava.
472 1964 551 2018 Unde
564 1963 592 2016 in
604 1968 700 2017 sancto
715 1979 826 2033 quoque
837 1965 927 2017 Evan·
968 1962 1201 2032 placuerimus.»
1214 1965 1318 2018 llenras
1334 1964 1373 2017 illi
1388 1964 1474 2019 talem
1488 1964 1603 2021 hostien

125 2053 199 2123 golia
213 2052 337 2123 loquitar
351 2052 446 2105 dicens
465 2070 471 2103 ι
490 2071 501 2102 ι
520 2052 574 2106 Por
587 2068 633 2105 mc
646 2052 670 2105 si
694 2051 756 2123 quis
775 2052 924 2118 introierit,
968 2051 1027 2121 ipse
1041 2069 1103 2105 earn
1120 2052 1219 2105 ollerat
1233 2052 1325 2116 Patri;
1350 2052 1432 2107 aliter
1455 2059 1552 2108 autem
1571 2070 1603 2109 aa

126 2141 288 2201 salvabitur,
306 2147 335 2195 et
348 2124 525 2211 ingrediatur
538 2147 567 2194 et
580 2140 749 2210 egredietur.
772 2146 801 2194 et
824 2158 927 2212 pascue
968 2138 1020 2192 nisi
1031 2156 1081 2209 per
1092 2139 1204 2205 Filium,
1218 2141 1308 2209 arrigis
1315 2146 1409 2195 eutem
1421 2141 1507 2195 etiam
1514 2158 1602 2212 perta

126 2231 401 2298 invenissemus),
417 2229 754 2299 »ingredieturvidelicet
771 2231 806 2284 ad
830 2230 923 2295 tidem,
967 2228 1073 2282 tritam.
1083 2228 1372 2298 Omniahaecpropter
1382 2229 1524 2296 iahrmoe;
1541 2246 1603 2287 aum

127 2320 288 2390 egredietur
301 2323 396 2373 autem
412 2319 445 2372 ad
461 2318 592 2389 speciem,
609 2334 714 2389 pascue
725 2335 789 2372 vero
804 2319 928 2374 inveniet
967 2317 1120 2385 estgratia‚
1132 2317 1312 2371 manifestum
1322 2325 1379 2376 est:
1392 2319 1517 2389 alioquin
1529 2335 1603 2391 quon

130 2410 159 2462 in
170 2409 425 2464 eternasatictate.
436 2407 600 2462 llincetiam
613 2408 829 2462 Psalaristeait:
849 2408 927 2462 «Do-
968 2405 1008 2460 illi
1023 2406 1138 2476 aequalis
1154 2408 1217 2459 est?
1236 2428 1246 2456 i
1266 2408 1302 2461 Ut
1326 2424 1432 2471 ornnes,
1456 2407 1559 2478 inquit,
1580 2409 1603 2465 b

126 2498 220 2552 minus
233 2497 373 2552 custodiat
392 2497 540 2551 introitum
558 2503 640 2551 tuum
666 2505 695 2552 et
719 2497 825 2551 exitum
846 2503 926 2552 tuum
968 2494 1080 2559 Filium,
1097 2495 1169 2549 sicut
1183 2496 1367 2550 honorillcant
1382 2497 1495 2550 Putrem
1513 2499 1603 2563 (loun,

128 2587 211 2652 (Paul.
227 2586 468 2641 cxxxr.»Custodit
478 2586 552 2639 onim
566 2586 927 2657 Dominusuniuscujusque
968 2590 1012 2637 est
1023 2584 1186 2653 ergohonor
1195 2585 1320 2654 aequalis,
1330 2585 1459 2639 sisimilis
1470 2586 1603 2641 nonestb

130 2675 231 2729 animes
240 2675 397 2733 introitum,
411 2691 466 2745 quo
476 2674 563 2728 intrat
573 2675 609 2728 ad
619 2676 702 2729 adem
717 2676 840 2730 :exitum
861 2692 928 2746 quo·
969 2671 1070 2743 inquit,
1082 2673 1221 2726 labiorum
1235 2674 1427 2728 confitentium
1439 2675 1547 2729 nomini
1559 2676 1603 2747 eju

128 2779 195 2834 que,
212 2779 267 2833 quo
280 2763 337 2816 exit
350 2763 385 2816 ad
400 2762 530 2832 speciem.
548 2769 579 2816 ut
594 2779 684 2833 neque
708 2763 816 2818 intrans
837 2765 928 2818 liccle·
970 2763 1121 2816 toleremus
1130 2778 1195 2815 cuni
1203 2763 1360 2831 gratiarum
1371 2763 1551 2829 actione,sive
1560 2780 1603 2836 per

130 2851 201 2905 siem
214 2850 355 2905 erroribus
367 2851 704 2922 supplantaretur,neque
718 2851 753 2905 ab
767 2854 817 2906 hac
823 2862 928 2923 tempo·
969 2850 1026 2905 sive
1035 2850 1181 2920 sarcitudo,
1198 2850 1255 2903 sive
1266 2851 1399 2920 quidquid
1410 2852 1486 2905 aliud
1497 2852 1603 2909 nobiae

130 2940 182 2993 ruli
196 2940 229 2994 ad
246 2946 381 2993 aeternam
392 2940 496 3003 aviene,
511 2940 547 2993 ab
559 2939 675 3010 antiquo
690 2941 769 2995 hoste
789 2942 924 3012 rapiatur.
968 2939 1043 2993 solus
1056 2938 1183 3008 agnoscit
1192 2940 1257 3010 quid
1270 2939 1350 2993 nobis
1361 2940 1483 3011 prodest.
1498 2942 1597 3008 «Quid

130 3029 248 3099 Propter
257 3029 330 3082 lianc
340 3044 405 3081 vero
415 3044 558 3097 egressum
570 3030 926 3100 nostrunr‚quemquotivlie
968 3027 1149 3098 irruensque,
1161 3028 1184 3081 si
1194 3028 1267 3082 sicut
1279 3035 1390 3099 oportet
1408 3031 1549 3087 nescimus
1568 3032 1603 3097 (ll

130 3116 925 3188 debemusmcntemcditari,delledemptorenostroPau·
936 3091 1019 3180 CQui
1033 3134 1098 3186 ergo
1108 3134 1198 3187 neque
1209 3134 1290 3170 orare
1300 3118 1427 3174 novimas
1442 3120 1516 3189 quod
1531 3136 1603 3192 opor

127 3206 924 3278 lusquoqueloquiturdicens:sUtsanctilicaretpersuum
965 3205 1066 3278 spiritu
1085 3206 1136 3259 Dei
1161 3206 1360 3277 acceperimus,
1377 3208 1544 3263 festinemus
1562 3225 1603 3280 prr

56 3334 58 3339 -
123 3295 289 3364 sanguinem
298 3296 441 3366 populum,
454 3303 533 3349 extra
543 3304 652 3365 portam
663 3312 762 3366 passus
771 3302 823 3350 est.
837 3298 924 3351 Exea-
963 3295 1070 3365 gratita
1084 3294 1187 3349 referre
1201 3302 1230 3349 et
1239 3296 1349 3350 fortiter
1361 3297 1456 3351 omnia
1464 3298 1597 3355 tolerare.

126 3399 189 3438 mus
204 3384 291 3454 igitur
304 3384 339 3437 ad
352 3400 417 3438 eura
430 3392 509 3438 extro
522 3390 623 3450 cestra,
640 3384 841 3456 improperium
863 3389 923 3456 eJus
964 3387 1022 3436 tate
1036 3398 1143 3447 sumus,
1159 3383 1265 3452 gratias
1280 3400 1412 3453 spamam
1424 3385 1453 3439 in
1467 3384 1603 3455 aegritudh

126 3479 270 3544 portantes
287 3491 292 3526 :
310 3473 456 3527 nonenim
472 3473 515 3527 hic
535 3473 670 3527 habemus
692 3482 853 3529 manentem
876 3476 924 3529 do·
964 3487 1099 3540 egeritus3
1116 3472 1271 3526 calumnias
1286 3474 1467 3539 sustinemus,
1488 3474 1597 3543 gratias

125 3577 202 3615 mum
227 3561 400 3631 [civilateml.
419 3563 467 3615 sed
496 3561 621 3616 suturam
640 3562 818 3633 inquirimus.
845 3565 924 3618 ›vl-'ir
965 3560 1069 3630 aliquid
1084 3561 1189 3614 malum
1206 3562 1337 3631 patimur,
1357 3564 1594 3631 gratinsaaamus

124 3650 220 3721 itaque
232 3651 280 3721 qui
295 3651 427 3721 apparuit
448 3650 583 3705 Ezechieli
608 3653 748 3721 prophetae
772 3654 876 3719 (azeca.
895 3657 922 3719 x)
964 3665 1015 3702 nos
1029 3649 1094 3702 lacit
1109 3649 1252 3719 proximus
1269 3668 1329 3704 csse
1345 3651 1411 3705 Deo.

125 3740 153 3792 in
168 3740 256 3811 portis
271 3740 359 3805 stetit,
375 3746 460 3810 atque
474 3740 514 3794 ita
526 3740 635 3795 locutus
647 3749 698 3805 est,
711 3741 924 3811 quiamediator
1002 3756 1015 3791 a
1031 3737 1148 3792 Obedite
1166 3740 1323 3809 praepositis
1338 3741 1436 3793 vestris
1450 3748 1480 3794 et
1493 3741 1603 3811 subiace

125 3828 174 3882 Dei
185 3836 214 3882 et
224 3829 370 3882 bominum
385 3829 514 3882 Christus
524 3830 614 3893 lesus,
626 3829 655 3882 in
666 3830 726 3900 ipso
737 3847 848 3901 quoque
858 3848 922 3901 pas-
966 3846 979 3878 a
996 3826 1071 3880 enim
1082 3827 1251 3897 pervigilant
1262 3829 1342 3898 quasi
1353 3829 1491 3884 rationem
1507 3847 1557 3901 pro
1566 3846 1603 3887 aa

124 3917 211 3971 sionis
228 3933 285 3971 sure
299 3922 425 3988 tempore
440 3925 580 3987 praecepta
594 3918 656 3972 vitre
672 3917 815 3989 discipulis
834 3920 920 3981 dedit,
966 3940 977 3963 e
994 3917 1061 3970 stris
1083 3917 1231 3983 reddituri,
1248 3925 1280 3971 ut
1295 3935 1358 3972 curn
1372 3919 1476 3987 gaudio
1491 3920 1544 3973 hoo
1557 3919 1603 3975 lec

125 4011 158 4058 ut
170 4006 198 4059 hi
214 4006 260 4076 qui
277 4005 307 4059 in
321 4022 385 4059 eum
400 4007 518 4059 credant
532 4007 567 4060 ed
582 4011 693 4076 portatu
713 4024 824 4078 semper
847 4009 922 4078 aspi·
965 4012 1138 4075 spernentes
1156 4024 1161 4057 :
1179 4006 1231 4059 hoc
1256 4006 1332 4061 enim
1355 4007 1448 4076 [l'ulp.
1476 4010 1541 4062 add.
1561 4025 1603 4065 no:

120 4093 197 4146 ciam
210 4100 238 4146 et
252 4094 412 4163 passionem
422 4094 484 4162 ejus
491 4095 610 4148 sollicita
620 4095 844 4150 consideratione
853 4114 922 4166 pen·
963 4093 1048 4147 vobis.
1067 4115 1078 4145 v
1096 4095 1247 4164 Postquam
1261 4096 1390 4165 saperius
1405 4096 1551 4162 dixerat«
1569 4114 1603 4170 qu

122 4187 226 4247 santes,
240 4198 258 4234 a
270 4198 319 4235 suo
334 4198 445 4252 quoque
464 4182 540 4236 exitu
554 4182 752 4237 cordisoculos
766 4202 823 4238 non
842 4202 920 4239 aver·
963 4183 1240 4254 templentesexitum
1252 4185 1480 4249 conversationis
1489 4186 1603 4243 imitatu:

121 4275 193 4324 tant.
211 4290 223 4321 r
241 4270 295 4324 Per
309 4270 401 4340 ipsum
425 4285 491 4340 ergo
513 4272 663 4325 olleramus
687 4272 810 4327 hostiam
831 4275 921 4327 leudis
962 4272 1149 4337 tuncintullt;
1162 4290 1174 4322 a
1189 4272 1299 4348 obedite
1308 4274 1464 4344 praepositis
1479 4275 1579 4331 vestris

124 4377 136 4410 a
152 4375 265 4430 semper
278 4360 346 4421 Deo,
357 4358 384 4411 id
395 4358 566 4413 estlructum
577 4359 715 4414 labiorum
725 4362 920 4417 confitentium
962 4366 1060 4414 estote.
1074 4379 1086 4412 r
1100 4361 1226 4415 Primum
1237 4363 1384 4416 constituit
1394 4379 1441 4417 eos
1452 4370 1554 4418 ettunc
1564 4364 1603 4421 dir

124 4465 136 4500 a
153 4448 258 4502 nomini
274 4449 344 4519 ejus.
364 4468 376 4500 r
393 4450 497 4517 (lirare.)
509 4449 551 4503 llli
562 4448 716 4503 offerebant
738 4452 867 4520 pecudes,
884 4452 922 4504 vi·
962 4449 1020 4502 dite
1031 4449 1302 4520 praepositiavestris
1318 4458 1346 4505 et
1360 4451 1505 4521 subjacete
1518 4452 1599 4509 eis.»

122 4538 195 4591 tulos
205 4542 235 4591 et
243 4537 349 4591 dabant
359 4537 492 4607 pontilici,
501 4554 552 4592 nos
563 4544 659 4591 autem
669 4538 740 4591 nihil
750 4539 920 4593 horumolle-
962 4537 1148 4609 dicitaliquis‚
1159 4538 1225 4592 dum
1232 4539 1543 4611 paepositusmalignus
1552 4558 1602 4597 eu

121 4625 218 4690 rimus,
235 4627 283 4679 sed
298 4626 552 4696 solamgratiarum
564 4627 920 4682 actioncmhanolabiuuo-
961 4627 1167 4681 obaudiemus?
1193 4627 1348 4697 rnaliguum
1373 4630 1494 4699 qualiter
1512 4631 1603 4687 dicisl

121 4714 917 4786 stregai-minent.Nihilhlesphemiaenostravoxresonet,
961 4715 990 4769 ia
1003 4717 1163 4770 causalidei
1179 4724 1230 4781 est,
1248 4717 1313 4787 fuge
1333 4717 1414 4771 illum
1437 4726 1466 4772 et
1487 4720 1572 4784 evita,
1593 4736 1603 4775 ι

121 4801 189 4856 nihil
215 4802 355 4872 supinum,
378 4803 448 4857 nihil
475 4810 646 4874 protervum,
667 4805 737 4859 nihil
759 4813 917 4868 contumax,
961 4804 984 4858 si
995 4804 1226 4860 homosueritsed
1239 4806 1356 4859 etiamsi
1368 4808 1603 4876 arigelusdecoelo

120 4891 189 4944 nihil
204 4907 348 4960 arrogans,
364 4893 413 4946 sed
431 4908 495 4946 cum
517 4893 686 4947 verecundia
710 4899 738 4948 et
761 4897 919 4950 reverentie
961 4893 998 4947 rit
1014 4913 1019 4946 :
1039 4893 1062 4946 si
1077 4911 1140 4947 vero
1152 4893 1181 4947 in
1197 4901 1259 4947 roto
1275 4902 1304 4947 et
1314 4896 1439 4949 moribus
1454 4896 1603 4967 nralignuu

120 4980 293 5034 conversatio
309 4986 406 5033 nostra
416 4981 576 5036 lintamina
585 4982 688 5053 quippe
697 4981 920 5037 intribulutioni-
961 4982 1089 5035 scrutari.
1101 4983 1135 5037 ht
1144 4984 1202 5036 haec
1213 4999 1267 5037 non
1279 5001 1311 5036 ea
1322 4985 1429 5055 meipso
1438 4985 1510 5049 dico,
1518 4986 1568 5040 sed
1577 5003 1603 5041 er

99 5055 104 5063 ’
120 5068 180 5133 hus,
190 5086 253 5123 cum
266 5070 295 5123 in
306 5069 529 5139 desperationem
541 5070 668 5129 incurrit,
676 5071 761 5125 etiam
774 5073 919 5142 impudens
960 5071 1063 5124 «lirina.
1082 5072 1154 5125 ilaei
1170 5073 1264 5126 lesum
1280 5073 1419 5127 dicentem
1437 5093 1442 5125 :
1463 5100 1473 5123 ι
1496 5076 1603 5146 Super·

120 5159 248 5222 efficitur,
263 5159 311 5212 sed
327 5174 377 5211 noa
392 5158 460 5211 talia
473 5158 623 5228 fugiamus.
644 5160 710 5213 llcce
725 5160 828 5214 iterum
844 5161 917 5217 idem
960 5161 1049 5231 Moysi
1065 5161 1200 5214 sederunt
1220 5160 1322 5215 Scribat
1351 5170 1378 5216 et
1394 5163 1527 5218 lerisaei
1547 5167 1603 5231 (Mo

120 5247 212 5317 ipsum
223 5247 758 5318 dixit,quodsuperiusprolocutusesto
772 5251 917 5304 nondese-
959 5250 1050 5319 primo
1065 5250 1160 5304 diceus
1174 5250 1209 5302 de
1224 5250 1267 5303 his
1283 5252 1372 5305 reialta
1385 5253 1468 5312 arula,
1486 5262 1554 5307 tuuc
1576 5254 1603 5309 di

119 5340 221 5392 rentes,
235 5335 337 5406 inquit,
354 5336 597 5406 congregationem
610 5344 734 5392 nostram
748 5357 754 5403 3
769 5339 917 5393 esiconim
959 5355 1009 5408 per
1023 5339 1185 5393 cathedram
1194 5339 1281 5409 hloysi
1292 5341 1452 5394 sederunt«
1466 5342 1579 5411 Omnia,
1588 5343 1603 5399 ir

117 5438 275 5493 possumus,
284 5424 385 5495 inquit,
396 5442 460 5479 euru
475 5427 642 5480 verecundia
656 5433 757 5483 cuncta
764 5430 914 5498 perlicere:
959 5427 1079 5481 dixerint
1094 5428 1169 5481 vobis
1190 5428 1284 5493 lecito,
1308 5446 1369 5499 quae
1398 5440 1493 5486 autem
1516 5432 1602 5488 feceri

117 5509 219 5581 sapius
233 5512 309 5566 euim
323 5513 409 5567 etiam
421 5514 547 5569 homines
563 5514 759 5571 erubescentes
780 5536 797 5570 a
820 5516 920 5585 multis
959 5516 1081 5570 nolite.»
1099 5515 1218 5579 llebeut,
1234 5518 1335 5588 inquit,
1353 5519 1530 5590 digmtetem,
1548 5521 1603 5579 lice

118 5599 260 5657 abstineat
273 5601 367 5673 pravis
380 5601 520 5673 operibus.
539 5622 550 5655 ι
565 5604 761 5661 beneficentia
775 5611 871 5663 summ
889 5611 919 5663 et
959 5605 1083 5677 perdite,
1100 5613 1294 5663 verumtamen
1308 5621 1365 5665 aea
1380 5609 1416 5664 ed
1431 5609 1517 5665 vitan
1530 5627 1603 5669 wau
