3786 6128
166 296 237 353 1105

460 373 461 378 Ἰ
504 300 689 355 coutitur.
711 301 751 355 IN
769 300 926 354 CANTlC-ll
944 299 1026 363 QUAE
1045 301 1093 354 Al)
1113 299 1252 354 munus
1271 298 1465 354 ulcuurun.

1736 294 1806 352 titt

163 428 344 491 peccatorum
367 424 451 477 homo
473 441 560 478 novus
575 425 701 478 ascendis
717 432 832 494 paratus
849 424 883 476 ad
900 424 1106 483 can-Astrurit
1121 441 1195 482 eum.
1212 425 1258 494 qui
1273 423 1395 477 habebat
1410 424 1509 477 mortis
1530 423 1689 494 imperium,
1707 421 1735 475 id
1750 423 1802 486 est,

162 511 282 565 tandum
306 513 446 567 canticum
470 531 582 566 norum.
613 514 733 583 ,Eup-ptri
756 532 821 565 sero
852 520 913 583 post
935 519 962 565 te

163 599 345 670 insequentes
360 602 560 669 demergentur
584 602 611 654 in
635 602 775 671 atessam,
798 601 907 655 etiamsi
921 600 962 652 ri-

161 689 267 742 dentur
280 707 379 760 rogare
394 692 499 756 lesum,
507 708 542 744 ne
560 708 606 743 eos
618 691 729 744 interim
742 691 835 744 mittat
846 690 872 743 in
883 689 963 759 abys-

161 793 235 830 sum.
251 779 413 832 Notandum
429 797 503 843 reru,
525 781 597 849 quod
613 783 693 848 juxta
707 780 791 832 aliani
809 779 962 832 editionem

161 866 280 933 legitur:
294 868 450 937 Quadrigas
467 869 621 922 Pharaonis
632 875 659 921 et
668 869 818 921 tirincitum
831 869 891 935 ejus
902 885 964 938 pro-

156 955 228 1023 jecit
252 956 281 1009 in
305 973 392 1010 mare
417 959 527 1010 Electus
548 975 707 1011 ascensores
729 966 824 1010 ternos
844 962 964 1010 statores

157 1043 331 1099 demorsitin
342 1045 467 1099 Rubrum
479 1063 564 1101 mare
580 1048 687 1100 Pharao
699 1064 770 1104 reno.
782 1048 856 1099 reiut
867 1054 962 1116 poten·

1004 511 1155 573 diabolum,
1176 532 1189 564 u
1205 513 1323 582 alligans
1347 514 1447 566 sortem
1463 519 1491 566 ct
1514 529 1580 565 rasa
1594 513 1656 582 ejus
1670 509 1806 581 diripiens

1005 603 1112 666 tilullb.
1129 608 1186 670 nn).
1202 622 1215 653 s
1231 609 1316 672 atmre
1331 602 1491 664 draconem,
1508 607 1666 672 serpentem
1678 598 1805 653 videlicet

1004 689 1160 759 imtiqnnm,
1186 691 1233 761 qui
1249 692 1337 746 cauda
1352 708 1403 744 sna
1426 690 1547 745 detraxit
1560 691 1675 744 tertiam
1691 692 1803 760 partem

1004 778 1128 832 siderum
1143 787 1170 833 et
1185 780 1262 833 misit
1273 781 1301 832 in
1316 786 1448 847 stagnum
1464 780 1536 850 ignis
1547 779 1681 840 ardentis,
1696 777 1746 848 'qui
1757 792 1805 848 pa·

1005 874 1083 920 ratus
1097 877 1140 920 est
1154 869 1207 921 sibi
1223 876 1252 922 et
1266 869 1374 937 angelis
1387 869 1463 938 ejns3
1479 869 1552 922 unde
1573 868 1712 939 sequitur:

1041 974 1055 1007 <r
1077 957 1109 1009 tlt
1122 957 1150 1009 in
1165 957 1344 1010 multitudine
1358 958 1453 1027 gloria
1469 963 1524 1011 tua
1538 956 1692 1027 deposuisti
1707 950 1803 1009 adver-

1006 1065 1020 1094 «
1036 1045 1235 1099 sar-insinuasti
1248 1047 1343 1100 Gloria
1352 1047 1448 1117 utique
1460 1045 1674 1100 resurrectionis
1681 1043 1804 1098 Domini·

156 1133 679 1205 tiorinntalitiaetregnumnuptilia·
696 1135 961 1205 lenens,qtradrigas
1002 1152 1040 1186 ea·
1056 1135 1180 1187 ieorrl'usio
1207 1136 1260 1188 i'uit
1281 1142 1364 1205 atque
1390 1136 1521 1189 coruritio
1544 1134 1656 1201 diaboli,
1674 1134 1802 1205 quicum

156 1221 232 1284 agit:
248 1240 302 1276 non
319 1224 359 1277 illi
374 1225 441 1276 satis
453 1232 495 1276 est
510 1224 557 1276 uni
573 1242 644 1293 equo
654 1225 814 1287 ascemlere,
827 1225 960 1294 plurimos
1002 1223 1105 1276 Jmlrris
1120 1224 1272 1277 ineditatus
1286 1231 1328 1277 cst
1342 1231 1460 1278 mortem
1472 1225 1585 1278 Christi.

155 1310 244 1364 simul
260 1313 357 1382 agitat.
371 1313 506 1382 plurimus
517 1314 600 1366 sinud
617 1314 705 1383 plagis
719 1314 783 1367 torti
800 1314 960 1368 verberibus
1039 1334 1050 1362 a
1066 1313 1166 1365 Misisti
1179 1313 1250 1366 iram
1263 1320 1350 1371 tuam,
1362 1313 1571 1383 qundevorarit
1581 1312 1803 1382 eossicutstipu-

155 1402 242 1471 cogit,
261 1418 441 1471 quoscunque
459 1402 560 1455 rideris
584 1403 612 1455 in
635 1403 744 1456 lamnia
763 1403 911 1473 turpiores,
931 1403 959 1456 in
1004 1425 1012 1445 ·=
1031 1402 1095 1453 lain.
1111 1402 1211 1456 olfltio
1225 1402 1383 1468 norissima,
1396 1420 1456 1472 que
1469 1401 1578 1456 diabolo
1588 1407 1618 1455 et
1626 1400 1733 1472 arigelis
1741 1401 1802 1470 ejus

155 1489 355 1543 incredulitate
370 1491 505 1554 saniores,
524 1492 553 1544 in
568 1491 686 1544 {turritia
708 1492 846 1553 tetriores,
864 1492 890 1544 in
907 1493 957 1545 im·
999 1490 1146 1558 infligitur,
1163 1491 1273 1544 rhlctur
1289 1490 1459 1561 patientibus
1471 1508 1533 1544 eam
1551 1492 1594 1545 ira
1604 1507 1675 1556 esse,
1692 1490 1739 1543 sed
1755 1495 1801 1544 ta-

154 1579 262 1649 pietate
283 1579 488 1648 strigiliosiurcs,
510 1581 579 1633 scito
609 1581 658 1633 hos
683 1581 716 1634 de
737 1581 880 1650 ‹pradrigis
895 1598 955 1634 esse
998 1595 1061 1631 rnen
1073 1579 1107 1631 ab
1117 1580 1174 1642 illo,
1188 1580 1235 1648 qui
1247 1580 1376 1633 universa
1386 1598 1451 1633 cum
1461 1580 1669 1649 tranquillitate
1680 1578 1799 1648 judicat,

154 1668 312 1721 Pharaonis
324 1668 405 1738 ipsis:
417 1670 464 1721 sed
476 1669 583 1738 etipsos
594 1670 688 1722 currui
696 1687 746 1723 sno
758 1670 912 1739 subjungit,
927 1671 954 1724 in
996 1667 1057 1720 siue
1071 1670 1281 1738 perturbatione
1292 1669 1379 1722 animi
1390 1669 1432 1722 sui
1441 1670 1517 1737 juste
1528 1667 1721 1738 peccatoribus
1732 1667 1802 1720 irro-

151 1757 223 1826 ipsis
239 1758 328 1809 fertur
343 1762 371 1810 et
383 1758 488 1816 volitat,
506 1770 533 1809 ct
548 1763 719 1828 [recupertus
735 1760 869 1812 scelerum
880 1776 956 1812 estin-
967 1745 1089 1825 ligatur,
1108 1775 1168 1828 quae
1180 1775 1227 1810 eos
1241 1758 1313 1811 sicut
1325 1759 1456 1828 stipulam
1471 1759 1595 1824 devorat,
1610 1757 1676 1828 quia
1691 1756 1801 1811 fortiter

152 1861 205 1915 pos
224 1846 320 1899 cllusis
344 1863 390 1898 eos
405 1847 463 1911 agit
480 1846 603 1899 tuitionis.
622 1850 693 1900 Sunt
708 1848 754 1900 alii
768 1848 848 1901 electi
863 1866 957 1902 aseen-
997 1846 1132 1899 detestat.
1150 1856 1224 1898 etex
1241 1847 1316 1899 onmi
1331 1853 1409 1917 parte
1426 1847 1542 1900 cruciat.

151 1951 242 1995 sores,
268 1936 347 1988 electi
367 1936 426 1988 sine
442 1936 574 1989 (initiand
602 1936 748 1989 nmlitianr.
765 1937 817 1990 Sed
843 1938 902 2005 jain
922 1938 956 1991 de
1034 1935 1093 1987 «nt
1105 1935 1132 1987 in
1148 1935 1249 2005 spiritu
1260 1934 1362 1988 suroris
1373 1936 1414 1988 tui
1425 1943 1600 2006 congregatae
1615 1942 1797 2006 sumatque.»

151 2023 350 2078 ascensoribus
373 2042 458 2095 supra
473 2025 604 2083 dixinms.
622 2042 695 2078 nunc
717 2026 811 2088 ctiam,
830 2027 877 2096 qui
899 2026 956 2080 sint
998 2025 1133 2092 Stagnum
1143 2024 1240 2093 utique
1254 2025 1397 2094 sulphuris
1405 2025 1574 2094 condignum
1584 2025 1693 2079 meritis
1701 2039 1798 2078 eorum

149 2113 228 2166 terni
244 2120 363 2166 statores
377 2114 529 2166 ritlmmns.
541 2115 607 2167 liihi
619 2114 747 2167 sitlentnr
758 2114 955 2168 ternistatores
997 2111 1178 2181 impenditur,
1192 2112 1243 2166 sub
1258 2131 1312 2183 quo
1321 2114 1442 2167 demersi
1451 2120 1569 2183 gcmnnt
1580 2113 1609 2166 in
1619 2119 1796 2185 perpetuum.

145 2219 203 2271 pro
214 2203 321 2263 oodici,
335 2203 736 2273 quodtriplexesthominibus
747 2205 876 2274 peccandi
892 2205 952 2259 ria:
998 2201 1050 2253 Sed
1068 2202 1134 2271 quia
1149 2203 1206 2255 hac
1222 2218 1304 2272 puna
1319 2203 1353 2255 ad
1370 2203 1512 2272 integrum
1527 2203 1556 2255 in
1569 2202 1721 2255 novissimo
1735 2216 1799 2255 exa-

143 2298 202 2344 aut
222 2291 300 2344 enim
315 2291 343 2344 in
358 2292 440 2354 sacto,
460 2300 509 2344 aut
524 2292 552 2344 in
572 2292 657 2358 dicte,
679 2304 726 2345 aut
743 2292 771 2344 in
787 2293 954 2360 cogitatione
996 2289 1071 2342 mine
1084 2291 1337 2359 persolremlaerit,
1356 2298 1384 2344 et
1401 2292 1469 2345 hora
1485 2291 1614 2344 vindictae
1629 2290 1720 2344 adhuc
1734 2304 1798 2360 pro·

144 2385 286 2449 peccatur
298 2399 303 2433 :
316 2385 344 2433 et
353 2380 413 2433 ideo
424 2381 491 2433 trini
503 2387 622 2434 statores
633 2398 682 2449 per
691 2381 816 2450 singulos
828 2399 954 2452 qutisqne
995 2379 1108 2433 telatur:
1132 2379 1257 2433 hostilius
1280 2381 1389 2434 ridetur
1410 2380 1584 2434 occasionem
1609 2377 1797 2449 persequendi

139 2469 296 2534 dicuntur,
309 2469 356 2538 qui
368 2478 424 2522 tres
435 2469 503 2522 istas
518 2470 546 2522 in
564 2469 644 2522 nobis
661 2470 792 2540 poetandi
808 2469 954 2525 obsideant
994 2468 1128 2527 tribuere.
1138 2469 1186 2538 qui
1202 2469 1337 2538 patientia
1349 2469 1397 2522 Dei
1409 2468 1565 2522 abutuntur
1574 2466 1796 2522 thesaurizantes

138 2558 218 2623 siae,
231 2562 262 2610 et
272 2559 450 2628 speculentur
464 2576 575 2628 semper
590 2564 673 2629 atquo
689 2558 717 2611 in
734 2559 842 2611 insidiis
857 2566 951 2628 rigant,
995 2556 1047 2609 sibi
1060 2557 1131 2609 irum
1147 2557 1175 2609 in
1186 2557 1231 2610 die
1242 2558 1300 2623 irre,
1311 2564 1339 2611 et
1351 2558 1528 2611 revelationis
1539 2557 1610 2625 justi
1622 2555 1721 2626 judicii
1733 2555 1792 2610 Dei.

136 2654 176 2701 ut
193 2654 248 2700 aut
263 2647 309 2701 ille
324 2665 356 2700 ex
371 2648 473 2700 inisero
489 2648 600 2700 homine
616 2665 773 2700 sermonem
791 2649 893 2701 irralum
906 2649 953 2702 eli·
995 2644 1393 2716 Cumipsetameneertissime
1404 2645 1795 2700 renietsanetissuisreddere

131 2736 215 2800 ciat,
231 2745 282 2788 aut
297 2735 342 2789 ille
357 2736 483 2806 iniquum
495 2753 564 2806 opus
575 2742 748 2806 «extruderent,
759 2742 809 2789 aut
823 2737 868 2790 illc
881 2738 953 2805 cogi·
994 2734 1109 2803 praemia
1123 2740 1234 2788 :eternae
1245 2735 1436 2801 beatitudinis,
1448 2735 1648 2789 etadrersariis
1658 2734 1716 2789 suis
1726 2733 1794 2788 dare

130 2825 291 2879 tationem
306 2825 455 2895 pessinunn
471 2826 570 2895 rapiat.
587 2825 713 2895 Denique
730 2832 758 2877 et
771 2843 867 2878 semen
877 2826 951 2880 serbi
994 2822 1178 2876 vindictarum
1191 2826 1304 2877 humma
1319 2825 1409 2894 ignis,
1427 2824 1500 2878 unde
1514 2824 1661 2894 sequitur:

127 2914 211 2980 Ilei,
229 2913 279 2967 nbi
304 2914 378 2983 capit
393 2921 420 2967 et
435 2914 552 2984 deperit,
569 2915 667 2983 triplex
684 2914 851 2967 describitur
866 2916 949 2980 lucus,
1031 2932 1041 2959 ι
1060 2912 1143 2965 Stetit
1160 2914 1233 2966 unda
1258 2916 1356 2979 durius,
1381 2920 1556 2984 congregatae
1571 2920 1637 2967 sunt
1652 2912 1745 2984 abyssi
1764 2912 1793 2966 in

121 3019 222 3058 linus
242 3020 323 3056 secus
346 3004 418 3055 riam
436 3004 564 3058 retertur.
582 3003 627 3073 qni
657 3004 835 3056 conrulratnr
849 3004 883 3056 ab
902 3006 952 3058 ho-
995 3022 1008 3049 «
1025 3001 1204 3055 mediormni.
1218 3002 1293 3055 Dixit
1304 3003 1445 3056 inimicus:
1461 3004 1617 3072 Persequar
1630 3008 1659 3056 et
1668 3018 1793 3073 compre-

119 3091 285 3147 minibus.
303 3092 373 3145 alins
390 3092 418 3144 in
434 3093 530 3161 spinis,
543 3092 616 3144 :dins
631 3093 659 3144 in
676 3093 804 3162 petrosis.
824 3094 857 3146 lit
872 3061 1007 3146 econ-C«
1023 3090 1154 3145 herniam.
1180 3091 1301 3144 dividant
1315 3092 1413 3162 spolia,
1435 3091 1597 3163 implebitur
1612 3091 1790 3157 animante&

116 3181 237 3235 trario
254 3186 331 3233 terra
355 3180 428 3233 bona
442 3181 541 3233 allone
558 3181 661 3233 dicitnr
676 3181 813 3251 triplicem
828 3182 949 3235 tinctum
994 3195 1006 3228 <i
1023 3179 1176 3247 evaginabo
1202 3181 1327 3248 gladium
1343 3198 1447 3246 meum,
1464 3180 1613 3234 interficiet
1628 3197 1675 3233 eos
1690 3195 1791 3234 manus

122 3271 185 3324 vel
203 3269 402 3335 centesimum,
421 3270 461 3321 rel
481 3269 696 3339 sexagesimum,
709 3270 749 3322 rel
764 3271 947 3323 tricesimum.
994 3286 1005 3316 t
1023 3284 1097 3320 mea:
1112 3268 1185 3320 iltuit
1201 3269 1389 3338 Spiiililstuuss
1401 3275 1428 3322 ei
1440 3269 1550 3340 Operuit
1563 3285 1610 3322 0⁰8
1624 3283 1711 3333 male,
1723 3267 1791 3322 sub·

120 3358 191 3413 Isti
199 3358 345 3427 ergotrini
356 3359 817 3428 statoressnntangelirrerprarrrde
825 3359 950 3413 exercitu
993 3357 1104 3408 «rnersi
1121 3363 1187 3409 sunt
1206 3358 1284 3426 quusi
1303 3358 1449 3427 plumbum
1468 3359 1498 3411 in
1518 3358 1598 3427 aquis
1618 3357 1792 3411 vehementi·

120 3447 314 3501 Pharaonis.
324 3447 370 3516 qui
382 3453 458 3500 sumt
469 3448 495 3499 in
508 3448 698 3517 hujuscemodi
711 3447 760 3500 riis
771 3447 950 3501 observantes
994 3462 1007 3494 <t
1023 3444 1083 3496 bus.
1100 3466 1110 3495 o
1125 3468 1137 3494 a
1154 3446 1264 3505 Misisti,
1284 3447 1384 3515 inquit.
1402 3447 1532 3517 spiritum
1547 3452 1630 3500 tunm
1644 3452 1673 3500 et
1693 3462 1790 3517 coope-

120 3551 379 3605 unumquemque
405 3544 532 3589 nostrum
548 3553 598 3605 per
622 3536 678 3589 hae
693 3554 776 3602 agere
802 3538 828 3588 in
852 3554 949 3606 pecca-
991 3532 1047 3584 ruit
1063 3550 1110 3584 cus
1127 3550 1242 3585 utare.»
1268 3535 1334 3586 ips-0
1347 3537 1406 3603 jaun
1435 3535 1532 3604 quinto
1552 3539 1790 3588 commemoratur

124 3634 218 3690 tunt,
237 3640 308 3694 quos
322 3624 466 3693 demerget
480 3625 616 3678 Domitius
632 3624 660 3677 in
676 3625 801 3678 lhrlnnm
818 3642 903 3689 mare,
921 3629 949 3678 et
989 3620 1168 3690 spiritusllei,
1179 3629 1209 3674 ut
1220 3622 1248 3675 in
1260 3623 1436 3676 liet-numero
1450 3623 1620 3693 accipiamus
1627 3628 1656 3676 ct
1663 3623 1736 3693 quod
1745 3622 1788 3676 di·

127 3713 244 3785 ignitis
259 3729 307 3766 eos
322 3713 509 3782 injudiciidie
521 3713 651 3766 tluctilnts
662 3715 752 3766 tradet
763 3730 947 3782 aepreuarum
989 3716 1065 3762 ctum
1076 3715 1134 3763 est:
1155 3732 1168 3760 n
1183 3710 1294 3778 Digitus
1311 3712 1361 3765 llei
1380 3717 1421 3764 est
1432 3712 1581 3783 hic(E.rod.
1600 3719 1665 3779 rm).
1681 3711 1786 3776 Primo,

130 3804 248 3873 pelago
263 3806 348 3871 teget.
990 3798 1176 3869 ubiscriptum
1185 3806 1240 3852 est:
1255 3800 1394 3870 «Spiritus
1405 3799 1788 3871 lleilerebatursuperaquas

176 3911 191 3944 a
222 3890 326 3961 Abyssi
351 3902 524 3961 operuerunt
544 3908 600 3953 eos,
625 3892 829 3945 ‹lescendemm
844 3892 872 3944 in
885 3908 948 3962 pro·
991 3889 1064 3951 (lieri.
1081 3897 1109 3957 ι).
1128 3910 1141 3938 a
1159 3889 1286 3941 Secundo
1302 3888 1349 3942 uhi
1365 3889 1484 3943 dicitur:
1504 3890 1597 3942 «Non
1612 3887 1790 3961 permanebit

140 4002 153 4032 c
173 3981 476 4051 t'undnmqunsilapis.
488 3980 945 4051 e.·lbyssintirpreillideqniimsin
988 3977 1015 4029 in
1034 3977 1094 4030 istis
1110 3977 1268 4031 hominibus
1288 3978 1408 4048 Spiritus
1429 3996 1520 4044 meus,
1543 3978 1676 4050 (moniam
1689 3995 1788 4032 carnes

143 4070 204 4131 tob,
219 4069 269 4123 ubi
280 4069 621 4123 deLerinthannarratur:
633 4071 826 4140 scriptumest.
842 4096 851 4113 ..
866 4070 948 4123 disti·
988 4072 1062 4118 Siiiii-
1083 4089 1092 4112 i·
1108 4066 1211 4124 'raetia
1229 4066 1275 4119 ilbi
1293 4067 1402 4120 l'itili'tio
1417 4067 1484 4121 dicii
1495 4067 1530 4121 ad
1546 4069 1667 4139 JOSt’Phss
1686 4088 1698 4119 t
1715 4067 1788 4131 QUO·

145 4159 234 4213 mabit
247 4157 379 4228 airyssum
395 4159 473 4229 qnasi
484 4165 674 4212 senescentem
687 4162 752 4215 inu.
762 4174 804 4211 xm
820 4173 838 4219 t.
856 4179 867 4204 »ι
881 4159 948 4211 Etin
989 4155 1064 4206 rrimn
1077 4154 1252 4224 Spiritnsliei
1263 4163 1305 4208 est
1315 4156 1384 4209 int-c.
1397 4180 1407 4207 o
1421 4156 1591 4223 Quarto,ubi
1599 4157 1788 4211 incantatores

148 4247 300 4316 Evangelio
324 4247 460 4315 rogabant
475 4248 615 4301 ‹lamumes
630 4249 725 4301 lesum
747 4264 781 4300 ne
798 4248 949 4316 imperaret
989 4243 1611 4314 .-1‹3gypuomm‹lieunt:«Digitusueiestbic.
1626 4246 1788 4310 »Quintoin

148 4336 201 4390 illis
211 4344 245 4388 ut
256 4335 423 4406 inabyssrnn
431 4337 512 4400 irent,
525 4337 728 4389 descenderunt
739 4337 765 4388 in
778 4336 947 4406 profundum
957 4376 980 4434 D
990 4333 1168 4386 hoceuntico:
1179 4358 1190 4383 a
1201 4334 1301 4387 hlisisti
1312 4335 1536 4404 Spiritumtunm
1550 4342 1578 4388 et
1589 4337 1733 4407 cooperuit
1740 4351 1788 4390 eos

148 4432 284 4495 tanquam
309 4425 397 4494 lapis:
419 4442 505 4494 ‹purne
528 4425 689 4478 ceciderunt
716 4425 744 4477 in
777 4425 945 4493 prol'urnlum

149 4522 284 4584 tanquam
309 4512 401 4583 lapis?
427 4514 491 4582 quia
515 4531 569 4566 non
585 4522 665 4567 erant
688 4514 759 4566 tales
780 4513 896 4583 lapides,
913 4514 947 4567 de

149 4603 249 4673 quibus
263 4603 392 4656 suscitari
417 4602 593 4671 possentlilii
622 4603 773 4657 Abraham.
794 4603 841 4653 sed
866 4603 945 4656 tales.

150 4692 194 4762 qui
205 4698 336 4745 amarent
347 4691 514 4761 profundum
526 4700 553 4743 et
569 4693 705 4761 liquidum
724 4692 875 4757 diligerent
891 4692 947 4743 ele-

150 4788 286 4844 mentum,
303 4781 329 4833 id
347 4790 398 4837 est,
416 4781 461 4850 qni
472 4798 597 4833 ammam
609 4787 637 4833 et
649 4783 751 4834 liuram
768 4780 948 4850 presentium

149 4886 243 4922 rerum
261 4877 394 4939 cuperent
411 4870 591 4939 mluptatem.

185 4978 198 5010 a
210 4959 331 5012 Dextera
339 4965 397 5020 tua,
408 4958 533 5021 ljlomine,
544 4957 950 5023 tirannilicataestinlbrtitudi-

151 5066 163 5095 c
178 5048 354 5113 ne3dextent
365 5047 694 5117 tna,llorninepereussit
703 5048 873 5100 inimicante>
882 5049 949 5109 Qum

150 5141 190 5188 est
205 5136 260 5188 ista
274 5135 397 5194 dextera,
408 5136 462 5188 nisi
478 5136 568 5189 iliade
581 5154 635 5205 qua
648 5136 675 5189 in
690 5137 798 5206 psalnm
813 5136 948 5205 seriptum

150 5234 207 5278 est:
224 5225 368 5277 «Dextera
386 5225 496 5277 nanim
514 5225 578 5278 ferit
607 5227 746 5287 virtutem,
764 5225 879 5277 ilextera
894 5225 949 5276 llo-

150 5313 219 5367 ntini
244 5314 375 5366 exaltarit
390 5330 434 5366 nte
458 5317 538 5375 lllml.
551 5328 626 5369 cxnn
642 5315 650 5365 ἶ
667 5333 679 5365 a
704 5315 768 5366 lhec
792 5313 820 5365 in
836 5314 946 5379 virtute,

147 5402 228 5469 juxta
242 5401 325 5454 aliurn
342 5402 502 5461 editionem,
514 5403 670 5471 glorificata
686 5407 736 5460 est,
748 5402 859 5470 qrrando
874 5401 948 5454 ann-

150 5507 236 5560 qunm
253 5491 361 5544 hostem
376 5504 403 5543 et
419 5491 665 5544 inimicumrerum
676 5507 725 5560 per
740 5490 830 5542 clanis
846 5498 947 5560 myste-

152 5579 225 5633 rium
240 5579 377 5647 confregit
391 5588 475 5650 atque
491 5579 638 5637 interiecit.
655 5588 682 5632 et
697 5596 746 5648 per
764 5588 884 5632 mortem
899 5579 947 5633 de-

990 4438 1075 4474 mere.
1087 4444 1098 4465 e
1107 4422 1317 4476 Meruinerimus
1325 4429 1419 4477 autem
1430 4424 1560 4493 spiritum
1568 4424 1687 4489 Daimon
1696 4424 1788 4478 solum

989 4509 1788 4582 adbeneficiaremuretiamadvindictamcommcmorarh

990 4600 1788 4671 namquidaliudetiamsupradixitherspiritumiraetuae

989 4687 1076 4739 divisa
1087 4694 1130 4741 est
1139 4706 1220 4759 aqua.
1234 4691 1289 4742 lstc
1297 4689 1392 4759 itaque
1403 4689 1519 4760 spiritus
1528 4691 1577 4743 Dei
1593 4691 1621 4744 in
1631 4691 1786 4763 AEgyptius‚

990 4793 1054 4829 nam
1070 4777 1184 4846 spiritus
1196 4778 1244 4831 irae
1255 4779 1325 4847 ejus,
1343 4778 1444 4848 quibus
1463 4779 1559 4832 nocuit
1569 4797 1707 4851 aquarum
1718 4781 1788 4834 divi-

990 4866 1041 4930 sio,
1059 4872 1090 4918 ut
1109 4866 1246 4919 intrantes
1262 4873 1376 4937 possent
1398 4869 1479 4938 aqtds
1494 4869 1676 4923 redeuntibus
1691 4869 1787 4922 obrui:

992 4954 1055 5007 liliis
1079 4973 1141 5008 reru
1160 4956 1255 5012 lsrael.
1281 4957 1381 5026 quibus
1394 4958 1507 5028 proluit,
1525 4959 1599 5028 quod
1614 4974 1688 5028 aqna
1702 4956 1790 5012 divise

991 5051 1041 5107 est,
1052 5061 1108 5097 non
1127 5045 1178 5097 fuit.
1193 5045 1239 5098 ille
1250 5046 1365 5116 spiritus
1375 5047 1424 5100 irm
1434 5048 1503 5100 Dei?
1517 5047 1596 5101 Unde
1615 5046 1791 5117 significatur

991 5141 1104 5204 propter
1119 5135 1242 5188 diversas
1268 5136 1455 5205 operationes,
1481 5144 1509 5189 et
1528 5138 1642 5190 ellectus
1657 5135 1790 5206 spiritum

990 5222 1040 5275 Ilei
1056 5222 1230 5275 dissimiliter
1244 5225 1389 5294 appellari,
1401 5241 1464 5277 cum
1478 5225 1596 5278 sitimus
1607 5229 1692 5295 atque
1702 5223 1787 5291 idem,

991 5312 1036 5364 ille
1052 5313 1197 5371 duntaxat,
1215 5312 1263 5383 qni
1277 5313 1363 5366 etiam
1379 5322 1491 5367 sanctus
1504 5313 1624 5384 Spiritus
1641 5313 1671 5367 in
1681 5313 1789 5368 unitate

990 5401 1136 5455 'l‘rinitatis
1159 5402 1302 5471 accipitur.
1322 5403 1442 5456 Proinde
1465 5420 1520 5455 non
1544 5401 1666 5456 arbitror
1691 5402 1788 5467 alium,

991 5508 1074 5562 quem
1104 5492 1232 5544 eunrdem
1254 5491 1415 5561 significari,
1442 5491 1490 5545 nbi
1522 5492 1590 5545 dicit
1617 5493 1788 5563 Apostolus:

993 5604 1003 5635 ι
1022 5584 1047 5636 N
1049 5600 1083 5635 on
1096 5583 1171 5636 enim
1186 5581 1332 5652 accepistis
1342 5581 1471 5652 spiritum
1486 5581 1628 5636 servitutis
1643 5581 1748 5636 iterum
1762 5579 1791 5633 in
