3772 6120
128 244 196 308 lidi
408 244 450 297 ·Β.
471 240 607 295 RABle
627 241 742 302 ntum
762 240 930 297 aaudiat.
950 238 1112 296 MOGUNT.
1135 237 1282 295 euanuit
1302 237 1394 292 PARS
1413 237 1465 293 lll.
1696 232 1761 294 138⁸

119 371 187 433 vitia
198 369 369 441 generaliter
384 364 609 437 pronuntiaverit
618 379 680 417 esse
693 366 825 423 carnalia.
834 362 1066 435 siqui-Auliquid
1081 362 1208 417 relaxans
1222 380 1240 416 a
1253 370 1344 432 cepte
1358 361 1477 423 temore,
1495 360 1642 431 impertias
1651 361 1677 414 ei
1692 362 1762 431 quod

120 460 184 519 dem
199 457 361 519 inimicitias
376 462 404 510 et
414 455 480 518 iras,
496 461 582 524 utque
595 453 724 517 haereses,
733 453 805 507 inter
819 460 921 509 cetera
961 451 1140 505 continuatim
1152 451 1266 504 sinodum
1278 458 1305 504 ct
1313 467 1477 507 recasuram
1486 451 1572 519 iustae
1584 449 1763 505 districtionis

117 549 210 607 caruis
221 563 288 618 pora
306 543 505 606 numeraverit,
513 559 564 597 nos
578 546 675 599 tumea
689 543 724 596 ad
735 543 846 597 illorum
871 559 920 598 cu·
961 541 1085 603 excedat,
1101 557 1136 595 ae
1152 540 1298 593 resolvaris
1309 541 1370 608 ejus
1385 538 1573 608 subjectione,
1593 539 1763 608 rclsugges·

119 637 243 697 musaea
262 641 347 711 atque
361 638 476 688 naturas
491 631 654 700 diligentius
677 631 847 701 colligendas
865 633 919 686 du·
960 630 1047 691 tione,
1061 645 1095 683 ne
1105 629 1239 683 irridente
1254 627 1476 698 impugnationis
1491 627 1645 682 securitate
1660 644 1717 698 qua
1728 629 1764 682 si·

118 723 184 796 plici
197 739 231 779 ea
244 722 380 779 divisione
389 720 597 789 distinguimus.
606 720 678 773 Nam
691 735 723 773 ex
737 719 781 773 his
791 718 920 789 quaedam
960 718 1035 772 deris
1043 718 1372 788 paulisperacamalibus
1379 717 1762 788 incentivistactusquietior,

118 812 239 873 dicisum
253 828 313 867 esse
337 809 469 873 carnalia,
485 808 621 879 quasdam·
640 823 704 861 vero
728 807 875 879 spiritalia,
892 814 921 861 et
962 809 996 862 ad
1007 807 1157 878 pristinam
1172 807 1366 861 remissionem
1379 807 1422 860 rel
1437 807 1602 879 praeteritas
1615 807 1689 875 gula
1700 823 1763 860 con·

117 902 168 963 ilia
181 901 295 973 quidam
305 899 430 961 manalis
443 915 504 969 quaa
519 896 678 967 specialiter
691 896 726 951 ad
740 903 849 954 motum
859 912 920 949 sen·
962 896 1148 967 cupiscentias
1162 897 1327 955 reverterim
1345 913 1395 966 per
1404 896 1457 951 bae
1472 896 1550 949 enim
1564 895 1634 949 dicit
1652 896 1763 965 spiritus

119 1007 238 1061 sumque
253 989 396 1060 pertinent
408 986 509 1051 carnis,
527 985 629 1056 quibus
648 986 696 1041 illa
712 986 753 1040 ita
765 986 921 1039 delectatur
960 985 1007 1039 ille
1023 1002 1106 1056 quem
1118 985 1231 1049 viceras,
1243 1003 1255 1033 e
1272 974 1566 1040 Revertarindomum
1578 1000 1681 1043 ineam,
1693 984 1762 1039 undu

120 1096 154 1135 80
167 1079 301 1150 punitur,
317 1083 350 1137 ut
362 1077 447 1137 cuam
470 1075 580 1146 quietas
596 1074 694 1131 incitet
718 1080 835 1139 mentes,
852 1074 921 1129 inri-
961 1074 1030 1129 exivi
1045 1094 1059 1123 a
1069 1081 1097 1127 et
1110 1074 1292 1145 procedentes
1307 1091 1338 1129 ex
1354 1090 1387 1138 eo
1401 1074 1551 1129 confestim
1564 1080 1676 1143 septem
1684 1073 1760 1144 spiri-

120 1175 221 1240 tesqua
234 1184 281 1222 aas
296 1181 499 1235 nonnunquam
515 1164 661 1234 pertrahat
673 1164 708 1217 od
723 1179 780 1217 sue
790 1163 919 1219 volunta·
960 1168 1005 1216 tus
1019 1163 1149 1217 vitiorum
1161 1163 1286 1218 eruntibi
1301 1163 1423 1217 acriores
1439 1179 1526 1233 quam
1540 1162 1592 1218 illa
1606 1162 1762 1233 passioque

120 1257 325 1320 tisassensum,
343 1252 598 1324 dequibusbeatus
613 1252 769 1323 apostolus:
784 1270 795 1299 e
813 1251 919 1322 lnqui·
960 1252 989 1307 in
1003 1252 1163 1322 primordiis
1178 1252 1269 1307 luerat
1283 1257 1424 1322 superato.
1442 1252 1491 1322 qui
1507 1257 1535 1305 te
1561 1251 1677 1307 moaad
1692 1251 1761 1305 dete·

120 1345 181 1412 bus,
198 1345 247 1410 ait,
263 1349 293 1405 ct
307 1360 357 1398 nus
367 1356 464 1397 omncs
478 1342 632 1412 aliquando
646 1340 801 1395 conversati
822 1357 920 1395 sumas
961 1341 1036 1395 riora
1046 1341 1209 1412 pertrahent
1221 1357 1326 1409 genera
1341 1346 1531 1411 peccatorum.

120 1434 151 1489 in
167 1432 313 1495 desideriis
323 1432 415 1487 earnis
427 1430 681 1496 reascendentes
692 1431 920 1500 rolupmtescar-

121 1523 165 1579 nis
178 1527 207 1584 et
219 1521 468 1592 annuendam
488 1534 601 1574 cranius
615 1525 717 1574 natura
727 1518 777 1571 tilii
787 1517 836 1571 ira)
849 1517 922 1571 sicut
962 1503 1027 1556 0³⁹·
1045 1502 1125 1585 LXX·
1137 1533 1168 1541 -
1179 1502 1509 1585 Quod,rlrrictcpussionc
1518 1504 1602 1583 prtia,
1612 1503 1763 1572 irnperidm-

122 1617 152 1667 Θ*
178 1611 271 1672 meri
302 1611 407 1678 (mm.
424 1607 505 1675 Μ).
525 1628 537 1657 a
554 1607 697 1679 spiritalia
723 1624 788 1661 vem
803 1606 922 1661 dicimus
1025 1574 1708 1628 ilrissrtluborudrn’talescanterusobtinendus.

123 1717 185 1772 que
195 1699 329 1762 instinctu
343 1698 445 1755 animas
456 1697 611 1753 soliusorta
622 1712 677 1755 non
694 1695 862 1752 solumnilril
877 1707 952 1767 rofi
998 1699 1175 1767 Quapropter
1188 1702 1216 1750 ct
1226 1697 1404 1750 continentie
1420 1695 1623 1750 incubantibus
1639 1696 1716 1750 nobis
1728 1698 1762 1750 lc·

122 1789 240 1860 luptatis
249 1788 397 1847 conferunt
412 1786 499 1845 carm.
515 1785 563 1841 scd
574 1786 660 1841 etiam
673 1784 847 1855 grauissimis
860 1800 923 1839 eam
963 1786 1125 1841 stinandum
1137 1794 1180 1841 est
1194 1793 1234 1852 ut,
1247 1788 1319 1855 gulae
1334 1786 1464 1856 passione
1480 1792 1628 1856 superata,
1643 1787 1762 1856 protinus

121 1874 462 1948 languoribusalbcientia
473 1874 637 1937 miserrima
644 1873 830 1943 jucunditatis
841 1879 922 1943 pastu
964 1876 1088 1929 animam
1099 1878 1224 1929 nostram
1239 1890 1354 1928 vacuam
1370 1892 1430 1927 esse
1442 1891 1459 1931 a
1474 1873 1648 1928 necessariis
1663 1861 1764 1929 tutati·

124 1966 247 2027 animum
262 1970 374 2027 aarum
384 1962 924 2032 nutriuntaegrotantem,etidcircoimc
965 1963 1016 2018 bus
1031 1979 1087 2017 noa
1102 1963 1237 2025 sinamus,
1250 1963 1298 2016 scd
1312 1964 1352 2016 eis
1371 1962 1518 2017 universos
1534 1979 1665 2017 recessus
1679 1962 1763 2017 cordis

123 2054 237 2125 quidam
251 2052 372 2123 simplici
382 2052 474 2107 cordis
488 2051 616 2121 indigent
631 2050 778 2111 medicina.
795 2051 861 2114 Qua
875 2066 924 2105 au·
964 2052 1053 2107 nostri
1067 2052 1220 2106 studiosius
1235 2068 1411 2122 occupemus,
1430 2068 1464 2105 ne
1481 2068 1614 2105 reversos
1639 2052 1761 2122 concupi-

122 2149 180 2198 tem
194 2142 319 2205 carnalia
332 2148 399 2197 sunt
412 2157 469 2197 non
484 2140 538 2197 nisi
553 2140 667 2210 duplici,
684 2140 923 2210 quemadmodum
964 2141 1076 2195 scentia
1091 2141 1208 2211 spiritus
1222 2141 1319 2195 inaures
1334 2157 1385 2194 nos
1399 2140 1434 2194 ab
1449 2141 1520 2210 ipsis
1533 2147 1718 2211 vacantesque
1725 2158 1763 2194 re·

122 2232 252 2297 diunius,
271 2231 307 2291 ad
330 2230 482 2286 sanitatem
496 2229 642 2285 curatione
657 2229 832 2299 perveniunt,
848 2228 923 2283 unde
964 2230 1101 2300 periat,et
1113 2229 1292 2300 nonsihijam
1308 2230 1359 2283 soli
1371 2230 1481 2285 aditum
1496 2246 1600 2299 parare
1611 2238 1760 2296 contentus,

123 2320 239 2391 puritati
251 2318 588 2389 studentibusplurimum
599 2318 704 2371 consen
716 2318 922 2373 utbarumcar-
963 2319 1123 2373 introducat
1136 2334 1230 2374 seeum
1247 2318 1274 2372 ia
1293 2319 1417 2377 animam
1432 2325 1562 2372 suestram
1578 2318 1763 2389 septenarium

123 2410 230 2467 nulium
246 2409 409 2480 passionmn
424 2407 500 2477 ipsas
514 2406 706 2463 materiassibi
718 2406 849 2479 primitus
859 2405 923 2461 sub-
964 2408 1038 2461 hunc
1050 2407 1175 2462 tomitem
1203 2408 1333 2461 vitiorum
1348 2414 1377 2460 et
1389 2407 1475 2460 iaciat
1499 2408 1657 2461 norissima
1675 2412 1764 2461 nosue

123 2499 247 2563 trabant,
263 2496 364 2568 quibus
380 2502 473 2567 potest
482 2498 525 2549 rel
538 2495 646 2550 occasio
657 2495 699 2549 rel
713 2495 868 2549 recordatio
879 2512 924 2549 ea-
965 2498 1062 2567 pejora
1086 2495 1234 2567 prioribus.
1257 2496 1377 2565 Turpior
1387 2496 1463 2548 enim
1477 2497 1533 2549 crit
1544 2503 1609 2566 post
1620 2496 1710 2550 baecet
1719 2496 1764 2549 im·

125 2588 255 2648 rumdam
271 2585 432 2656 passionum
446 2584 593 2653 egrotanti
616 2584 706 2639 adbuc
720 2584 822 2637 arriana
842 2600 925 2652 gcnc·
966 2586 1097 2639 mumlior
1109 2586 1204 2659 tritinia
1213 2602 1246 2639 ac
1261 2585 1397 2655 supplicio
1411 2584 1542 2653 gradere
1551 2585 1762 2655 plectrumque

124 2675 192 2731 rari.
203 2676 323 2729 Necesse
339 2674 465 2729 estcnim
478 2679 509 2727 ut
524 2672 620 2727 morbo
633 2672 735 2743 duplici
751 2673 854 2742 duplex
873 2672 923 2731 ad·
965 2692 994 2727 se
1010 2675 1186 2729 renuntiasse
1205 2674 1269 2728 huic
1283 2674 1384 2727 smculo
1398 2673 1540 2741 gloriatur
1555 2673 1761 2729 demirantibus

126 2762 259 2823 hibuatur
273 2761 635 2830 correctio,namcorporis,
650 2777 685 2815 ne
698 2760 922 2831 concupiscentia
965 2763 1017 2819 sibi
1037 2770 1098 2819 octo
1127 2763 1210 2829 vitiis,
1236 2780 1320 2833 quam
1342 2763 1434 2816 suerat
1454 2763 1599 2834 quondam
1625 2765 1654 2817 in
1669 2763 1761 2819 emula

125 2852 154 2905 in
165 2850 294 2904 ellectum
305 2856 396 2904 tentet
404 2866 596 2920 prorumpere,
609 2850 765 2905 necessario
782 2850 924 2919 attigisset
965 2853 1201 2918 constitutarum
1214 2869 1264 2906 nec
1273 2852 1450 2922 disciplinam
1458 2852 1590 2906 monachi
1601 2852 1759 2923 luissetpro·

125 2939 244 2996 materia
255 2939 373 2999 illiciens
388 2937 577 2993 subtrahenda
592 2944 644 3003 est,
667 2944 696 2992 et
706 2938 806 2992 animae
821 2938 923 2991 nihilo·
964 2943 1038 2995 sessa
1051 2958 1102 2995 nec
1116 2958 1228 2996 nomeu.
1244 2942 1316 2995 Natu
1331 2947 1360 2995 et
1375 2941 1525 3011 rtequiores
1543 2941 1571 2994 tn
1586 2950 1694 3012 septem
1709 2940 1760 3011 spi-

125 3028 218 3081 minus
231 3043 267 3081 ne
282 3044 344 3085 eam
359 3025 400 3080 vel
419 3026 615 3096 cogitationem
631 3027 768 3096 concipiat
792 3028 925 3080 attentior
935 3028 1387 3100 Critusilloprioruquiegmessus
1407 3029 1499 3083 suerat
1516 3029 1621 3084 idcirco
1635 3029 1760 3083 dicuntur

127 3116 272 3179 meditatio
297 3115 500 3185 scripturarum
529 3121 557 3169 et
584 3116 741 3169 sollicitudo
757 3115 873 3186 pervigil
893 3132 924 3169 ac
966 3118 1758 3189 quiadesideriumidgulaidestgastrimargiapersenoa

126 3205 245 3259 remotio
260 3203 420 3261 solitudinis
446 3203 552 3257 utiliter
580 3205 754 3273 apponenda.
772 3204 926 3259 incaeteris
967 3213 1040 3260 esset
1049 3207 1140 3271 noxia,
1149 3205 1204 3260 nisi
1216 3206 1569 3275 intromitteretgrariores
1580 3207 1651 3260 alias
1661 3206 1757 3277 passius

124 3300 221 3353 autem
230 3292 303 3351 vitiis
312 3292 585 3347 humanaconsortia
599 3292 668 3347 nihil
679 3293 789 3355 obsunt,
800 3293 925 3362 quinimo
967 3312 1026 3360 nes,
1037 3295 1064 3348 id
1079 3302 1130 3359 cst,
1149 3294 1349 3356 fornicationis,
1366 3295 1556 3365 philargyriae,
1568 3295 1628 3353 iim.
1637 3295 1755 3359 tristitia,

124 3383 210 3457 &aaa
220 3382 374 3452 plurimum
388 3381 537 3437 conserunt
550 3381 594 3435 his
605 3381 652 3451 qui
672 3398 767 3435 carere
783 3381 816 3435 iis
839 3382 868 3435 in
882 3398 926 3435 re·
967 3383 1023 3436 sire
1038 3382 1185 3452 superbire,
1203 3399 1264 3454 qum
1278 3399 1329 3452 per
1341 3389 1432 3437 seruet
1447 3383 1531 3437 noxia
1554 3382 1656 3436 animae
1670 3399 1701 3435 ac
1717 3396 1754 3450 pe

125 3471 209 3527 ritate
219 3470 392 3536 desiderant,
414 3470 481 3540 quia
497 3470 657 3539 trequentia
672 3470 816 3524 bominum
835 3471 925 3537 magis
967 3472 1189 3544 reraptoriaesse
1199 3488 1255 3526 non
1265 3471 1383 3524 dubium
1394 3480 1445 3535 est,
1462 3472 1608 3525 etidcirco
1625 3470 1753 3542 portam

125 3564 293 3629 arguuntur,
305 3564 335 3615 et
350 3559 418 3615 dura
433 3558 563 3613 lacessita
574 3557 683 3613 crebius
698 3559 922 3623 manilestantur,
966 3561 1009 3615 nis
1033 3562 1184 3631 puritatem
1204 3577 1348 3630 nunquam
1374 3560 1478 3630 poterit
1492 3560 1621 3615 obtinere
1641 3558 1751 3630 quisquis

126 3648 210 3705 celari
225 3647 365 3709 medicina
380 3647 546 3717 perveniunt
559 3647 594 3700 ad
605 3647 735 3703 salutem.
966 3666 1027 3703 eam
1043 3650 1078 3703 de
1092 3651 1144 3705 hirc
1158 3650 1220 3703 sola
1237 3649 1420 3714 continentia,
1438 3649 1466 3701 id
1482 3657 1535 3713 est,
1545 3650 1655 3718 jejumo
1667 3663 1749 3716 corpe

967 3739 1005 3792 ris
1023 3738 1177 3809 sperauerit
1203 3738 1412 3808 acquirendam,
1430 3737 1485 3791 nisi
1510 3739 1619 3792 noterit
1637 3737 1671 3791 ob
1688 3736 1712 3789 id
1726 3748 1749 3786 sa

967 3829 1177 3883 hanceaercerc
1197 3825 1308 3887 debere,
1323 3833 1355 3879 ut
1370 3826 1519 3880 humiliata
1533 3844 1617 3881 carne
1638 3823 1746 3895 jeiuniis.

967 3915 1074 3970 facilius
1099 3915 1189 3986 possit
1212 3916 1344 3969 adsersus
1368 3915 1424 3968 alia
1444 3916 1512 3968 sitia
1526 3915 1599 3968 inire
1612 3923 1744 3975 certauma,
1777 3926 1782 3930 ·

162 4003 202 4060 De
216 4001 259 4056 his
273 4006 335 4055 octo
351 4002 425 4056 vitiis
441 4008 469 4055 ct
482 4002 512 4055 in
526 4001 675 4072 Evangelio
692 4002 923 4072 itasignilicatur:
967 4020 1023 4059 non
1038 4004 1223 4058 insolescente
1236 4020 1320 4058 carna
1329 4003 1487 4058 saturitatis
1503 4003 1634 4072 ingluvie.

129 4110 140 4140 s
156 4090 228 4153 Cum
239 4096 332 4145 autem
348 4089 511 4145 immundus
521 4090 637 4159 spiritus
646 4091 745 4144 exierit
752 4090 786 4144 ab
800 4091 922 4153 herniae,

126 4177 253 4243 ambulat
266 4194 317 4250 per
326 4178 482 4245 locaarida,
493 4195 619 4249 quaerens
631 4180 755 4249 requiem
771 4188 799 4234 et
812 4197 869 4234 non
884 4181 925 4234 in-

128 4267 211 4334 venit,
228 4271 296 4325 tunc
305 4266 373 4321 dicit
389 4286 394 4320 :
413 4268 548 4321 Revertar
569 4267 598 4323 in
614 4269 728 4322 domum
747 4285 837 4322 meant
852 4269 925 4323 aride
1055 4338 1057 4344 Ι

128 4356 213 4425 cxisi5
225 4362 253 4410 et
267 4355 728 4423 veniensinreniteamvacantcm,
743 4358 833 4428 scopis
846 4341 958 4413 rnun-D
1003 4359 1152 4414 Sciendum
1167 4365 1263 4413 tamen
1279 4375 1334 4412 non
1350 4359 1480 4412 eumdem
1499 4376 1560 4413 esse
1584 4360 1613 4413 in
1636 4355 1745 4413 carnibus

128 4444 223 4509 datam
239 4450 268 4499 et
282 4446 588 4508 ornatam'luncvadit
595 4452 624 4499 et
633 4447 752 4501 assumit
765 4447 834 4500 alios
842 4447 925 4517 spiri·
942 4488 945 4493 .
967 4447 1047 4502 nobis
1063 4448 1189 4502 ordinem
1204 4447 1374 4518 praeliorum,
1384 4448 1461 4519 quia,
1477 4449 1550 4503 sicut
1563 4447 1687 4509 diriores,
1700 4458 1744 4498 nou

126 4538 173 4587 tus
188 4540 294 4605 septem
305 4534 504 4605 nequioressc,
515 4535 689 4589 etintrautes
700 4534 888 4601 haematiti,
899 4541 928 4590 et
968 4554 1024 4592 uno
1038 4536 1121 4590 niodo
1146 4537 1346 4608 impugnamus
1371 4553 1479 4598 omues,
1498 4546 1527 4591 et
1540 4542 1649 4608 oportet
1661 4548 1745 4589 utrum-

128 4621 201 4677 liunt
229 4622 380 4677 norissima
407 4623 528 4677 hominis
560 4623 634 4677 illius
667 4624 763 4695 pejora
788 4624 927 4694 prioribus
969 4642 1109 4696 questaque
1129 4631 1257 4680 nostrum
1276 4610 1430 4679 secundum
1446 4626 1613 4695 qualitatem
1627 4624 1687 4677 belli
1703 4635 1744 4690 quo

129 4711 236 4778 (diutili.
253 4725 299 4774 atr,
315 4710 370 4775 idi.
388 4730 401 4764 a
419 4712 487 4767 Ecce
513 4718 545 4767 ut
567 4712 605 4767 ibi
623 4718 729 4785 septem
747 4720 846 4783 geistes
861 4714 928 4783 legi·
968 4714 1159 4784 principaliter
1173 4714 1331 4779 infestatur,
1347 4715 1590 4769 coricertatioaum
1614 4709 1744 4767 luctaruiua

128 4815 201 4867 mus,
219 4805 333 4870 excepta
347 4800 543 4871 AEgyptiorum
558 4802 593 4854 de
619 4818 675 4872 qua
694 4802 799 4872 egressi
816 4802 928 4857 t'uerunt
968 4803 1102 4873 arripere,
1117 4803 1157 4857 ita
1171 4809 1202 4857 ut
1221 4803 1308 4859 alium
1322 4820 1435 4859 amase
1449 4804 1487 4857 sit
1510 4805 1642 4858 adsersus
1655 4801 1742 4859 uitium,

130 4888 181 4944 srlii
196 4888 292 4952 lsrael,
307 4889 387 4949 itaet
401 4889 446 4943 liic
459 4897 565 4961 septem
588 4890 689 4943 reuerti
704 4891 818 4960 spiritus
833 4891 928 4945 dicun·
970 4893 1041 4961 quod
1058 4891 1173 4946 tertium
1188 4891 1312 4962 ponitur,
1324 4892 1448 4962 primum
1460 4890 1741 4947 exercereconllictuu

130 4983 178 5033 tur
189 4978 337 5043 immundi,
354 4983 468 5049 excepto
483 4995 516 5032 eo
532 4979 579 5051 qui
594 4978 628 5033 ab
642 4979 755 5033 homine
769 4980 847 5050 prius
862 4998 928 5034 nar·
970 4981 1056 5034 alium
1069 4986 1167 5034 contra
1182 4989 1324 5051 quartum,
1341 4980 1396 5034 sive
1411 4981 1552 5051 quintum,
1567 4987 1596 5034 et
1619 4981 1664 5041 ita,
1677 4978 1742 5049 prout

131 5073 355 5136 raturegressus.
365 5067 405 5121 Dc
415 5067 467 5120 hoc
477 5067 634 5137 septenario
645 5067 720 5121 fonte
734 5068 865 5122 vitiorum
880 5070 929 5123 Sa·
970 5069 1030 5140 ipsa
1045 5069 1146 5124 ritiain
1157 5068 1372 5124 noliisobtiacat
1382 5068 1741 5141 principatummtqueinpu

132 5154 225 5209 lomon
239 5172 349 5227 quoque
374 5156 402 5209 in
424 5155 579 5211 l’rmerbiis
596 5156 634 5211 ita
649 5156 782 5211 describit
798 5175 803 5208 :
821 5178 833 5208 u
853 5157 880 5210 Si
901 5164 929 5211 te
969 5157 1208 5228 gnationiseaigit
1223 5159 1383 5212 modusnos
1398 5164 1629 5231 quoqueoportet
1640 5156 1739 5210 cadmea

133 5236 482 5311 rogaveritinimicustaus
493 5261 557 5296 socc
573 5261 744 5313 clarignanum
755 5246 928 5300 transmiseris
969 5247 1116 5301 instituere
1139 5247 1309 5317 praua-um,
1338 5249 1492 5301 secundum
1516 5265 1599 5319 quern
1619 5252 1740 5318 pmsenwt

133 5330 167 5391 ci,
183 5335 289 5401 septem
304 5332 379 5386 enim
394 5333 525 5402 nequitiae
540 5339 605 5388 snat
620 5334 648 5386 in
663 5334 756 5387 :inimo
778 5335 855 5403 ejus;
871 5356 883 5383 a
901 5334 928 5387 id
970 5353 1080 5406 quoquc
1094 5336 1225 5391 victuriae.
1238 5337 1430 5407 triumphique
1440 5338 1602 5403 succedens,
1617 5335 1691 5389 iaciat
1702 5340 1739 5382 tut

132 5424 183 5474 est.
201 5417 223 5469 si
235 5428 382 5487 superatus
398 5422 603 5491 gastrimargia
618 5423 734 5492 spiritus
749 5423 862 5493 imperit
878 5423 927 5475 tibi
969 5424 1005 5478 ad
1020 5425 1172 5494 puritatem
1199 5425 1291 5479 cordis
1317 5432 1345 5477 et
1365 5425 1544 5495 perlectionis
1565 5421 1738 5497 plenitudiue

131 5520 183 5569 aas
195 5504 389 5572 humiliatione
405 5509 533 5575 timidius,
549 5527 652 5581 rogans
677 5512 882 5582 quodammodo
898 5519 929 5566 ut
968 5513 1123 5583 puraeque.

125 3790 190 3845 Car.
203 3789 298 3848 LXIX.
318 3821 349 3829 —-
369 3791 535 3843 Testimouio
557 3790 665 3843 rli'srrsu
687 3806 768 3858 super
787 3793 925 3857 sr'pnr'ficu·

358 3864 460 3914 tionem
475 3866 530 3914 orto
541 3863 682 3913 tiliorum.

966 4148 1030 4202 Car.
1042 4147 1253 4213 Luxu-Quod
1269 4163 1324 4199 rica
1340 4148 1410 4199 idem
1419 4149 1582 4215 pradictum
1594 4146 1657 4200 or‘do
1670 4146 1701 4198 al
1710 4142 1747 4210 qui

1140 4238 1258 4305 poscitur
1274 4238 1303 4287 iu
1321 4237 1444 4303 cululopo
1461 4238 1605 4289 ciliorrmr.
