3772 6120
129 204 199 264 ¹³2³
447 198 479 261 Β.
495 203 631 262 meam
646 203 761 262 MAURl
774 200 942 261 ARCHIEP.
957 199 1119 261 MOGUN'l'.
1135 203 1284 262 ornarat
1297 203 1390 262 PARS
1404 205 1456 265 111.
1701 206 1768 265 {324

126 331 250 407 marius,
270 328 453 388 homicidium
477 328 553 386 enim
576 330 705 403 adJ'unxit
726 331 874 388 adulterio.
891 331 956 394 EtA
1037 333 1103 388 cir.
1120 331 1696 406 xv11.—aera·nia·tammpcnreenstc.

127 421 242 493 quidem
250 424 314 493 post
323 419 382 475 hac
393 419 530 491 numquid
543 419 822 492 peraransitjacensl
832 436 925 477 nonne
1002 420 1056 476 Sed
1070 420 1201 476 addimus
1215 422 1306 477 adhuc
1318 422 1404 477 etiam
1419 423 1473 477 hoc
1487 423 1564 495 quod
1578 422 1711 480 Ninivitas
1721 439 1767 483 eu·

127 508 290 576 resurrexit,
306 514 335 563 et
349 508 452 564 iterum
467 507 547 562 stetit
560 514 658 564 contra
672 507 826 576 inimicum,
843 509 925 564 etita
965 508 1080 565 diebaat
1094 511 1258 582 prophetam
1275 528 1308 565 cr
1328 511 1444 566 definita
1467 511 1622 578 dicentem,
1642 519 1672 568 et
1692 530 1766 572 cam·

126 595 322 669 eumsubegit,
336 603 368 653 ut
378 596 463 653 etiam
473 603 665 669 postmortem
676 597 777 653 merita
786 599 847 670 ejus
861 614 924 671 pro-
965 599 1120 654 minantem
1137 618 1143 653 ε
1160 619 1174 654 c
1190 599 1289 654 Adhuc
1303 605 1361 654 tres
1374 600 1445 668 dies,
1460 607 1490 655 et
1504 601 1627 656 Niniren
1642 601 1766 661 destrue·

121 686 232 743 tuerint
246 685 367 759 posteris
381 686 460 742 suisl
474 687 546 741 Nam
566 687 697 742 Salomon
717 704 780 742 carn
800 686 923 742 immane
963 691 1011 742 tur
1026 688 1096 758 (Jon.
1110 705 1145 754 m,
1162 689 1199 758 t).
1219 688 1303 743 »Sed
1327 706 1362 743 ne
1384 689 1423 743 sic
1446 690 1563 762 quidem
1588 691 1686 747 animo
1705 708 1768 749 con·

126 774 195 833 illud
210 775 370 831 admisisset
384 776 475 831 scelus
489 780 519 830 et
526 775 629 846 dignus
639 775 715 831 mille
729 776 865 831 mortibus
875 778 923 831 ha·
963 775 1101 842 ciderunt,
1119 781 1148 831 et
1163 778 1214 832 hoc
1237 792 1299 831 curn
1327 794 1377 833 nec
1398 777 1467 833 satis
1490 778 1669 836 confiderent
1688 797 1766 853 posse

120 864 250 932 beretar,
267 871 382 938 proptor
396 865 482 919 David
496 871 592 920 tamen
612 881 809 921 concessurum
823 882 853 920 se
866 866 922 920 Dc·
963 880 1080 919 exorare
1094 865 1183 921 Deum
1198 871 1230 919 ut
1245 872 1342 921 contra
1356 882 1492 938 responsa
1505 883 1558 922 sua
1571 868 1692 934 veniret,
1708 885 1766 941 que

125 953 220 1010 minus
241 969 360 1026 regnum
384 954 446 1026 ejus
468 954 611 1026 integrum
630 952 727 1022 dicit;
757 955 797 1009 ait
823 954 920 1010 enirn:
963 953 1102 1019 videbant,
1116 953 1433 1026 nonsabaliquaveniae
1444 955 1608 1012 conditione
1622 973 1763 1030 suspensa,

127 1065 141 1092 α
158 1042 293 1099 Scindens
315 1040 439 1098 scindam
460 1059 579 1115 regnum
598 1043 633 1097 de
658 1043 787 1099 manibus
806 1044 872 1110 tuis,
894 1049 924 1099 et
963 1041 1011 1098 sed
1025 1041 1155 1115 abrupta,
1171 1044 1312 1098 sententia
1323 1045 1486 1106 terminata,
1503 1051 1603 1102 tamen
1627 1045 1663 1101 ad
1683 1047 1766 1118 pw

126 1131 199 1188 dabo
211 1131 280 1187 illud
290 1148 369 1186 serso
378 1137 427 1186 tuo
437 1131 615 1200 Hieroboam,
628 1137 820 1188 verumtamen
827 1132 857 1187 in
865 1132 923 1188 die·
962 1131 1080 1186 tentiam
1093 1131 1268 1204 confugiunt,
1284 1133 1409 1188 dicentes
1426 1154 1432 1188 :
1448 1154 1461 1187 a
1484 1134 1555 1199 Quis
1573 1134 1630 1189 scit
1646 1136 1670 1190 si
1685 1136 1765 1192 mise·

116 1220 178 1279 'bus
193 1221 250 1278 tais
262 1238 318 1276 aon
330 1219 431 1276 faciam
450 1225 565 1293 propter
586 1220 672 1276 David
695 1226 804 1292 patrem
828 1227 919 1289 tuum,
963 1219 1071 1276 rebitur
1084 1221 1158 1276 Deus
1172 1228 1201 1277 et
1225 1221 1422 1294 deprecabitur
1444 1223 1521 1280 Deus
1539 1240 1629 1295 super
1649 1225 1763 1295 malitis,

125 1311 174 1368 sed
188 1311 224 1366 de
232 1309 362 1366 manibus
376 1309 428 1364 lilii
442 1309 484 1366 tui
497 1309 631 1382 accipiam
646 1309 715 1364 illud
735 1312 787 1374 (ill
807 1311 868 1379 llcp.
883 1327 920 1379 11,
963 1325 1048 1382 quam
1063 1311 1171 1365 locatus
1185 1314 1275 1366 estut
1289 1311 1394 1368 taceret
1416 1312 1508 1380 (Amos
1525 1330 1550 1378 v,
1570 1312 1617 1378 15)
1632 1313 1644 1366 l
1661 1334 1673 1365 ι
1689 1314 1764 1380 Quod

124 1399 182 1471 il).
199 1420 212 1453 a
229 1399 284 1456 Sed
298 1398 429 1456 Eseclhas
443 1415 507 1454 cum
520 1398 548 1453 ia
563 1397 688 1471 pericula
697 1404 822 1454 extrema
830 1398 922 1454 renis·
962 1399 987 1453 si
997 1398 1124 1455 homines
1130 1398 1242 1454 barbari
1249 1407 1278 1455 et
1289 1400 1411 1472 imperiti
1425 1407 1538 1456 tantum
1553 1401 1662 1457 habere
1672 1409 1764 1476 potae·

124 1495 178 1557 set,
204 1489 332 1562 quamvis
355 1493 385 1544 et
407 1487 467 1561 ipse
490 1491 566 1543 esset
585 1487 690 1558 justus,
705 1493 734 1543 et
756 1494 851 1543 tamen
871 1503 921 1561 pro
961 1492 1029 1544 runt
1044 1488 1215 1543 intellectum
1231 1487 1330 1544 divine
1344 1489 1488 1557 bonitatis,
1503 1492 1764 1551 nonnemultoma·

124 1576 300 1634 beataDarid
310 1576 556 1632 dicitseDominua
566 1576 592 1630 ei
601 1576 735 1632 auxilium
743 1575 918 1644 delaturum,
960 1575 1004 1648 gis
1019 1593 1069 1630 nos
1083 1581 1194 1650 oportet
1208 1575 1256 1648 qui
1270 1576 1298 1632 in
1312 1576 1413 1632 divinis
1425 1577 1528 1632 litteris
1538 1579 1648 1634 eruditi
1658 1596 1761 1651 sumus,

124 1667 167 1724 ait
179 1666 254 1723 enim
271 1683 277 1721 :
296 1685 310 1720 c
326 1667 473 1737 Protegam
489 1664 564 1720 caim
578 1665 720 1721 civitatem
736 1665 809 1721 hano
821 1672 851 1721 et
864 1665 920 1720 sal·
930 1650 990 1720 Bet
1003 1664 1051 1737 qui
1062 1665 1119 1719 haec
1130 1665 1192 1736 ipsa
1202 1666 1328 1737 exempla
1343 1665 1518 1737 precessisse
1532 1683 1592 1722 non
1603 1668 1763 1738 ignoramus

124 1772 188 1812 vam
203 1755 304 1811 sacram
314 1754 392 1810 illam
402 1760 516 1827 propter
525 1770 581 1821 me,
597 1760 625 1809 et
638 1754 851 1827 propterDasid
864 1769 921 1810 ser·
960 1754 1060 1820 multa,
1076 1759 1105 1808 ct
1117 1754 1173 1808 alia
1196 1770 1229 1809 ex
1248 1754 1349 1810 divinis
1373 1755 1526 1826 Scripturis
1549 1756 1659 1812 similia
1676 1758 1717 1813 rel
1733 1757 1760 1817 iu

123 1861 190 1902 rum
213 1860 308 1899 meum
333 1846 359 1912 (1
365 1845 383 1898 V
403 1845 465 1913 lisy.
486 1859 542 1912 xlx,
556 1841 611 1915 34).
630 1864 641 1895 ι
660 1843 744 1899 Vides
759 1851 865 1918 quanta
878 1849 922 1900 est
960 1843 1106 1914 praesentis
1120 1843 1163 1897 vel
1174 1842 1203 1897 in
1226 1842 1310 1898 rebus
1327 1843 1415 1914 gestis
1433 1844 1586 1899 didicimus
1601 1846 1760 1904 contineri?

123 1933 213 1989 virtus
227 1931 407 2005 poenitentiae,
424 1931 502 1987 rides
517 1936 654 2003 quantum
667 1933 761 1987 meriti
777 1932 920 1988 conversio
962 1931 1054 1986 «Non
1069 1931 1154 1997 enim,
1167 1932 1261 2003 inquit
1275 1933 1358 2000 Deus,
1375 1932 1492 1987 consilia
1514 1950 1582 1989 mea
1606 1934 1682 1990 sicut
1699 1951 1760 1993 coa·

124 2022 275 2095 repararit.
301 2021 382 2086 Quod
404 2020 428 2075 si
448 2020 582 2076 voluisset
603 2027 632 2076 et
651 2022 697 2077 illc
720 2022 779 2077 hmc
797 2023 921 2093 cogitare
961 2019 1025 2075 silia
1048 2026 1148 2087 vestra,
1166 2037 1217 2075 nec
1238 2020 1289 2076 riae
1312 2037 1380 2077 meae
1404 2022 1477 2076 sicut
1498 2022 1550 2078 viae
1576 2030 1691 2079 vestrae:
1715 2024 1759 2083 sed

125 2128 186 2184 qum
200 2118 231 2166 tu
242 2127 317 2166 nunc
327 2111 514 2181 animogeris,
526 2116 555 2166 et
569 2111 662 2165 dicere
673 2111 740 2182 quia
750 2111 921 2182 impossibile
962 2114 1099 2183 quantum
1113 2109 1200 2165 distat
1214 2110 1314 2165 caelum
1329 2126 1346 2165 a
1359 2117 1446 2178 terra,
1463 2114 1579 2167 tantum
1597 2112 1706 2169 distant
1717 2128 1759 2171 co·

124 2201 234 2272 estjam
245 2199 313 2255 mihi
325 2200 476 2271 propitium
487 2199 547 2254 fieri
557 2200 675 2266 Douma<
684 2199 919 2255 llonoraritenim
952 2186 1112 2269 'gitationes
1135 2216 1203 2255 meae
1225 2215 1242 2253 a
1263 2198 1478 2269 cogitationibus
1489 2201 1593 2256 vestris
1607 2207 1637 2256 et
1650 2202 1760 2258 masilia

124 2307 169 2346 me
189 2289 295 2346 honore
312 2289 427 2362 ingenti,
450 2295 478 2345 et
501 2289 691 2362 propheticam
712 2288 780 2343 mihi
800 2289 920 2360 gloriam
962 2288 1184 2342 meaeconsiliis
1195 2288 1303 2343 restris.
1320 2288 1415 2343 »Tum
1429 2295 1568 2360 praeterea
1577 2291 1603 2346 si
1618 2308 1671 2346 nos
1679 2291 1760 2347 hma-

123 2379 251 2446 contulit,
264 2395 382 2450 regnum
398 2379 482 2433 etiam
498 2377 584 2447 dedit,
597 2378 655 2433 ade
670 2378 920 2450 periculisquoque
961 2376 1003 2430 los
1012 2377 1177 2448 nostrosqui
1186 2393 1236 2432 nos
1248 2376 1563 2447 iortasseollenderunt,
1572 2396 1640 2435 cum
1651 2381 1760 2454 promit·

124 2468 279 2525 innumeris
297 2485 343 2524 me
363 2468 474 2541 eripuit,
500 2472 530 2522 et
554 2467 693 2539 quomoda
720 2473 827 2539 potero,
855 2483 919 2522 cum
960 2470 1024 2520 tant
1035 2465 1275 2532 secssemeliores‚
1287 2465 1447 2538 recipimus,
1456 2467 1674 2539 etadpriorem
1687 2486 1759 2526 reso·

123 2563 187 2631 post
196 2558 255 2613 haec
261 2561 341 2613 tanta
348 2555 918 2629 ejusbeneficiadcciderimetoiienderim‚
961 2555 1164 2621 camuslocum,
1176 2554 1484 2611 interdumreroetiam
1496 2557 1638 2628 majorem
1648 2559 1690 2613 eis
1698 2564 1755 2631 post

123 2653 209 2719 atque
220 2645 249 2701 in
263 2646 365 2700 ultima
383 2645 492 2718 tiagitia
514 2645 661 2701 devolutus
684 2645 746 2712 sim,
766 2643 919 2718 propitium
961 2642 1095 2698 offensam
1108 2660 1141 2697 cx
1155 2643 1380 2699 reconciliatione
1394 2644 1527 2699 fiduciam
1541 2645 1754 2714 damascenae

123 2750 223 2792 rursus
236 2735 391 2808 promereri
408 2735 517 2791 Deumi
531 2752 555 2797 si
575 2735 634 2791 hmo
657 2735 808 2807 cogitasset
821 2734 917 2802 David,
961 2731 1146 2803 multomagis
1154 2732 1206 2788 hoc
1216 2731 1296 2788 nobis
1304 2733 1387 2787 iaciat
1397 2733 1490 2789 Deus?
1499 2750 1568 2789 nam
1582 2736 1606 2790 si
1616 2742 1756 2809 propterea

123 2839 188 2882 cum
197 2823 339 2896 prioribus
349 2823 456 2897 pariter
466 2829 495 2878 et
504 2823 655 2879 norissima
664 2824 847 2897 perdidisset3
863 2840 919 2879 non
961 2836 1012 2876 nos
1019 2820 1294 2893 secissetutpuniret,
1303 2820 1373 2876 bcne
1380 2823 1562 2896 desperasses
1572 2831 1602 2881 et
1613 2825 1749 2882 dubitares

123 2912 199 2968 enim
210 2912 270 2967 sola
280 2911 403 2983 corporis
413 2912 537 2977 vulnera,
554 2911 577 2966 si
592 2910 780 2984 negligantur,
796 2911 921 2968 inserunt
960 2909 1156 2978 desalutctue,
1164 2911 1187 2965 si
1195 2928 1259 2965 vero
1265 2910 1540 2983 propterbonitatem
1547 2929 1632 2968 suam
1643 2921 1755 2971 tantum·

109 3005 254 3068 mortem,
270 2998 319 3054 sed
344 3003 375 3054 et
394 2999 495 3054 animae
513 2998 651 3066 similiter,
667 3005 696 3053 et
711 2999 772 3070 jam
793 3015 844 3053 nos
861 3005 949 3066 taras,
960 3000 1043 3056 modo
1058 3016 1108 3055 aas
1123 3000 1197 3067 tecit,
1213 3007 1245 3056 ut
1259 3001 1369 3056 eternis
1385 2999 1464 3056 bonis
1476 3002 1539 3072 ejus
1556 3008 1586 3058 et
1601 3003 1753 3060 muneribus

123 3088 203 3144 stulti
216 3088 332 3155 erimus,
348 3092 380 3144 ut
393 3086 503 3160 corpori
515 3086 637 3158 quidem,
649 3086 673 3140 si
687 3086 788 3141 vulnus
800 3086 917 3154 eveniat,
959 3088 1095 3155 fruamur,
1104 3093 1189 3160 atque
1195 3089 1288 3145 omnia
1298 3088 1424 3161 qumagit
1434 3089 1469 3144 ab
1477 3089 1561 3146 initio
1569 3093 1667 3148 saeculi
1678 3107 1752 3164 usqae

112 3177 305 3233 mutuamus
328 3175 461 3231 continuo
492 3175 669 3241 medicinam,
697 3175 727 3230 in
754 3175 831 3230 nullo
855 3192 920 3231 vero
960 3179 1750 3253 adprmsenstempus‚proptereeagitetproptereamo·

124 3265 227 3320 anime
236 3263 398 3322 vulneribus
412 3264 601 3319 medicemur:
616 3263 771 3336 etquidem
786 3263 813 3318 in
825 3264 921 3319 vnlne-
960 3266 1501 3340 vet,quaeultran0bisdesperandi,quae
1509 3269 1750 3341 ambigendicaasa

108 3351 201 3410 ribus
211 3369 360 3427 corporum
374 3359 441 3409 sunt
458 3353 619 3424 multaque
629 3350 744 3406 omnino
756 3352 850 3406 sanari
863 3367 919 3408 aon
961 3356 1225 3428 supereritlSodita
1235 3357 1424 3424 vehementer,
1437 3357 1489 3422 ais,
1501 3358 1675 3415 offendimus
1686 3375 1746 3426 eum,

122 3448 250 3516 possunt,
265 3448 294 3498 et
307 3448 404 3498 tamen
417 3441 550 3499 continuo
563 3457 620 3496 non
632 3439 822 3514 desperamus,
831 3441 880 3496 sed
890 3440 920 3497 in
960 3445 1226 3517 utnullusunquam
1236 3445 1392 3511 hominurn,
1405 3451 1636 3520 proptereaergo
1643 3449 1747 3504 marinus

108 3537 259 3604 -quentum
270 3532 331 3588 lieri
340 3530 605 3605 potestadhibemus
611 3528 798 3601 diligentiam,
809 3529 920 3585 etiamsi
961 3531 1081 3588 velocius
1095 3540 1123 3587 et
1136 3533 1329 3589 vehementius
1344 3532 1505 3588 satisfacere
1528 3541 1645 3606 oportet
1660 3542 1689 3592 et
1703 3551 1746 3608 po·

122 3619 271 3678 audiamus
284 3636 302 3675 a
316 3619 431 3676 medicis
445 3620 513 3693 qaia
525 3618 687 3692 hujusmodi
706 3619 806 3674 vulnus
827 3618 920 3674 sanari
960 3621 1118 3678 altudinem
1131 3638 1231 3693 gerere
1244 3622 1396 3691 commissi,
1406 3627 1435 3676 et
1449 3621 1505 3677 cito
1520 3624 1655 3680 recedere
1667 3624 1701 3679 ab
1712 3623 1744 3679 his

107 3742 111 3748 -
123 3707 205 3782 [deest
212 3709 280 3782 non]
291 3714 393 3783 potest,
400 3709 557 3765 insistimus
564 3714 659 3763 tamen
668 3711 697 3763 et
703 3707 921 3764 obsecramusut
960 3710 1069 3765 actibus
1082 3710 1183 3782 quibus
1197 3711 1349 3766 offenditur
1364 3712 1454 3767 Deus:
1471 3726 1565 3787 neque
1579 3714 1656 3769 enim
1670 3718 1743 3769 rectas

122 3797 219 3871 aliqua
228 3799 330 3854 saltem
340 3798 445 3854 solatia
453 3797 535 3854 nobis
544 3795 644 3852 medici
655 3803 682 3852 et
694 3796 796 3869 aliquid
812 3801 921 3852 susten-
961 3803 989 3855 ot
999 3799 1135 3871 ingenuas
1150 3803 1258 3855 mentes
1272 3799 1313 3854 ita
1326 3800 1451 3865 attendit,
1463 3801 1594 3872 quamvis
1604 3800 1741 3874 gratissimi

123 3886 238 3943 tationis
250 3887 417 3960 exquirant3
432 3887 463 3942 ia
485 3885 588 3942 animae
601 3902 668 3941 vero
683 3884 855 3953 vulneribus,
872 3885 919 3941 ubi
961 3889 1067 3961 iniuria
1085 3888 1189 3955 delicti,
1217 3893 1250 3944 ut
1267 3894 1445 3961 contemptus
1468 3889 1676 3960 satisfaciendi3
1696 3901 1741 3963 peu

124 3975 195 4031 nihil
209 3979 253 4031 est
269 3975 434 4043 insanabile,
451 3976 597 4032 nonenim
617 3973 713 4030 anima
726 3974 920 4033 necessitatem
961 3992 1025 4032 care
1039 3992 1161 4049 namque
1183 3976 1338 4033 humanum
1361 3984 1414 4045 cst,
1433 3993 1602 4049 permanere
1621 3975 1739 4035 autemiu

123 4063 230 4137 patitur
242 4069 359 4131 naturae,
377 4063 457 4137 quasi
471 4063 564 4119 aliena
578 4079 594 4118 a
606 4062 687 4120 nohis
699 4063 761 4134 ejus
770 4062 863 4136 passio
871 4064 917 4132 sit,
961 4064 1082 4138 peccatis
1091 4063 1259 4121 diabolicum
1271 4072 1323 4122 est.
1334 4065 1463 4137 Denique
1481 4066 1546 4124 vide
1558 4067 1694 4141 quomodo
1703 4076 1740 4139 pet

123 4152 163 4209 sic
177 4152 356 4226 negligimus,
364 4152 406 4209 sic
417 4152 610 4226 desperamus,
621 4152 693 4209 nihil
702 4152 738 4207 ad
752 4152 853 4210 enimse
866 4153 920 4209 sol·
960 4153 1127 4229 prophetam
1140 4153 1193 4210 hoc
1207 4160 1309 4227 arguat
1321 4154 1411 4228 magis
1420 4155 1497 4210 Deus
1507 4173 1595 4227 quam
1607 4155 1674 4212 illud
1685 4175 1691 4209 :
1701 4155 1738 4208 «ct

121 4240 296 4300 licitudinem
311 4247 520 4310 revocamus,et
532 4240 581 4297 ubi
595 4240 738 4314 languoris
751 4246 855 4298 natura
866 4242 921 4298 dis-
930 4243 1027 4340 Ddiri,
1043 4242 1153 4317 inquit:
1169 4242 1355 4317 Posteaquam
1373 4243 1555 4300 meretricata
1567 4261 1608 4314 es,
1624 4249 1685 4319 post
1695 4243 1736 4298 hae

121 4331 316 4406 pensatioaem
330 4330 490 4388 necessario
509 4335 636 4402 generat,
652 4346 703 4386 nos
718 4335 824 4400 tamen,
839 4332 920 4404 quasi
960 4332 1057 4388 omnia
1067 4337 1230 4390 convertere
1242 4331 1278 4389 ad
1293 4348 1348 4403 me,
1364 4339 1393 4389 et
1410 4348 1469 4390 aon
1488 4350 1520 4390 es
1537 4348 1679 4392 conuersa.
1693 4329 1735 4386 siit

121 4419 181 4494 spei
196 4420 302 4494 aliquid
315 4420 442 4478 conferat
455 4419 611 4492 diligentia,
628 4435 684 4477 noa
699 4419 856 4476 omittimus
872 4436 919 4477 cu·
960 4419 1062 4479 iterum
1073 4420 1140 4477 alibi
1155 4441 1161 4477 :
1177 4420 1276 4478 ‹Etin
1287 4422 1331 4478 his
1340 4420 1471 4479 omnibus
1480 4439 1539 4479 non
1551 4429 1597 4480 est
1611 4431 1734 4480 conversat

120 4526 182 4568 ram
195 4510 250 4579 hic,
265 4509 314 4567 uhi
326 4509 404 4565 nulla
418 4513 462 4566 est
474 4508 642 4583 desperandi
660 4509 822 4578 necessitas,
838 4508 918 4583 quasi
958 4509 1135 4567 inordinatus
1156 4510 1254 4580 ludas,
1269 4517 1300 4568 et
1317 4512 1408 4567 adhuc
1427 4527 1530 4568 manus
1554 4528 1671 4569 excessa.
1689 4506 1733 4564 »lu

119 4598 199 4657 nulla
212 4597 251 4655 sit
268 4598 384 4668 sanitae,
400 4597 440 4654 sic
453 4598 557 4655 omissa
571 4615 639 4655 cura
659 4597 781 4672 poenitus
798 4597 917 4655 discedi·
958 4599 1022 4655 aliis
1032 4615 1143 4672 quoque
1151 4606 1300 4674 postquam
1310 4601 1404 4672 arguit
1414 4600 1519 4657 delicta
1528 4602 1733 4676 populiperpro·

119 4703 199 4757 mus;
215 4687 317 4744 millies
331 4688 407 4743 enim
421 4687 445 4743 si
461 4687 581 4760 teipsum
592 4686 732 4760 desperes,
744 4704 796 4743 nos
809 4693 837 4744 te
847 4704 918 4744 nun·
958 4689 1083 4762 phetam,
1096 4693 1124 4744 et
1132 4689 1357 4746 emendationem
1367 4705 1447 4745 suam
1455 4690 1655 4762 promiserunt,
1662 4694 1733 4745 oser·

120 4792 205 4849 quam
218 4776 440 4850 desperabimus,
456 4792 547 4850 neque
566 4776 642 4833 enim
668 4777 720 4831 hoc
741 4776 794 4849 ipsi
808 4777 918 4849 agimus
959 4778 1124 4849 densquam
1138 4778 1299 4836 amabiliter
1321 4780 1533 4835 conversionem
1556 4777 1733 4854 suscipitlltl⁸

119 4866 150 4921 in
164 4883 219 4940 quo
234 4865 304 4922 alios
317 4866 558 4937 reprehendimus,
568 4865 695 4936 quamvis
708 4881 764 4920 aon
783 4866 916 4933 silidam,
959 4872 1147 4940 peccaturum,
1161 4867 1230 4923 dicit
1244 4887 1251 4922 :
1271 4887 1285 4921 o
1297 4868 1365 4934 Quis
1379 4867 1458 4922 dabit
1468 4867 1509 4924 ita
1523 4885 1588 4925 esse
1602 4886 1650 4926 cor
1661 4871 1734 4923 eorum

119 4973 183 5013 cum
198 4956 257 5029 ipse
271 4955 306 5011 de
320 4972 351 5011 sc
361 4955 424 5026 quis
438 4955 569 5027 desperet
582 4962 611 5011 et
629 4971 693 5011 cum
717 4955 772 5011 alio
789 4956 919 5027 despera·
958 4962 992 5012 ut
1005 4957 1126 5012 timeant
1139 4962 1230 5025 meet
1238 4957 1398 5012 custodiant
1406 4958 1543 5013 mandata
1555 4976 1621 5014 mea
1631 4951 1735 5014 omnibu

119 5050 176 5101 tur.
189 5045 243 5110 Qui
266 5044 340 5100 enim
361 5045 448 5099 alium
466 5045 598 5116 desperat
615 5044 700 5099 hahet
719 5045 839 5111 veniam,
866 5044 914 5116 qui
955 5045 1054 5101 diebus
1067 5047 1129 5101 vitae
1145 5063 1213 5112 suae,
1229 5052 1262 5101 ut
1278 5045 1348 5102 bene
1363 5046 1404 5102 eis
1419 5048 1471 5101 siat
1484 5053 1513 5103 et
1528 5049 1597 5103 tiliis
1620 5036 1734 5104 eontrain

117 5150 183 5189 vero
198 5134 379 5206 semetipsum
388 5133 547 5205 desperavit
559 5133 666 5188 nullam
686 5133 770 5188 habet
792 5134 911 5201 reniam,
955 5134 1087 5191 saeculum
1102 5137 1224 5205 (lllliey.
1244 5152 1299 5202 rm,
1312 5135 1394 5204 imi»
1410 5135 1464 5191 Sed
1482 5143 1512 5190 et
1531 5138 1646 5206 Moyses
1660 5137 1736 5191 dacer

117 5224 185 5294 quia
199 5224 246 5277 ille
270 5228 385 5278 nonest
408 5223 539 5278 dominus
553 5224 657 5278 mentis
671 5222 797 5289 alterius,
809 5223 833 5278 is
848 5241 913 5278 vero
954 5225 1088 5297 populum
1102 5225 1197 5280 rolens
1207 5225 1275 5296 quid
1289 5226 1364 5281 Deus
1380 5225 1507 5297 requirat
1526 5226 1563 5280 ab
1587 5224 1736 5282 hominibus

117 5307 252 5383 propositi
272 5313 315 5367 sui
338 5318 505 5385 potestatem
527 5319 605 5369 tenet
622 5332 628 5366 :
643 5330 694 5368 nos
708 5330 774 5384 ergo
795 5330 852 5368 non
867 5315 914 5368 de·
954 5314 995 5368 ita
1008 5314 1090 5368 dicit:
1105 5334 1118 5365 o
1134 5315 1251 5369 Etnunc
1264 5314 1340 5382 audi,
1355 5315 1453 5380 lsrael,
1469 5315 1537 5386 quid
1550 5316 1686 5372 Dominus
1696 5323 1738 5387 poi·

117 5417 263 5471 speramus
277 5403 352 5473 quod
366 5403 404 5456 sit
417 5402 468 5457 tibi
488 5401 595 5458 reditus
614 5402 650 5456 ad
664 5402 766 5473 prioris
780 5402 842 5456 ritae
857 5408 913 5456 sta·
953 5403 992 5457 cit
1004 5403 1053 5458 abs
1067 5409 1104 5470 tc,
1121 5404 1175 5458 nisi
1189 5410 1221 5459 ut
1232 5403 1336 5459 timeas
1351 5403 1505 5460 Dominum
1520 5404 1614 5462 Deum
1630 5400 1740 5469 tuamet

116 5492 177 5544 tum
192 5493 221 5541 et
232 5488 266 5541 ad
280 5490 343 5544 illas
358 5508 427 5561 quas
452 5493 480 5546 in
496 5497 525 5546 te
540 5492 668 5547 norimus
682 5492 769 5548 animi
783 5492 909 5547 virtutes.
953 5493 1067 5548 incedas
1080 5493 1110 5548 in
1123 5491 1253 5549 omnibus
1265 5493 1316 5550 riis
1331 5494 1401 5565 ejus,
1416 5500 1445 5547 et
1457 5494 1562 5567 diligas
1576 5512 1683 5556 eumer
1696 5494 1741 5551 tell
