3786 6128
120 304 172 361 575
419 302 451 358 B.
471 301 608 357 meam
626 301 742 358 naum
760 301 929 357 anemae.
950 299 1112 356 MOGUN'I'.
1133 299 1282 357 OPDRUM
1299 296 1464 359 PARS-tlt.

120 448 134 482 a
149 429 253 485 Fidelis
275 435 371 484 autem
392 426 529 481 Dominus
549 427 596 497 qui
617 427 794 482 confirmavit
812 444 871 492 vos,
893 424 1132 496 etAquibusdam
1148 430 1176 479 et
1190 426 1320 480 causticis
1330 427 1543 482 medicamentis
1556 440 1681 482 mnam

123 538 135 571 «
151 518 291 573 custodiet
304 534 322 571 a
336 517 420 570 malo.
439 534 452 567 a
467 516 527 570 Hoc
540 515 576 568 ad
587 514 673 569 rerba
682 515 828 582 orationis,
841 532 925 585 quam
966 513 1053 579 ditur,
1064 515 1196 584 nullaque
1205 516 1265 584 jam
1276 515 1387 569 mitium
1398 514 1547 570 verborum
1557 515 1681 570 fomenta

121 608 233 673 fecerat,
250 604 382 669 reddidit,
393 604 458 658 fidei
468 604 633 658 firmitatem
643 604 741 658 adesse
752 602 807 658 illis
815 611 923 675 optans,
967 602 1064 656 mittit.
1079 603 1141 656 Non
1162 602 1240 655 illam
1261 609 1387 656 teneram
1406 619 1500 657 vocem
1522 619 1554 657 ac
1571 602 1681 659 blandai

121 695 262 765 simulque
276 699 305 748 et
315 694 411 747 dicens
427 711 432 745 :
450 693 676 763 quoniamverus
687 699 730 748 est
738 693 871 764 Deusqui
882 710 926 746 vo·
967 689 1025 744 ibi:
1046 709 1059 741 a
1076 690 1218 760 Rogamus
1231 696 1325 745 antem
1341 708 1398 757 vos,
1413 691 1524 757 fratres,
1540 691 1601 756 sed,
1616 691 1681 747 deni

120 783 194 837 cavit
218 799 267 837 vos
289 783 318 836 in
338 799 387 853 spe
404 781 547 848 bonitatis,
566 782 626 852 ipse
641 797 690 835 vos
705 780 883 843 confirmabit
896 781 925 835 in
967 796 1030 833 mus
1050 778 1138 845 vobis,
1158 780 1269 846 iratres,
1291 780 1320 834 in
1339 780 1453 834 nomine
1466 780 1579 835 Domini
1597 784 1681 835 rioatr'¹

121 872 186 940 side,
198 871 239 925 ita
248 878 282 925 ut
292 871 404 942 assequi
413 871 528 941 possitis
542 871 591 924 illa
604 870 678 924 bona
692 868 728 924 ab
742 869 819 925 omni
834 870 926 924 disee·
967 868 1081 930 Christi,
1093 873 1126 923 ut
1136 868 1308 923 subtrahatis
1320 885 1368 922 vos
1378 868 1413 922 ah
1422 869 1499 923 omni
1508 870 1595 923 tratre
1604 866 1681 923 ambr

121 962 219 1015 dentes
247 960 454 1015 inconvenienti
479 965 544 1013 actu
569 978 574 1012 :
601 958 703 1030 quibus
726 962 755 1013 et
773 958 923 1029 adjungit:
967 957 1135 1012 inordinate.
1152 976 1166 1009 r>
1181 957 1221 1011 lbi
1236 962 1327 1027 rogat,
1341 957 1386 1011 hic
1401 957 1562 1019 denuntiat;
1581 958 1609 1011 in
1624 957 1677 1013 illa

125 1068 137 1097 (ι
156 1049 330 1104 (bnsrdimus
344 1054 439 1103 autem
454 1049 483 1103 in
497 1048 617 1105 Domino
631 1048 666 1103 de
683 1048 771 1114 vobis,
792 1047 925 1119 quoniam
967 1046 1069 1100 dientis
1080 1047 1206 1111 allectuS,
1221 1046 1250 1099 in
1265 1046 1317 1100 hac
1331 1045 1500 1100 obtestantis
1518 1047 1655 1101 severitas
1672 1062 1681 1101 r

123 1162 135 1187 a
152 1155 214 1210 qna
227 1138 406 1210 praecipimus
420 1143 449 1192 et
459 1137 561 1203 tacitis,
575 1143 603 1191 et
613 1137 730 1192 iacietis.
743 1157 757 1191 n
771 1138 843 1192 Nam
857 1137 926 1191 dum
968 1136 1060 1189 nantis
1077 1154 1083 1188 :
1100 1154 1113 1187 <r
1130 1135 1330 1189 denuntiamus
1341 1135 1430 1200 vobis,
1445 1135 1556 1199 fratres,
1576 1154 1590 1188 a
1606 1134 1676 1211 quia

121 1228 190 1281 dicit
204 1244 234 1280 se
254 1227 289 1280 de
312 1227 353 1281 eis
371 1226 474 1281 bonam
498 1225 602 1281 habere
624 1225 831 1290 conlidentiam,
856 1242 926 1296 quo·
967 1229 1098 1294 rogantes
1118 1224 1326 1295 contempsistis
1336 1223 1443 1291 audire,
1461 1226 1559 1279 saltem
1574 1224 1682 1279 nuncd

122 1316 200 1370 niam
214 1332 326 1370 omnem
340 1317 402 1385 ejus
416 1315 571 1369 doctrinam
586 1332 651 1369 cum
667 1313 853 1370 sollicitudine
866 1314 926 1367 elir-
967 1313 1070 1368 tiantes
1080 1312 1203 1378 obedite;
1217 1313 1363 1384 ipsamque
1373 1313 1614 1367 denuntiationem
1624 1328 1681 1369 non

122 1405 210 1471 ciunt,
223 1404 364 1458 sufficiens
373 1409 416 1457 est
426 1410 455 1458 et
466 1405 615 1459 exhortare
629 1404 701 1468 illos,
717 1410 751 1458 ut
765 1403 925 1474 opinionem
966 1400 1060 1467 verbo,
1074 1402 1123 1456 sed
1136 1418 1200 1455 cum
1215 1401 1400 1456 obtestatione
1416 1401 1538 1457 nominis
1552 1401 1667 1456 Domini

123 1509 203 1548 suam
219 1509 303 1563 opere
317 1494 429 1547 sirmam
442 1509 505 1547 asse
519 1492 690 1547 ostendant:
707 1493 850 1547 etiterum
864 1497 927 1546 orat
967 1492 1032 1545 lesu
1048 1490 1152 1545 Christi
1171 1489 1326 1544 terribilem
1345 1489 1439 1557 insert,
1465 1507 1499 1545 ne
1521 1491 1593 1545 torte
1611 1490 1681 1563 sim1

123 1599 174 1654 pro
190 1581 246 1635 illis
260 1582 357 1636 dicens
377 1600 383 1634 :
409 1600 422 1631 r
439 1581 576 1636 Dominus
601 1587 696 1636 autem
718 1581 823 1652 dirigat
843 1580 928 1636 corda
966 1581 1043 1633 velut
1057 1579 1181 1633 humana
1194 1595 1260 1632 voce
1269 1579 1407 1649 prolatam
1420 1595 1533 1633 rursum
1543 1585 1681 1633 contemn·

124 1674 218 1725 vestra
229 1671 258 1724 in
266 1671 404 1725 charitate
415 1671 476 1735 Dei,
486 1677 516 1725 et
522 1671 551 1725 in
563 1670 699 1741 patientia
708 1669 823 1724 Christi.
833 1671 927 1724 »Con-
968 1685 1020 1722 nee
1035 1684 1205 1739 magnopere
1223 1667 1359 1721 ducerent
1377 1667 1595 1734 observandam
1615 1667 1681 1723 stati

125 1759 218 1829 tingat
239 1759 317 1813 vobis
341 1776 506 1831 permanere
526 1760 555 1813 in
575 1776 609 1813 ea
620 1759 767 1825 charitate,
785 1775 847 1830 quae
860 1731 1001 1829 ergaflut
1015 1756 1202 1827 peritissimus
1223 1757 1348 1810 medicus
1370 1757 1489 1828 putridis
1508 1756 1645 1811 membris
1669 1774 1681 1828 q

124 1863 188 1901 eum
203 1852 255 1913 est,
271 1849 425 1903 tolerantes
440 1848 550 1902 etiamsi
566 1854 594 1902 et
604 1847 710 1919 aliquid
720 1847 867 1902 conveniat
876 1864 926 1918 pro
969 1845 1024 1900 leni
1040 1845 1244 1899 medicamento
1260 1845 1415 1899 remedium
1430 1846 1502 1899 serre
1516 1862 1571 1899 non
1590 1844 1681 1917 potuit

123 1952 157 1991 eo
173 1937 242 2008 pati.
255 1937 327 1991 Nam
339 1938 413 2008 quod
424 1937 496 1991 dixit
507 1937 557 1992 Dei
568 1943 598 1991 et
606 1937 721 2002 Christi,
734 1936 762 1990 in
778 1952 927 1991 commune
968 1934 1027 1988 deri
1037 1934 1170 2005 spiritalis
1184 1935 1251 1988 terri
1262 1934 1395 1988 incisione
1413 1940 1563 2005 pertentat,
1581 1952 1594 1985 s
1609 1939 1645 1988 ut
1657 1950 1681 1989 ιι

123 2025 495 2096 idpositumessevidetur,
512 2026 609 2092 idest,
630 2026 659 2080 in
679 2025 816 2080 charitate
833 2031 862 2079 et
876 2041 926 2096 pa·
967 2024 1042 2077 tratis
1054 2040 1102 2078 vos
1122 2043 1135 2075 n
1156 2023 1295 2094 inquiens,
1317 2042 1330 2072 ι(
1346 2023 1381 2077 ab
1402 2024 1478 2077 omni
1498 2023 1585 2077 fratre
1605 2021 1681 2077 ambr

125 2114 235 2170 henna.
967 2113 1127 2167 inordinate
1140 2118 1168 2166 et
1177 2128 1233 2166 non
1243 2113 1397 2166 secundum
1407 2113 1588 2169 traditionem
1599 2128 1681 2183 quarn

163 2203 397 2258 «Denuntiamus
411 2209 507 2258 autem
527 2203 613 2269 robis,
637 2203 747 2267 fratres,
764 2203 793 2257 in
814 2203 927 2258 nomine
968 2208 1098 2273 perunta
1112 2200 1200 2255 nobis.
1219 2222 1231 2252 r>
1248 2202 1346 2271 ltaque
1359 2200 1393 2254 ab
1408 2201 1452 2254 liis
1467 2202 1514 2271 qui
1525 2216 1681 2275 vacareope

126 2310 139 2343 a
154 2291 265 2347 Domini
281 2292 370 2346 nostri
389 2293 456 2348 lesu
471 2291 585 2356 Christi,
602 2298 634 2347 ut
648 2291 821 2347 subtrahatis
834 2291 927 2347 vosab
968 2292 1039 2356 lunt,
1052 2289 1133 2360 jubet
1147 2289 1275 2344 subtrahi
1294 2296 1323 2343 et
1338 2289 1413 2343 velut
1425 2289 1552 2344 membra
1565 2290 1617 2344 otii
1637 2306 1682 2345 oor

127 2402 139 2431 a
154 2380 231 2436 omni
245 2381 334 2435 fratre
350 2381 511 2437 ambulante
526 2381 694 2448 inordinate,
714 2386 743 2435 et
757 2398 813 2436 non
828 2397 927 2436 secun-
968 2379 1116 2450 putredine
1130 2378 1263 2445 desecari,
1280 2395 1315 2432 ne
1330 2378 1439 2433 inertiae
1453 2378 1567 2433 morbus
1576 2379 1681 2434 veluti

127 2489 139 2521 a
155 2470 223 2525 dum
238 2470 420 2525 traditionem
435 2487 520 2542 quam
534 2476 703 2541 acceperunt
717 2470 833 2525 anobis.
846 2490 859 2523 a
871 2471 928 2524 Ma·
968 2468 1129 2538 contagium
1143 2468 1227 2521 etiam
1240 2484 1323 2521 sanas
1333 2467 1523 2523 membrorum
1533 2473 1629 2538 partes
1638 2466 1681 2523 tal

119 2556 260 2612 'nifestum
272 2564 316 2612 est
324 2559 391 2613 hinc
402 2559 588 2613 evidenterde
598 2559 814 2630 indisciplinatis
823 2559 925 2619 dicere,
969 2564 1052 2629 pente
1061 2563 1233 2626 corrumpat,
1241 2556 1423 2627 dicturusque
1433 2557 1467 2610 de
1477 2556 1520 2610 his
1531 2557 1580 2627 qui
1590 2572 1681 2628 opere.¹

126 2662 196 2717 quos
211 2651 240 2700 et
252 2647 434 2701 vehementer
447 2648 572 2718 corripit.
590 2647 758 2718 Praecipiens
772 2646 857 2703 etiam
870 2652 929 2702 uta
969 2645 1099 2700 manibus
1113 2646 1222 2711 nolunt,
1240 2651 1269 2699 et
1279 2662 1381 2715 panem
1395 2662 1476 2699 suum
1489 2660 1551 2699 cum
1567 2645 1681 2701 silenh‘o

128 2734 267 2805 colloquio
276 2751 374 2789 eorum
384 2752 445 2789 sese
455 2735 612 2790 cohibeant.
625 2736 684 2790 Hoc
694 2741 737 2790 est
751 2736 836 2802 enim,
854 2736 928 2807 quod
969 2736 1082 2801 ducere,
1095 2733 1220 2804 aquibus
1228 2734 1444 2805 etlampraecipit
1455 2733 1681 2789 subtrahendum

125 2822 195 2878 dicit
212 2842 218 2876 :
233 2829 362 2894 separate
376 2824 418 2878 vel
435 2823 619 2879 «subtrahite
635 2841 693 2891 vos,
711 2843 724 2876 a
741 2824 793 2879 hoc
810 2831 862 2891 est,
881 2841 926 2879 ac-
968 2822 1041 2878 libus
1051 2840 1098 2877 eos
1108 2840 1126 2877 a
1132 2823 1269 2894 principio
1280 2821 1436 2893 opprobriis
1446 2823 1550 2888 inurat,
1558 2823 1681 2878 attendit

128 2912 248 2966 celerate
263 2928 409 2967 secernere
423 2929 471 2966 vos
486 2912 521 2966 ab
535 2912 591 2967 illrs
605 2913 653 2983 qui
668 2913 740 2967 tales
759 2919 835 2980 sunt,
854 2918 883 2967 et
896 2920 928 2968 ut
969 2912 1066 2984 primis
1081 2911 1254 2966 inordinatos
1267 2911 1344 2977 dicit,
1361 2928 1412 2965 nec
1424 2912 1576 2967 secundum
1587 2911 1681 2967 tradit¹

126 3015 162 3054 ne
176 3000 319 3055 videretur
328 3000 412 3055 verbo
419 3006 531 3058 tantum
542 3002 570 3055 id
580 3002 692 3057 tradere
702 3002 843 3074 aittulpsi
852 3002 928 3057 enim
969 3000 1123 3067 ambulare,
1139 3001 1200 3054 aliis
1221 2999 1312 3054 verbis
1331 3007 1510 3055 contumaces
1527 3017 1584 3068 eos,
1604 3006 1681 3073 utpm

125 3089 204 3144 scitis
219 3089 457 3160 quemadmodum
467 3096 597 3162 oporteat
606 3090 713 3145 imitari
721 3107 782 3157 nos,
794 3091 927 3162 quoniam
968 3091 1068 3145 nolunt
1079 3091 1161 3160 juxta
1173 3089 1379 3143 institutionem
1392 3091 1454 3159 ejus
1466 3090 1604 3155 incedere,
1617 3089 1681 3145 etin

126 3193 181 3233 non
198 3178 317 3248 inquieti
331 3179 436 3233 luimus
450 3179 480 3233 in
494 3178 589 3234 vobis:
603 3199 616 3232 n
633 3180 804 3251 etquoniam
813 3181 868 3235 ista
877 3182 927 3235 ad·
969 3184 1026 3233 stos
1036 3194 1097 3232 esse
1107 3178 1266 3247 designans,
1279 3178 1306 3232 id
1318 3184 1369 3244 est,
1382 3194 1437 3232 non
1449 3177 1646 3249 processionis,
1658 3194 1681 3232 n

125 3267 180 3321 hue
196 3283 252 3321 non
267 3273 348 3321 amnt
363 3283 466 3338 magua
480 3268 595 3337 adjicit:
615 3286 627 3319 a
643 3269 741 3339 Neque
754 3269 830 3323 enirn
839 3270 928 3340 gratis
969 3267 1118 3331 sitationis,
1135 3283 1191 3320 non
1205 3266 1291 3331 verbi,
1308 3283 1365 3321 non
1382 3268 1516 3337 temporis
1530 3266 1681 3338 opportuni

127 3371 229 3426 panem
244 3355 475 3411 manducavimus
489 3356 563 3428 apud
578 3357 711 3429 aliquem,
728 3377 741 3410 v
758 3359 870 3429 etquod
884 3358 928 3412 his
969 3372 1122 3426 congruam
1146 3356 1351 3426 honestamque
1369 3361 1516 3422 sectantes,
1540 3355 1674 3410 omnibus

127 3444 219 3514 majus
228 3450 281 3509 est,
300 3463 313 3496 a
329 3444 419 3499 sedin
434 3445 529 3500 labore
541 3451 569 3499 et
579 3446 744 3501 lassitudine
753 3453 835 3502 nocte
844 3447 927 3501 etdie
968 3445 1043 3499 vitiis
1051 3445 1114 3499 istis
1125 3445 1317 3498 inordinatum
1332 3461 1473 3515 quemque
1488 3460 1601 3499 necesse
1615 3450 1681 3499 eata

126 3538 285 3603 operantes,
297 3539 394 3588 utnon
404 3550 586 3603 gravaremus
594 3551 764 3607 quemquam
775 3541 925 3590 restrum.»
967 3550 1040 3588 cere.
1054 3554 1067 3585 a
1080 3535 1115 3588 Et
1124 3550 1181 3588 non
1192 3534 1347 3588 secundum
1357 3534 1538 3588 traditionem
1553 3550 1641 3604 quam
1655 3549 1681 3589 ar

126 3619 162 3674 Et
177 3620 252 3691 quod
267 3622 359 3691 majus
372 3621 466 3675 extolli
482 3628 574 3693 ponat
587 3623 685 3693 adjicit
706 3643 714 3677 :
743 3643 755 3674 a
778 3624 840 3678 Non
861 3624 927 3694 qnia
968 3629 1035 3676 runt
1049 3640 1067 3676 a
1080 3622 1170 3676 nobis.
1184 3644 1196 3674 a
1214 3623 1246 3676 ln
1261 3623 1313 3676 hoc
1327 3622 1445 3677 rebelles
1459 3639 1506 3676 eos
1520 3623 1681 3693 quodammr

126 3722 183 3761 non
194 3706 376 3762 habuerimus
386 3714 565 3780 potestatem,
577 3710 625 3764 sed
637 3716 669 3765 ut
679 3727 730 3765 nos
742 3711 862 3766 sormam
876 3711 926 3764 da·
967 3718 1174 3782 contemptores
1189 3718 1279 3778 notat,
1296 3712 1343 3782 qui
1359 3712 1539 3765 traditionem
1557 3728 1645 3782 quam
1659 3728 1681 3767 a

127 3811 222 3850 remus
238 3796 361 3852 vobisut
376 3797 535 3852 imitemini.
553 3819 566 3851 a
584 3800 619 3854 Et
636 3800 748 3870 quidem
769 3798 849 3854 uobis
863 3799 927 3854 licet
969 3807 1035 3855 runt
1048 3801 1083 3854 ab
1099 3818 1131 3855 eo
1150 3806 1247 3855 tenere
1270 3806 1469 3864 contemnant:
1485 3816 1537 3855 nec
1558 3801 1668 3856 imitari

127 3885 253 3956 accipere
268 3902 301 3941 eo
317 3887 391 3957 quod
407 3904 474 3958 erga
492 3887 648 3942 doctrinam
668 3905 767 3943 vacare
789 3889 926 3957 videmur,
970 3890 997 3943 rd
1013 3890 1087 3961 quod
1106 3890 1273 3960 magistrum
1288 3907 1344 3944 non
1360 3891 1451 3944 solnm
1468 3889 1550 3943 verbo
1566 3888 1681 3945 docuiss

127 3972 176 4027 sed
190 3973 342 4039 noluimus,
360 3981 392 4029 ut
406 3975 467 4046 ipso
482 3992 566 4046 opere
577 3993 625 4030 vos
634 3977 786 4032 doceamus
796 3978 929 4048 quemad·
968 3979 1113 4043 minerint,
1141 3980 1189 4033 sed
1217 3979 1302 4033 etiam
1333 3996 1416 4050 opere
1444 3984 1582 4033 noverunt
1610 3977 1681 4049 perir

127 4060 243 4115 modum
256 4063 385 4116 convenit
399 4062 490 4117 facere
505 4081 512 4118 ι
528 4071 557 4119 et
570 4066 720 4120 ostendens
735 4067 868 4137 quoniam
883 4074 927 4120 ta·
971 4088 984 4119 a
999 4068 1055 4138 lpsi
1073 4068 1149 4122 enim
1167 4067 1244 4122 scitis
1264 4068 1500 4139 quemadmodum
1515 4072 1648 4137 oporteat
1666 4068 1681 4122 ir

43 4194 53 4205 ,
128 4149 168 4203 lia
181 4164 268 4218 agens
282 4150 355 4220 apud
370 4149 433 4205 illos
447 4153 610 4222 permansit,
632 4161 806 4208 memoratur
824 4155 928 4209 iterum
969 4173 1029 4210 nos.
1052 4176 1065 4203 a
1085 4158 1241 4212 lmmanem
1262 4158 1404 4211 cumulum
1425 4156 1653 4227 reprehensionis
1670 4174 1681 4211 ε

128 4237 309 4292 traditionem
325 4255 415 4292 suam.
435 4258 447 4289 a
464 4241 535 4294 Nam
547 4247 576 4295 et
589 4258 653 4296 cum
669 4259 782 4297 eramus
792 4244 866 4314 apud
881 4261 928 4297 vos
969 4252 1015 4300 rat
1028 4262 1092 4299 eum
1107 4247 1159 4299 hoc
1178 4261 1226 4298 eos
1240 4246 1341 4299 asserit
1354 4262 1410 4299 non
1426 4245 1574 4299 observare
1586 4246 1681 4315 quadr

128 4326 182 4381 hoe
191 4326 410 4397 praedicabamus
421 4327 507 4395 vobis,
521 4331 653 4399 quoniam
664 4331 711 4402 qui
723 4348 778 4386 non
788 4333 848 4386 vult
861 4335 1066 4425 ope-Dinone}
1082 4350 1179 4387 eorum
1191 4334 1335 4394 innarenn
1349 4340 1377 4387 et
1387 4335 1421 4387 ad
1430 4334 1598 4388 imitandum
1612 4350 1673 4389 non

128 4415 196 4482 rari,
206 4431 258 4470 nee
268 4417 427 4471 manducet.
447 4437 460 4470 a
478 4419 543 4473 Hac
557 4424 746 4490 etpraesentes
757 4420 927 4483 dicebamus,
970 4422 1054 4477 verbo
1069 4423 1226 4477 instruente
1240 4423 1399 4487 didicerint,
1413 4423 1462 4477 sed
1473 4423 1559 4476 etiam
1569 4423 1681 4495 exempl

128 4504 204 4576 quod
219 4505 293 4577 pigri
306 4523 397 4577 neque
413 4508 582 4562 manducare
598 4509 656 4563 sint
668 4509 756 4580 digni.
771 4511 834 4565 Non
846 4527 930 4582 gene·
971 4529 1034 4566 rum
1046 4517 1213 4582 provocante
1234 4512 1417 4582 susceperint.
1445 4531 1457 4563 a
1481 4511 1553 4575 Quia
1573 4528 1630 4565 non
1655 4512 1681 4566 in

128 4594 227 4648 raliter
241 4595 294 4649 hoc
307 4595 412 4661 dicens,
436 4597 510 4667 quod
532 4597 579 4652 ille
594 4598 642 4669 qui
657 4615 714 4653 non
728 4605 861 4670 operatur·
875 4617 930 4654 non
970 4600 1075 4654 suimus
1090 4600 1230 4654 intervos.
1248 4620 1261 4651 a
1278 4602 1349 4654 Cum
1360 4617 1389 4653 se
1400 4602 1459 4654 vult
1469 4601 1626 4670 inquietum
1641 4600 1681 4655 inl

128 4681 213 4736 debet
223 4684 409 4739 manducare:
425 4685 620 4740 videturenim
632 4687 691 4758 ipse
705 4688 931 4742 Corinthiisscri·
971 4706 1027 4744 non
1049 4688 1137 4743 fuisse
1156 4706 1208 4760 per
1228 4690 1321 4760 operis
1341 4689 1503 4743 exercitium
1524 4688 1681 4760 comproba

130 4768 199 4824 bens
213 4770 298 4841 longa
312 4774 505 4843 prosecutione
517 4775 544 4828 id
560 4776 721 4848 explicasse,
732 4777 864 4847 quoniam
876 4777 930 4830 illis
972 4778 1020 4849 qni
1033 4778 1142 4849 operari
1155 4779 1264 4838 nolunt,
1281 4779 1391 4832 abunde
1408 4784 1487 4833 notat
1495 4778 1681 4833 otiosimtiavi

130 4857 249 4914 debetur
262 4859 310 4930 qui
320 4860 453 4918 doctrinae
462 4870 562 4918 vacant
571 4871 629 4918 uta
643 4865 785 4937 discipulis
799 4882 930 4936 corpora·
973 4867 1082 4937 quietos
1092 4883 1204 4938 semper
1213 4868 1342 4921 existere.
1355 4869 1472 4938 «Neque
1481 4867 1569 4937 gratis
1581 4884 1681 4938 panem

130 4948 200 5002 lium
214 4947 371 5020 percipiant
385 4950 571 5007 ministerium
587 4971 592 5005 :
611 4954 659 5008 sed
684 4954 764 5008 illum
786 4954 853 5008 dicit
875 4971 931 5009 non
972 4956 1135 5009 duravimus
1142 4954 1177 5008 ab
1187 4956 1290 5025 aliquo.
1304 4976 1316 5001 v
1329 4957 1384 5009 Per
1393 4956 1504 5025 singula
1511 4955 1596 5009 verba
1606 4956 1681 5011 inter

130 5053 191 5092 esse
207 5037 379 5109 operarium,
397 5040 444 5110 qui
461 5057 552 5112 neque
565 5042 601 5097 de
617 5042 779 5097 melioribus
798 5042 933 5097 sollicitus
972 5044 1681 5114 tionisauxesimsacitdoctorgentium.Praedicator

129 5133 183 5193 est,
199 5143 291 5198 neque
310 5128 455 5198 corporale
475 5129 581 5199 aliquid
600 5131 660 5184 vult
679 5131 799 5201 operari.
819 5132 933 5186 Otiosus
972 5132 1049 5203 gelli,
1061 5132 1681 5204 dicitsenongratispanemabaliquomandu

128 5231 195 5270 vero
202 5222 315 5271 exstans
325 5216 445 5271 aliorum
456 5217 544 5272 vitam
555 5219 665 5274 curiose
672 5220 797 5287 discutit,
808 5221 843 5275 de
858 5220 933 5274 mdi-
974 5221 1023 5292 qui
1038 5222 1115 5276 novit
1127 5221 1277 5276 Dominum
1293 5223 1466 5294 praecepisse,
1484 5221 1576 5293 utqui
1592 5223 1681 5295 Evanq

131 5302 287 5374 sciplinatis
301 5306 406 5360 etenim
429 5305 470 5360 illi
491 5311 536 5360 est
556 5324 658 5362 sermo.
678 5309 828 5380 (Cassian.)
846 5309 932 5364 Deni—
974 5310 1681 5381 denuntiantdeEvangeliovivant(ldor.1n),etru

133 5406 188 5461 que
201 5390 253 5446 hos
266 5392 340 5463 ipsos
350 5411 420 5465 quos
434 5394 464 5448 in
476 5394 601 5465 Epistola
619 5397 713 5468 prima
734 5398 811 5452 molli
826 5398 933 5453 foverat
975 5418 988 5449 a
1004 5399 1112 5470 Dignus
1126 5406 1169 5454 est
1182 5401 1327 5470 operarius
1342 5400 1402 5454 cibo
1417 5416 1467 5454 suo
1483 5402 1557 5467 (Luc.
1573 5406 1612 5470 x).
1629 5400 1681 5455 Cur

133 5479 294 5549 palpatione
304 5482 463 5550 verborum,
479 5483 601 5555 qualiter
610 5485 640 5538 in
651 5487 783 5552 secunda,
798 5487 874 5542 velut
884 5488 932 5559 qui
974 5505 1028 5559 qua
1041 5505 1096 5543 non
1105 5490 1194 5559 gratis
1204 5488 1251 5560 qui
1269 5487 1639 5560 Evangeliumpraedioabat,
1655 5496 1681 5544 ta

134 5580 192 5620 non
204 5566 374 5638 profecerint
395 5572 431 5625 ad
454 5571 580 5626 remedia
603 5573 712 5628 leniora
732 5575 933 5632 austerioribus
974 5576 1059 5633 blime
1073 5583 1102 5631 et
1114 5577 1240 5647 spiritale
1254 5594 1324 5649 opus
1344 5594 1485 5644 exercens,
1501 5577 1597 5632 cibum
1608 5577 1681 5633 atii
