3772 6120
142 291 178 355 ns
296 284 1566 347 ursamnoaeumnrr.ssuurm.nn.-msnsr.nsurnsss.
1643 272 1751 347 'ers

143 430 245 495 prese
262 412 354 471 soluit
372 430 435 469 curn
457 424 541 468 suum
558 413 714 469 dominium
740 428 867 486 quaerens
886 415 1029 486 eiAquod
1042 413 1401 487 neojustedstrationeab
1412 411 1705 485 illisquiesl'sciuntq
1723 421 1755 470 et

143 507 229 567 alens
241 502 396 559 resumsit:
408 502 612 573 imitaturergo
623 503 771 559 Diabolum
785 504 912 575 quisquis
952 505 1086 575 quoniam
1100 506 1136 559 de
1150 505 1206 559 illis
1215 506 1264 575 qui
1274 512 1341 559 tuac
1350 503 1487 559 increduli
1497 510 1581 558 eruat
1590 503 1670 570 dixit,
1681 503 1754 560 bene

144 596 219 657 ildree
225 596 394 664 potestatem
403 608 483 647 susm
495 592 611 663 appetit,
624 593 692 663 quis
704 593 730 646 ei
745 594 793 664 qui
804 593 856 647 sibi
869 598 913 648 est
952 594 1049 665 adjicit
1063 612 1068 647 :

145 697 236 756 aper-us
260 681 438 735 ordinatione
465 682 631 752 prepositus
657 680 771 737 subesse
794 682 910 737 fastidit.
991 702 1002 733 ι
1021 684 1078 738 Noe
1092 688 1187 739 eutem
1202 683 1337 738 debemus
1350 683 1456 753 gratias
1470 694 1554 752 agere
1571 682 1631 737 Deo
1642 694 1755 754 semper

147 768 525 840 lteri.)1nlendendurnrero
546 775 590 823 est
608 770 650 824 illi
672 770 757 840 parti,
780 771 912 841 quoniam
954 788 1035 844 epra
1058 772 1143 835 robis,
1169 772 1281 829 iratres.
1307 772 1403 826 dilecti
1426 787 1443 826 e
1465 770 1595 837 Domino,
1620 770 1753 842 quoniam

148 859 315 919 incubonem
334 858 501 913 antichristi
520 858 774 914 manifestationem
795 859 910 919 vocavit,
955 861 1189 933 «preelegitnos
1199 860 1410 917 Deussblnitio
1423 861 1453 915 in
1469 860 1589 916 sslutem
1606 861 1635 914 in
1648 861 1754 915 uncti·

148 948 286 1020 capenas
296 947 414 1003 dicens:
433 967 444 999 ι
461 948 534 1003 Cum
548 948 687 1003 revelatus
700 947 787 1002 tuerit
800 949 911 1015 homes
956 968 969 1001 ι
984 950 1115 1006 licetimm
1129 951 1262 1023 Spiritus,
1279 957 1309 1006 et
1323 950 1378 1005 ilde
1391 949 1518 1004 veritatis
1532 950 1562 1003 in
1574 949 1649 1021 quod
1662 954 1692 1003 et
1704 962 1753 1003 so·

148 1037 339 1095 subactore«
351 1035 663 1108 Revelabituriniquus‚
679 1056 690 1089 ι
708 1054 742 1092 eo
757 1038 833 1109 quod
846 1038 913 1093 Dia·
955 1056 969 1091 s
984 1040 1058 1095 casit
1071 1056 1120 1094 ros
1129 1056 1180 1111 per
1191 1039 1382 1111 Evangelium,
1395 1039 1423 1093 in
1434 1039 1648 1110 acquisitionem
1656 1038 1754 1108 glorie

149 1128 316 1197 bbssemper
329 1126 444 1197 quidem
455 1125 490 1181 ab
503 1126 625 1181 adventu
639 1126 751 1181 Domini
761 1127 914 1181 meditatur
955 1146 969 1179 s
987 1129 1100 1183 Domini
1115 1131 1203 1184 nostri
1216 1130 1284 1183 lesu
1298 1129 1414 1183 Christi.
1437 1146 1449 1179 e
1471 1129 1570 1198 ltaque
1590 1134 1619 1181 et
1640 1133 1754 1198 propter

149 1216 194 1273 llud
204 1214 289 1275 lacem
302 1214 339 1269 ad
353 1214 532 1271 nociritsteru
552 1216 709 1280 bominum,
724 1224 753 1270 et
768 1216 864 1287 utique
879 1216 913 1270 il·
954 1219 1017 1285 hoc,
1035 1216 1135 1288 inquit,
1151 1234 1202 1289 pro
1217 1218 1294 1272 robis
1307 1215 1608 1288 grstiasagimusDeo,
1619 1215 1752 1287 quonism

150 1306 181 1361 lud
190 1304 297 1369 transt,
313 1304 339 1359 si
356 1318 414 1359 non
431 1305 585 1359 secundum
603 1304 818 1359 inenarrabilem
833 1320 914 1360 sunm
955 1323 1003 1362 ros
1017 1308 1110 1374 elepit,
1123 1307 1163 1361 its
1174 1312 1204 1360 ut
1215 1312 1403 1378 exspectatam
1414 1305 1546 1360 fruamini
1555 1305 1676 1359 salutmn
1692 1320 1755 1376 psr·

151 1393 320 1467 providentiam
343 1392 529 1447 continuisset
551 1394 627 1448 Deus
650 1410 725 1448 eum.
747 1394 916 1465 Operabitar
954 1396 1075 1468 ticipens
1088 1396 1201 1466 quidem
1216 1395 1293 1449 robis
1304 1394 1426 1463 pretium
1445 1394 1577 1465 Spiritus,
1589 1392 1698 1449 donans
1711 1410 1756 1450 re·

152 1494 194 1538 rso
203 1490 272 1548 arno,
288 1487 317 1536 et
333 1481 468 1553 perducet
481 1482 550 1536 illud
564 1483 593 1537 in
603 1489 711 1554 aperto,
723 1484 796 1554 quod
807 1483 913 1538 dudum
955 1500 987 1539 ro
1000 1484 1079 1539 vobis
1092 1485 1218 1539 veritatis
1235 1483 1329 1539 tidem.
1352 1486 1411 1538 Hoc
1431 1483 1506 1537 enirn
1520 1482 1599 1537 robis
1613 1484 1755 1555 Evangelii

151 1571 185 1627 sti
194 1570 339 1634 ridebatur,
355 1588 419 1625 curn
434 1571 474 1625 illi
488 1570 574 1626 suerit
590 1587 753 1626 concessum
772 1586 853 1626 suam
866 1588 914 1626 ro·
955 1574 1075 1645 prebuit
1087 1574 1205 1635 vocatio,
1215 1575 1341 1628 suturam
1355 1572 1475 1643 gloriam
1492 1591 1497 1625 :
1515 1571 1656 1644 perillam
1670 1571 1756 1629 fldem

150 1661 255 1717 lautam
269 1660 298 1715 in
308 1661 568 1732 opereproducerer
582 1666 610 1715 et
622 1661 773 1715 ostendens
782 1662 914 1732 quoniam
956 1678 1017 1733 que
1027 1664 1056 1717 in
1065 1664 1178 1719 Christo
1188 1667 1232 1718 est
1242 1663 1441 1735 repromittens
1450 1680 1456 1727 3
1466 1667 1495 1717 et
1504 1667 1569 1733 post
1578 1662 1649 1716 hoc:
1667 1678 1680 1713 s
1698 1663 1756 1717 lte·

150 1766 183 1805 ιιι
192 1750 231 1805 ills
244 1750 304 1805 sine
318 1766 403 1820 puras
417 1748 481 1811 crit,
492 1749 571 1804 addit
583 1767 589 1802 ι
603 1750 713 1814 rQucrn
724 1750 860 1805 Dominus
872 1750 913 1804 in·
923 1741 970 1803 B«
984 1768 1048 1822 quc,
1059 1753 1170 1815 fratres,
1181 1758 1263 1819 state,
1275 1758 1304 1806 et
1317 1758 1412 1806 tenete
1427 1751 1605 1815 traditiones,
1626 1764 1696 1823 quas
1712 1748 1757 1805 di·

151 1840 265 1895 induet
278 1838 386 1910 Spiritu
403 1838 459 1892 oris
474 1839 528 1903 sui,
543 1844 573 1892 et
586 1838 714 1894 destruet
728 1839 913 1894 illustratione
956 1858 970 1893 ιι
985 1841 1092 1896 dicistis
1107 1842 1164 1895 eive
1178 1840 1368 1912 perverbum,
1388 1839 1446 1894 sire
1464 1854 1516 1911 per
1533 1839 1686 1911 Epistolsrn
1704 1854 1757 1893 no·

149 1927 347 1985 reinnerus.
365 1928 483 1993 nimir.)
499 1946 512 1979 s
529 1927 648 1982 Eridane
662 1934 714 1993 est,
732 1929 864 2000 quoniam
879 1928 913 1982 de
957 1936 1083 1984 «nram
1101 1950 1114 1976 ιι
1136 1928 1195 1983 Hoc
1216 1929 1292 1984 enim
1313 1930 1348 1983 ad
1366 1932 1459 1983 tatum
1478 1929 1610 1993 reddidit,
1631 1929 1683 1982 hoc
1701 1934 1755 1996 est,

148 2016 228 2071 butue
239 2016 270 2071 id
283 2016 352 2071 dicit
368 2034 374 2069 :
392 2032 444 2070 nec
457 2016 533 2070 enirn
547 2016 682 2071 Satansm
696 2018 816 2088 expedit,
830 2030 913 2087 quem
954 2019 1041 2073 nolite
1054 2019 1219 2090 persuaderi
1234 2018 1269 2072 ab
1284 2018 1341 2073 illis
1358 2018 1406 2089 qui
1428 2031 1476 2071 roe
1494 2017 1629 2071 seducere
1647 2017 1754 2077 soluat,

147 2110 280 2161 mut
293 2122 382 2177 punse
404 2105 571 2163 traditurus.
596 2105 644 2159 sed
669 2106 760 2167 illum,
785 2106 912 2177 eoquod
954 2108 1003 2162 sed
1020 2114 1133 2162 rnancte
1147 2108 1243 2162 inillis
1259 2124 1320 2178 quae
1338 2106 1414 2161 robis
1434 2106 1612 2167 tradidimus,
1634 2105 1692 2159 sisa
1705 2118 1757 2175 per

147 2194 412 2265 «suanahildem
427 2195 462 2249 ad
477 2195 912 2266 tantsmexplendammalitiam
954 2196 1070 2251 serbum
1087 2204 1248 2268 praesentes,
1267 2196 1325 2249 sive
1347 2201 1377 2249 ct
1394 2193 1525 2249 absentes
1549 2206 1601 2264 per
1621 2193 1753 2247 litteras:

147 2280 428 2355 mnoppormnum
437 2283 653 2353 cogitationibus
663 2283 912 2355 suisesserepen't,
954 2282 1056 2340 deinde
1066 2286 1169 2340 iterum
1184 2291 1247 2339 orat
1260 2299 1312 2355 pro
1327 2283 1368 2338 eis
1384 2302 1389 2336 :
1409 2306 1420 2331 ιι
1437 2284 1500 2353 lpse
1514 2288 1610 2336 eutem
1620 2281 1756 2336 Dominus

146 2372 216 2427 slot
226 2373 255 2429 iu
271 2372 508 2443 subsequentibus
527 2372 652 2444 apertius
667 2372 857 2427 manifestavit
870 2374 913 2426 di·
957 2393 969 2426 s
987 2382 1083 2430 noster
1091 2377 1106 2429 J
1109 2388 1174 2429 esus
1183 2374 1322 2433 Christus,
1334 2379 1363 2426 et
1372 2372 1448 2427 Deus
1458 2375 1487 2425 et
1496 2376 1577 2441 peter
1590 2376 1694 2433 noster,
1707 2370 1755 2440 qui

146 2475 209 2515 uu:
222 2480 235 2513 r
249 2462 337 2531 cujus
350 2468 394 2516 est
412 2462 550 2516 adrentus
570 2462 724 2516 secundum
742 2462 914 2532 inoperatio·
957 2462 1085 2518 «dilexit
1097 2478 1148 2518 nos
1162 2467 1192 2517 et
1205 2463 1284 2517 dedit
1298 2461 1378 2516 nobis
1392 2460 1611 2515 consolationem
1621 2465 1755 2513 eternam

147 2565 216 2605 suar
228 2550 347 2605 Sauum
366 2570 379 2597 ι
395 2550 489 2604 Alium
509 2551 660 2621 quemdam
682 2551 837 2605 insinuarit
849 2567 915 2605 eum
957 2572 970 2605 ιι
990 2559 1021 2607 et
1034 2568 1114 2624 spem
1129 2551 1231 2606 bonnm
1247 2552 1276 2605 in
1285 2551 1387 2620 gratia,
1403 2549 1563 2603 consoletur
1571 2548 1756 2602 cordavestra

145 2654 189 2693 ne
199 2645 293 2709 preter
311 2640 457 2697 Salariam.
478 2641 559 2709 cujus
576 2639 771 2710 inoperatiene
790 2639 914 2711 seipsum
957 2658 970 2693 s
986 2648 1016 2696 et
1030 2640 1209 2696 constabiliat
1221 2640 1250 2694 ln
1264 2637 1342 2694 omni
1357 2637 1441 2693 verbo
1448 2643 1478 2691 et
1487 2651 1572 2708 opere
1581 2637 1663 2691 bono.
1676 2656 1688 2683 ι
1700 2636 1755 2699 Qui

144 2725 326 2784 memmii.
341 2727 479 2783 'terribile
495 2736 641 2783 astantem
657 2728 731 2799 quod
741 2729 818 2795 dicit,
835 2729 914 2783 illum
954 2731 1056 2802 gratia,
1072 2731 1174 2801 inquit.
1183 2736 1376 2784 suaatemsm
1385 2725 1463 2782 illam
1474 2726 1693 2781 consolationem
1707 2736 1757 2778 no·

143 2814 599 2889 dmblhagentemetpertotum
609 2817 704 2871 orbern
715 2818 913 2872 omneshomi·
955 2819 998 2873 bis
1012 2819 1136 2880 donavit,
1152 2818 1244 2882 idest,
1260 2818 1420 2872 futurorum
1435 2816 1573 2871 bonorum
1589 2827 1677 2885 spem,
1693 2812 1754 2883 lpse

144 2905 324 2962 mdbcedere
338 2907 474 2978 epicteto
493 2906 669 2971 suadentem,
687 2904 779 2961 subito
796 2908 913 2962 decoelo
955 2914 984 2963 et
997 2908 1152 2963 secundmn
1174 2914 1341 2979 presentem
1365 2906 1451 2960 ritem
1470 2906 1542 2959 benc
1563 2908 1710 2975 prosperet
1727 2908 1757 2956 st

143 3006 252 3065 weris
264 2996 403 3059 Christus,
419 3002 449 3050 et
464 2995 641 3051 solummodo
654 2996 788 3061 clemens,
804 3010 913 3050 cessam
954 2998 1039 3052 eorde
1063 3002 1155 3051 restra
1174 3010 1223 3051 ros
1250 2994 1429 3061 cenllrmsns,
1450 2999 1482 3049 ut
1500 3007 1593 3058 omne,
1618 2988 1755 3063 quidquid

143 3080 245 3139 klslsb
257 3098 352 3156 apere,
368 3091 460 3139 totum
480 3085 559 3139 illurn
574 3085 733 3155 expendens
749 3102 755 3137 :
771 3086 824 3139 boc
838 3085 914 3139 enim
925 3063 1025 3141 Cillud
1039 3085 1105 3140 boni
1119 3090 1172 3148 eet,
1184 3091 1213 3140 et
1223 3084 1315 3140 dicere
1326 3084 1455 3139 etfeccre
1466 3082 1588 3155 possitis.
1603 3081 1753 3149 (Poplsnut.

143 3168 199 3233 lltit
222 3174 331 3244 Spiritu
358 3178 425 3238 oris,
449 3174 502 3227 hoc
530 3179 582 3236 est,
608 3190 683 3235 rece,
712 3189 745 3227 ex
773 3174 830 3227 illie
854 3188 915 3246 que
955 3178 987 3230 r'n
1002 3177 1098 3230 dottat.
1116 3176 1202 3243 (lass.)
1222 3174 1312 3229 Deum
1331 3188 1443 3245 quoque
1457 3178 1555 3243 aptare
1577 3171 1635 3225 stre
1653 3170 1757 3224 condr-

143 3261 327 3331 tpuduossant
344 3278 460 3317 sumens
469 3262 548 3323 illud,
559 3268 589 3316 et
604 3262 709 3327 dicens,
725 3278 758 3317 eo
773 3262 847 3333 qaod
863 3278 915 3317 nos
956 3278 1035 3318 mere
1049 3262 1158 3318 ammos
1170 3266 1283 3318 nmtros
1297 3260 1333 3317 ad
1347 3274 1430 3316 omns
1443 3274 1514 3332 opus
1528 3259 1633 3314 bonum
1647 3264 1677 3313 et
1690 3270 1757 3329 ope·

142 3349 217 3419 piritu
230 3358 400 3424 moperante
418 3351 563 3406 abutimur
577 3352 613 3406 ad
627 3351 805 3406 articulatam
821 3352 915 3423 loque·
955 3352 1013 3406 reri
1027 3353 1056 3406 in
1071 3352 1152 3409 nobie
1166 3368 1200 3407 ea
1214 3364 1276 3422 qnsr
1290 3349 1343 3405 sibi
1354 3357 1421 3405 sant
1433 3349 1538 3422 placita
1550 3348 1626 3403 idem
1640 3349 1758 3420 Aposto-

143 3436 916 3512 h-ffiemundumillumsunt,reterreinciplt,cujus
956 3439 1000 3495 lus
1014 3441 1097 3495 docet
1117 3443 1207 3499 ttlebr.
1232 3441 1289 3509 χιιι)
1318 3450 1324 3490 ι
1350 3456 1361 3487 ι
1390 3439 1465 3493 Deus
1487 3444 1583 3492 autern
1602 3437 1688 3509 pacis,
1708 3436 1757 3508 qul

143 3530 308 3585 «macutus
319 3531 474 3585 secundnm
489 3529 711 3600 inoperationem
727 3530 848 3593 Satanae,
865 3529 917 3584 hoc
958 3530 1083 3584 «eduxit
1097 3530 1133 3583 de
1153 3528 1279 3584 tenebris
1304 3534 1445 3598 pastorem
1468 3538 1603 3597 magnum
1619 3526 1713 3581 onum
1727 3525 1757 3579 ln

144 3624 179 3679 st,
193 3619 335 3691 apparebit
351 3620 394 3673 illi
413 3620 533 3673 Satanas
554 3617 592 3672 ibi
613 3618 777 3689 inoperante
795 3619 912 3672 omnia:
957 3614 1515 3685 ssanpulne'restamsntiatemilesnm
1522 3615 1759 3685 Christamaptet

142 3702 218 3763 utne
228 3709 328 3779 adjicit
339 3715 370 3762 et
383 3709 449 3779 qnid
464 3708 510 3762 illa
526 3714 660 3779 operatur
673 3708 702 3761 in
712 3724 755 3761 co.
768 3732 779 3755 «ι
794 3708 825 3762 ln
838 3707 914 3761 omni
957 3728 968 3753 a
985 3724 1034 3761 ros
1048 3708 1077 3761 in
1092 3708 1170 3761 omni
1183 3706 1257 3760 bono
1279 3706 1385 3760 tinniens
1405 3705 1434 3758 in
1454 3704 1533 3757 robis
1555 3702 1629 3773 quod
1648 3703 1759 3773 pleoest

98 3864 100 3869 Ι
144 3794 392 3868 rmuasagnis
406 3806 435 3851 et
450 3797 585 3868 prodigiis
597 3796 787 3851 mendacibus.
801 3814 814 3847 e
827 3796 916 3850 Multa
957 3812 1081 3850 «corum
1096 3810 1150 3849 se:
1173 3814 1186 3841 ιι
1211 3792 1285 3864 quod
1307 3793 1392 3847 etiarn
1410 3789 1706 3846 Thessalonicensibus
1724 3795 1758 3844 ut

98 3916 101 3959 p
143 3880 368 3957 ipsamagne
380 3887 462 3955 signe
475 3901 587 3956 quoqne
603 3892 632 3939 et
652 3885 780 3956 prodigia
798 3884 915 3939 demon·
956 3885 1066 3939 eveniet
1076 3884 1117 3938 lta
1125 3888 1265 3955 precatur,
1277 3882 1372 3937 dicens
1385 3898 1392 3934 r
1406 3900 1418 3931 a
1433 3882 1496 3952 lpse
1511 3884 1606 3935 autern
1623 3876 1758 3933 Dominus

98 3992 100 3999 ·
142 3972 216 4029 ustis
228 3984 363 4049 pereum.
375 3976 450 4029 liene
460 3981 554 4029 autern
564 3974 670 4046 adjicit,
684 3974 913 4037 «mendacibus»
957 3993 971 4023 a
986 3975 1068 4029 lesus
1078 3973 1207 4028 Christus
1218 3976 1247 4028 et
1257 3972 1331 4027 Deus
1344 3978 1425 4043 petar
1435 3975 1532 4024 noster
1541 3968 1590 4040 qui
1600 3967 1698 4022 dilexit
1706 3980 1758 4021 nos

143 4064 274 4129 mens,
287 4064 422 4136 quoniam
432 4064 461 4118 in
471 4064 668 4135 phantasmate
681 4063 772 4133 magis
786 4078 871 4132 quam
886 4063 915 4117 in
958 4084 971 4115 a
987 4068 1016 4117 et
1025 4062 1104 4117 dedit
1112 4062 1332 4117 consolationem
1342 4066 1478 4115 semmam
1489 4064 1606 4130 etspsm
1615 4056 1717 4111 bonam
1727 4056 1757 4111 ln

144 4153 278 4219 mlmit
289 4156 336 4209 is.
355 4154 419 4217 Qua
439 4160 533 4207 autem
556 4153 665 4207 ratione
687 4153 740 4206 bec
758 4152 915 4222 operatura
958 4146 1089 4222 agretia,
1101 4150 1265 4204 exhortetur
1274 4149 1461 4203 cordavestra
1470 4152 1499 4201 et
1507 4145 1690 4201 contlrmetiu
1699 4156 1758 4199 om·

145 4236 913 4315 ·Dinemnlseductioneinjustitieinhisqulpereunt,
958 4240 1017 4293 «ni
1036 4254 1121 4310 opere
1144 4245 1173 4293 et
1196 4253 1327 4293 sermone
1352 4236 1434 4291 beno.
1459 4262 1469 4281 ··
1497 4234 1639 4290 Posthac
1660 4232 1758 4288 sodblt

145 4330 265 4401 saque
276 4318 444 4399 dsdtstem
459 4331 585 4385 veritatis
604 4346 661 4384 non
680 4335 856 4401 receperunt.
881 4336 945 4439 utD
957 4328 1007 4383 eis.

144 4411 337 4475 «deserite
352 4440 364 4471 s
381 4420 428 4475 Sic
441 4424 535 4475 autem
558 4423 639 4473 voca
660 4435 708 4473 eos
729 4419 778 4489 qui
801 4421 869 4472 sunt
886 4418 912 4471 ei
1264 4415 1381 4471 CAPUT
1395 4413 1445 4469 111.

143 4504 278 4577 “diffidis
289 4510 341 4580 Psi)
350 4507 630 4578 ‘lllibuschalitatom
641 4506 768 4561 l'ffllssfil'
778 4521 835 4561 ⁰⁰¹¹
850 4522 914 4560 ⁸¹¹⁸·
954 4526 1174 4594 Petilrlpostotus
1184 4524 1337 4578 arationem
1357 4520 1496 4587 srrprqqr'r',
1513 4516 1650 4584 inferveat
1665 4528 1707 4569 eos
1721 4516 1753 4569 r'a

142 4602 250 4665 speram
259 4604 293 4653 ut
302 4596 469 4657 salsentur:
486 4613 549 4651 cum
563 4596 733 4661 convenerit,
748 4595 850 4667 inquit,
866 4612 914 4649 eos
991 4599 1195 4664 rapencrotr'orrr
1209 4597 1288 4657 molt,
1304 4597 1387 4661 atque
1399 4592 1499 4643 inritat
1511 4589 1548 4642 od
1562 4588 1683 4641 lotorem
1696 4598 1756 4639 rna·

140 4694 279 4751 tuumne
290 4687 322 4741 in
336 4686 455 4740 veritate
469 4686 623 4747 charitalis,
645 4691 675 4739 et
694 4701 750 4740 non
770 4684 914 4739 discedere
991 4682 1091 4722 mlum·

98 4810 101 4817 ·
139 4768 226 4846 liip-
237 4792 270 4831 es
280 4791 339 4847 qua
353 4782 384 4830 et
393 4774 494 4829 salvari
509 4780 648 4846 poterent.
662 4792 674 4825 ι
687 4775 752 4828 ldee
763 4773 850 4827 mittit
859 4772 914 4826 illis
992 4792 1005 4823 a
1022 4773 1064 4826 De
1081 4778 1191 4837 caetero,
1213 4769 1324 4833 tratres,
1348 4772 1427 4821 orate
1441 4778 1492 4838 pro
1506 4764 1596 4833 nobis,
1613 4771 1646 4821 ut
1659 4774 1754 4820 mrmo

137 4860 220 4919 «Duas
228 4864 421 4937 operationem
432 4865 536 4919 erroris
545 4870 577 4918 at
587 4864 703 4919 credant
716 4862 871 4926 mendacio,
884 4866 913 4915 et
956 4882 969 4913 s
985 4861 1099 4916 Domini
1113 4864 1209 4915 currat
1218 4864 1248 4913 et
1257 4857 1426 4913 clarificetur
1435 4856 1509 4910 sicut
1523 4860 1553 4910 et
1565 4855 1640 4927 apud
1651 4866 1709 4923 ros,
1725 4859 1756 4911 et

136 4951 302 5021 *iudicentur
316 4970 417 5009 omnes
438 4954 486 5025 qni
508 4966 564 5008 non
586 4952 766 5007 credidemnt
789 4951 910 5017 tentati,
954 4968 967 5003 s
983 4955 1016 5005 ut
1029 4949 1182 5005 liberemur
1192 4948 1227 5003 ab
1239 4946 1406 5019 importunis
1416 4951 1445 4999 st
1453 4945 1535 5000 malis
1548 4943 1719 5000 bominibus.
1737 4962 1751 4997 s

133 5042 195 5097 ast
208 5049 411 5099 musenserunt
422 5043 575 5114 iniquitati
594 5061 607 5093 s
627 5042 747 5097 Eridane
767 5047 819 5107 est,
844 5056 912 5112 quo·
952 5040 1070 5113 (Araban
1088 5040 1132 5094 lte
1144 5043 1177 5093 at
1191 5041 1272 5093 orent
1286 5051 1337 5109 pro
1350 5048 1383 5090 eo
1403 5039 1433 5089 et
1453 5048 1505 5105 pro
1528 5034 1591 5105 ejus
1615 5033 1753 5088 desiderio

129 5128 379 5188 mmnmsione
389 5133 440 5186 Dei
448 5132 528 5203 quasi
538 5148 608 5203 opus
614 5133 675 5201 ejus
683 5146 744 5185 esse
752 5130 910 5201 adscripsit,
953 5128 1081 5183 doctrina
1101 5126 1205 5198 ubique
1224 5125 1379 5198 profectum
1394 5123 1522 5196 accipiat,
1537 5121 1620 5176 sicuti
1634 5126 1664 5175 el
1677 5121 1752 5192 epod

127 5218 176 5275 wll
186 5222 260 5277 cuim
269 5221 376 5279 dicere.
393 5221 526 5292 quoniam
541 5237 597 5275 non
613 5226 810 5291 permanentes
825 5220 854 5272 in
868 5235 913 5272 re·
953 5218 1025 5281 illos,
1042 5218 1082 5271 ita
1100 5222 1134 5271 ut
1144 5216 1180 5270 eb
1194 5210 1324 5270 omnibus
1337 5208 1447 5268 insidiis
1461 5210 1685 5267 adversariorum
1699 5211 1753 5265 erl·

124 5306 205 5367 nae.
223 5312 377 5367 intendunt
397 5311 551 5365 seductioni
573 5316 601 5364 ct
624 5308 738 5363 credant
757 5309 911 5375 mendacio,
953 5307 1067 5377 piatur:
1084 5304 1186 5375 quibus
1200 5303 1321 5375 adjicit:
1339 5324 1351 5351 a
1368 5303 1430 5356 Non
1444 5300 1519 5355 enim
1534 5298 1661 5353 omnium
1681 5296 1752 5355 lldst

119 5396 214 5467 iustu
226 5416 340 5473 punam
351 5400 515 5467 subeuntes,
531 5416 581 5472 pro
598 5399 700 5470 quibus
719 5398 911 5469 relinquentes
952 5402 995 5451 est
1019 5414 1031 5443 ι
1049 5394 1108 5449 Hoc
1119 5400 1171 5453 est.
1185 5390 1252 5464 quis
1269 5406 1325 5446 non
1343 5404 1441 5447 omnes
1459 5388 1586 5452 credant,
1605 5393 1673 5443 sunt
1685 5400 1751 5445 vero

120 5489 254 5545 toritatem
267 5490 304 5545 sd
313 5488 489 5561 injustitiam
513 5490 733 5554 declinaverunt,
759 5493 791 5542 ut
808 5487 884 5541 dicat
903 5502 909 5540 :
953 5486 1040 5559 quiet
1050 5481 1386 5547 contrusistsntaeritatl3
1402 5484 1511 5550 uterne
1526 5477 1562 5533 eb
1575 5476 1686 5533 lnsldils
1699 5477 1751 5533 bo·

118 5574 256 5635 Melon
268 5579 467 5641 adoraverunt,
483 5579 653 5651 iniustitiam
671 5590 735 5633 estu
750 5590 862 5643 rocam,
878 5590 912 5632 so
951 5588 1016 5631 rum
1029 5573 1100 5645 sript
1116 5572 1213 5644 possit,
1228 5570 1346 5643 dignum
1365 5568 1509 5625 euletimt
1520 5568 1663 5625 mones
1675 5577 1747 5623 ests.
