3786 6128
149 332 206 391 821
367 336 808 393 ENARRATIONDMINEPP.
829 338 1023 395 Prummu.
1043 339 1143 393 xxix.
1165 364 1197 381 ⁴-
1218 340 1257 395 ΙΝ
1277 339 1387 395 EPiffl'.
1408 339 1456 395 AD
1478 339 1583 395 HEBR.
1744 341 1798 399 tra

142 459 235 527 dicit,
249 479 264 513 s
276 461 432 517 Exterritus
444 479 507 516 sum
516 470 546 517 et
553 463 756 516 tremebundus
768 464 892 518 ollactus.
905 484 959 513 n-
966 466 992 524 A
1001 463 1102 517 audisti
1118 480 1212 518 rocem
1229 481 1284 518 non
1300 480 1350 534 per
1364 464 1495 519 nebulam
1510 465 1733 533 vanienteru,sed
1747 484 1798 539 per

143 570 171 601 a
187 549 411 605 Sedaccessistis
421 551 456 605 ad
466 552 666 606 montemSiou
673 558 701 605 et
710 552 850 606 civitatem
862 553 958 608 Deiri-
999 568 1112 605 carnem
1127 553 1239 606 Christi.
1259 554 1321 606 Nou
1337 570 1366 607 es
1381 554 1570 608 tumultuatus
1583 571 1675 625 neque
1689 562 1797 627 pertun

141 659 173 695 ss
186 639 290 699 sentis,
302 640 457 694 Jerusalem
472 641 614 695 coelestern
624 648 653 694 ot
667 642 821 695 multorum
837 642 958 696 millium
998 639 1089 707 batua,
1103 642 1151 695 sed
1164 642 1266 697 stetisti
1277 648 1306 696 et
1322 643 1520 698 collocuturos
1530 644 1687 699 mediatori.
1702 645 1798 716 Signi-

136 750 167 785 σ
188 728 355 798 angelorum
374 729 572 800 frequentiam,
587 737 617 784 et
630 730 781 787 Farclesiam
800 730 957 801 primitivo·
999 730 1178 785 ticantetiam
1191 730 1312 785 tenebrae
1321 731 1542 787 invisibilitatem
1553 733 1635 799 Dei,r
1647 734 1796 803 etnebuls,

132 837 167 877 a
186 834 261 883 rurn,
277 818 326 889 qui
352 819 500 889 conscripti
524 826 591 873 sunt
615 819 644 873 in
673 820 759 885 omlis,
783 826 812 874 ct
833 820 958 888 judicem
998 818 1099 888 inquit,
1116 819 1168 873 sub
1190 819 1308 889 podibus
1324 822 1387 890 ejus
1403 823 1483 887 (l’sol.
1508 824 1707 890 aemiliane
1728 840 1798 895 crgo

129 929 161 965 a
188 906 316 960 omnium
326 908 746 978 Deum,etSpiritumjusterum
760 909 956 979 perlectorum,
999 908 1110 977 Moyses
1122 907 1227 973 timuit,
1245 924 1319 963 nanc
1334 914 1430 963 autem
1445 910 1549 965 metuit
1561 912 1667 977 nullus,
1686 920 1716 968 et
1729 920 1797 970 tenc

125 1022 156 1054 «ι
189 1001 217 1048 et
226 995 401 1050 Testamenti
411 996 481 1051 Nori
493 996 676 1051 mediatorem
688 999 794 1059 lesum,
806 1003 835 1051 et
845 998 957 1068 sangui·
998 996 1077 1067 plebs
1091 997 1171 1051 stetit
1184 1002 1245 1051 tots
1258 997 1400 1064 deorsum,
1416 1014 1467 1052 nos
1490 1005 1586 1054 autem
1609 1001 1661 1055 etsi
1687 1018 1706 1056 a
1726 1003 1797 1058 coelo

125 1112 154 1143 a
190 1084 234 1137 uis
247 1086 440 1155 aspersionem
457 1087 558 1139 melius
572 1087 733 1156 loquentem
750 1103 835 1157 quam
849 1086 955 1140 Abel.»
998 1084 1129 1139 deorsum
1145 1101 1253 1147 sumus,
1269 1092 1461 1142 verumtamen
1487 1089 1708 1161 propinquemus
1725 1091 1798 1147 Filio

116 1173 315 1235 'tremende
322 1174 436 1245 quidem
444 1180 524 1228 erant
539 1181 567 1229 ct
576 1175 623 1228 illa
638 1175 703 1228 :sed
720 1176 777 1228 hrec
791 1176 880 1229 multo
895 1192 956 1229 ern-
997 1173 1059 1237 Dei,
1074 1183 1103 1229 et
1118 1190 1174 1229 non
1188 1174 1261 1229 sicut
1274 1176 1458 1246 Moyses,illic
1473 1178 1548 1232 enim
1562 1194 1674 1235 memus
1687 1185 1758 1245 ens.
1767 1186 1797 1236 st

118 1262 231 1343 plius
244 1260 412 1316 admiranda
426 1262 561 1334 valdeque
575 1264 704 1318 clariora.
716 1264 814 1334 Neque
826 1264 901 1319 enim
912 1263 957 1319 iric
997 1262 1178 1317 circumcirca
1191 1264 1323 1327 desertio,
1339 1264 1384 1319 iric
1398 1272 1492 1319 autem
1508 1266 1605 1321 civitas
1625 1272 1655 1321 et
1674 1268 1797 1325 millium

119 1349 282 1413 tenebrae
297 1361 373 1419 suut,
389 1369 480 1424 neque
490 1353 592 1423 caligo,
603 1354 840 1424 nequeproeellce,
850 1353 957 1407 etmihi
997 1350 1145 1406 celebritas
1155 1354 1331 1421 angelorum.
1344 1354 1376 1407 ln
1387 1354 1439 1409 boc
1449 1355 1533 1409 verbo
1541 1356 1677 1425 gaudium
1690 1357 1797 1428 signia

119 1438 268 1500 videtur
281 1458 333 1512 per
346 1441 405 1497 hac
414 1442 568 1512 significari
577 1441 732 1497 obscuritas
742 1442 853 1497 Veteris
861 1444 957 1498 Testa·
997 1445 1043 1496 cat
1056 1445 1085 1494 et
1096 1441 1313 1511 jucunditatem,
1330 1458 1380 1513 pro
1396 1443 1525 1513 caligine,
1538 1460 1589 1515 pro
1602 1445 1735 1512 tenebris,
1745 1462 1796 1518 pro

119 1528 833 1601 menti;hocest,quoddifficilerrrlebatirrtelligi,
849 1538 879 1587 et
894 1549 956 1586 um·
997 1528 1110 1584 turbine
1125 1530 1287 1600 proceDoso.
1305 1549 1317 1582 r
1336 1530 1370 1585 Et
1381 1531 1542 1599 Ecclesiam,
1559 1533 1661 1604 inquit,
1678 1535 1797 1606 primiti·

120 1619 251 1679 bracio
265 1619 336 1691 legis
351 1626 381 1674 et
393 1621 531 1687 velamen,
547 1621 623 1691 quod
636 1625 698 1676 erat
711 1618 766 1674 illis
789 1620 890 1676 litteris
913 1638 958 1677 su·
997 1634 1106 1685 vorum,
1132 1634 1194 1688 quae
1215 1618 1244 1672 in
1268 1619 1346 1673 coelis
1370 1620 1474 1691 scripta
1492 1628 1544 1687 est,
1567 1629 1596 1676 et
1615 1624 1651 1677 ed
1671 1623 1796 1693 iudicem

126 1708 342 1789 perpositum.
360 1710 438 1779 ignis
453 1718 548 1764 eutem
561 1709 703 1780 significet
723 1710 912 1779 legislatorem
928 1710 957 1767 in
999 1705 1090 1761 Deuru
1104 1707 1240 1764 omnium.
1259 1727 1271 1758 i
1289 1708 1332 1762 Illi
1345 1725 1401 1763 non
1424 1717 1612 1778 accesserant,
1626 1712 1678 1767 scd
1698 1714 1796 1785 proord

126 1770 1121 1873 ignememmennetenieiremrubammsusemsenusRuebant,
1145 1813 1194 1849 roe
1213 1801 1308 1851 autem
1329 1798 1494 1864 emersistis
1509 1798 1612 1871 inquit.
1627 1800 1682 1855 llic
1699 1807 1797 1857 sutsrn

131 1886 259 1949 merito
268 1896 336 1941 sunt
342 1888 461 1943 adhibiti
468 1887 550 1951 ibi,ut
557 1889 800 1959 pumimperatore
810 1894 955 1960 presente.
997 1888 1087 1939 terret
1103 1900 1150 1938 eos
1165 1884 1291 1949 dicendo.
1310 1906 1322 1937 ¹
1338 1892 1368 1940 et
1383 1888 1509 1958 iudioem
1522 1888 1612 1945 Deum
1626 1890 1765 1957 omnium.
1780 1906 1795 1945 Ι

133 1975 368 2039 Namhocetin
378 1977 501 2031 secundo
510 1978 631 2032 adventu
641 1978 769 2032 futurum
780 1984 855 2031 estu
868 1979 899 2032 ln
909 1995 957 2033 no·
997 1989 1054 2027 nou
1068 1978 1179 2029 tanturn
1194 1974 1355 2030 Jadaeorum
1371 1992 1463 2047 neque
1486 1976 1622 2043 fidelium,
1635 1979 1687 2035 ssd
1708 1980 1797 2036 totius

136 2064 281 2123 sissima.
292 2066 471 2136 inquit.tubn
480 2066 574 2120 cuncti
585 2067 770 2121 resurrecturi
777 2072 844 2120 sunt
854 2068 879 2134 (l
892 2068 953 2122 Cor.
996 2062 1126 2116 videlicet
1139 2062 1248 2117 mundi.
1265 2081 1279 2116 s
1296 2065 1331 2118 Et
1344 2064 1381 2119 ad
1394 2065 1796 2138 Spiritum‚inquit,y'nstornm

136 2158 222 2219 :rs-l:
233 2155 314 2208 ilinc
322 2155 400 2209 enim
409 2156 483 2209 vocis
493 2155 561 2209 tuba
574 2156 680 2209 foetura
692 2162 744 2209 est.
757 2156 860 2211 Omnia
869 2156 956 2225 igitur
996 2151 1331 2221 perfectorummtnimas
1338 2153 1480 2225 dicitque
1486 2155 1795 2227 apudDeuruprobsbi·

139 2248 184 2302 in
205 2244 389 2315 illotempore
412 2244 556 2299 sensibilia
578 2252 668 2309 erant,
684 2250 743 2299 tarn
766 2244 876 2299 auditui
900 2245 955 2301 hu·
995 2240 1036 2294 les
1058 2240 1235 2296 exstiterunt.
1252 2259 1265 2295 r
1282 2242 1317 2296 Et
1338 2242 1374 2296 ad
1397 2243 1591 2305 mediatorem,
1606 2245 1707 2316 inquit,
1723 2246 1794 2301 Nori

144 2348 250 2395 mano,
277 2348 363 2404 quam
387 2334 469 2395 risui,
493 2350 568 2387 nuno
591 2338 686 2388 autern
713 2334 853 2404 spiritalia
875 2334 955 2389 nobis
994 2328 1270 2385 Testamentilesum
1286 2334 1315 2383 et
1327 2331 1473 2401 sanguinis
1487 2333 1677 2404 aspersionem
1691 2334 1794 2390 melius

150 2426 256 2477 ennam
267 2422 374 2477 tributa
387 2426 463 2477 sunl.
479 2424 557 2477 Tunc
581 2423 684 2483 fumus,
698 2423 800 2494 inquit,
815 2430 877 2478 arnt
895 2424 955 2495 plu·
995 2417 1168 2487 loquentem,
1176 2418 1794 2489 quamAbel.r(Mrunes.)Quideutemtnum

155 2511 254 2571 fimus,
270 2512 404 2582 quoniam
419 2512 611 2566 Benedicitur
624 2512 698 2581 rgrris
714 2528 784 2577 esse,
800 2529 866 2567 narn
881 2520 910 2566 ct
923 2513 953 2567 in
994 2506 1109 2576 anguis
1119 2507 1189 2560 Abel
1199 2508 1380 2563 resumserat
1394 2509 1438 2563 ru
1451 2514 1503 2573 est,
1516 2510 1617 2581 inquit,
1628 2524 1695 2566 nem
1707 2528 1794 2583 supra

160 2598 231 2653 rubo
242 2600 370 2654 similiter
384 2601 549 2671 apparuisse
569 2607 772 2665 memorantur,
788 2608 817 2654 et
840 2617 891 2672 per
908 2602 953 2656 ru-
993 2594 1109 2660 dilibet
1119 2612 1239 2666 peream
1252 2597 1304 2651 i¹0ss
1315 2599 1508 2669 ffltptrfidtm
1518 2600 1793 2671 adhquuemor·

166 2702 238 2741 mum
249 2689 334 2743 etiam
347 2690 443 2759 ignem
453 2689 538 2743 fuisso
552 2689 700 2759 significat.
712 2689 845 2744 Terrebrae
857 2696 952 2744 autern
993 2689 1059 2739 tuus
1069 2685 1202 2754 loquitur,
1211 2692 1241 2740 et
1251 2685 1354 2740 iterum
1364 2687 1439 2741 Deua
1456 2686 1540 2742 dixit:
1554 2689 1637 2743 «Vox
1647 2689 1793 2759 sanguinis

173 2782 198 2828 tt
210 2777 444 2847 chaeremonem
459 2778 616 2832 ridentibus
629 2777 784 2831 atterebant
799 2796 804 2831 :
822 2778 861 2833 sic
876 2779 952 2832 enim
993 2772 1088 2827 fratris
1103 2774 1145 2827 tui
1160 2774 1265 2829 clamat
1278 2774 1314 2828 ed
1329 2792 1374 2829 me
1388 2776 1467 2844 (den.
1485 2778 1532 2843 rr).
1552 2796 1563 2829 o
1580 2777 1643 2833 Sira
1657 2794 1725 2849 ergo
1738 2779 1793 2834 isto

174 2862 244 2917 edam
255 2865 341 2919 isaias
354 2866 424 2919 dicit
439 2884 445 2919 ε
463 2866 524 2920 elit
532 2866 649 2936 implete
657 2873 701 2921 est
715 2866 815 2920 domus
829 2883 862 2920 ex
876 2867 952 2921 firmo
994 2863 1077 2917 modo
1092 2863 1306 2933 intelligendum
1327 2869 1379 2929 est,
1396 2864 1453 2919 sire
1476 2864 1524 2920 illo
1547 2867 1680 2937 quoniam
1700 2867 1792 2923 adhuc

176 2951 228 3015 tiso.
241 2954 286 3023 rr).
303 2972 317 3008 s
338 2955 466 3009 Prooella
478 2971 543 3009 vero
559 2955 625 3024 quid
644 2955 696 3009 sibi
715 2956 793 3010 vult?
807 2956 952 3025 negligens
994 2968 1082 3022 usque
1096 2951 1254 3007 celebratur
1264 2952 1316 3006 hoc
1331 2952 1446 3007 iactum.
1457 2954 1660 3009 Verumtamen
1673 2957 1791 3023 nonita,

180 3042 387 3098 amtbnmanum
401 3060 490 3114 genus
506 3049 535 3098 et
548 3060 644 3114 segne,
659 3044 807 3115 oportebat
830 3061 897 3115 ergo
919 3052 953 3099 ut
992 3040 1066 3095 sicut
1088 3041 1151 3106 iate,
1176 3041 1229 3095 boo
1253 3047 1297 3095 est
1316 3042 1431 3112 sanguis
1455 3043 1569 3098 Christi.
1589 3045 1651 3115 lpse
1670 3060 1792 3116 namque

182 3128 383 3199 earnmristis
399 3140 428 3187 et
437 3133 952 3188 redderetur·attenturn.Nullusenim
962 3100 984 3159 G
993 3130 1115 3185 mundus
1129 3130 1251 3185 reddidit
1270 3131 1425 3197 universos,
1441 3137 1470 3186 et
1484 3148 1578 3187 rocem
1591 3134 1696 3188 smlttrt
1708 3133 1793 3205 signi-

182 3222 223 3271 ttur
235 3220 313 3275 hebes
327 3229 390 3276 erat
406 3227 456 3276 aut
468 3223 597 3288 stolidus,
614 3223 662 3293 qui
685 3239 748 3276 curn
770 3223 829 3276 hac
852 3222 953 3278 fierent
992 3218 1166 3273 licentiorem
1181 3225 1266 3290 atque
1288 3219 1446 3283 clariorem,
1462 3228 1568 3292 quanto
1591 3222 1676 3277 etiam
1697 3225 1791 3294 majus

181 3317 292 3365 ”memet
301 3312 456 3365 totocorde
467 3311 494 3364 in
506 3313 654 3383 superiora
668 3312 796 3367 subintus
807 3329 813 3364 :
825 3312 865 3365 sic
876 3312 952 3366 enirn
992 3307 1185 3362 testimonium
1201 3326 1234 3361 er
1249 3308 1332 3363 robus
1344 3308 1414 3380 ipsis
1431 3312 1556 3382 accepit!
1575 3314 1678 3379 (loen.)
1694 3312 1734 3380 Si,
1749 3313 1791 3367 in·

179 3398 298 3463 ⁰putebat
304 3400 375 3470 erigi
387 3407 496 3455 mentes
505 3401 662 3466 hominum,
671 3418 735 3455 cum
747 3401 953 3471 lcgisinstituts
993 3396 1414 3467 quitsanguisloquitunmulto
1424 3399 1656 3471 magisloquitur,
1665 3401 1713 3472 qai
1723 3401 1791 3455 risit

178 3480 316 3543 tmntur:
336 3508 350 3541 s
370 3496 399 3543 et
421 3490 541 3561 Moyses.
557 3490 659 3560 inquit,
676 3490 851 3561 loquebatur,
876 3491 952 3545 Deus
992 3484 1108 3539 ombus·
1125 3484 1198 3548 Quid
1213 3491 1308 3540 autem
1326 3487 1471 3556 loquitur?
1488 3505 1501 3540 r
1518 3490 1590 3559 lpse,
1606 3489 1709 3559 inquit,
1724 3490 1791 3561 Spi·

177 3579 250 3631 sutem
264 3578 452 3649 respondebat
466 3579 490 3631 ej
509 3597 514 3631 ;
535 3600 547 3629 ‚,
558 3578 705 3651 oportebat
718 3579 822 3649 quippe
837 3585 866 3632 οι
879 3579 951 3633 divi.
992 3572 1064 3626 ritus
1082 3573 1208 3643 loquitur
1222 3591 1273 3645 pro
1287 3575 1368 3629 nobis
1382 3575 1534 3645 gemitibus
1556 3577 1791 3633 inenarrabilibus

175 3672 222 3719 mur
241 3666 358 3737 proferri
379 3684 484 3732 rocem,
510 3668 644 3738 quoniam
667 3685 717 3738 per
740 3668 855 3738 Moysen
879 3668 950 3738 legis
992 3663 1078 3727 (iterii.
1091 3666 1156 3730 rm).
1171 3684 1183 3709 »r
1201 3663 1347 3726 Quomodo
1367 3664 1514 3734 loquitur?
1530 3665 1790 3737 ingressusquippe

174 3759 238 3809 erant
248 3756 342 3809 dmdn
355 3761 503 3826 precepta,
520 3762 669 3827 propterea
683 3757 768 3811 etiam
782 3757 950 3811 nocedivina
990 3756 1112 3804 mentem
1126 3750 1286 3805 sinceritate
1297 3759 1456 3823 purgatam,
1471 3753 1554 3823 erigit
1563 3770 1626 3807 earn
1635 3754 1789 3809 etstscitlo-

169 3838 321 3913 teodigna
336 3843 466 3898 efficitur.
480 3844 581 3898 Videre
593 3860 715 3915 namque
730 3860 858 3898 eumnon
872 3851 949 3915 pote-
990 3840 1038 3910 qui
1061 3840 1211 3909 magnalia.
1236 3840 1334 3909 (drap.)
1358 3842 1398 3895 De
1420 3841 1491 3896 Abel
1518 3843 1655 3913 sanguine
1681 3843 1787 3898 dictum

168 3934 340 4003 nnlpropter
348 3932 615 4002 caliginem‚audire
628 3950 685 3987 non
694 3942 825 4004 poterunt
833 3938 949 4004 propter
988 3927 1081 3984 suerat
1096 3946 1102 3981 :
1116 3952 1127 3973 «ι
1143 3929 1202 3983 Vox
1215 3929 1360 3999 sanguinis
1374 3931 1471 3985 fratris
1481 3932 1523 3986 tui
1537 3931 1684 3987 clamstsd
1695 3949 1741 3986 me
1752 3933 1787 3988 ds

164 4021 316 4076 tmmtatem
332 4022 407 4077 vocis
421 4021 518 4093 ipsius.
529 4022 603 4086 Quid
613 4038 679 4091 ergo
689 4023 792 4076 facturn
803 4022 948 4077 estlDeus
988 4022 1074 4083 terra,
1094 4036 1105 4068 r
1122 4017 1171 4072 sed
1195 4018 1310 4089 sanguis
1333 4020 1400 4075 issu
1423 4020 1523 4075 melius
1547 4021 1681 4092 loquitur,
1701 4038 1787 4093 quam

160 4118 253 4179 magna
267 4126 334 4165 voce
347 4111 541 4181 respondit...r
551 4110 903 4181 Etrocusareruntinquit,
912 4127 947 4166 ne
987 4106 1067 4173 Abel,
1084 4107 1150 4178 quia
1162 4107 1278 4177 sanguis
1292 4107 1363 4162 Abel
1375 4112 1496 4164 mortem
1519 4110 1667 4181 parricidis
1690 4110 1787 4166 fratris

158 4196 320 4265 adjiceretur
326 4199 367 4253 eis
378 4198 504 4253 verbum.
514 4218 526 4252 a
538 4199 581 4253 ab
589 4200 650 4270 ipso
664 4216 784 4270 namque
802 4200 883 4254 initio
894 4200 948 4271 ipsi
988 4196 1077 4268 petiit,
1094 4196 1211 4266 sanguis
1224 4201 1320 4252 eutem
1334 4198 1446 4253 Domini
1461 4199 1548 4253 vitam
1561 4200 1786 4271 persecutoribus

156 4298 234 4342 uass
246 4288 287 4342 rci
302 4288 387 4358 hujus
401 4289 492 4343 eilecti
507 4294 583 4351 sunt,
599 4296 631 4342 ut
649 4290 723 4343 Deus
746 4295 896 4360 appareret
918 4289 947 4345 in
987 4285 1157 4357 impetrarit.
1174 4286 1212 4340 Ut
1224 4302 1291 4356 ergo
1308 4286 1389 4341 nobis
1410 4295 1619 4343 sacramentum
1633 4289 1787 4345 Dominicss

156 4386 243 4431 urna.
261 4395 272 4429 s
291 4377 326 4431 Et
338 4378 472 4449 loquatur
489 4377 579 4439 nobis,
595 4377 695 4448 inquit,
712 4378 832 4448 Moyses,
847 4383 877 4432 et
890 4390 947 4433 non
988 4374 1125 4445 passionis
1140 4390 1196 4427 non
1216 4374 1255 4427 sit
1275 4374 1406 4441 otiosum,
1422 4376 1557 4431 debemus
1581 4377 1687 4431 imitari
1711 4378 1786 4448 quod

157 4456 281 4533 loquatur
294 4466 375 4520 nobis
389 4467 474 4521 Deus.
492 4486 506 4518 s
523 4467 576 4530 Qui
591 4466 814 4536 comparationes
828 4467 944 4534 faciunt,
988 4464 1135 4527 sumimus,
1157 4468 1186 4516 et
1208 4462 1360 4534 praedicare
1382 4466 1490 4519 ceteris
1514 4466 1588 4535 quod
1607 4476 1785 4521 veneramur.

157 4550 268 4608 &iteum
280 4562 390 4625 portem
405 4556 577 4626 deprimunt,
598 4561 630 4609 ut
652 4572 697 4609 res
719 4555 836 4609 alterius
859 4557 947 4626 partis
988 4553 1091 4606 bocum
1107 4551 1181 4605 enim
1195 4551 1295 4605 latenti
1308 4552 1414 4607 clamor
1428 4555 1490 4623 ejus
1503 4553 1532 4607 in
1543 4554 1625 4609 nobis
1634 4554 1785 4621 invenit,si
1806 4586 1810 4592 ·

157 4640 302 4703 canant,
310 4643 351 4698 sic
360 4650 391 4697 et
399 4644 445 4697 hic
455 4662 488 4698 ex
500 4644 711 4715 comparatione
724 4644 835 4698 illorum
850 4652 947 4699 nostra
988 4642 1040 4695 hoc
1052 4640 1126 4711 quod
1141 4656 1221 4693 ruens
1235 4640 1355 4695 credidit
1369 4641 1465 4711 lingua
1479 4647 1562 4697 tacet.
1574 4642 1630 4698 Sed
1644 4658 1680 4698 ns
1693 4643 1723 4698 in
1738 4660 1787 4699 no-

158 4730 260 4799 fedore
277 4733 470 4797 declarantur,
485 4739 514 4787 et
533 4734 650 4787 meliora
668 4740 696 4787 et
712 4733 902 4787 mansuetiora
919 4738 948 4788 at
988 4729 1030 4783 bis
1042 4728 1149 4782 clamor
1162 4729 1224 4798 ejus
1237 4729 1333 4796 lateat,
1350 4736 1440 4785 restat
1454 4735 1487 4785 ut
1499 4732 1692 4804 unusquisque
1702 4734 1785 4804 juxta

154 4815 368 4875 amiradonam
384 4821 556 4891 plemssima.
572 4821 725 4892 Dupliciter
741 4838 864 4892 namque
886 4838 945 4875 me-
987 4818 1132 4872 modulum
1145 4833 1228 4871 suum
1238 4818 1498 4875 nriticationissue
1508 4823 1675 4893 mysterium
1689 4808 1784 4894 proii-

150 4896 310 4973 lienium,
328 4910 463 4981 quoniam
486 4915 515 4965 ct
529 4911 647 4964 meliora
668 4911 753 4964 simul
776 4916 804 4964 et
826 4909 947 4965 clariora
987 4907 1040 4961 mis
1054 4907 1220 4961 innotescat.

143 4998 224 5061 8brit,
238 4997 311 5053 unde
324 4998 530 5053 accessibiliora
542 4999 670 5070 pluribus
686 4999 854 5054 exstiterunt
871 5018 877 5052 :
893 4999 946 5053 hoe
1024 5016 1035 5048 ι
1047 4995 1146 5050 Videte
1161 5012 1196 5050 ne
1210 4998 1346 5051 recusetis
1355 4999 1526 5069 loquentem.
1542 4999 1572 5054 si
1586 5000 1662 5055 enim
1676 4999 1783 5054 illinon

143 5082 250 5157 quippe
262 5087 348 5141 etiam
364 5088 393 5141 in
410 5087 534 5158 Epistola
556 5088 591 5141 ad
607 5088 769 5142 Corinthios
790 5088 858 5142 dicit
875 5088 944 5141 scri·
988 5105 1000 5138 r
1021 5087 1181 5155 effugerunt
1195 5091 1356 5140 recusantes
1370 5102 1444 5152 curn,
1460 5089 1508 5158 qui
1523 5094 1727 5160 superterram
1741 5088 1783 5141 lo·

142 5156 254 5229 burriz«
267 5176 477 5231 Rerelstatecie
485 5176 604 5245 gloriam
616 5177 729 5231 Domini
739 5178 942 5247 speculantes,s
988 5192 1002 5227 a
1018 5174 1166 5246 quebatur‚
1183 5175 1272 5229 multo
1286 5176 1378 5246 magis
1392 5193 1453 5242 nos,
1465 5177 1513 5247 qui
1529 5177 1564 5231 de
1579 5177 1655 5230 omlis
1669 5177 1784 5247 loquen-

138 5262 240 5319 elnon
248 5265 322 5319 sicut
332 5266 453 5336 Moyses,
468 5266 596 5319 velamen
605 5266 681 5320 enirn
689 5264 852 5335 imponebat
860 5280 946 5338 super
988 5272 1077 5320 stem
1105 5264 1185 5318 nobis
1207 5263 1369 5331 avertimus,
1394 5266 1474 5335 cujus
1496 5281 1548 5318 rox
1569 5265 1784 5320 novisanam

118 5332 246 5431 *ffltiem
265 5371 347 5409 suam
361 5355 401 5420 (ΙΙ
419 5356 480 5409 dor.
495 5366 542 5413 ml.
557 5356 620 5409 Non
643 5363 817 5417 meruerunt,
842 5356 942 5426 inquit,
988 5362 1096 5411 stunc,
1112 5353 1196 5406 modo
1210 5360 1306 5407 autem
1320 5353 1493 5425 repromittit
1508 5353 1614 5421 dicens,
1628 5354 1728 5409 Adhuc
1741 5370 1784 5408 se·

135 5430 272 5499 ulam
285 5443 439 5514 percipere,
452 5444 636 5513 qualianobis
650 5444 944 5499 contributanoscun·
987 5442 1087 5506 smel,
1103 5446 1132 5494 et
1152 5456 1204 5511 ego
1227 5441 1344 5496 movebo
1366 5458 1422 5497 non
1445 5442 1536 5497 solum
1558 5448 1675 5509 tenum,
1690 5442 1740 5498 ssd
1754 5450 1784 5497 et

135 5516 292 5595 ⁸²¹1·de
305 5531 439 5587 euimilli
453 5532 547 5587 videre
566 5533 752 5588 meruerunt?
773 5532 904 5587 tenebras
918 5538 947 5587 et
989 5552 1001 5579 Ιἰ
1016 5531 1128 5585 coelum.
1153 5529 1233 5594 Quod
1252 5535 1357 5597 summ,
1381 5531 1481 5585 Adhuc
1506 5533 1605 5601 semel,
1629 5533 1707 5599 dicit,
1736 5532 1783 5587 de·

132 5614 307 5691 Quinem,
323 5620 477 5677 audierunt
495 5622 610 5695 quidem
630 5628 791 5677 atrocem:
808 5622 857 5677 ssd
873 5626 947 5677 etut
989 5620 1112 5675 solarm
1133 5617 1279 5675 mobiuam
1302 5619 1517 5677 mmmmm
1539 5627 1676 5695 mquam
1694 5621 1783 5677 ecta·
