3772 6120
119 252 187 306 tiss
424 251 455 305 Β.
476 251 612 306 aestui
631 251 748 308 ntum
767 246 926 306 ARCHIEP
943 246 1106 305 dedunt.
1127 248 1276 323 OPERUM
1294 249 1387 304 PARS
1406 248 1458 305 111.
1698 245 1760 306 lidi

73 354 78 361 ¹
119 373 301 445 quamobrem
317 380 348 427 ut
363 374 459 428 acedia
469 375 606 440 vincatur,
615 382 681 431 ante
695 373 854 448 superanda
866 372 919 428 tri·
929 373 954 432 Α
964 373 1093 428 nuditate
1106 374 1228 430 sundan'.
1241 375 1328 444 Cujus
1342 371 1424 427 nobis
1433 370 1576 444 passionis
1584 371 1678 426 inesse
1686 372 1762 427 resti·

118 463 196 517 stitia
210 471 251 516 est
264 482 270 530 ς
283 469 314 516 ut
324 463 439 517 tristitia
446 465 629 536 propellatur,
635 466 762 537 iraprius
775 468 918 518 estextru·
958 462 1014 532 gia,
1023 463 1194 535 istoquoque
1202 464 1393 535 deprehensus
1404 462 1505 533 [Furta
1517 461 1760 533 deprehendimus]

118 552 223 609 denda;
236 559 268 605 ut
277 553 472 621 exstinguatur
482 554 533 619 ira,
546 553 917 626 philargyriacaleandaest3
960 551 1072 607 iudicio.
1089 553 1161 607 Cum
1172 552 1243 607 sorte
1257 552 1292 607 ad
1306 552 1489 607 refectionem
1502 550 1613 606 detenti
1626 552 1663 606 ab
1673 552 1760 623 aliquo

117 646 150 695 ut
159 641 295 695 evellatur
301 640 483 713 philargyria,
496 642 642 698 fornicatio
655 643 858 714 compescenda
864 645 916 708 est3
959 640 1221 707 fratrum,contenti
1237 659 1293 696 non
1307 657 1405 695 sumus
1417 657 1557 712 eosapore
1572 639 1650 695 cibos
1657 656 1760 696 sumere

117 734 150 784 ut
163 730 310 784 fornicatio
325 730 487 791 subruatur,
498 732 703 803 gastrimargiae
715 738 759 787 est
767 732 864 787 uitium
871 747 918 784 ca·
961 747 1016 800 quo
1030 729 1066 783 ab
1081 730 1229 785 exhibente
1244 731 1348 784 conditi
1363 730 1501 795 suntsed
1517 729 1655 801 quiddam
1669 746 1761 801 super·

118 819 288 887 stigandum.
310 820 433 874 Residua
453 838 518 874 rero
537 822 602 883 duo,
619 822 647 877 id
662 829 705 876 est
720 821 872 875 ceriodoxia
892 825 920 874 et
960 819 1039 873 lundi
1057 820 1099 874 eis
1110 820 1153 873 rel
1168 819 1252 889 adjici
1270 820 1432 890 importuna
1451 825 1539 891 atque
1552 820 1691 874 effrenata
1703 835 1760 891 pos·

119 908 260 979 superbia,
277 908 328 962 sibi
344 910 458 979 quidem
469 911 600 964 similiter
615 911 671 975 illa,
682 911 781 983 quade
792 909 919 981 superio·
960 907 1049 962 cimus
1061 908 1207 962 libertate:
1225 909 1298 979 quod
1313 909 1374 962 deri
1387 909 1500 980 penitus
1515 925 1575 963 non
1590 913 1701 980 oportet
1713 907 1759 963 tri·

119 996 197 1051 ribus
208 997 281 1051 ritiis
291 998 529 1053 dirirnusrationc
545 1001 714 1070 junguntur,
730 1000 770 1053 ita
783 1004 815 1053 ut
828 999 920 1052 incra·
960 994 1012 1050 bus
1027 997 1062 1050 de
1086 997 1187 1062 causis,
1202 997 1293 1068 primo
1308 998 1375 1069 quia
1389 1015 1470 1052 mens
1486 997 1643 1052 Christiani
1657 1013 1760 1069 semper

119 1094 246 1141 mentum
262 1086 363 1157 prioris
379 1094 458 1141 ortus
473 1088 610 1143 alliciatur
620 1089 745 1143 alterius.
755 1086 921 1142 Cenodoxiae
961 1085 1045 1140 debet
1057 1086 1087 1140 in
1102 1087 1178 1140 omni
1190 1087 1346 1142 tolerantiae
1360 1104 1393 1140 ac
1408 1085 1557 1158 parcitatis
1566 1085 1759 1141 exercitatione

119 1175 195 1231 enim
210 1174 393 1230 exuberantia
415 1177 553 1248 superbier
578 1177 703 1231 fomitem
719 1176 801 1249 parit,
817 1175 866 1230 sed
886 1174 921 1229 ab
961 1175 1268 1240 rersari‚etsecundum
1280 1174 1760 1247 Apostolumdiscereinquibusest

119 1264 175 1319 illis
188 1282 235 1319 sex
250 1264 390 1335 prioribus
404 1266 478 1321 ntiis
492 1266 604 1337 penitus
619 1266 767 1330 dissident,
775 1282 826 1319 nec
834 1263 921 1319 simili
961 1264 1101 1318 sufficiens
1112 1265 1354 1320 esseNullatenus
1364 1265 1760 1336 enimpoteritreloecultarel

120 1371 183 1408 crim
200 1355 240 1408 eis
255 1355 388 1409 societate
403 1356 584 1419 scadcrantur,
603 1356 744 1426 siquidem
759 1370 815 1408 non
829 1354 920 1407 solum
962 1355 1073 1423 majora
1086 1354 1211 1425 corporis
1224 1354 1364 1408 desideria
1378 1354 1533 1422 refrenare,
1546 1354 1676 1426 quisquis
1685 1354 1761 1426 degu-

121 1444 227 1497 nullam
243 1461 274 1497 ex
291 1443 345 1497 illis
362 1444 535 1498 occasionem
559 1462 617 1498 suae
638 1443 829 1515 generationis
852 1442 922 1496 aeci-
962 1442 1083 1497 statione
1095 1443 1210 1498 modicae
1223 1443 1400 1498 insuavitatis
1412 1445 1547 1509 offensus,
1558 1445 1760 1499 neadmomeu·

121 1531 922 1605 piuntsedetiamcontrariomadeatqueordinesuscitari·
961 1536 1022 1585 turn
1035 1532 1148 1603 quidem
1163 1533 1277 1587 delicias
1287 1524 1413 1603 gutturis
1425 1535 1470 1587 sui
1484 1533 1611 1587 valuerit
1620 1533 1758 1604 castigans

120 1629 176 1676 tur.
189 1623 261 1676 Nam
273 1622 326 1676 illis
335 1623 503 1677 erulsishaec
513 1622 639 1677 eventius
651 1623 748 1693 [Forte
757 1622 918 1689 terrentius,
928 1643 952 1704 Β
963 1621 1084 1674 secundo
1099 1622 1172 1691 quod
1185 1638 1388 1694 nonnunquam
1403 1622 1497 1677 evenit
1510 1629 1546 1677 ut
1559 1623 1596 1677 ad
1611 1625 1708 1677 horam
1717 1623 1758 1677 de·

120 1715 161 1764 rel
171 1710 337 1780 evidentius]
349 1710 565 1778 fructificantet
575 1712 687 1766 illorum
697 1718 788 1766 morte
800 1711 920 1766 vivacius
962 1709 1000 1762 sit
1013 1708 1061 1763 illa
1076 1710 1181 1780 species
1196 1727 1257 1782 quta
1270 1712 1430 1782 postulatur
1449 1728 1467 1765 a
1481 1711 1576 1777 nobie,
1593 1718 1623 1767 et
1639 1728 1759 1767 verecun-

120 1799 261 1870 pullulaut
271 1807 550 1870 atquesucerescunt.
558 1801 638 1856 Unde
648 1801 849 1855 etiarndirerso
860 1818 920 1856 mo·
961 1797 1036 1852 diam
1043 1799 1203 1854 necessitati
1213 1800 1255 1854 rel
1262 1800 1607 1872 frugalitatisuscipientis
1619 1801 1758 1855 incutimus

122 1889 157 1942 do
167 1889 202 1942 ab
215 1888 258 1942 his
268 1888 377 1942 duobus
387 1889 675 1961 ritiisimpugnamur,
694 1890 722 1944 in
741 1889 920 1961 unumquod·
962 1886 1136 1957 publicantes
1145 1888 1251 1942 scilicet
1264 1895 1461 1961 paupertatem
1474 1891 1549 1961 ejus,
1558 1906 1646 1960 quam
1654 1890 1758 1944 solilleo

121 1994 175 2047 que
197 1978 308 2031 illorum
331 1994 378 2032 sex
401 1979 531 2033 vitiorum
554 1986 622 2033 tunc
649 1979 808 2044 incidimus,
825 1995 922 2033 cuma
962 1976 1102 2047 cognitam
1117 1994 1179 2032 esse
1188 1977 1336 2032 maluerat.
1348 1979 1443 2033 Tertio
1456 1979 1533 2050 quod
1543 1979 1687 2033 interdum
1696 1980 1758 2033 solet

122 2066 341 2137 precedentibus
352 2084 448 2122 eorum
458 2068 672 2134 fuerimuselisi,
686 2069 779 2123 inluso
789 2085 854 2123 rero
864 2068 921 2123 duo
962 2082 1046 2137 sapor
1058 2065 1116 2130 ille,
1131 2083 1214 2138 quem
1225 2084 1276 2121 nos
1291 2067 1474 2139 adipiscimur
1487 2067 1552 2122 aliis
1567 2067 1720 2139 displicere,
1733 2072 1760 2121 et

120 2155 238 2210 victores
246 2162 274 2209 et
282 2156 323 2209 rel
334 2156 454 2211 inarime
468 2163 532 2229 post
550 2159 709 2230 triumphos
727 2157 922 2229 periclitamur
963 2154 1265 2225 itu-enimurinjuriam
1281 2156 1386 2223 multis,
1400 2157 1468 2210 dum
1479 2163 1587 2211 nostrae
1595 2157 1668 2227 gula
1677 2173 1708 2210 ae
1717 2156 1758 2210 de·

122 2244 274 2299 incurrere.
287 2245 389 2301 Omnia
403 2246 490 2317 igitur
504 2247 571 2301 vitia
586 2247 823 2317 quemadmodum
834 2247 921 2301 incre
962 2242 1065 2298 siderio
1081 2244 1240 2299 satiasset-e
1255 2245 1392 2316 cupimus,
1408 2245 1547 2316 irrogare,
1563 2245 1757 2319 propterquod

121 2340 216 2388 triento
230 2335 447 2405 pracanensium
460 2342 642 2406 generantur,
659 2336 699 2390 ita
713 2336 825 2402 illorum
838 2334 921 2389 dimi·
963 2333 1131 2388 omnimodis
1141 2334 1199 2388 haee
1207 2334 1236 2388 in
1247 2332 1326 2388 nobis
1339 2339 1383 2389 est
1390 2335 1557 2406 castiganda
1567 2335 1690 2392 libertas.
1700 2335 1757 2389 For·

122 2423 237 2477 uutionc
253 2430 419 2494 purgantur,
436 2431 464 2478 et
476 2423 824 2496 hacintione,utsuperbia
834 2424 923 2496 possit
963 2422 1112 2476 nicationis
1124 2439 1230 2492 genera
1243 2427 1310 2477 sunt
1322 2423 1387 2477 tria.
1399 2423 1529 2479 Primum
1542 2425 1619 2497 quod
1632 2441 1681 2496 per
1692 2440 1758 2478 eom·

122 2512 241 2583 explodi,
258 2513 410 2567 cenodoxia
429 2519 472 2567 est
492 2514 678 2584 praesoeinda,
701 2520 730 2568 et
752 2513 793 2568 ita
811 2530 923 2583 semper
963 2510 1126 2564 mixtionem
1149 2527 1230 2566 sexus
1254 2511 1402 2583 utriusque
1426 2513 1586 2583 perficitur,
1612 2513 1755 2568 secundum

124 2601 263 2671 prioribus
277 2603 425 2672 superatis,
442 2602 589 2673 sequentia
603 2602 808 2674 conquiescent,
826 2608 855 2656 et
873 2619 921 2656 ex·
962 2599 1068 2670 absque
1083 2599 1202 2655 femineo
1216 2607 1302 2666 tactu,
1320 2618 1370 2672 pro
1387 2618 1442 2672 quo
1461 2601 1718 2672 patriarchaeludre
1729 2603 1755 2656 ti·

122 2690 619 2762 stinctionepraecodcntiunrresiduae
629 2692 773 2764 passiones
783 2696 868 2763 atque
878 2693 920 2746 la·
962 2688 1015 2742 lius
1027 2705 1045 2742 a
1058 2688 1177 2743 Domino
1192 2705 1341 2760 percussus
1355 2690 1468 2760 legitur,
1478 2691 1555 2761 quod
1566 2691 1598 2745 iu
1614 2690 1753 2763 Scripturis

121 2777 188 2833 bore
203 2787 384 2844 marcescent,
396 2787 424 2834 ct
435 2781 568 2836 licethaee
583 2798 645 2852 quae
664 2781 844 2852 praediximus
859 2786 920 2835 octo
961 2777 1065 2832 sanctis
1080 2778 1259 2832 immunditia
1272 2784 1461 2850 nuncupatur,
1473 2796 1562 2850 super
1576 2796 1632 2852 quo
1645 2781 1754 2851 Aposto-

122 2866 732 2938 ritiaillaqunmcornmemoravimusratione
739 2869 792 2924 sibi
800 2869 917 2923 invicem
962 2866 1024 2920 lus:
1039 2888 1050 2916 ι
1067 2867 1235 2922 Dicoautem
1245 2868 1370 2938 innuptis
1384 2874 1411 2923 et
1426 2868 1645 2933 viduis,bonum
1655 2875 1698 2924 est
1706 2867 1752 2923 illis

121 2973 247 3010 corrrxexa
261 2962 346 3026 atque
361 2958 496 3027 permista
511 2959 577 3024 sint,
597 2958 763 3030 specialibus
778 2965 873 3012 tamen
888 2958 917 3013 in
962 2955 986 3008 si
1001 2955 1040 3009 sic
1054 2956 1261 3026 permanserint
1273 2957 1345 3011 sicut
1360 2963 1389 3011 et
1407 2974 1468 3028 ege,
1476 2957 1553 3027 quod
1567 2957 1591 3013 si
1605 2974 1662 3012 non
1674 2957 1751 3012 coutin

122 3050 243 3114 quatuor
253 3046 465 3115 conjugationes
475 3052 503 3100 et
512 3048 803 3118 copulasdiriduntur.
816 3046 923 3102 Gastri-
963 3050 1040 3109 nent,
1057 3042 1174 3112 nubant,
1191 3046 1292 3100 melius
1306 3052 1349 3100 est
1363 3047 1440 3101 enim
1454 3045 1562 3100 nubere
1577 3064 1664 3118 quam
1678 3045 1717 3101 un'
1731 3045 1750 3111 (l

122 3135 235 3202 margia
250 3150 371 3204 namque
385 3135 532 3190 fornicatio
548 3135 682 3206 peculiari
697 3136 921 3191 consideratione
963 3136 1024 3189 Gor.
1039 3147 1086 3198 ru,
1102 3133 1141 3202 9).
1161 3152 1172 3184 ι
1192 3134 1319 3189 Tertium
1336 3135 1410 3206 quod
1425 3135 1521 3188 animo
1542 3152 1576 3189 ae
1590 3141 1684 3189 ruente
1695 3149 1748 3188 oon·

121 3222 281 3285 liaderatnr,
302 3223 481 3294 philargyriae
500 3224 552 3288 ira,
569 3225 690 3279 tristitiae
714 3225 819 3292 acedia,
836 3242 919 3279 ceno·
962 3221 1075 3292 cipitur,
1096 3222 1131 3275 dc
1147 3238 1202 3292 quo
1214 3222 1350 3278 Dominus
1364 3223 1394 3277 in
1405 3224 1556 3294 Evangelio
1567 3224 1644 3277 ait:‹
1660 3221 1747 3288 Quiri·

120 3310 208 3365 doxia·
221 3311 352 3382 superbia
367 3312 542 3366 familiariter
556 3315 752 3385 conjungatur.
961 3310 1034 3364 derit
1048 3310 1196 3365 mulierem
1211 3312 1246 3365 ad
1261 3312 1516 3383 concupiscendum
1532 3330 1608 3376 eam,
1624 3313 1682 3383 jam
1694 3326 1745 3365 ma·

961 3399 1059 3453 chatus
1074 3405 1117 3453 est
1130 3417 1192 3454 earn
1208 3400 1237 3454 in
1251 3401 1334 3456 corde
1357 3418 1409 3454 suo
1425 3403 1531 3469 illottlr.
1549 3420 1575 3463 r,
1593 3401 1648 3469 98).
1665 3422 1677 3453 a
1692 3401 1742 3464 Qua·

956 3488 1011 3543 tn'a
1018 3505 1122 3559 genera
1128 3488 1379 3561 beatusnpostolus
1392 3491 1545 3561 parimodo
1559 3488 1740 3561 exstinguenda

957 3577 1163 3648 pronuntians:
1183 3598 1195 3629 a
1211 3579 1386 3644 Mortificate,
1401 3579 1502 3649 inquit,
1517 3578 1646 3633 membra
1659 3586 1739 3640 reatu,

120 3455 185 3508 Otr.
199 3455 296 3510 LXlll.
308 3486 340 3495 -
351 3457 387 3510 lle
399 3459 538 3523 oriqiuret
548 3461 681 3525 qiialilole
698 3460 917 3529 utriuscujusque

481 3531 554 3582 sitii.

155 3653 272 3724 (Serapi.)
288 3655 323 3710 Et
336 3661 368 3709 ut
381 3655 545 3726 singillatim
560 3674 635 3711 nunc
649 3659 684 3713 de
694 3659 916 3731 uniuscujusque
959 3683 1020 3737 quaa
1028 3673 1095 3721 sunt
1102 3682 1187 3738 super
1195 3667 1736 3734 terrentiumirationemdmmunditiau,

120 3742 918 3819 ritiigeneribusdisputemusgastrimargiaegenerasunt
959 3754 1114 3815 libidinem.
1132 3762 1184 3811 etc.
1215 3758 1307 3826 (Gelos.
1323 3772 1361 3821 111,
1378 3757 1414 3825 5).
1445 3757 1510 3811 »Et
1524 3757 1629 3813 iterum
1642 3757 1737 3812 dedeo·

119 3832 188 3887 tria:
201 3833 324 3905 primurn
338 3834 413 3905 quod
428 3834 464 3888 ad
479 3835 659 3890 resectionem
679 3843 811 3908 perurget
827 3836 917 3891 homi·
959 3842 1010 3899 bus
1025 3845 1060 3898 ad
1085 3845 1237 3917 Ephesios:
1263 3863 1277 3898 a
1301 3845 1459 3900 Fornicatio
1473 3852 1503 3900 et
1516 3846 1735 3902 immunditiam

119 3937 194 3987 nem,
211 3929 276 3976 ante
292 3922 391 3978 horam
406 3929 541 3978 statutam
556 3925 757 3997 aclegitimam
773 3926 915 3993 festinare,
958 3932 1139 3988 nominentur
1160 3934 1190 3989 in
1213 3934 1290 3989 robis
1304 3935 1409 4003 (Ephes.
1438 3952 1465 4001 r,
1493 3934 1530 4004 3).
1550 3937 1614 3991 »Et
1635 3937 1733 3990 iterun:

119 4011 273 4065 secundum
288 4012 362 4082 quod
378 4013 534 4083 expletione
549 4013 654 4069 ventris
677 4028 706 4069 et
727 4015 918 4087 quarumlibet
959 4022 1153 4078 ‹Illudautem
1167 4023 1266 4078 scitote
1277 4024 1350 4095 quod
1361 4024 1453 4079 omnis
1467 4025 1632 4087 fornicator,
1639 4029 1683 4079 aut
1694 4024 1731 4076 in·

119 4116 247 4154 escarum
261 4101 413 4155 voracitate
430 4102 551 4168 laetatur,
567 4103 692 4169 tertium,
709 4105 782 4175 quod
802 4122 916 4161 accura-
958 4112 1262 4180 mundusautararus,
1274 4112 1677 4185 quodestidolorumserritus,
1690 4124 1729 4166 uon

117 4187 204 4242 tiores
217 4205 249 4242 ac
269 4189 482 4245 delicatissimos
504 4191 646 4248 desiderat
667 4193 751 4248 eibos.
772 4194 840 4259 Qua
861 4195 918 4250 tria
957 4200 1043 4256 habet
1058 4202 1251 4257 haereditatem
1272 4202 1402 4274 imregno
1419 4203 1524 4259 Christi
1539 4210 1568 4259 et
1582 4205 1632 4258 Dei
1646 4202 1727 4271 (Epta.

119 4277 235 4332 nonleri
245 4278 391 4350 dispendio
404 4279 594 4335 Christianum
606 4281 719 4348 feriunt,
734 4283 788 4337 uisi
804 4282 838 4337 ab
853 4293 981 4352 om·1)v,
1000 4290 1026 4356 ὅ)
1056 4310 1068 4341 ι
1085 4292 1152 4356 Quae
1166 4291 1222 4346 tria
1243 4296 1276 4346 ut
1300 4308 1318 4346 a
1335 4291 1416 4346 nobis
1428 4293 1490 4363 pari
1504 4292 1688 4348 observatione
1698 4303 1729 4341 ee·

118 4367 269 4422 nibusistis
279 4368 339 4438 pari
348 4368 441 4422 studio
452 4375 536 4441 atque
546 4369 723 4425 obsersantia
732 4373 915 4445 semetipsum
955 4379 1180 4435 reantursimilis
1188 4397 1344 4435 noseorum
1354 4399 1371 4434 a
1385 4398 1472 4452 regno
1486 4382 1590 4437 Christi
1601 4390 1678 4453 atque
1687 4392 1727 4433 uns
1783 4374 1785 4379 ’

118 4457 246 4527 expedire
255 4457 440 4513 contenderit.
448 4460 520 4513 Nam
531 4461 769 4530 quemadmodum
775 4462 914 4518 absolutio
956 4469 1080 4523 deterret
1091 4470 1222 4524 exclusio.
1238 4470 1420 4542 philargyria
1429 4456 1607 4541 generasunt
1620 4471 1678 4534 tria,
1687 4466 1728 4539 pri·
1780 4492 1785 4527 r

6 4585 12 4591 .
115 4546 215 4615 Jejunii
232 4552 297 4601 ante
312 4547 410 4601 horam
422 4548 584 4602 canonicam
599 4549 810 4622 legitimamque
822 4553 914 4607 nulla·
955 4574 1033 4613 mum
1063 4559 1137 4629 quod
1164 4559 1395 4617 abrenuntiantes
1410 4560 1515 4615 divitiis
1529 4578 1562 4615 ao
1575 4555 1727 4614 facultatibus
1783 4540 1785 4563 '

118 4640 200 4688 tenus
215 4636 408 4705 praesumenda
422 4643 473 4702 est,
495 4637 536 4691 ita
557 4645 586 4692 ct
609 4640 713 4693 ventris
733 4640 869 4711 ingluvies
886 4647 915 4698 et
955 4647 1014 4703 suis
1033 4648 1147 4719 spoliari
1175 4665 1231 4703 non
1258 4649 1335 4713 sinit,
1359 4650 1515 4705 seeundum
1529 4650 1643 4722 quodea
1656 4658 1726 4718 quaa

118 4739 245 4777 escarum
256 4730 420 4794 sumptuosa
429 4728 829 4802 atqueexquisitapraeparatio
839 4731 915 4785 simi·
955 4735 1034 4791 uobis
1048 4736 1176 4808 dispersa
1190 4743 1264 4805 sunt,
1281 4739 1323 4792 rel
1337 4738 1529 4809 indigentibus
1543 4737 1726 4800 distributam·

116 4813 182 4866 liter
196 4814 378 4884 amputanda,
394 4832 426 4869 ex
443 4815 485 4868 liis
499 4815 573 4870 euim
587 4816 677 4873 tribus
692 4820 783 4872 causis
798 4820 914 4877 dirersre
955 4842 1065 4880 sumere
1090 4841 1141 4882 nos
1156 4828 1262 4898 maJ'ore
1281 4827 1435 4898 cupiditate
1459 4829 1618 4899 persuadet,
1633 4824 1723 4881 terrim

117 4902 291 4973 acpessimae
309 4903 481 4959 valetudines
505 4905 606 4961 anima
627 4914 832 4977 procreantur:
848 4927 914 4966 nam
955 4915 1029 4986 quod
1044 4932 1078 4971 ea
1092 4932 1154 4986 quar
1166 4933 1218 4972 nee
1231 4921 1316 4971 antea
1329 4916 1443 4988 quidem
1458 4918 1631 4990 possedimus
1640 4910 1723 4970 deside·
1783 4912 1785 4929 ²

117 4992 152 5048 de
164 4992 265 5071 prima,
281 4992 506 5063 congregationis
520 4994 615 5049 odium
630 4995 765 5067 gignitur,
780 5006 915 5072 atqueex-
954 5005 1012 5058 rari
1040 5005 1203 5076 adquiarive
1227 5005 1390 5077 [acquirive]
1413 5007 1566 5078 compellit.
1581 5008 1630 5063 lrae
1641 5011 1721 5076 genem

117 5081 182 5136 inde
196 5082 296 5137 horror
307 5087 336 5136 et
345 5082 526 5137 intolerantia
536 5084 822 5155 ejusdemeoncroscit
836 5089 913 5144 habi·
954 5098 1020 5147 sunt
1032 5094 1097 5159 tria,
1124 5111 1212 5149 unum
1228 5094 1302 5166 quod
1315 5095 1472 5150 exardescit
1483 5096 1654 5159 intrinsecus,
1668 5084 1719 5163 quod

116 5170 212 5228 iaculi.
223 5188 307 5242 quam
317 5170 470 5226 sinedubio
480 5189 544 5227 mox
554 5172 696 5235 discessio.
713 5193 745 5231 ae
761 5177 828 5249 suga
840 5179 913 5235 velo·
954 5182 1049 5238 Gracc
1063 5184 1144 5258 θυμὸς
1157 5183 1270 5249 dicitur,
1283 5183 1358 5239 aliud
1374 5184 1449 5255 quod
1465 5186 1494 5239 in
1504 5185 1617 5240 uerbum
1633 5190 1659 5237 et
1670 5191 1718 5250 opus·

116 5259 228 5314 cissima
241 5258 437 5332 subsequetur.
453 5261 492 5315 De
506 5263 630 5318 secunda
643 5264 724 5335 igniti
744 5267 860 5323 luxuriae
880 5284 913 5323 ac
954 5271 1139 5344 effectumque
1162 5274 1320 5345 prorumpit
1339 5274 1414 5345 quod
1427 5275 1494 5352 ὀρνή
1510 5279 1683 5346 nuncupatur,
1695 5264 1717 5317 di

116 5345 241 5402 libidinis
255 5350 345 5404 aculei
362 5349 541 5406 suscitantur.
552 5351 649 5408 Tertia
662 5353 747 5409 etiam
767 5356 913 5412 inextrica-
954 5359 1055 5431 quibus
1069 5362 1252 5431 etApostolus
1261 5380 1285 5414 :a
1301 5363 1488 5418 Nuncautem
1497 5354 1715 5436 deponiteinquil

119 5431 187 5487 biles
203 5436 380 5508 philargyria
395 5440 509 5509 laqueos
525 5440 613 5496 nectit
622 5443 774 5500 cervicibus
788 5446 912 5518 captiuo·
954 5455 1036 5504 etvos
1051 5467 1164 5504 ornnem
1181 5451 1490 5522 iram,indignationem
1509 5455 1604 5521 (t‘olos.
1616 5468 1651 5507 in.
1665 5448 1716 5509 ill

119 5537 192 5588 rum,
207 5539 257 5579 nec
273 5526 422 5597 aliquando
438 5529 580 5585 bominem
594 5531 663 5588 sinit
676 5534 799 5606 perfecta
808 5536 912 5592 Christi
952 5538 1079 5595 Tertium
1094 5540 1270 5612 quodnouut
1279 5540 1473 5597 illaellerrens
1486 5542 1523 5597 ad
1537 5531 1717 5607 bonamdigni·
