<?xml version="1.0" encoding="UTF-8"?>
<!DOCTYPE html PUBLIC "-//W3C//DTD XHTML 1.0 Transitional//EN"
    "http://www.w3.org/TR/xhtml1/DTD/xhtml1-transitional.dtd">
<html xmlns="http://www.w3.org/1999/xhtml" xml:lang="en" lang="en">
 <head>
  <title>
</title>
<meta http-equiv="Content-Type" content="text/html;charset=utf-8" />
  <meta name='ocr-system' content='tesseract 3.04.00' />
  <meta name='ocr-capabilities' content='ocr_page ocr_carea ocr_par ocr_line ocrx_word'/>
</head>
<body>
  <div class='ocr_page' id='page_1' title='image "./patrologiaecurs22goog_0061.png"; bbox 0 0 3772 6120; ppageno 0'>
   <div class='ocr_carea' id='block_1_1' title="bbox 119 272 1751 335">
    <p class='ocr_par' dir='ltr' id='par_1_1' title="bbox 119 272 1751 335">
     <span class='ocr_line' id='line_1_1' title="bbox 119 272 1751 335; baseline -0.002 -3"><span class='ocrx_word' id='word_1_1' title='bbox 119 275 168 335; x_wconf 88' lang='lat' dir='ltr'><strong>lll</strong></span> <span class='ocrx_word' id='word_1_2' title='bbox 414 278 446 331; x_wconf 87' lang='lat' dir='ltr'><strong>D.</strong></span> <span class='ocrx_word' id='word_1_3' title='bbox 466 274 602 331; x_wconf 82' lang='lat' dir='ltr'><strong>RABANI</strong></span> <span class='ocrx_word' id='word_1_4' title='bbox 622 276 737 330; x_wconf 78' lang='lat' dir='ltr'><strong>blAURl</strong></span> <span class='ocrx_word' id='word_1_5' title='bbox 756 275 923 329; x_wconf 82' lang='lat' dir='ltr'><strong>ARCHIEP.</strong></span> <span class='ocrx_word' id='word_1_6' title='bbox 943 275 1105 330; x_wconf 82' lang='lat' dir='ltr'>MOGUNT.</span> <span class='ocrx_word' id='word_1_7' title='bbox 1126 274 1274 330; x_wconf 86' lang='lat' dir='ltr'>OPERUM</span> <span class='ocrx_word' id='word_1_8' title='bbox 1292 274 1385 328; x_wconf 81' lang='lat' dir='ltr'><strong>PARS</strong></span> <span class='ocrx_word' id='word_1_9' title='bbox 1403 273 1453 328; x_wconf 91' lang='lat' dir='ltr'><strong>lll.</strong></span> <span class='ocrx_word' id='word_1_10' title='bbox 1701 272 1751 328; x_wconf 79' lang='lat' dir='ltr'><strong>itt</strong></span> 
     </span>
    </p>
   </div>
   <div class='ocr_carea' id='block_1_2' title="bbox 111 384 1756 1535">
    <p class='ocr_par' dir='ltr' id='par_1_2' title="bbox 111 384 1756 1535">
     <span class='ocr_line' id='line_1_2' title="bbox 117 384 1752 470; baseline -0.002 -15"><span class='ocrx_word' id='word_1_11' title='bbox 117 400 306 456; x_wconf 86' lang='lat' dir='ltr'><strong>mundalabia</strong></span> <span class='ocrx_word' id='word_1_12' title='bbox 314 400 415 455; x_wconf 87' lang='lat' dir='ltr'><strong>habere</strong></span> <span class='ocrx_word' id='word_1_13' title='bbox 424 400 567 454; x_wconf 82' lang='lat' dir='ltr'><strong>sedixerat</strong></span> <span class='ocrx_word' id='word_1_14' title='bbox 574 384 796 470; x_wconf 82' lang='lat' dir='ltr'><strong>purgaretlabia</strong></span> <span class='ocrx_word' id='word_1_15' title='bbox 803 414 910 464; x_wconf 88' lang='lat' dir='ltr'><strong>eorum,</strong></span> <span class='ocrx_word' id='word_1_16' title='bbox 920 401 945 460; x_wconf 83' lang='lat' dir='ltr'>A</span> <span class='ocrx_word' id='word_1_17' title='bbox 954 398 1044 463; x_wconf 84' lang='lat' dir='ltr'><strong>inseri,</strong></span> <span class='ocrx_word' id='word_1_18' title='bbox 1061 399 1165 453; x_wconf 86' lang='lat' dir='ltr'><strong>mortui</strong></span> <span class='ocrx_word' id='word_1_19' title='bbox 1185 398 1340 462; x_wconf 88' lang='lat' dir='ltr'><strong>ambulant,</strong></span> <span class='ocrx_word' id='word_1_20' title='bbox 1362 415 1428 453; x_wconf 86' lang='lat' dir='ltr'><strong>saxa</strong></span> <span class='ocrx_word' id='word_1_21' title='bbox 1442 402 1621 468; x_wconf 87' lang='lat' dir='ltr'><strong>rumpuntur,</strong></span> <span class='ocrx_word' id='word_1_22' title='bbox 1635 397 1695 451; x_wconf 73' lang='lat' dir='ltr'><strong>haec</strong></span> <span class='ocrx_word' id='word_1_23' title='bbox 1709 404 1752 451; x_wconf 90' lang='lat' dir='ltr'><strong>est</strong></span> 
     </span>
     <span class='ocr_line' id='line_1_3' title="bbox 117 487 1752 561; baseline -0.002 -17"><span class='ocrx_word' id='word_1_24' title='bbox 117 495 150 545; x_wconf 87' lang='lat' dir='ltr'><strong>ut</strong></span> <span class='ocrx_word' id='word_1_25' title='bbox 171 490 352 561; x_wconf 83' lang='lat' dir='ltr'><strong>Evangelium</strong></span> <span class='ocrx_word' id='word_1_26' title='bbox 380 489 483 544; x_wconf 82' lang='lat' dir='ltr'>Christi</span> <span class='ocrx_word' id='word_1_27' title='bbox 501 488 599 558; x_wconf 91' lang='lat' dir='ltr'><strong>purius</strong></span> <span class='ocrx_word' id='word_1_28' title='bbox 618 487 809 559; x_wconf 69' lang='lat' dir='ltr'><strong>praedicarent,</strong></span> <span class='ocrx_word' id='word_1_29' title='bbox 825 493 855 541; x_wconf 93' lang='lat' dir='ltr'><strong>et</strong></span> <span class='ocrx_word' id='word_1_30' title='bbox 881 487 911 541; x_wconf 89' lang='lat' dir='ltr'><strong>in</strong></span> <span class='ocrx_word' id='word_1_31' title='bbox 952 489 1052 557; x_wconf 80' lang='lat' dir='ltr'><strong>gloria,</strong></span> <span class='ocrx_word' id='word_1_32' title='bbox 1068 488 1102 541; x_wconf 91' lang='lat' dir='ltr'><strong>dc</strong></span> <span class='ocrx_word' id='word_1_33' title='bbox 1119 504 1174 557; x_wconf 85' lang='lat' dir='ltr'><strong>qua</strong></span> <span class='ocrx_word' id='word_1_34' title='bbox 1183 487 1351 558; x_wconf 89' lang='lat' dir='ltr'><strong>loquebatur</strong></span> <span class='ocrx_word' id='word_1_35' title='bbox 1364 488 1393 541; x_wconf 89' lang='lat' dir='ltr'><strong>in</strong></span> <span class='ocrx_word' id='word_1_36' title='bbox 1406 487 1515 557; x_wconf 85' lang='lat' dir='ltr'><strong>psalmo</strong></span> <span class='ocrx_word' id='word_1_37' title='bbox 1531 504 1536 539; x_wconf 92' lang='lat'><strong>:</strong></span> <span class='ocrx_word' id='word_1_38' title='bbox 1552 487 1684 552; x_wconf 81' lang='lat' dir='ltr'><strong>lissurpe,</strong></span> <span class='ocrx_word' id='word_1_39' title='bbox 1693 490 1752 553; x_wconf 85' lang='lat' dir='ltr'><strong>pto·</strong></span> 
     </span>
     <span class='ocr_line' id='line_1_4' title="bbox 117 576 1752 651; baseline -0.004 -17"><span class='ocrx_word' id='word_1_40' title='bbox 117 578 192 634; x_wconf 78' lang='lat' dir='ltr'><strong>isaia</strong></span> <span class='ocrx_word' id='word_1_41' title='bbox 202 578 315 651; x_wconf 87' lang='lat' dir='ltr'><strong>quidem</strong></span> <span class='ocrx_word' id='word_1_42' title='bbox 332 580 396 644; x_wconf 81' lang='lat' dir='ltr'><strong>(isa.</strong></span> <span class='ocrx_word' id='word_1_43' title='bbox 410 580 448 645; x_wconf 74' lang='lat' dir='ltr'><strong>iu)</strong></span> <span class='ocrx_word' id='word_1_44' title='bbox 464 576 679 648; x_wconf 81' lang='lat' dir='ltr'><strong>superliminare</strong></span> <span class='ocrx_word' id='word_1_45' title='bbox 692 576 790 647; x_wconf 92' lang='lat' dir='ltr'><strong>templi</strong></span> <span class='ocrx_word' id='word_1_46' title='bbox 810 576 913 630; x_wconf 90' lang='lat' dir='ltr'><strong>dicitur</strong></span> <span class='ocrx_word' id='word_1_47' title='bbox 952 580 999 630; x_wconf 89' lang='lat' dir='ltr'><strong>ria</strong></span> <span class='ocrx_word' id='word_1_48' title='bbox 1014 593 1083 642; x_wconf 89' lang='lat' dir='ltr'><strong>mea,</strong></span> <span class='ocrx_word' id='word_1_49' title='bbox 1099 593 1222 644; x_wconf 84' lang='lat' dir='ltr'><strong>ccsurpe,</strong></span> <span class='ocrx_word' id='word_1_50' title='bbox 1235 580 1400 645; x_wconf 74' lang='lat' dir='ltr'><em>psalterium</em></span> <span class='ocrx_word' id='word_1_51' title='bbox 1415 582 1439 630; x_wconf 85' lang='lat' dir='ltr'><strong>et</strong></span> <span class='ocrx_word' id='word_1_52' title='bbox 1454 576 1562 629; x_wconf 76' lang='lat' dir='ltr'><strong>cittium</strong></span> <span class='ocrx_word' id='word_1_53' title='bbox 1576 577 1659 642; x_wconf 82' lang='lat' dir='ltr'><strong>(Psat.</strong></span> <span class='ocrx_word' id='word_1_54' title='bbox 1676 576 1752 642; x_wconf 76' lang='lat' dir='ltr'><strong>cru),</strong></span> 
     </span>
     <span class='ocr_line' id='line_1_5' title="bbox 117 661 1756 736; baseline -0.004 -14"><span class='ocrx_word' id='word_1_55' title='bbox 117 666 202 722; x_wconf 84' lang='lat' dir='ltr'><strong>fuisse</strong></span> <span class='ocrx_word' id='word_1_56' title='bbox 217 672 399 731; x_wconf 89' lang='lat' dir='ltr'><strong>commotum,</strong></span> <span class='ocrx_word' id='word_1_57' title='bbox 413 670 443 719; x_wconf 90' lang='lat' dir='ltr'><strong>et</strong></span> <span class='ocrx_word' id='word_1_58' title='bbox 455 666 563 736; x_wconf 87' lang='lat' dir='ltr'><strong>repleta</strong></span> <span class='ocrx_word' id='word_1_59' title='bbox 576 665 774 719; x_wconf 91' lang='lat' dir='ltr'><strong>omnisdomus</strong></span> <span class='ocrx_word' id='word_1_60' title='bbox 786 665 874 731; x_wconf 87' lang='lat' dir='ltr'><strong>fumo,</strong></span> <span class='ocrx_word' id='word_1_61' title='bbox 884 665 912 720; x_wconf 94' lang='lat' dir='ltr'><strong>id</strong></span> <span class='ocrx_word' id='word_1_62' title='bbox 955 663 1073 734; x_wconf 89' lang='lat' dir='ltr'><strong>Ipsaque</strong></span> <span class='ocrx_word' id='word_1_63' title='bbox 1084 663 1118 716; x_wconf 91' lang='lat' dir='ltr'><strong>dc</strong></span> <span class='ocrx_word' id='word_1_64' title='bbox 1132 681 1161 717; x_wconf 89' lang='lat' dir='ltr'><strong>se</strong></span> <span class='ocrx_word' id='word_1_65' title='bbox 1173 663 1325 734; x_wconf 89' lang='lat' dir='ltr'><strong>respondit,</strong></span> <span class='ocrx_word' id='word_1_66' title='bbox 1334 664 1425 733; x_wconf 84' lang='lat' dir='ltr'><strong>gloria</strong></span> <span class='ocrx_word' id='word_1_67' title='bbox 1436 669 1463 717; x_wconf 90' lang='lat' dir='ltr'><strong>et</strong></span> <span class='ocrx_word' id='word_1_68' title='bbox 1479 662 1649 733; x_wconf 80' lang='lat' dir='ltr'><strong>dispensatio</strong></span> <span class='ocrx_word' id='word_1_69' title='bbox 1663 661 1756 716; x_wconf 85' lang='lat' dir='ltr'><strong>carnis</strong></span> 
     </span>
     <span class='ocr_line' id='line_1_6' title="bbox 111 748 1754 829; baseline -0.005 -19"><span class='ocrx_word' id='word_1_70' title='bbox 111 756 170 822; x_wconf 76' lang='grc' dir='ltr'>θεῖ,</span> <span class='ocrx_word' id='word_1_71' title='bbox 186 771 280 810; x_wconf 89' lang='lat' dir='ltr'><strong>errore</strong></span> <span class='ocrx_word' id='word_1_72' title='bbox 295 760 324 808; x_wconf 90' lang='lat' dir='ltr'><strong>et</strong></span> <span class='ocrx_word' id='word_1_73' title='bbox 337 753 590 825; x_wconf 87' lang='lat' dir='ltr'><strong>tenebris,verique</strong></span> <span class='ocrx_word' id='word_1_74' title='bbox 604 753 779 824; x_wconf 74' lang='lat' dir='ltr'><strong>ignorantia,</strong></span> <span class='ocrx_word' id='word_1_75' title='bbox 795 754 825 808; x_wconf 89' lang='lat' dir='ltr'><strong>in</strong></span> <span class='ocrx_word' id='word_1_76' title='bbox 839 754 914 824; x_wconf 91' lang='lat' dir='ltr'><strong>prin·</strong></span> <span class='ocrx_word' id='word_1_77' title='bbox 936 825 939 829; x_wconf 46' lang='lat'>‚</span> <span class='ocrx_word' id='word_1_78' title='bbox 955 754 1114 821; x_wconf 79' lang='lat' dir='ltr'><strong>assumpte,</strong></span> <span class='ocrx_word' id='word_1_79' title='bbox 1131 766 1277 818; x_wconf 79' lang='lat' dir='ltr'><strong>crsurpam</strong></span> <span class='ocrx_word' id='word_1_80' title='bbox 1292 752 1417 815; x_wconf 84' lang='lat' dir='ltr'><strong>diticuto,</strong></span> <span class='ocrx_word' id='word_1_81' title='bbox 1425 755 1457 803; x_wconf 93' lang='lat' dir='ltr'><strong>ut</strong></span> <span class='ocrx_word' id='word_1_82' title='bbox 1469 750 1621 820; x_wconf 90' lang='lat' dir='ltr'><strong>impleatur</strong></span> <span class='ocrx_word' id='word_1_83' title='bbox 1628 748 1754 802; x_wconf 79' lang='lat' dir='ltr'><strong>vicesimi</strong></span> 
     </span>
     <span class='ocr_line' id='line_1_7' title="bbox 118 837 1756 914; baseline -0.004 -16"><span class='ocrx_word' id='word_1_84' title='bbox 118 844 191 914; x_wconf 93' lang='lat' dir='ltr'><strong>cipio</strong></span> <span class='ocrx_word' id='word_1_85' title='bbox 203 848 298 898; x_wconf 89' lang='lat' dir='ltr'><strong>autem</strong></span> <span class='ocrx_word' id='word_1_86' title='bbox 313 843 455 913; x_wconf 82' lang='lat' dir='ltr'><strong>Evangelii</strong></span> <span class='ocrx_word' id='word_1_87' title='bbox 461 844 586 914; x_wconf 89' lang='lat' dir='ltr'><strong>repletur</strong></span> <span class='ocrx_word' id='word_1_88' title='bbox 600 842 707 914; x_wconf 86' lang='lat' dir='ltr'><strong>Spiritu</strong></span> <span class='ocrx_word' id='word_1_89' title='bbox 716 849 812 897; x_wconf 89' lang='lat' dir='ltr'><strong>sancto</strong></span> <span class='ocrx_word' id='word_1_90' title='bbox 820 843 913 897; x_wconf 88' lang='lat' dir='ltr'><strong>Eccle-</strong></span> <span class='ocrx_word' id='word_1_91' title='bbox 954 839 1038 908; x_wconf 90' lang='lat' dir='ltr'><strong>primi</strong></span> <span class='ocrx_word' id='word_1_92' title='bbox 1054 839 1154 909; x_wconf 86' lang='lat' dir='ltr'><strong>spalmi</strong></span> <span class='ocrx_word' id='word_1_93' title='bbox 1167 839 1332 907; x_wconf 89' lang='lat' dir='ltr'><strong>titulus,pro</strong></span> <span class='ocrx_word' id='word_1_94' title='bbox 1339 841 1525 907; x_wconf 85' lang='lat' dir='ltr'><strong>assumptione</strong></span> <span class='ocrx_word' id='word_1_95' title='bbox 1536 837 1756 891; x_wconf 84' lang='lat' dir='ltr'><strong>ruatutino.Haec</strong></span> 
     </span>
     <span class='ocr_line' id='line_1_8' title="bbox 117 926 1754 1002; baseline -0.004 -17"><span class='ocrx_word' id='word_1_96' title='bbox 117 930 168 996; x_wconf 86' lang='lat' dir='ltr'><strong>sia,</strong></span> <span class='ocrx_word' id='word_1_97' title='bbox 185 936 217 986; x_wconf 94' lang='lat' dir='ltr'><strong>ut</strong></span> <span class='ocrx_word' id='word_1_98' title='bbox 228 931 322 1001; x_wconf 80' lang='lat' dir='ltr'><strong>gratia</strong></span> <span class='ocrx_word' id='word_1_99' title='bbox 336 933 397 1002; x_wconf 89' lang='lat' dir='ltr'><strong>ejus</strong></span> <span class='ocrx_word' id='word_1_100' title='bbox 407 936 492 1001; x_wconf 89' lang='lat' dir='ltr'><strong>atque</strong></span> <span class='ocrx_word' id='word_1_101' title='bbox 507 931 614 985; x_wconf 82' lang='lat' dir='ltr'><strong>fervore</strong></span> <span class='ocrx_word' id='word_1_102' title='bbox 629 930 725 984; x_wconf 90' lang='lat' dir='ltr'><strong>omnia</strong></span> <span class='ocrx_word' id='word_1_103' title='bbox 738 931 913 985; x_wconf 89' lang='lat' dir='ltr'><strong>credentium</strong></span> <span class='ocrx_word' id='word_1_104' title='bbox 954 926 1082 993; x_wconf 78' lang='lat' dir='ltr'><strong>dicimus,</strong></span> <span class='ocrx_word' id='word_1_105' title='bbox 1098 943 1154 981; x_wconf 91' lang='lat' dir='ltr'><strong>non</strong></span> <span class='ocrx_word' id='word_1_106' title='bbox 1168 944 1222 998; x_wconf 87' lang='lat' dir='ltr'><strong>quo</strong></span> <span class='ocrx_word' id='word_1_107' title='bbox 1238 927 1324 981; x_wconf 91' lang='lat' dir='ltr'><strong>alium</strong></span> <span class='ocrx_word' id='word_1_108' title='bbox 1335 928 1435 993; x_wconf 88' lang='lat' dir='ltr'><strong>Deum,</strong></span> <span class='ocrx_word' id='word_1_109' title='bbox 1453 933 1482 980; x_wconf 91' lang='lat' dir='ltr'><strong>et</strong></span> <span class='ocrx_word' id='word_1_110' title='bbox 1501 927 1588 980; x_wconf 85' lang='lat' dir='ltr'><strong>aliurn</strong></span> <span class='ocrx_word' id='word_1_111' title='bbox 1611 926 1754 980; x_wconf 87' lang='lat' dir='ltr'><strong>hominem</strong></span> 
     </span>
     <span class='ocr_line' id='line_1_9' title="bbox 116 1014 1754 1091; baseline -0.003 -17"><span class='ocrx_word' id='word_1_112' title='bbox 116 1025 231 1091; x_wconf 85' lang='lat' dir='ltr'><strong>peecata</strong></span> <span class='ocrx_word' id='word_1_113' title='bbox 244 1024 409 1091; x_wconf 85' lang='lat' dir='ltr'><strong>purgentur,</strong></span> <span class='ocrx_word' id='word_1_114' title='bbox 418 1025 448 1074; x_wconf 90' lang='lat' dir='ltr'><strong>et</strong></span> <span class='ocrx_word' id='word_1_115' title='bbox 455 1019 521 1089; x_wconf 85' lang='lat' dir='ltr'><strong>igne</strong></span> <span class='ocrx_word' id='word_1_116' title='bbox 536 1018 753 1090; x_wconf 88' lang='lat' dir='ltr'><strong>Spiritussancti</strong></span> <span class='ocrx_word' id='word_1_117' title='bbox 763 1036 847 1090; x_wconf 89' lang='lat' dir='ltr'><strong>quem</strong></span> <span class='ocrx_word' id='word_1_118' title='bbox 861 1019 914 1073; x_wconf 91' lang='lat' dir='ltr'><strong>Do-</strong></span> <span class='ocrx_word' id='word_1_119' title='bbox 954 1032 1015 1070; x_wconf 87' lang='lat' dir='ltr'><strong>esse</strong></span> <span class='ocrx_word' id='word_1_120' title='bbox 1029 1016 1185 1082; x_wconf 76' lang='lat' dir='ltr'><strong>credamuS,</strong></span> <span class='ocrx_word' id='word_1_121' title='bbox 1206 1021 1235 1070; x_wconf 88' lang='lat' dir='ltr'><strong>et</strong></span> <span class='ocrx_word' id='word_1_122' title='bbox 1258 1016 1328 1070; x_wconf 90' lang='lat' dir='ltr'><strong>duas</strong></span> <span class='ocrx_word' id='word_1_123' title='bbox 1346 1032 1480 1086; x_wconf 81' lang='lat' dir='ltr'><strong>personas</strong></span> <span class='ocrx_word' id='word_1_124' title='bbox 1497 1015 1632 1069; x_wconf 87' lang='lat' dir='ltr'><strong>faciamus</strong></span> <span class='ocrx_word' id='word_1_125' title='bbox 1653 1014 1684 1068; x_wconf 92' lang='lat' dir='ltr'><strong>in</strong></span> <span class='ocrx_word' id='word_1_126' title='bbox 1697 1031 1754 1069; x_wconf 89' lang='lat' dir='ltr'><strong>uno</strong></span> 
     </span>
     <span class='ocr_line' id='line_1_10' title="bbox 117 1104 1753 1178; baseline -0.004 -15"><span class='ocrx_word' id='word_1_127' title='bbox 117 1107 212 1163; x_wconf 88' lang='lat' dir='ltr'><strong>miuus</strong></span> <span class='ocrx_word' id='word_1_128' title='bbox 225 1107 377 1163; x_wconf 87' lang='lat' dir='ltr'><strong>missurum</strong></span> <span class='ocrx_word' id='word_1_129' title='bbox 384 1124 414 1163; x_wconf 91' lang='lat' dir='ltr'><strong>se</strong></span> <span class='ocrx_word' id='word_1_130' title='bbox 426 1124 487 1162; x_wconf 86' lang='lat' dir='ltr'><strong>esse</strong></span> <span class='ocrx_word' id='word_1_131' title='bbox 495 1108 604 1162; x_wconf 80' lang='lat' dir='ltr'><strong>dixerat</strong></span> <span class='ocrx_word' id='word_1_132' title='bbox 615 1107 827 1178; x_wconf 74' lang='lat' dir='ltr'><strong>predicantium</strong></span> <span class='ocrx_word' id='word_1_133' title='bbox 835 1108 914 1162; x_wconf 87' lang='lat' dir='ltr'><strong>Chri·</strong></span> <span class='ocrx_word' id='word_1_134' title='bbox 953 1104 1024 1159; x_wconf 82' lang='lat' dir='ltr'><strong>Filio</strong></span> <span class='ocrx_word' id='word_1_135' title='bbox 1038 1104 1099 1171; x_wconf 85' lang='lat' dir='ltr'><strong>Dei,</strong></span> <span class='ocrx_word' id='word_1_136' title='bbox 1115 1105 1188 1159; x_wconf 87' lang='lat' dir='ltr'><strong>sicut</strong></span> <span class='ocrx_word' id='word_1_137' title='bbox 1201 1121 1273 1158; x_wconf 84' lang='lat' dir='ltr'><strong>nova</strong></span> <span class='ocrx_word' id='word_1_138' title='bbox 1284 1105 1397 1159; x_wconf 72' lang='lat' dir='ltr'><strong>haeresis</strong></span> <span class='ocrx_word' id='word_1_139' title='bbox 1406 1105 1604 1169; x_wconf 81' lang='lat' dir='ltr'><strong>calumniatur,</strong></span> <span class='ocrx_word' id='word_1_140' title='bbox 1620 1104 1753 1158; x_wconf 90' lang='lat' dir='ltr'><strong>sedunus</strong></span> 
     </span>
     <span class='ocr_line' id='line_1_11' title="bbox 117 1192 1754 1268; baseline -0.004 -17"><span class='ocrx_word' id='word_1_141' title='bbox 117 1202 193 1251; x_wconf 84' lang='lat' dir='ltr'><strong>stum</strong></span> <span class='ocrx_word' id='word_1_142' title='bbox 202 1196 301 1268; x_wconf 79' lang='lat' dir='ltr'><strong>lingua</strong></span> <span class='ocrx_word' id='word_1_143' title='bbox 308 1202 457 1252; x_wconf 87' lang='lat' dir='ltr'><strong>sanaretur</strong></span> <span class='ocrx_word' id='word_1_144' title='bbox 465 1215 472 1265; x_wconf 85' lang='lat'>;</span> <span class='ocrx_word' id='word_1_145' title='bbox 481 1212 539 1251; x_wconf 92' lang='lat' dir='ltr'><strong>non</strong></span> <span class='ocrx_word' id='word_1_146' title='bbox 554 1196 629 1250; x_wconf 88' lang='lat' dir='ltr'><strong>enim</strong></span> <span class='ocrx_word' id='word_1_147' title='bbox 638 1198 760 1251; x_wconf 85' lang='lat' dir='ltr'><strong>loannes</strong></span> <span class='ocrx_word' id='word_1_148' title='bbox 770 1197 914 1268; x_wconf 89' lang='lat' dir='ltr'><strong>Lucasque</strong></span> <span class='ocrx_word' id='word_1_149' title='bbox 955 1199 1039 1265; x_wconf 89' lang='lat' dir='ltr'><strong>atque</strong></span> <span class='ocrx_word' id='word_1_150' title='bbox 1053 1193 1127 1247; x_wconf 87' lang='lat' dir='ltr'><strong>idem</strong></span> <span class='ocrx_word' id='word_1_151' title='bbox 1138 1193 1226 1248; x_wconf 87' lang='lat' dir='ltr'><strong>Filius</strong></span> <span class='ocrx_word' id='word_1_152' title='bbox 1238 1194 1299 1259; x_wconf 87' lang='lat' dir='ltr'><strong>Dei,</strong></span> <span class='ocrx_word' id='word_1_153' title='bbox 1311 1200 1340 1247; x_wconf 93' lang='lat' dir='ltr'><strong>et</strong></span> <span class='ocrx_word' id='word_1_154' title='bbox 1351 1195 1425 1249; x_wconf 82' lang='lat' dir='ltr'><strong>silius</strong></span> <span class='ocrx_word' id='word_1_155' title='bbox 1440 1194 1564 1247; x_wconf 89' lang='lat' dir='ltr'><strong>hominis</strong></span> <span class='ocrx_word' id='word_1_156' title='bbox 1575 1198 1627 1256; x_wconf 89' lang='lat' dir='ltr'><strong>est,</strong></span> <span class='ocrx_word' id='word_1_157' title='bbox 1635 1198 1665 1246; x_wconf 91' lang='lat' dir='ltr'><strong>et</strong></span> <span class='ocrx_word' id='word_1_158' title='bbox 1674 1192 1754 1262; x_wconf 93' lang='lat' dir='ltr'><strong>quid-</strong></span> 
     </span>
     <span class='ocr_line' id='line_1_12' title="bbox 117 1281 1754 1357; baseline -0.004 -18"><span class='ocrx_word' id='word_1_159' title='bbox 117 1284 288 1353; x_wconf 83' lang='lat' dir='ltr'><strong>discordant,</strong></span> <span class='ocrx_word' id='word_1_160' title='bbox 304 1291 336 1341; x_wconf 92' lang='lat' dir='ltr'><strong>ut</strong></span> <span class='ocrx_word' id='word_1_161' title='bbox 350 1285 397 1340; x_wconf 89' lang='lat' dir='ltr'><strong>ille</strong></span> <span class='ocrx_word' id='word_1_162' title='bbox 411 1285 504 1357; x_wconf 87' lang='lat' dir='ltr'><strong>prima</strong></span> <span class='ocrx_word' id='word_1_163' title='bbox 520 1285 732 1340; x_wconf 85' lang='lat' dir='ltr'><strong>resurrectionis</strong></span> <span class='ocrx_word' id='word_1_164' title='bbox 751 1285 797 1339; x_wconf 90' lang='lat' dir='ltr'><strong>die</strong></span> <span class='ocrx_word' id='word_1_165' title='bbox 815 1284 913 1340; x_wconf 90' lang='lat' dir='ltr'><strong>datum</strong></span> <span class='ocrx_word' id='word_1_166' title='bbox 955 1282 1021 1353; x_wconf 90' lang='lat' dir='ltr'><strong>quid</strong></span> <span class='ocrx_word' id='word_1_167' title='bbox 1034 1282 1167 1353; x_wconf 89' lang='lat' dir='ltr'><strong>loquitur,</strong></span> <span class='ocrx_word' id='word_1_168' title='bbox 1185 1283 1262 1337; x_wconf 89' lang='lat' dir='ltr'><strong>aliud</strong></span> <span class='ocrx_word' id='word_1_169' title='bbox 1277 1283 1425 1337; x_wconf 83' lang='lat' dir='ltr'><strong>referimus</strong></span> <span class='ocrx_word' id='word_1_170' title='bbox 1438 1283 1473 1336; x_wconf 86' lang='lat' dir='ltr'><strong>ad</strong></span> <span class='ocrx_word' id='word_1_171' title='bbox 1484 1282 1606 1336; x_wconf 82' lang='lat' dir='ltr'><strong>divinam</strong></span> <span class='ocrx_word' id='word_1_172' title='bbox 1621 1282 1683 1351; x_wconf 90' lang='lat' dir='ltr'><strong>ejus</strong></span> <span class='ocrx_word' id='word_1_173' title='bbox 1694 1281 1754 1351; x_wconf 83' lang='lat' dir='ltr'><strong>glo-</strong></span> 
     </span>
     <span class='ocr_line' id='line_1_13' title="bbox 117 1371 1754 1445; baseline -0.003 -17"><span class='ocrx_word' id='word_1_174' title='bbox 117 1390 179 1428; x_wconf 85' lang='lat' dir='ltr'><strong>esse</strong></span> <span class='ocrx_word' id='word_1_175' title='bbox 192 1373 444 1444; x_wconf 84' lang='lat' dir='ltr'><strong>significet,hicdie</strong></span> <span class='ocrx_word' id='word_1_176' title='bbox 453 1374 686 1445; x_wconf 83' lang='lat' dir='ltr'><strong>quinquagesimo</strong></span> <span class='ocrx_word' id='word_1_177' title='bbox 695 1375 802 1428; x_wconf 82' lang='lat' dir='ltr'><strong>senisse</strong></span> <span class='ocrx_word' id='word_1_178' title='bbox 813 1374 914 1428; x_wconf 90' lang='lat' dir='ltr'><strong>descri-</strong></span> <span class='ocrx_word' id='word_1_179' title='bbox 954 1371 1036 1437; x_wconf 74' lang='lat' dir='ltr'><strong>mam,</strong></span> <span class='ocrx_word' id='word_1_180' title='bbox 1050 1371 1127 1425; x_wconf 88' lang='lat' dir='ltr'><strong>aliud</strong></span> <span class='ocrx_word' id='word_1_181' title='bbox 1137 1372 1171 1425; x_wconf 89' lang='lat' dir='ltr'><strong>ad</strong></span> <span class='ocrx_word' id='word_1_182' title='bbox 1183 1378 1308 1425; x_wconf 88' lang='lat' dir='ltr'><strong>nostram</strong></span> <span class='ocrx_word' id='word_1_183' title='bbox 1321 1372 1450 1433; x_wconf 87' lang='lat' dir='ltr'><strong>salutem,</strong></span> <span class='ocrx_word' id='word_1_184' title='bbox 1460 1387 1510 1442; x_wconf 89' lang='lat' dir='ltr'><strong>pro</strong></span> <span class='ocrx_word' id='word_1_185' title='bbox 1529 1371 1629 1441; x_wconf 90' lang='lat' dir='ltr'><strong>quibus</strong></span> <span class='ocrx_word' id='word_1_186' title='bbox 1639 1387 1696 1424; x_wconf 90' lang='lat' dir='ltr'><strong>uon</strong></span> <span class='ocrx_word' id='word_1_187' title='bbox 1712 1386 1754 1423; x_wconf 89' lang='lat' dir='ltr'><strong>ra·</strong></span> 
     </span>
     <span class='ocr_line' id='line_1_14' title="bbox 117 1460 1753 1535; baseline -0.002 -19"><span class='ocrx_word' id='word_1_188' title='bbox 117 1462 166 1517; x_wconf 91' lang='lat' dir='ltr'><strong>bat</strong></span> <span class='ocrx_word' id='word_1_189' title='bbox 182 1481 188 1516; x_wconf 73' lang='grc' dir='ltr'><strong><em>ι</em></strong></span> <span class='ocrx_word' id='word_1_190' title='bbox 204 1463 253 1517; x_wconf 91' lang='lat' dir='ltr'><strong>sed</strong></span> <span class='ocrx_word' id='word_1_191' title='bbox 262 1463 403 1535; x_wconf 81' lang='lat' dir='ltr'><strong>proiectus</strong></span> <span class='ocrx_word' id='word_1_192' title='bbox 416 1463 585 1534; x_wconf 88' lang='lat' dir='ltr'><strong>apostolicus</strong></span> <span class='ocrx_word' id='word_1_193' title='bbox 599 1469 651 1530; x_wconf 83' lang='lat' dir='ltr'><strong>est,</strong></span> <span class='ocrx_word' id='word_1_194' title='bbox 672 1468 704 1517; x_wconf 88' lang='lat' dir='ltr'><strong>ut</strong></span> <span class='ocrx_word' id='word_1_195' title='bbox 724 1463 771 1534; x_wconf 93' lang='lat' dir='ltr'><strong>qui</strong></span> <span class='ocrx_word' id='word_1_196' title='bbox 791 1463 915 1533; x_wconf 89' lang='lat' dir='ltr'><strong>primum</strong></span> <span class='ocrx_word' id='word_1_197' title='bbox 955 1460 1051 1531; x_wconf 87' lang='lat' dir='ltr'><strong>pinam</strong></span> <span class='ocrx_word' id='word_1_198' title='bbox 1065 1461 1221 1515; x_wconf 80' lang='lat' dir='ltr'><strong>arbitratus</strong></span> <span class='ocrx_word' id='word_1_199' title='bbox 1238 1467 1275 1516; x_wconf 88' lang='lat' dir='ltr'><strong>cst</strong></span> <span class='ocrx_word' id='word_1_200' title='bbox 1294 1478 1347 1515; x_wconf 80' lang='lat' dir='ltr'><strong>csse</strong></span> <span class='ocrx_word' id='word_1_201' title='bbox 1362 1478 1388 1514; x_wconf 85' lang='lat' dir='ltr'><strong>sa</strong></span> <span class='ocrx_word' id='word_1_202' title='bbox 1400 1463 1532 1529; x_wconf 76' lang='lat' dir='ltr'><strong>aquatam</strong></span> <span class='ocrx_word' id='word_1_203' title='bbox 1546 1463 1608 1525; x_wconf 87' lang='lat' dir='ltr'><strong>Dea,</strong></span> <span class='ocrx_word' id='word_1_204' title='bbox 1622 1461 1668 1513; x_wconf 81' lang='lat' dir='ltr'><strong>scd</strong></span> <span class='ocrx_word' id='word_1_205' title='bbox 1683 1462 1753 1527; x_wconf 83' lang='lat' dir='ltr'><strong>scip·</strong></span> 
     </span>
    </p>
   </div>
   <div class='ocr_carea' id='block_1_3' title="bbox 39 1550 1755 1623">
    <p class='ocr_par' dir='ltr' id='par_1_3' title="bbox 39 1550 1755 1623">
     <span class='ocr_line' id='line_1_15' title="bbox 39 1550 1755 1623; baseline -0.002 -18"><span class='ocrx_word' id='word_1_206' title='bbox 39 1581 42 1586; x_wconf 93' lang='lat'>·</span> <span class='ocrx_word' id='word_1_207' title='bbox 118 1550 352 1606; x_wconf 79' lang='lat' dir='ltr'><strong>remittendorum</strong></span> <span class='ocrx_word' id='word_1_208' title='bbox 379 1557 557 1621; x_wconf 85' lang='lat' dir='ltr'><strong>peecatomm</strong></span> <span class='ocrx_word' id='word_1_209' title='bbox 586 1552 708 1621; x_wconf 62' lang='lat' dir='ltr'><strong>matiam</strong></span> <span class='ocrx_word' id='word_1_210' title='bbox 737 1558 913 1623; x_wconf 86' lang='lat' dir='ltr'><strong>acceperunt,</strong></span> <span class='ocrx_word' id='word_1_211' title='bbox 955 1551 1422 1617; x_wconf 75' lang='lat' dir='ltr'><strong>sumexinanivit,facttrsobcbiens</strong></span> <span class='ocrx_word' id='word_1_212' title='bbox 1436 1566 1521 1618; x_wconf 78' lang='lat' dir='ltr'><strong>usquc</strong></span> <span class='ocrx_word' id='word_1_213' title='bbox 1535 1550 1572 1602; x_wconf 84' lang='lat' dir='ltr'><strong>ad</strong></span> <span class='ocrx_word' id='word_1_214' title='bbox 1587 1554 1714 1610; x_wconf 79' lang='lat' dir='ltr'><strong>mortem,</strong></span> <span class='ocrx_word' id='word_1_215' title='bbox 1731 1553 1755 1601; x_wconf 84' lang='lat' dir='ltr'><strong>et</strong></span> 
     </span>
    </p>
   </div>
   <div class='ocr_carea' id='block_1_4' title="bbox 56 1639 1758 5624">
    <p class='ocr_par' dir='ltr' id='par_1_4' title="bbox 56 1639 1758 5624">
     <span class='ocr_line' id='line_1_16' title="bbox 118 1639 1753 1712; baseline -0.004 -18"><span class='ocrx_word' id='word_1_216' title='bbox 118 1645 216 1710; x_wconf 84' lang='lat' dir='ltr'><strong>postea</strong></span> <span class='ocrx_word' id='word_1_217' title='bbox 243 1639 400 1710; x_wconf 82' lang='lat' dir='ltr'><strong>acciperent</strong></span> <span class='ocrx_word' id='word_1_218' title='bbox 420 1640 590 1712; x_wconf 86' lang='lat' dir='ltr'><strong>operationis</strong></span> <span class='ocrx_word' id='word_1_219' title='bbox 608 1641 751 1706; x_wconf 84' lang='lat' dir='ltr'><strong>virtutem,</strong></span> <span class='ocrx_word' id='word_1_220' title='bbox 768 1646 797 1695; x_wconf 88' lang='lat' dir='ltr'><strong>et</strong></span> <span class='ocrx_word' id='word_1_221' title='bbox 815 1646 916 1695; x_wconf 87' lang='lat' dir='ltr'><strong>cuneta</strong></span> <span class='ocrx_word' id='word_1_222' title='bbox 956 1642 1071 1691; x_wconf 86' lang='lat' dir='ltr'><strong>mortem</strong></span> <span class='ocrx_word' id='word_1_223' title='bbox 1086 1641 1177 1692; x_wconf 86' lang='lat' dir='ltr'><strong>crucis</strong></span> <span class='ocrx_word' id='word_1_224' title='bbox 1192 1639 1274 1703; x_wconf 82' lang='lat' dir='ltr'><strong>(Phil.</strong></span> <span class='ocrx_word' id='word_1_225' title='bbox 1292 1641 1375 1706; x_wconf 81' lang='lat' dir='ltr'><strong>u);et</strong></span> <span class='ocrx_word' id='word_1_226' title='bbox 1386 1639 1574 1691; x_wconf 82' lang='lat' dir='ltr'><strong>Verbumraro</strong></span> <span class='ocrx_word' id='word_1_227' title='bbox 1588 1639 1753 1704; x_wconf 76' lang='lat' dir='ltr'><strong>factumest,</strong></span> 
     </span>
     <span class='ocr_line' id='line_1_17' title="bbox 118 1724 1756 1801; baseline -0.004 -18"><span class='ocrx_word' id='word_1_228' title='bbox 118 1727 302 1783; x_wconf 89' lang='lat' dir='ltr'><strong>donationum</strong></span> <span class='ocrx_word' id='word_1_229' title='bbox 316 1744 503 1801; x_wconf 66' lang='lat' dir='ltr'><strong>generaque</strong></span> <span class='ocrx_word' id='word_1_230' title='bbox 517 1728 551 1783; x_wconf 91' lang='lat' dir='ltr'><strong>ab</strong></span> <span class='ocrx_word' id='word_1_231' title='bbox 560 1729 693 1800; x_wconf 82' lang='lat' dir='ltr'><strong>Apostolo</strong></span> <span class='ocrx_word' id='word_1_232' title='bbox 708 1729 848 1800; x_wconf 85' lang='lat' dir='ltr'><strong>descripta</strong></span> <span class='ocrx_word' id='word_1_233' title='bbox 861 1724 949 1784; x_wconf 87' lang='lat' dir='ltr'><strong>me·B</strong></span> <span class='ocrx_word' id='word_1_234' title='bbox 958 1731 983 1778; x_wconf 89' lang='lat' dir='ltr'><strong>ct</strong></span> <span class='ocrx_word' id='word_1_235' title='bbox 996 1726 1133 1780; x_wconf 86' lang='lat' dir='ltr'><strong>habitauit</strong></span> <span class='ocrx_word' id='word_1_236' title='bbox 1146 1729 1179 1780; x_wconf 84' lang='lat' dir='ltr'><strong>in</strong></span> <span class='ocrx_word' id='word_1_237' title='bbox 1194 1727 1271 1780; x_wconf 88' lang='lat' dir='ltr'><strong>nobis</strong></span> <span class='ocrx_word' id='word_1_238' title='bbox 1287 1727 1376 1793; x_wconf 83' lang='lat' dir='ltr'><strong>(toan.</strong></span> <span class='ocrx_word' id='word_1_239' title='bbox 1395 1730 1425 1795; x_wconf 80' lang='lat' dir='ltr'><strong>r).</strong></span> <span class='ocrx_word' id='word_1_240' title='bbox 1437 1726 1524 1779; x_wconf 89' lang='lat' dir='ltr'><strong>Miror</strong></span> <span class='ocrx_word' id='word_1_241' title='bbox 1538 1730 1633 1778; x_wconf 88' lang='lat' dir='ltr'><strong>autem</strong></span> <span class='ocrx_word' id='word_1_242' title='bbox 1648 1724 1756 1778; x_wconf 87' lang='lat' dir='ltr'><strong>Monta—</strong></span> 
     </span>
     <span class='ocr_line' id='line_1_18' title="bbox 119 1812 1753 1888; baseline -0.002 -18"><span class='ocrx_word' id='word_1_243' title='bbox 119 1817 300 1883; x_wconf 86' lang='lat' dir='ltr'><strong>morarimus,</strong></span> <span class='ocrx_word' id='word_1_244' title='bbox 321 1823 350 1871; x_wconf 89' lang='lat' dir='ltr'><strong>et</strong></span> <span class='ocrx_word' id='word_1_245' title='bbox 364 1817 438 1888; x_wconf 88' lang='lat' dir='ltr'><strong>quod</strong></span> <span class='ocrx_word' id='word_1_246' title='bbox 452 1817 544 1888; x_wconf 77' lang='lat' dir='ltr'><strong>magis</strong></span> <span class='ocrx_word' id='word_1_247' title='bbox 550 1818 739 1872; x_wconf 85' lang='lat' dir='ltr'><strong>necessarium</strong></span> <span class='ocrx_word' id='word_1_248' title='bbox 754 1823 815 1872; x_wconf 90' lang='lat' dir='ltr'><strong>erat</strong></span> <span class='ocrx_word' id='word_1_249' title='bbox 828 1818 917 1872; x_wconf 84' lang='lat' dir='ltr'><strong>diver·</strong></span> <span class='ocrx_word' id='word_1_250' title='bbox 957 1830 1025 1868; x_wconf 92' lang='lat' dir='ltr'><strong>num</strong></span> <span class='ocrx_word' id='word_1_251' title='bbox 1040 1821 1070 1869; x_wconf 90' lang='lat' dir='ltr'><strong>et</strong></span> <span class='ocrx_word' id='word_1_252' title='bbox 1082 1815 1196 1869; x_wconf 89' lang='lat' dir='ltr'><strong>insanas</strong></span> <span class='ocrx_word' id='word_1_253' title='bbox 1211 1814 1329 1869; x_wconf 83' lang='lat' dir='ltr'><strong>laminas</strong></span> <span class='ocrx_word' id='word_1_254' title='bbox 1347 1816 1418 1885; x_wconf 86' lang='lat' dir='ltr'><strong>ejus,</strong></span> <span class='ocrx_word' id='word_1_255' title='bbox 1433 1813 1573 1868; x_wconf 81' lang='lat' dir='ltr'><strong>abortivos</strong></span> <span class='ocrx_word' id='word_1_256' title='bbox 1592 1812 1753 1884; x_wconf 86' lang='lat' dir='ltr'><strong>prophetas,</strong></span> 
     </span>
     <span class='ocr_line' id='line_1_19' title="bbox 118 1903 1756 1977; baseline -0.004 -18"><span class='ocrx_word' id='word_1_257' title='bbox 118 1905 232 1960; x_wconf 85' lang='lat' dir='ltr'><strong>sitatem</strong></span> <span class='ocrx_word' id='word_1_258' title='bbox 246 1905 408 1976; x_wconf 79' lang='lat' dir='ltr'><strong>linguarum</strong></span> <span class='ocrx_word' id='word_1_259' title='bbox 422 1905 616 1961; x_wconf 75' lang='lat' dir='ltr'><strong>universarum</strong></span> <span class='ocrx_word' id='word_1_260' title='bbox 626 1906 917 1977; x_wconf 72' lang='lat' dir='ltr'><strong>gentiumutannun·</strong></span> <span class='ocrx_word' id='word_1_261' title='bbox 957 1903 1077 1958; x_wconf 91' lang='lat' dir='ltr'><strong>Domino</strong></span> <span class='ocrx_word' id='word_1_262' title='bbox 1088 1904 1270 1974; x_wconf 85' lang='lat' dir='ltr'><strong>promittente</strong></span> <span class='ocrx_word' id='word_1_263' title='bbox 1283 1909 1368 1975; x_wconf 88' lang='lat' dir='ltr'><strong>atque</strong></span> <span class='ocrx_word' id='word_1_264' title='bbox 1387 1903 1495 1957; x_wconf 90' lang='lat' dir='ltr'><strong>dicente</strong></span> <span class='ocrx_word' id='word_1_265' title='bbox 1511 1921 1516 1956; x_wconf 76' lang='grc' dir='ltr'><strong><em>ε</em></strong></span> <span class='ocrx_word' id='word_1_266' title='bbox 1537 1904 1606 1956; x_wconf 79' lang='lat' dir='ltr'><strong>l&#39;ude</strong></span> <span class='ocrx_word' id='word_1_267' title='bbox 1625 1907 1650 1956; x_wconf 89' lang='lat' dir='ltr'><strong>et</strong></span> <span class='ocrx_word' id='word_1_268' title='bbox 1663 1904 1756 1955; x_wconf 87' lang='lat' dir='ltr'><strong>atium</strong></span> 
     </span>
     <span class='ocr_line' id='line_1_20' title="bbox 118 1989 1756 2066; baseline -0.002 -18"><span class='ocrx_word' id='word_1_269' title='bbox 118 1993 217 2048; x_wconf 87' lang='lat' dir='ltr'><strong>tiaturi</strong></span> <span class='ocrx_word' id='word_1_270' title='bbox 231 1992 373 2049; x_wconf 78' lang='lat' dir='ltr'><strong>Christum</strong></span> <span class='ocrx_word' id='word_1_271' title='bbox 386 1995 463 2048; x_wconf 89' lang='lat' dir='ltr'><strong>nullo</strong></span> <span class='ocrx_word' id='word_1_272' title='bbox 478 2000 594 2065; x_wconf 85' lang='lat' dir='ltr'><strong>egerent</strong></span> <span class='ocrx_word' id='word_1_273' title='bbox 610 1994 774 2066; x_wconf 87' lang='lat' dir='ltr'><strong>interprete.</strong></span> <span class='ocrx_word' id='word_1_274' title='bbox 791 1994 870 2050; x_wconf 91' lang='lat' dir='ltr'><strong>Unde</strong></span> <span class='ocrx_word' id='word_1_275' title='bbox 888 2001 917 2049; x_wconf 91' lang='lat' dir='ltr'><strong>et</strong></span> <span class='ocrx_word' id='word_1_276' title='bbox 955 1996 1129 2061; x_wconf 82' lang='lat' dir='ltr'><strong>paractetum</strong></span> <span class='ocrx_word' id='word_1_277' title='bbox 1143 1994 1320 2058; x_wconf 82' lang='lat' dir='ltr'><strong>mitteretis,</strong></span> <span class='ocrx_word' id='word_1_278' title='bbox 1336 1999 1365 2047; x_wconf 93' lang='lat' dir='ltr'><strong>et</strong></span> <span class='ocrx_word' id='word_1_279' title='bbox 1381 1998 1478 2062; x_wconf 83' lang='lat' dir='ltr'><strong>postea</strong></span> <span class='ocrx_word' id='word_1_280' title='bbox 1494 1991 1569 2046; x_wconf 88' lang='lat' dir='ltr'><strong>Luca</strong></span> <span class='ocrx_word' id='word_1_281' title='bbox 1584 1989 1756 2061; x_wconf 76' lang='lat' dir='ltr'><strong>evangelista</strong></span> 
     </span>
     <span class='ocr_line' id='line_1_21' title="bbox 119 2078 1755 2153; baseline -0.003 -17"><span class='ocrx_word' id='word_1_282' title='bbox 119 2081 150 2136; x_wconf 89' lang='lat' dir='ltr'><strong>in</strong></span> <span class='ocrx_word' id='word_1_283' title='bbox 161 2081 303 2153; x_wconf 90' lang='lat' dir='ltr'><strong>Lycaonia</strong></span> <span class='ocrx_word' id='word_1_284' title='bbox 322 2099 386 2138; x_wconf 91' lang='lat' dir='ltr'><strong>cum</strong></span> <span class='ocrx_word' id='word_1_285' title='bbox 408 2082 552 2138; x_wconf 89' lang='lat' dir='ltr'><strong>audissent</strong></span> <span class='ocrx_word' id='word_1_286' title='bbox 571 2083 690 2137; x_wconf 88' lang='lat' dir='ltr'><strong>Paulum</strong></span> <span class='ocrx_word' id='word_1_287' title='bbox 711 2088 740 2137; x_wconf 90' lang='lat' dir='ltr'><strong>et</strong></span> <span class='ocrx_word' id='word_1_288' title='bbox 758 2082 917 2138; x_wconf 88' lang='lat' dir='ltr'><strong>Barnabam</strong></span> <span class='ocrx_word' id='word_1_289' title='bbox 958 2087 1091 2134; x_wconf 83' lang='lat' dir='ltr'><strong>narrante</strong></span> <span class='ocrx_word' id='word_1_290' title='bbox 1106 2082 1180 2152; x_wconf 93' lang='lat' dir='ltr'><strong>quod</strong></span> <span class='ocrx_word' id='word_1_291' title='bbox 1190 2081 1307 2152; x_wconf 89' lang='lat' dir='ltr'><strong>apostoli</strong></span> <span class='ocrx_word' id='word_1_292' title='bbox 1318 2087 1486 2152; x_wconf 88' lang='lat' dir='ltr'><strong>acceperunt</strong></span> <span class='ocrx_word' id='word_1_293' title='bbox 1500 2081 1574 2150; x_wconf 91' lang='lat' dir='ltr'><strong>quod</strong></span> <span class='ocrx_word' id='word_1_294' title='bbox 1584 2078 1755 2150; x_wconf 86' lang='lat' dir='ltr'><strong>promissum</strong></span> 
     </span>
     <span class='ocr_line' id='line_1_22' title="bbox 118 2168 1755 2242; baseline -0.002 -18"><span class='ocrx_word' id='word_1_295' title='bbox 118 2170 196 2242; x_wconf 90' lang='lat' dir='ltr'><strong>loqui</strong></span> <span class='ocrx_word' id='word_1_296' title='bbox 209 2170 312 2242; x_wconf 82' lang='lat' dir='ltr'><strong>linguis</strong></span> <span class='ocrx_word' id='word_1_297' title='bbox 330 2171 397 2235; x_wconf 89' lang='lat' dir='ltr'><strong>suis,</strong></span> <span class='ocrx_word' id='word_1_298' title='bbox 414 2172 482 2225; x_wconf 88' lang='lat' dir='ltr'><strong>deos</strong></span> <span class='ocrx_word' id='word_1_299' title='bbox 500 2172 529 2225; x_wconf 92' lang='lat' dir='ltr'><strong>in</strong></span> <span class='ocrx_word' id='word_1_300' title='bbox 549 2172 688 2226; x_wconf 80' lang='lat' dir='ltr'><strong>homines·</strong></span> <span class='ocrx_word' id='word_1_301' title='bbox 697 2189 843 2226; x_wconf 88' lang='lat' dir='ltr'><strong>conversos</strong></span> <span class='ocrx_word' id='word_1_302' title='bbox 856 2189 917 2226; x_wconf 87' lang='lat' dir='ltr'><strong>esse</strong></span> <span class='ocrx_word' id='word_1_303' title='bbox 958 2177 1009 2234; x_wconf 88' lang='lat' dir='ltr'><strong>est,</strong></span> <span class='ocrx_word' id='word_1_304' title='bbox 1024 2170 1053 2224; x_wconf 94' lang='lat' dir='ltr'><strong>id</strong></span> <span class='ocrx_word' id='word_1_305' title='bbox 1068 2171 1156 2224; x_wconf 92' lang='lat' dir='ltr'><strong>multo</strong></span> <span class='ocrx_word' id='word_1_306' title='bbox 1171 2175 1234 2241; x_wconf 89' lang='lat' dir='ltr'><strong>post</strong></span> <span class='ocrx_word' id='word_1_307' title='bbox 1245 2170 1408 2241; x_wconf 85' lang='lat' dir='ltr'><strong>temporein</strong></span> <span class='ocrx_word' id='word_1_308' title='bbox 1423 2187 1452 2224; x_wconf 93' lang='lat' dir='ltr'><strong>se</strong></span> <span class='ocrx_word' id='word_1_309' title='bbox 1463 2170 1567 2224; x_wconf 89' lang='lat' dir='ltr'><strong>diceret</strong></span> <span class='ocrx_word' id='word_1_310' title='bbox 1581 2168 1666 2223; x_wconf 88' lang='lat' dir='ltr'><strong>fuisse</strong></span> <span class='ocrx_word' id='word_1_311' title='bbox 1682 2183 1755 2222; x_wconf 90' lang='lat' dir='ltr'><strong>com·</strong></span> 
     </span>
     <span class='ocr_line' id='line_1_23' title="bbox 120 2258 1754 2332; baseline -0.004 -19"><span class='ocrx_word' id='word_1_312' title='bbox 120 2258 280 2327; x_wconf 87' lang='lat' dir='ltr'><strong>credebant,</strong></span> <span class='ocrx_word' id='word_1_313' title='bbox 298 2265 327 2315; x_wconf 90' lang='lat' dir='ltr'><strong>et</strong></span> <span class='ocrx_word' id='word_1_314' title='bbox 340 2276 437 2314; x_wconf 84' lang='lat' dir='ltr'><strong>revera</strong></span> <span class='ocrx_word' id='word_1_315' title='bbox 450 2259 648 2315; x_wconf 90' lang='lat' dir='ltr'><strong>indumentum</strong></span> <span class='ocrx_word' id='word_1_316' title='bbox 666 2261 777 2315; x_wconf 78' lang='lat' dir='ltr'><strong>virtutis</strong></span> <span class='ocrx_word' id='word_1_317' title='bbox 796 2260 917 2332; x_wconf 87' lang='lat' dir='ltr'><strong>Spiritus</strong></span> <span class='ocrx_word' id='word_1_318' title='bbox 956 2258 1080 2329; x_wconf 89' lang='lat' dir='ltr'><strong>pletum:</strong></span> <span class='ocrx_word' id='word_1_319' title='bbox 1095 2259 1229 2330; x_wconf 88' lang='lat' dir='ltr'><strong>apostolis</strong></span> <span class='ocrx_word' id='word_1_320' title='bbox 1238 2260 1314 2314; x_wconf 90' lang='lat' dir='ltr'><strong>enim</strong></span> <span class='ocrx_word' id='word_1_321' title='bbox 1322 2259 1493 2330; x_wconf 89' lang='lat' dir='ltr'><strong>promissum</strong></span> <span class='ocrx_word' id='word_1_322' title='bbox 1504 2264 1547 2312; x_wconf 88' lang='lat' dir='ltr'><strong>est</strong></span> <span class='ocrx_word' id='word_1_323' title='bbox 1559 2276 1565 2311; x_wconf 93' lang='lat'><strong>:</strong></span> <span class='ocrx_word' id='word_1_324' title='bbox 1576 2258 1632 2326; x_wconf 81' lang='lat' dir='ltr'><strong>Epo</strong></span> <span class='ocrx_word' id='word_1_325' title='bbox 1644 2259 1754 2311; x_wconf 83' lang='lat' dir='ltr'><strong>mittam</strong></span> 
     </span>
     <span class='ocr_line' id='line_1_24' title="bbox 119 2347 1756 2420; baseline -0.003 -17"><span class='ocrx_word' id='word_1_326' title='bbox 119 2347 209 2403; x_wconf 85' lang='lat' dir='ltr'><strong>sancti</strong></span> <span class='ocrx_word' id='word_1_327' title='bbox 222 2348 315 2419; x_wconf 87' lang='lat' dir='ltr'><strong>gratia</strong></span> <span class='ocrx_word' id='word_1_328' title='bbox 328 2353 379 2415; x_wconf 87' lang='lat' dir='ltr'><strong>est,</strong></span> <span class='ocrx_word' id='word_1_329' title='bbox 397 2365 481 2420; x_wconf 88' lang='lat' dir='ltr'><strong>quam</strong></span> <span class='ocrx_word' id='word_1_330' title='bbox 501 2348 675 2420; x_wconf 83' lang='lat' dir='ltr'><strong>possidentes</strong></span> <span class='ocrx_word' id='word_1_331' title='bbox 689 2349 817 2420; x_wconf 82' lang='lat' dir='ltr'><strong>judicum</strong></span> <span class='ocrx_word' id='word_1_332' title='bbox 829 2349 917 2403; x_wconf 87' lang='lat' dir='ltr'><strong>tribu·</strong></span> <span class='ocrx_word' id='word_1_333' title='bbox 957 2351 1130 2416; x_wconf 80' lang='lat' dir='ltr'><strong>sponsionem</strong></span> <span class='ocrx_word' id='word_1_334' title='bbox 1144 2351 1236 2403; x_wconf 86' lang='lat' dir='ltr'><strong>Patris</strong></span> <span class='ocrx_word' id='word_1_335' title='bbox 1248 2352 1302 2402; x_wconf 89' lang='lat' dir='ltr'><strong>mci</strong></span> <span class='ocrx_word' id='word_1_336' title='bbox 1311 2352 1342 2403; x_wconf 90' lang='lat' dir='ltr'><strong>in</strong></span> <span class='ocrx_word' id='word_1_337' title='bbox 1355 2365 1409 2413; x_wconf 87' lang='lat' dir='ltr'><strong>vos,</strong></span> <span class='ocrx_word' id='word_1_338' title='bbox 1420 2353 1444 2402; x_wconf 87' lang='lat' dir='ltr'><strong>ct</strong></span> <span class='ocrx_word' id='word_1_339' title='bbox 1456 2365 1499 2402; x_wconf 87' lang='lat' dir='ltr'><strong>vos</strong></span> <span class='ocrx_word' id='word_1_340' title='bbox 1508 2347 1633 2401; x_wconf 77' lang='lat' dir='ltr'><strong>sedebitis</strong></span> <span class='ocrx_word' id='word_1_341' title='bbox 1647 2349 1680 2399; x_wconf 91' lang='lat' dir='ltr'><strong>in</strong></span> <span class='ocrx_word' id='word_1_342' title='bbox 1690 2347 1756 2400; x_wconf 85' lang='lat' dir='ltr'><strong>ctri-</strong></span> 
     </span>
     <span class='ocr_line' id='line_1_25' title="bbox 119 2436 1753 2509; baseline -0.004 -18"><span class='ocrx_word' id='word_1_343' title='bbox 119 2436 205 2503; x_wconf 86' lang='lat' dir='ltr'><strong>nalia‚</strong></span> <span class='ocrx_word' id='word_1_344' title='bbox 222 2442 251 2491; x_wconf 93' lang='lat' dir='ltr'><strong>et</strong></span> <span class='ocrx_word' id='word_1_345' title='bbox 260 2453 360 2508; x_wconf 78' lang='lat' dir='ltr'><strong>regum</strong></span> <span class='ocrx_word' id='word_1_346' title='bbox 375 2453 514 2509; x_wconf 87' lang='lat' dir='ltr'><strong>purpuras</strong></span> <span class='ocrx_word' id='word_1_347' title='bbox 523 2454 580 2491; x_wconf 90' lang='lat' dir='ltr'><strong>non</strong></span> <span class='ocrx_word' id='word_1_348' title='bbox 591 2437 737 2492; x_wconf 88' lang='lat' dir='ltr'><strong>timebant.</strong></span> <span class='ocrx_word' id='word_1_349' title='bbox 746 2438 918 2492; x_wconf 87' lang='lat' dir='ltr'><strong>Promiserat</strong></span> <span class='ocrx_word' id='word_1_350' title='bbox 959 2441 1021 2502; x_wconf 84' lang='lat' dir='ltr'><strong>tate,</strong></span> <span class='ocrx_word' id='word_1_351' title='bbox 1037 2438 1128 2506; x_wconf 78' lang='lat' dir='ltr'><strong>prioad</strong></span> <span class='ocrx_word' id='word_1_352' title='bbox 1142 2454 1226 2506; x_wconf 84' lang='lat' dir='ltr'><strong>usquc</strong></span> <span class='ocrx_word' id='word_1_353' title='bbox 1240 2439 1406 2491; x_wconf 72' lang='lat' dir='ltr'><strong>triduam-ini</strong></span> <span class='ocrx_word' id='word_1_354' title='bbox 1417 2440 1550 2491; x_wconf 83' lang='lat' dir='ltr'><strong>virtutem</strong></span> <span class='ocrx_word' id='word_1_355' title='bbox 1564 2439 1662 2489; x_wconf 86' lang='lat' dir='ltr'><strong>caatto</strong></span> <span class='ocrx_word' id='word_1_356' title='bbox 1679 2436 1753 2500; x_wconf 81' lang='lat' dir='ltr'><strong>(Luc.</strong></span> 
     </span>
     <span class='ocr_line' id='line_1_26' title="bbox 120 2522 1755 2597; baseline -0.002 -17"><span class='ocrx_word' id='word_1_357' title='bbox 120 2526 196 2580; x_wconf 88' lang='lat' dir='ltr'><strong>enim</strong></span> <span class='ocrx_word' id='word_1_358' title='bbox 204 2525 341 2580; x_wconf 89' lang='lat' dir='ltr'><strong>Dominus</strong></span> <span class='ocrx_word' id='word_1_359' title='bbox 350 2526 515 2597; x_wconf 83' lang='lat' dir='ltr'><strong>priusquam</strong></span> <span class='ocrx_word' id='word_1_360' title='bbox 524 2533 678 2597; x_wconf 87' lang='lat' dir='ltr'><strong>pateretur,</strong></span> <span class='ocrx_word' id='word_1_361' title='bbox 686 2532 715 2581; x_wconf 89' lang='lat' dir='ltr'><strong>et</strong></span> <span class='ocrx_word' id='word_1_362' title='bbox 724 2526 833 2580; x_wconf 83' lang='lat' dir='ltr'><strong>dixerat</strong></span> <span class='ocrx_word' id='word_1_363' title='bbox 842 2528 915 2593; x_wconf 74' lang='lat' dir='ltr'><strong>(Luc.</strong></span> <span class='ocrx_word' id='word_1_364' title='bbox 958 2527 1045 2594; x_wconf 75' lang='lat' dir='ltr'><strong>xxiv),</strong></span> <span class='ocrx_word' id='word_1_365' title='bbox 1066 2531 1095 2579; x_wconf 92' lang='lat' dir='ltr'><strong>et</strong></span> <span class='ocrx_word' id='word_1_366' title='bbox 1107 2542 1256 2597; x_wconf 84' lang='lat' dir='ltr'><strong>resurgens</strong></span> <span class='ocrx_word' id='word_1_367' title='bbox 1265 2526 1443 2596; x_wconf 84' lang='lat' dir='ltr'><strong>inapostalos</strong></span> <span class='ocrx_word' id='word_1_368' title='bbox 1451 2525 1613 2590; x_wconf 79' lang='lat' dir='ltr'><strong>insufflavit,</strong></span> <span class='ocrx_word' id='word_1_369' title='bbox 1621 2531 1650 2577; x_wconf 89' lang='lat' dir='ltr'><strong>ct</strong></span> <span class='ocrx_word' id='word_1_370' title='bbox 1659 2539 1716 2577; x_wconf 91' lang='lat' dir='ltr'><strong>non</strong></span> <span class='ocrx_word' id='word_1_371' title='bbox 1726 2522 1755 2576; x_wconf 89' lang='lat' dir='ltr'><strong>in</strong></span> 
     </span>
     <span class='ocr_line' id='line_1_27' title="bbox 120 2613 1756 2684; baseline -0.002 -16"><span class='ocrx_word' id='word_1_372' title='bbox 120 2616 206 2682; x_wconf 83' lang='lat' dir='ltr'>xxv):</span> <span class='ocrx_word' id='word_1_373' title='bbox 220 2613 289 2668; x_wconf 79' lang='lat' dir='ltr'><strong>Cum</strong></span> <span class='ocrx_word' id='word_1_374' title='bbox 303 2619 396 2668; x_wconf 82' lang='lat' dir='ltr'><strong>autem</strong></span> <span class='ocrx_word' id='word_1_375' title='bbox 410 2616 588 2680; x_wconf 80' lang='lat' dir='ltr'><strong>tradentem,</strong></span> <span class='ocrx_word' id='word_1_376' title='bbox 606 2618 690 2669; x_wconf 81' lang='lat' dir='ltr'><strong>natitc</strong></span> <span class='ocrx_word' id='word_1_377' title='bbox 708 2619 835 2684; x_wconf 82' lang='lat' dir='ltr'><strong>copitare,</strong></span> <span class='ocrx_word' id='word_1_378' title='bbox 854 2632 918 2684; x_wconf 85' lang='lat' dir='ltr'><strong>quo-</strong></span> <span class='ocrx_word' id='word_1_379' title='bbox 958 2614 1094 2679; x_wconf 89' lang='lat' dir='ltr'><strong>Montani,</strong></span> <span class='ocrx_word' id='word_1_380' title='bbox 1111 2615 1242 2670; x_wconf 77' lang='lat' dir='ltr'><strong>Prisciuae</strong></span> <span class='ocrx_word' id='word_1_381' title='bbox 1258 2623 1287 2670; x_wconf 91' lang='lat' dir='ltr'><strong>et</strong></span> <span class='ocrx_word' id='word_1_382' title='bbox 1301 2614 1469 2680; x_wconf 74' lang='lat' dir='ltr'><strong>Maximilla,</strong></span> <span class='ocrx_word' id='word_1_383' title='bbox 1486 2618 1515 2668; x_wconf 90' lang='lat' dir='ltr'><strong>et</strong></span> <span class='ocrx_word' id='word_1_384' title='bbox 1535 2613 1590 2667; x_wconf 93' lang='lat' dir='ltr'><strong>illis</strong></span> <span class='ocrx_word' id='word_1_385' title='bbox 1610 2613 1670 2667; x_wconf 86' lang='lat' dir='ltr'><strong>ait:</strong></span> <span class='ocrx_word' id='word_1_386' title='bbox 1689 2613 1756 2680; x_wconf 80' lang='lat' dir='ltr'><strong>Quo</strong></span> 
     </span>
     <span class='ocr_line' id='line_1_28' title="bbox 122 2703 1756 2773; baseline -0.001 -18"><span class='ocrx_word' id='word_1_387' title='bbox 122 2703 338 2771; x_wconf 80' lang='lat' dir='ltr'><strong>modoautpuid</strong></span> <span class='ocrx_word' id='word_1_388' title='bbox 348 2705 513 2770; x_wconf 84' lang='lat' dir='ltr'><strong>toquarntni,</strong></span> <span class='ocrx_word' id='word_1_389' title='bbox 525 2704 640 2758; x_wconf 84' lang='lat' dir='ltr'><strong>dabitur</strong></span> <span class='ocrx_word' id='word_1_390' title='bbox 654 2707 729 2757; x_wconf 82' lang='lat' dir='ltr'><strong>enim</strong></span> <span class='ocrx_word' id='word_1_391' title='bbox 742 2705 816 2757; x_wconf 86' lang='lat' dir='ltr'><strong>vobis</strong></span> <span class='ocrx_word' id='word_1_392' title='bbox 824 2707 855 2758; x_wconf 85' lang='lat' dir='ltr'><strong>tn</strong></span> <span class='ocrx_word' id='word_1_393' title='bbox 865 2706 917 2757; x_wconf 88' lang='lat' dir='ltr'><strong>itta</strong></span> <span class='ocrx_word' id='word_1_394' title='bbox 958 2707 1316 2773; x_wconf 84' lang='lat' dir='ltr'><strong>rumrcmisoritispeccata,</strong></span> <span class='ocrx_word' id='word_1_395' title='bbox 1325 2706 1636 2771; x_wconf 85' lang='lat' dir='ltr'><strong>diinittcntur,quarum</strong></span> <span class='ocrx_word' id='word_1_396' title='bbox 1648 2704 1756 2755; x_wconf 83' lang='lat' dir='ltr'><strong>retinu-</strong></span> 
     </span>
     <span class='ocr_line' id='line_1_29' title="bbox 123 2789 1756 2864; baseline -0.001 -20"><span class='ocrx_word' id='word_1_397' title='bbox 123 2790 193 2844; x_wconf 85' lang='lat' dir='ltr'><strong>bora</strong></span> <span class='ocrx_word' id='word_1_398' title='bbox 202 2791 272 2859; x_wconf 83' lang='lat' dir='ltr'><strong>quid</strong></span> <span class='ocrx_word' id='word_1_399' title='bbox 282 2793 447 2858; x_wconf 82' lang='lat' dir='ltr'><strong>tequamini.</strong></span> <span class='ocrx_word' id='word_1_400' title='bbox 458 2791 519 2845; x_wconf 86' lang='lat' dir='ltr'><strong>Non</strong></span> <span class='ocrx_word' id='word_1_401' title='bbox 533 2794 609 2845; x_wconf 85' lang='lat' dir='ltr'><strong>enim</strong></span> <span class='ocrx_word' id='word_1_402' title='bbox 624 2808 668 2845; x_wconf 82' lang='lat' dir='ltr'><strong>eos</strong></span> <span class='ocrx_word' id='word_1_403' title='bbox 682 2795 755 2857; x_wconf 80' lang='lat' dir='ltr'><strong>estis,</strong></span> <span class='ocrx_word' id='word_1_404' title='bbox 764 2795 813 2861; x_wconf 82' lang='lat' dir='ltr'><strong>qui</strong></span> <span class='ocrx_word' id='word_1_405' title='bbox 827 2794 917 2861; x_wconf 83' lang='lat' dir='ltr'><strong>toqui·</strong></span> <span class='ocrx_word' id='word_1_406' title='bbox 958 2794 1046 2858; x_wconf 85' lang='lat' dir='ltr'><strong>critis,</strong></span> <span class='ocrx_word' id='word_1_407' title='bbox 1063 2797 1169 2846; x_wconf 83' lang='lat' dir='ltr'><strong>retenta</strong></span> <span class='ocrx_word' id='word_1_408' title='bbox 1183 2799 1275 2859; x_wconf 84' lang='lat' dir='ltr'><strong>crunt,</strong></span> <span class='ocrx_word' id='word_1_409' title='bbox 1288 2793 1431 2864; x_wconf 87' lang='lat' dir='ltr'><strong>apostolis,</strong></span> <span class='ocrx_word' id='word_1_410' title='bbox 1444 2793 1569 2863; x_wconf 89' lang='lat' dir='ltr'><strong>inquam,</strong></span> <span class='ocrx_word' id='word_1_411' title='bbox 1578 2789 1711 2862; x_wconf 76' lang='lat' dir='ltr'><strong>praecepit</strong></span> <span class='ocrx_word' id='word_1_412' title='bbox 1721 2805 1756 2844; x_wconf 88' lang='lat' dir='ltr'><strong>nc</strong></span> 
     </span>
     <span class='ocr_line' id='line_1_30' title="bbox 120 2878 1758 2953; baseline -0.001 -20"><span class='ocrx_word' id='word_1_413' title='bbox 120 2880 203 2943; x_wconf 81' lang='lat' dir='ltr'><strong>mini,</strong></span> <span class='ocrx_word' id='word_1_414' title='bbox 212 2878 258 2932; x_wconf 84' lang='lat' dir='ltr'><strong>sed</strong></span> <span class='ocrx_word' id='word_1_415' title='bbox 269 2878 392 2947; x_wconf 78' lang='lat' dir='ltr'><strong>Spiritus</strong></span> <span class='ocrx_word' id='word_1_416' title='bbox 403 2881 495 2932; x_wconf 87' lang='lat' dir='ltr'><strong>Patris</strong></span> <span class='ocrx_word' id='word_1_417' title='bbox 505 2882 645 2948; x_wconf 81' lang='lat' dir='ltr'><strong>rostriqui</strong></span> <span class='ocrx_word' id='word_1_418' title='bbox 652 2883 817 2948; x_wconf 85' lang='lat' dir='ltr'><strong>toputturin</strong></span> <span class='ocrx_word' id='word_1_419' title='bbox 832 2882 914 2934; x_wconf 84' lang='lat' dir='ltr'><strong>robis.</strong></span> <span class='ocrx_word' id='word_1_420' title='bbox 958 2879 1121 2934; x_wconf 87' lang='lat' dir='ltr'><strong>recederent</strong></span> <span class='ocrx_word' id='word_1_421' title='bbox 1130 2881 1165 2935; x_wconf 90' lang='lat' dir='ltr'><strong>de</strong></span> <span class='ocrx_word' id='word_1_422' title='bbox 1181 2882 1371 2953; x_wconf 74' lang='lat' dir='ltr'><strong>ierosolymis,</strong></span> <span class='ocrx_word' id='word_1_423' title='bbox 1378 2882 1427 2936; x_wconf 91' lang='lat' dir='ltr'><strong>sed</strong></span> <span class='ocrx_word' id='word_1_424' title='bbox 1436 2885 1630 2952; x_wconf 84' lang='lat' dir='ltr'><strong>exspectarent</strong></span> <span class='ocrx_word' id='word_1_425' title='bbox 1640 2879 1758 2949; x_wconf 91' lang='lat' dir='ltr'><strong>promis-</strong></span> 
     </span>
     <span class='ocr_line' id='line_1_31' title="bbox 122 2965 1758 3041; baseline -0.001 -21"><span class='ocrx_word' id='word_1_426' title='bbox 122 2965 180 3037; x_wconf 80' lang='lat' dir='ltr'><strong>Ego</strong></span> <span class='ocrx_word' id='word_1_427' title='bbox 191 2971 286 3021; x_wconf 90' lang='lat' dir='ltr'><strong>autem</strong></span> <span class='ocrx_word' id='word_1_428' title='bbox 300 2966 435 3021; x_wconf 89' lang='lat' dir='ltr'><strong>audacter</strong></span> <span class='ocrx_word' id='word_1_429' title='bbox 448 2972 477 3021; x_wconf 90' lang='lat' dir='ltr'><strong>et</strong></span> <span class='ocrx_word' id='word_1_430' title='bbox 486 2972 547 3022; x_wconf 90' lang='lat' dir='ltr'><strong>tota</strong></span> <span class='ocrx_word' id='word_1_431' title='bbox 564 2966 693 3023; x_wconf 89' lang='lat' dir='ltr'><strong>libertate</strong></span> <span class='ocrx_word' id='word_1_432' title='bbox 707 2970 869 3039; x_wconf 87' lang='lat' dir='ltr'><strong>pronuntio,</strong></span> <span class='ocrx_word' id='word_1_433' title='bbox 884 2986 917 3023; x_wconf 84' lang='lat' dir='ltr'><strong>ex</strong></span> <span class='ocrx_word' id='word_1_434' title='bbox 958 2967 1066 3021; x_wconf 88' lang='lat' dir='ltr'><strong>sionem</strong></span> <span class='ocrx_word' id='word_1_435' title='bbox 1072 2968 1173 3034; x_wconf 87' lang='lat' dir='ltr'><strong>Patris,</strong></span> <span class='ocrx_word' id='word_1_436' title='bbox 1184 2975 1213 3023; x_wconf 89' lang='lat' dir='ltr'><strong>et</strong></span> <span class='ocrx_word' id='word_1_437' title='bbox 1227 2977 1324 3040; x_wconf 90' lang='lat' dir='ltr'><strong>postea</strong></span> <span class='ocrx_word' id='word_1_438' title='bbox 1339 2970 1413 3041; x_wconf 92' lang='lat' dir='ltr'><strong>quod</strong></span> <span class='ocrx_word' id='word_1_439' title='bbox 1424 2969 1594 3040; x_wconf 89' lang='lat' dir='ltr'><strong>promissum</strong></span> <span class='ocrx_word' id='word_1_440' title='bbox 1610 2972 1653 3021; x_wconf 90' lang='lat' dir='ltr'><strong>est</strong></span> <span class='ocrx_word' id='word_1_441' title='bbox 1666 2967 1758 3039; x_wconf 84' lang='lat' dir='ltr'><strong>exple-</strong></span> 
     </span>
     <span class='ocr_line' id='line_1_32' title="bbox 121 3039 1757 3127; baseline -0.001 -17"><span class='ocrx_word' id='word_1_442' title='bbox 121 3071 155 3110; x_wconf 89' lang='lat' dir='ltr'><strong>eo</strong></span> <span class='ocrx_word' id='word_1_443' title='bbox 169 3060 297 3127; x_wconf 87' lang='lat' dir='ltr'><strong>tempore</strong></span> <span class='ocrx_word' id='word_1_444' title='bbox 311 3071 366 3126; x_wconf 91' lang='lat' dir='ltr'><strong>quo</strong></span> <span class='ocrx_word' id='word_1_445' title='bbox 381 3056 500 3126; x_wconf 89' lang='lat' dir='ltr'><strong>apostoli</strong></span> <span class='ocrx_word' id='word_1_446' title='bbox 514 3056 634 3111; x_wconf 90' lang='lat' dir='ltr'><strong>Domino</strong></span> <span class='ocrx_word' id='word_1_447' title='bbox 651 3057 830 3113; x_wconf 87' lang='lat' dir='ltr'><strong>crediderunt</strong></span> <span class='ocrx_word' id='word_1_448' title='bbox 844 3039 948 3113; x_wconf 78' lang='lat' dir='ltr'><strong>sem-C</strong></span> <span class='ocrx_word' id='word_1_449' title='bbox 959 3063 1020 3111; x_wconf 88' lang='lat' dir='ltr'><strong>turn</strong></span> <span class='ocrx_word' id='word_1_450' title='bbox 1033 3057 1154 3127; x_wconf 82' lang='lat' dir='ltr'><strong>legimus</strong></span> <span class='ocrx_word' id='word_1_451' title='bbox 1170 3076 1178 3114; x_wconf 92' lang='lat'><strong>:</strong></span> <span class='ocrx_word' id='word_1_452' title='bbox 1199 3060 1301 3127; x_wconf 80' lang='lat' dir='ltr'><strong>liepteti</strong></span> <span class='ocrx_word' id='word_1_453' title='bbox 1313 3064 1378 3113; x_wconf 91' lang='lat' dir='ltr'><strong>sunt</strong></span> <span class='ocrx_word' id='word_1_454' title='bbox 1391 3074 1485 3112; x_wconf 84' lang='lat' dir='ltr'><strong>omrtcs</strong></span> <span class='ocrx_word' id='word_1_455' title='bbox 1500 3057 1610 3127; x_wconf 85' lang='lat' dir='ltr'><strong>Spiritu</strong></span> <span class='ocrx_word' id='word_1_456' title='bbox 1623 3062 1718 3110; x_wconf 74' lang='lat' dir='ltr'><strong>sarecto</strong></span> <span class='ocrx_word' id='word_1_457' title='bbox 1733 3061 1757 3109; x_wconf 86' lang='lat' dir='ltr'><strong>ct</strong></span> 
     </span>
     <span class='ocr_line' id='line_1_33' title="bbox 121 3143 1757 3218; baseline 0 -21"><span class='ocrx_word' id='word_1_458' title='bbox 121 3160 173 3216; x_wconf 90' lang='lat' dir='ltr'><strong>per</strong></span> <span class='ocrx_word' id='word_1_459' title='bbox 185 3160 233 3198; x_wconf 91' lang='lat' dir='ltr'><strong>eos</strong></span> <span class='ocrx_word' id='word_1_460' title='bbox 246 3143 377 3198; x_wconf 84' lang='lat' dir='ltr'><strong>habuisse</strong></span> <span class='ocrx_word' id='word_1_461' title='bbox 392 3143 528 3215; x_wconf 88' lang='lat' dir='ltr'><strong>Spiritum</strong></span> <span class='ocrx_word' id='word_1_462' title='bbox 541 3151 678 3211; x_wconf 89' lang='lat' dir='ltr'><strong>sanetum,</strong></span> <span class='ocrx_word' id='word_1_463' title='bbox 688 3162 738 3200; x_wconf 90' lang='lat' dir='ltr'><strong>nec</strong></span> <span class='ocrx_word' id='word_1_464' title='bbox 747 3147 870 3217; x_wconf 87' lang='lat' dir='ltr'><strong>potuisse</strong></span> <span class='ocrx_word' id='word_1_465' title='bbox 884 3147 919 3201; x_wconf 90' lang='lat' dir='ltr'><strong>si·</strong></span> <span class='ocrx_word' id='word_1_466' title='bbox 959 3152 1096 3215; x_wconf 77' lang='lat' dir='ltr'><strong>ceperunt</strong></span> <span class='ocrx_word' id='word_1_467' title='bbox 1115 3150 1190 3216; x_wconf 79' lang='lat' dir='ltr'><strong>toqui</strong></span> <span class='ocrx_word' id='word_1_468' title='bbox 1203 3150 1269 3201; x_wconf 81' lang='lat' dir='ltr'><strong>aliis</strong></span> <span class='ocrx_word' id='word_1_469' title='bbox 1283 3151 1399 3218; x_wconf 86' lang='lat' dir='ltr'><strong>tinpuis,</strong></span> <span class='ocrx_word' id='word_1_470' title='bbox 1408 3153 1492 3216; x_wconf 89' lang='lat' dir='ltr'><strong>prout</strong></span> <span class='ocrx_word' id='word_1_471' title='bbox 1507 3145 1631 3215; x_wconf 84' lang='lat' dir='ltr'><strong>Spiritus</strong></span> <span class='ocrx_word' id='word_1_472' title='bbox 1644 3150 1757 3200; x_wconf 71' lang='lat' dir='ltr'><strong>saumas</strong></span> 
     </span>
     <span class='ocr_line' id='line_1_34' title="bbox 119 3231 1756 3307; baseline -0.001 -21"><span class='ocrx_word' id='word_1_473' title='bbox 119 3231 920 3306; x_wconf 79' lang='lat' dir='ltr'><strong>gnatucereabsqueSpiritussanctigratia,sedpromodu·</strong></span> <span class='ocrx_word' id='word_1_474' title='bbox 959 3235 1043 3288; x_wconf 84' lang='lat' dir='ltr'><strong>dabat</strong></span> <span class='ocrx_word' id='word_1_475' title='bbox 1063 3238 1153 3305; x_wconf 80' lang='lat' dir='ltr'><strong>stupui</strong></span> <span class='ocrx_word' id='word_1_476' title='bbox 1173 3239 1220 3290; x_wconf 85' lang='lat' dir='ltr'><strong>cis.</strong></span> <span class='ocrx_word' id='word_1_477' title='bbox 1242 3236 1363 3307; x_wconf 90' lang='lat' dir='ltr'><strong>Spiritus</strong></span> <span class='ocrx_word' id='word_1_478' title='bbox 1380 3236 1455 3290; x_wconf 89' lang='lat' dir='ltr'><strong>enim</strong></span> <span class='ocrx_word' id='word_1_479' title='bbox 1474 3240 1587 3290; x_wconf 91' lang='lat' dir='ltr'><strong>sanctus</strong></span> <span class='ocrx_word' id='word_1_480' title='bbox 1602 3234 1694 3306; x_wconf 88' lang='lat' dir='ltr'><strong>spirat</strong></span> <span class='ocrx_word' id='word_1_481' title='bbox 1708 3232 1756 3287; x_wconf 91' lang='lat' dir='ltr'><strong>ubi</strong></span> 
     </span>
     <span class='ocr_line' id='line_1_35' title="bbox 120 3320 1757 3396; baseline -0.001 -22"><span class='ocrx_word' id='word_1_482' title='bbox 120 3320 239 3393; x_wconf 89' lang='lat' dir='ltr'><strong>loatque</strong></span> <span class='ocrx_word' id='word_1_483' title='bbox 251 3337 392 3376; x_wconf 87' lang='lat' dir='ltr'><strong>mensura.</strong></span> <span class='ocrx_word' id='word_1_484' title='bbox 403 3322 482 3376; x_wconf 89' lang='lat' dir='ltr'><strong>Unde</strong></span> <span class='ocrx_word' id='word_1_485' title='bbox 495 3323 766 3378; x_wconf 87' lang='lat' dir='ltr'><strong>Salvatorclamabat</strong></span> <span class='ocrx_word' id='word_1_486' title='bbox 773 3324 802 3378; x_wconf 92' lang='lat' dir='ltr'><strong>in</strong></span> <span class='ocrx_word' id='word_1_487' title='bbox 814 3325 919 3396; x_wconf 91' lang='lat' dir='ltr'><strong>templo</strong></span> <span class='ocrx_word' id='word_1_488' title='bbox 960 3323 1029 3391; x_wconf 78' lang='lat' dir='ltr'><strong>vult,</strong></span> <span class='ocrx_word' id='word_1_489' title='bbox 1050 3329 1078 3378; x_wconf 90' lang='lat' dir='ltr'><strong>et</strong></span> <span class='ocrx_word' id='word_1_490' title='bbox 1097 3325 1209 3394; x_wconf 86' lang='lat' dir='ltr'><strong>quando</strong></span> <span class='ocrx_word' id='word_1_491' title='bbox 1227 3325 1295 3379; x_wconf 91' lang='lat' dir='ltr'><strong>dicit</strong></span> <span class='ocrx_word' id='word_1_492' title='bbox 1313 3325 1458 3391; x_wconf 90' lang='lat' dir='ltr'><strong>Dominus,</strong></span> <span class='ocrx_word' id='word_1_493' title='bbox 1478 3327 1570 3379; x_wconf 84' lang='lat' dir='ltr'><strong>atium</strong></span> <span class='ocrx_word' id='word_1_494' title='bbox 1581 3325 1757 3392; x_wconf 80' lang='lat' dir='ltr'><strong>paractetum</strong></span> 
     </span>
     <span class='ocr_line' id='line_1_36' title="bbox 121 3408 1756 3483; baseline 0 -20"><span class='ocrx_word' id='word_1_495' title='bbox 121 3408 217 3464; x_wconf 87' lang='lat' dir='ltr'><strong>dicens</strong></span> <span class='ocrx_word' id='word_1_496' title='bbox 229 3427 235 3463; x_wconf 91' lang='lat'><strong>:</strong></span> <span class='ocrx_word' id='word_1_497' title='bbox 248 3411 303 3478; x_wconf 83' lang='lat' dir='ltr'><strong>Qui</strong></span> <span class='ocrx_word' id='word_1_498' title='bbox 314 3413 375 3464; x_wconf 84' lang='lat' dir='ltr'><strong>sitit</strong></span> <span class='ocrx_word' id='word_1_499' title='bbox 382 3413 475 3465; x_wconf 80' lang='lat' dir='ltr'><strong>ueniat</strong></span> <span class='ocrx_word' id='word_1_500' title='bbox 487 3413 573 3466; x_wconf 80' lang='lat' dir='ltr'><strong>abmc</strong></span> <span class='ocrx_word' id='word_1_501' title='bbox 586 3418 611 3467; x_wconf 87' lang='lat' dir='ltr'><strong>et</strong></span> <span class='ocrx_word' id='word_1_502' title='bbox 626 3414 708 3479; x_wconf 85' lang='lat' dir='ltr'><strong>bibat,</strong></span> <span class='ocrx_word' id='word_1_503' title='bbox 724 3417 774 3481; x_wconf 84' lang='lat' dir='ltr'><strong>qui</strong></span> <span class='ocrx_word' id='word_1_504' title='bbox 787 3415 873 3468; x_wconf 86' lang='lat' dir='ltr'><strong>credit</strong></span> <span class='ocrx_word' id='word_1_505' title='bbox 887 3416 919 3470; x_wconf 86' lang='lat' dir='ltr'><strong>in</strong></span> <span class='ocrx_word' id='word_1_506' title='bbox 960 3415 1073 3466; x_wconf 86' lang='lat' dir='ltr'><strong>mittam</strong></span> <span class='ocrx_word' id='word_1_507' title='bbox 1092 3414 1175 3479; x_wconf 86' lang='lat' dir='ltr'><strong>robis,</strong></span> <span class='ocrx_word' id='word_1_508' title='bbox 1193 3420 1221 3468; x_wconf 88' lang='lat' dir='ltr'><strong>et</strong></span> <span class='ocrx_word' id='word_1_509' title='bbox 1239 3431 1269 3467; x_wconf 90' lang='lat' dir='ltr'><strong>se</strong></span> <span class='ocrx_word' id='word_1_510' title='bbox 1288 3414 1411 3468; x_wconf 85' lang='lat' dir='ltr'><strong>ostendit</strong></span> <span class='ocrx_word' id='word_1_511' title='bbox 1429 3430 1489 3467; x_wconf 86' lang='lat' dir='ltr'><strong>esse</strong></span> <span class='ocrx_word' id='word_1_512' title='bbox 1509 3412 1693 3483; x_wconf 86' lang='lat' dir='ltr'><strong>paracletum,</strong></span> <span class='ocrx_word' id='word_1_513' title='bbox 1709 3409 1756 3481; x_wconf 93' lang='lat' dir='ltr'><strong>qui</strong></span> 
     </span>
     <span class='ocr_line' id='line_1_37' title="bbox 121 3499 1757 3572; baseline 0.001 -20"><span class='ocrx_word' id='word_1_514' title='bbox 121 3514 174 3565; x_wconf 82' lang='lat' dir='ltr'><strong>mc,</strong></span> <span class='ocrx_word' id='word_1_515' title='bbox 191 3501 263 3554; x_wconf 89' lang='lat' dir='ltr'><strong>sicut</strong></span> <span class='ocrx_word' id='word_1_516' title='bbox 281 3499 349 3553; x_wconf 87' lang='lat' dir='ltr'><strong>dicit</strong></span> <span class='ocrx_word' id='word_1_517' title='bbox 369 3499 527 3568; x_wconf 84' lang='lat' dir='ltr'><strong>Scriptura,</strong></span> <span class='ocrx_word' id='word_1_518' title='bbox 552 3503 672 3570; x_wconf 73' lang='lat' dir='ltr'><strong>(lumina</strong></span> <span class='ocrx_word' id='word_1_519' title='bbox 693 3503 725 3556; x_wconf 83' lang='lat' dir='ltr'><strong>dc</strong></span> <span class='ocrx_word' id='word_1_520' title='bbox 749 3508 842 3556; x_wconf 80' lang='lat' dir='ltr'><strong>uentre</strong></span> <span class='ocrx_word' id='word_1_521' title='bbox 861 3506 919 3572; x_wconf 75' lang='lat' dir='ltr'><strong>ejus</strong></span> <span class='ocrx_word' id='word_1_522' title='bbox 959 3501 1118 3572; x_wconf 89' lang='lat' dir='ltr'><strong>appellatur</strong></span> <span class='ocrx_word' id='word_1_523' title='bbox 1130 3507 1292 3558; x_wconf 80' lang='lat' dir='ltr'><strong>ceresolatar.</strong></span> <span class='ocrx_word' id='word_1_524' title='bbox 1300 3503 1380 3558; x_wconf 89' lang='lat' dir='ltr'><strong>Unde</strong></span> <span class='ocrx_word' id='word_1_525' title='bbox 1388 3504 1498 3557; x_wconf 88' lang='lat' dir='ltr'><strong>etDeus</strong></span> <span class='ocrx_word' id='word_1_526' title='bbox 1506 3501 1649 3556; x_wconf 89' lang='lat' dir='ltr'><strong>Paterhoc</strong></span> <span class='ocrx_word' id='word_1_527' title='bbox 1662 3515 1757 3554; x_wconf 90' lang='lat' dir='ltr'><strong>cense-</strong></span> 
     </span>
     <span class='ocr_line' id='line_1_38' title="bbox 122 3587 1755 3658; baseline 0.001 -18"><span class='ocrx_word' id='word_1_528' title='bbox 122 3589 919 3658; x_wconf 75' lang='lat' dir='ltr'><strong>(tucntapuaoiuailocautemdim&#39;tdoSptritupuertiae·</strong></span> <span class='ocrx_word' id='word_1_529' title='bbox 959 3587 1755 3656; x_wconf 87' lang='lat' dir='ltr'><strong>turnomine,Deusmiserationisettotiusconsolationis.</strong></span> 
     </span>
     <span class='ocr_line' id='line_1_39' title="bbox 122 3675 1758 3749; baseline 0.001 -20"><span class='ocrx_word' id='word_1_530' title='bbox 122 3677 230 3745; x_wconf 83' lang='lat' dir='ltr'><strong>cepturi</strong></span> <span class='ocrx_word' id='word_1_531' title='bbox 242 3680 323 3730; x_wconf 85' lang='lat' dir='ltr'><strong>crant</strong></span> <span class='ocrx_word' id='word_1_532' title='bbox 335 3677 470 3731; x_wconf 82' lang='lat' dir='ltr'><strong>credentes</strong></span> <span class='ocrx_word' id='word_1_533' title='bbox 482 3680 513 3730; x_wconf 87' lang='lat' dir='ltr'><strong>in</strong></span> <span class='ocrx_word' id='word_1_534' title='bbox 530 3694 592 3731; x_wconf 84' lang='lat' dir='ltr'><strong>aum</strong></span> <span class='ocrx_word' id='word_1_535' title='bbox 610 3675 698 3749; x_wconf 80' lang='lat' dir='ltr'><strong>(toan.</strong></span> <span class='ocrx_word' id='word_1_536' title='bbox 710 3682 772 3747; x_wconf 78' lang='lat' dir='ltr'><strong>r11);</strong></span> <span class='ocrx_word' id='word_1_537' title='bbox 789 3679 859 3734; x_wconf 91' lang='lat' dir='ltr'><strong>etin</strong></span> <span class='ocrx_word' id='word_1_538' title='bbox 875 3696 920 3734; x_wconf 91' lang='lat' dir='ltr'><strong>eo-</strong></span> <span class='ocrx_word' id='word_1_539' title='bbox 961 3679 991 3733; x_wconf 90' lang='lat' dir='ltr'><strong>Si</strong></span> <span class='ocrx_word' id='word_1_540' title='bbox 1006 3683 1102 3733; x_wconf 89' lang='lat' dir='ltr'><strong>autem</strong></span> <span class='ocrx_word' id='word_1_541' title='bbox 1120 3681 1204 3734; x_wconf 89' lang='lat' dir='ltr'><strong>Pater</strong></span> <span class='ocrx_word' id='word_1_542' title='bbox 1224 3681 1382 3735; x_wconf 89' lang='lat' dir='ltr'><strong>consolator</strong></span> <span class='ocrx_word' id='word_1_543' title='bbox 1396 3686 1425 3735; x_wconf 88' lang='lat' dir='ltr'><strong>et</strong></span> <span class='ocrx_word' id='word_1_544' title='bbox 1439 3680 1526 3734; x_wconf 88' lang='lat' dir='ltr'><strong>Filius</strong></span> <span class='ocrx_word' id='word_1_545' title='bbox 1545 3679 1712 3743; x_wconf 87' lang='lat' dir='ltr'><strong>consolator,</strong></span> <span class='ocrx_word' id='word_1_546' title='bbox 1729 3681 1758 3730; x_wconf 86' lang='lat' dir='ltr'><strong>et</strong></span> 
     </span>
     <span class='ocr_line' id='line_1_40' title="bbox 121 3763 1758 3839; baseline 0 -20"><span class='ocrx_word' id='word_1_547' title='bbox 121 3763 187 3819; x_wconf 90' lang='lat' dir='ltr'><strong>dem</strong></span> <span class='ocrx_word' id='word_1_548' title='bbox 200 3764 260 3820; x_wconf 85' lang='lat' dir='ltr'><strong>loco</strong></span> <span class='ocrx_word' id='word_1_549' title='bbox 274 3764 375 3819; x_wconf 83' lang='lat' dir='ltr'><strong>infert:</strong></span> <span class='ocrx_word' id='word_1_550' title='bbox 392 3765 521 3821; x_wconf 76' lang='lat' dir='ltr'><strong>Nondum</strong></span> <span class='ocrx_word' id='word_1_551' title='bbox 534 3771 593 3820; x_wconf 83' lang='lat' dir='ltr'><strong>crat</strong></span> <span class='ocrx_word' id='word_1_552' title='bbox 608 3767 732 3836; x_wconf 74' lang='lat' dir='ltr'><strong>Spiritus</strong></span> <span class='ocrx_word' id='word_1_553' title='bbox 745 3769 836 3834; x_wconf 75' lang='lat' dir='ltr'><strong>datiis,</strong></span> <span class='ocrx_word' id='word_1_554' title='bbox 852 3771 920 3838; x_wconf 83' lang='lat' dir='ltr'><strong>quia</strong></span> <span class='ocrx_word' id='word_1_555' title='bbox 960 3767 1081 3839; x_wconf 86' lang='lat' dir='ltr'><strong>Spiritus</strong></span> <span class='ocrx_word' id='word_1_556' title='bbox 1094 3775 1207 3824; x_wconf 89' lang='lat' dir='ltr'><strong>sanctus</strong></span> <span class='ocrx_word' id='word_1_557' title='bbox 1217 3771 1384 3834; x_wconf 84' lang='lat' dir='ltr'><strong>consolator,</strong></span> <span class='ocrx_word' id='word_1_558' title='bbox 1397 3776 1426 3823; x_wconf 90' lang='lat' dir='ltr'><strong>et</strong></span> <span class='ocrx_word' id='word_1_559' title='bbox 1440 3769 1469 3823; x_wconf 92' lang='lat' dir='ltr'><strong>iu</strong></span> <span class='ocrx_word' id='word_1_560' title='bbox 1483 3768 1597 3823; x_wconf 89' lang='lat' dir='ltr'><strong>nomine</strong></span> <span class='ocrx_word' id='word_1_561' title='bbox 1614 3766 1717 3832; x_wconf 78' lang='lat' dir='ltr'><strong>PatriS,</strong></span> <span class='ocrx_word' id='word_1_562' title='bbox 1729 3771 1758 3820; x_wconf 90' lang='lat' dir='ltr'><strong>et</strong></span> 
     </span>
     <span class='ocr_line' id='line_1_41' title="bbox 121 3853 1758 3929; baseline 0.001 -22"><span class='ocrx_word' id='word_1_563' title='bbox 121 3855 330 3908; x_wconf 76' lang='lat' dir='ltr'><strong>iesusnondum</strong></span> <span class='ocrx_word' id='word_1_564' title='bbox 344 3856 439 3922; x_wconf 76' lang='lat' dir='ltr'><strong>suerat</strong></span> <span class='ocrx_word' id='word_1_565' title='bbox 450 3856 620 3923; x_wconf 78' lang='lat' dir='ltr'><strong>ptorificatus</strong></span> <span class='ocrx_word' id='word_1_566' title='bbox 627 3875 636 3921; x_wconf 90' lang='lat'><strong>,·</strong></span> <span class='ocrx_word' id='word_1_567' title='bbox 647 3872 704 3910; x_wconf 90' lang='lat' dir='ltr'><strong>non</strong></span> <span class='ocrx_word' id='word_1_568' title='bbox 715 3873 770 3927; x_wconf 93' lang='lat' dir='ltr'><strong>quo</strong></span> <span class='ocrx_word' id='word_1_569' title='bbox 779 3874 836 3911; x_wconf 90' lang='lat' dir='ltr'><strong>non</strong></span> <span class='ocrx_word' id='word_1_570' title='bbox 845 3861 920 3911; x_wconf 90' lang='lat' dir='ltr'><strong>esset</strong></span> <span class='ocrx_word' id='word_1_571' title='bbox 960 3856 1023 3911; x_wconf 90' lang='lat' dir='ltr'><strong>Filii</strong></span> <span class='ocrx_word' id='word_1_572' title='bbox 1034 3863 1063 3911; x_wconf 92' lang='lat' dir='ltr'><strong>et</strong></span> <span class='ocrx_word' id='word_1_573' title='bbox 1077 3858 1198 3929; x_wconf 88' lang='lat' dir='ltr'><strong>Spiritus</strong></span> <span class='ocrx_word' id='word_1_574' title='bbox 1208 3859 1296 3913; x_wconf 86' lang='lat' dir='ltr'><strong>saneti</strong></span> <span class='ocrx_word' id='word_1_575' title='bbox 1310 3859 1384 3929; x_wconf 88' lang='lat' dir='ltr'><strong>quod</strong></span> <span class='ocrx_word' id='word_1_576' title='bbox 1398 3858 1565 3927; x_wconf 64' lang='lat' dir='ltr'><strong>intelligutur</strong></span> <span class='ocrx_word' id='word_1_577' title='bbox 1577 3858 1653 3911; x_wconf 90' lang='lat' dir='ltr'><strong>Deus</strong></span> <span class='ocrx_word' id='word_1_578' title='bbox 1666 3853 1758 3925; x_wconf 86' lang='lat' dir='ltr'><strong>bapti·</strong></span> 
     </span>
     <span class='ocr_line' id='line_1_42' title="bbox 122 3941 1758 4019; baseline 0.001 -23"><span class='ocrx_word' id='word_1_579' title='bbox 122 3941 245 4012; x_wconf 89' lang='lat' dir='ltr'><strong>Spiritus</strong></span> <span class='ocrx_word' id='word_1_580' title='bbox 257 3949 380 4008; x_wconf 89' lang='lat' dir='ltr'><strong>sanctus,</strong></span> <span class='ocrx_word' id='word_1_581' title='bbox 396 3942 506 3997; x_wconf 83' lang='lat' dir='ltr'><strong>dicente</strong></span> <span class='ocrx_word' id='word_1_582' title='bbox 518 3943 638 3998; x_wconf 90' lang='lat' dir='ltr'><strong>Domino</strong></span> <span class='ocrx_word' id='word_1_583' title='bbox 653 3945 796 4000; x_wconf 85' lang='lat' dir='ltr'><strong>Salvatore</strong></span> <span class='ocrx_word' id='word_1_584' title='bbox 809 3946 916 4011; x_wconf 52' lang='lat' dir='ltr'><strong>(ructat.</strong></span> <span class='ocrx_word' id='word_1_585' title='bbox 958 3953 1059 4002; x_wconf 82' lang='lat' dir='ltr'><strong>rantur</strong></span> <span class='ocrx_word' id='word_1_586' title='bbox 1068 3948 1350 4019; x_wconf 88' lang='lat' dir='ltr'><strong>credentes‚quorum</strong></span> <span class='ocrx_word' id='word_1_587' title='bbox 1359 3964 1448 4002; x_wconf 92' lang='lat' dir='ltr'><strong>unum</strong></span> <span class='ocrx_word' id='word_1_588' title='bbox 1456 3945 1611 4001; x_wconf 84' lang='lat' dir='ltr'><strong>divinitatis</strong></span> <span class='ocrx_word' id='word_1_589' title='bbox 1619 3950 1648 3999; x_wconf 92' lang='lat' dir='ltr'><strong>et</strong></span> <span class='ocrx_word' id='word_1_590' title='bbox 1661 3960 1758 3998; x_wconf 90' lang='lat' dir='ltr'><strong>conso-</strong></span> 
     </span>
     <span class='ocr_line' id='line_1_43' title="bbox 122 4029 1758 4107; baseline 0.001 -23"><span class='ocrx_word' id='word_1_591' title='bbox 122 4033 171 4098; x_wconf 87' lang='lat' dir='ltr'><strong>xu)</strong></span> <span class='ocrx_word' id='word_1_592' title='bbox 189 4048 195 4083; x_wconf 91' lang='lat'>:</span> <span class='ocrx_word' id='word_1_593' title='bbox 211 4029 244 4085; x_wconf 83' lang='lat' dir='ltr'><strong>Si</strong></span> <span class='ocrx_word' id='word_1_594' title='bbox 256 4036 349 4084; x_wconf 81' lang='lat' dir='ltr'><strong>autem</strong></span> <span class='ocrx_word' id='word_1_595' title='bbox 363 4047 410 4098; x_wconf 84' lang='lat' dir='ltr'><strong>epo</strong></span> <span class='ocrx_word' id='word_1_596' title='bbox 423 4034 456 4085; x_wconf 86' lang='lat' dir='ltr'><strong>in</strong></span> <span class='ocrx_word' id='word_1_597' title='bbox 467 4030 762 4103; x_wconf 81' lang='lat' dir='ltr'><strong>Spiritusanctocjtcio</strong></span> <span class='ocrx_word' id='word_1_598' title='bbox 771 4036 916 4101; x_wconf 68' lang='lat' dir='ltr'><strong>cataonia,</strong></span> <span class='ocrx_word' id='word_1_599' title='bbox 959 4035 1058 4090; x_wconf 89' lang='lat' dir='ltr'><strong>latoris</strong></span> <span class='ocrx_word' id='word_1_600' title='bbox 1064 4043 1108 4090; x_wconf 90' lang='lat' dir='ltr'><strong>est</strong></span> <span class='ocrx_word' id='word_1_601' title='bbox 1121 4053 1234 4103; x_wconf 90' lang='lat' dir='ltr'><strong>nomeu,</strong></span> <span class='ocrx_word' id='word_1_602' title='bbox 1247 4044 1353 4107; x_wconf 83' lang='lat' dir='ltr'><strong>ergoet</strong></span> <span class='ocrx_word' id='word_1_603' title='bbox 1366 4053 1425 4091; x_wconf 87' lang='lat' dir='ltr'><strong>una</strong></span> <span class='ocrx_word' id='word_1_604' title='bbox 1434 4043 1535 4091; x_wconf 89' lang='lat' dir='ltr'><strong>natura</strong></span> <span class='ocrx_word' id='word_1_605' title='bbox 1547 4041 1598 4090; x_wconf 89' lang='lat' dir='ltr'><strong>est.</strong></span> <span class='ocrx_word' id='word_1_606' title='bbox 1607 4034 1660 4088; x_wconf 92' lang='lat' dir='ltr'><strong>Hic</strong></span> <span class='ocrx_word' id='word_1_607' title='bbox 1670 4032 1758 4104; x_wconf 88' lang='lat' dir='ltr'><strong>Spiri-</strong></span> 
     </span>
     <span class='ocr_line' id='line_1_44' title="bbox 121 4118 1758 4196; baseline 0.001 -25"><span class='ocrx_word' id='word_1_608' title='bbox 121 4118 171 4172; x_wconf 87' lang='lat' dir='ltr'><strong>sed</strong></span> <span class='ocrx_word' id='word_1_609' title='bbox 186 4118 234 4190; x_wconf 90' lang='lat' dir='ltr'><strong>qui</strong></span> <span class='ocrx_word' id='word_1_610' title='bbox 248 4123 310 4172; x_wconf 89' lang='lat' dir='ltr'><strong>erat</strong></span> <span class='ocrx_word' id='word_1_611' title='bbox 321 4118 352 4172; x_wconf 89' lang='lat' dir='ltr'><strong>in</strong></span> <span class='ocrx_word' id='word_1_612' title='bbox 364 4119 494 4186; x_wconf 87' lang='lat' dir='ltr'><strong>Domino,</strong></span> <span class='ocrx_word' id='word_1_613' title='bbox 511 4120 631 4175; x_wconf 89' lang='lat' dir='ltr'><strong>necdum</strong></span> <span class='ocrx_word' id='word_1_614' title='bbox 645 4127 723 4177; x_wconf 89' lang='lat' dir='ltr'><strong>totus</strong></span> <span class='ocrx_word' id='word_1_615' title='bbox 740 4123 770 4177; x_wconf 92' lang='lat' dir='ltr'><strong>in</strong></span> <span class='ocrx_word' id='word_1_616' title='bbox 786 4123 919 4195; x_wconf 89' lang='lat' dir='ltr'><strong>apostolis</strong></span> <span class='ocrx_word' id='word_1_617' title='bbox 959 4129 1006 4178; x_wconf 86' lang='lat' dir='ltr'><strong>tus</strong></span> <span class='ocrx_word' id='word_1_618' title='bbox 1022 4131 1136 4179; x_wconf 89' lang='lat' dir='ltr'><strong>sanctus</strong></span> <span class='ocrx_word' id='word_1_619' title='bbox 1146 4142 1202 4180; x_wconf 91' lang='lat' dir='ltr'><strong>non</strong></span> <span class='ocrx_word' id='word_1_620' title='bbox 1210 4125 1338 4180; x_wconf 87' lang='lat' dir='ltr'><strong>salumin</strong></span> <span class='ocrx_word' id='word_1_621' title='bbox 1354 4125 1497 4196; x_wconf 80' lang='lat' dir='ltr'><strong>apostolia,</strong></span> <span class='ocrx_word' id='word_1_622' title='bbox 1506 4124 1554 4178; x_wconf 89' lang='lat' dir='ltr'><strong>scd</strong></span> <span class='ocrx_word' id='word_1_623' title='bbox 1563 4123 1627 4178; x_wconf 91' lang='lat' dir='ltr'><strong>etin</strong></span> <span class='ocrx_word' id='word_1_624' title='bbox 1637 4121 1758 4193; x_wconf 89' lang='lat' dir='ltr'><strong>prophe-</strong></span> 
     </span>
     <span class='ocr_line' id='line_1_45' title="bbox 121 4206 1757 4286; baseline 0.002 -26"><span class='ocrx_word' id='word_1_625' title='bbox 121 4206 295 4275; x_wconf 89' lang='lat' dir='ltr'><strong>morabatur,</strong></span> <span class='ocrx_word' id='word_1_626' title='bbox 315 4206 497 4278; x_wconf 89' lang='lat' dir='ltr'><strong>quamobrem</strong></span> <span class='ocrx_word' id='word_1_627' title='bbox 516 4209 694 4271; x_wconf 84' lang='lat' dir='ltr'><strong>deterrentur</strong></span> <span class='ocrx_word' id='word_1_628' title='bbox 709 4211 745 4265; x_wconf 85' lang='lat' dir='ltr'><strong>nd</strong></span> <span class='ocrx_word' id='word_1_629' title='bbox 759 4212 917 4283; x_wconf 88' lang='lat' dir='ltr'><strong>passionem</strong></span> <span class='ocrx_word' id='word_1_630' title='bbox 958 4213 995 4268; x_wconf 90' lang='lat' dir='ltr'><strong>tis</strong></span> <span class='ocrx_word' id='word_1_631' title='bbox 1009 4213 1113 4282; x_wconf 66' lang='lat' dir='ltr'><strong>mitte</strong></span> <span class='ocrx_word' id='word_1_632' title='bbox 1128 4232 1182 4286; x_wconf 90' lang='lat' dir='ltr'><strong>quo</strong></span> <span class='ocrx_word' id='word_1_633' title='bbox 1195 4215 1283 4269; x_wconf 85' lang='lat' dir='ltr'><strong>David</strong></span> <span class='ocrx_word' id='word_1_634' title='bbox 1298 4215 1397 4269; x_wconf 88' lang='lat' dir='ltr'><strong>orabat</strong></span> <span class='ocrx_word' id='word_1_635' title='bbox 1409 4215 1520 4270; x_wconf 90' lang='lat' dir='ltr'><strong>dicens:</strong></span> <span class='ocrx_word' id='word_1_636' title='bbox 1535 4213 1676 4283; x_wconf 88' lang='lat' dir='ltr'><strong>Spiritum</strong></span> <span class='ocrx_word' id='word_1_637' title='bbox 1688 4226 1757 4264; x_wconf 88' lang='lat' dir='ltr'><strong>san-</strong></span> 
     </span>
     <span class='ocr_line' id='line_1_46' title="bbox 122 4296 1757 4374; baseline 0 -23"><span class='ocrx_word' id='word_1_638' title='bbox 122 4296 193 4366; x_wconf 83' lang='lat' dir='ltr'><strong>ejus,</strong></span> <span class='ocrx_word' id='word_1_639' title='bbox 204 4301 233 4350; x_wconf 89' lang='lat' dir='ltr'><strong>et</strong></span> <span class='ocrx_word' id='word_1_640' title='bbox 245 4304 359 4367; x_wconf 87' lang='lat' dir='ltr'><strong>negant,</strong></span> <span class='ocrx_word' id='word_1_641' title='bbox 371 4302 400 4351; x_wconf 91' lang='lat' dir='ltr'><strong>et</strong></span> <span class='ocrx_word' id='word_1_642' title='bbox 407 4296 550 4351; x_wconf 84' lang='lat' dir='ltr'><strong>Christum</strong></span> <span class='ocrx_word' id='word_1_643' title='bbox 563 4315 593 4352; x_wconf 89' lang='lat' dir='ltr'><strong>se</strong></span> <span class='ocrx_word' id='word_1_644' title='bbox 604 4300 711 4354; x_wconf 88' lang='lat' dir='ltr'><strong>nescire</strong></span> <span class='ocrx_word' id='word_1_645' title='bbox 719 4302 831 4371; x_wconf 76' lang='lat' dir='ltr'><strong>Jurant:</strong></span> <span class='ocrx_word' id='word_1_646' title='bbox 843 4307 918 4374; x_wconf 90' lang='lat' dir='ltr'><strong>post·</strong></span> <span class='ocrx_word' id='word_1_647' title='bbox 959 4309 1035 4357; x_wconf 73' lang='lat' dir='ltr'><strong>otram</strong></span> <span class='ocrx_word' id='word_1_648' title='bbox 1050 4309 1130 4358; x_wconf 90' lang='lat' dir='ltr'><strong>tuum</strong></span> <span class='ocrx_word' id='word_1_649' title='bbox 1146 4321 1179 4359; x_wconf 86' lang='lat' dir='ltr'><strong>ne</strong></span> <span class='ocrx_word' id='word_1_650' title='bbox 1191 4308 1305 4374; x_wconf 79' lang='lat' dir='ltr'><strong>auferas</strong></span> <span class='ocrx_word' id='word_1_651' title='bbox 1315 4322 1333 4359; x_wconf 92' lang='lat' dir='ltr'><strong>a</strong></span> <span class='ocrx_word' id='word_1_652' title='bbox 1346 4322 1388 4360; x_wconf 86' lang='lat' dir='ltr'><strong>me</strong></span> <span class='ocrx_word' id='word_1_653' title='bbox 1401 4306 1484 4373; x_wconf 84' lang='lat' dir='ltr'><strong>(Psat.</strong></span> <span class='ocrx_word' id='word_1_654' title='bbox 1501 4305 1538 4372; x_wconf 77' lang='lat' dir='ltr'><strong>a),·</strong></span> <span class='ocrx_word' id='word_1_655' title='bbox 1550 4307 1579 4357; x_wconf 87' lang='lat' dir='ltr'><strong>et</strong></span> <span class='ocrx_word' id='word_1_656' title='bbox 1585 4299 1685 4356; x_wconf 90' lang='lat' dir='ltr'><strong>Daniel</strong></span> <span class='ocrx_word' id='word_1_657' title='bbox 1698 4299 1757 4370; x_wconf 87' lang='lat' dir='ltr'><strong>spi-</strong></span> 
     </span>
     <span class='ocr_line' id='line_1_47' title="bbox 122 4358 1755 4461; baseline -0.001 -20"><span class='ocrx_word' id='word_1_658' title='bbox 122 4400 208 4456; x_wconf 89' lang='lat' dir='ltr'><strong>quam</strong></span> <span class='ocrx_word' id='word_1_659' title='bbox 215 4384 608 4458; x_wconf 86' lang='lat' dir='ltr'><strong>autembaptizanturSpiritu</strong></span> <span class='ocrx_word' id='word_1_660' title='bbox 616 4395 722 4456; x_wconf 88' lang='lat' dir='ltr'><strong>sancto,</strong></span> <span class='ocrx_word' id='word_1_661' title='bbox 730 4396 757 4445; x_wconf 89' lang='lat' dir='ltr'><strong>et</strong></span> <span class='ocrx_word' id='word_1_662' title='bbox 766 4358 950 4446; x_wconf 83' lang='lat' dir='ltr'><strong>eliuuditurD</strong></span> <span class='ocrx_word' id='word_1_663' title='bbox 960 4392 1048 4448; x_wconf 88' lang='lat' dir='ltr'><strong>ritum</strong></span> <span class='ocrx_word' id='word_1_664' title='bbox 1061 4393 1113 4447; x_wconf 90' lang='lat' dir='ltr'><strong>Dei</strong></span> <span class='ocrx_word' id='word_1_665' title='bbox 1123 4393 1255 4448; x_wconf 89' lang='lat' dir='ltr'><strong>habuisse</strong></span> <span class='ocrx_word' id='word_1_666' title='bbox 1266 4400 1399 4449; x_wconf 87' lang='lat' dir='ltr'><strong>narratur</strong></span> <span class='ocrx_word' id='word_1_667' title='bbox 1415 4396 1497 4461; x_wconf 81' lang='lat' dir='ltr'><strong>(bart.</strong></span> <span class='ocrx_word' id='word_1_668' title='bbox 1513 4409 1549 4458; x_wconf 80' lang='lat' dir='ltr'><strong>rr,</strong></span> <span class='ocrx_word' id='word_1_669' title='bbox 1567 4394 1605 4457; x_wconf 81' lang='lat' dir='ltr'><strong>r),</strong></span> <span class='ocrx_word' id='word_1_670' title='bbox 1622 4396 1654 4443; x_wconf 89' lang='lat' dir='ltr'><strong>et</strong></span> <span class='ocrx_word' id='word_1_671' title='bbox 1667 4387 1755 4442; x_wconf 79' lang='lat' dir='ltr'><strong>David</strong></span> 
     </span>
     <span class='ocr_line' id='line_1_48' title="bbox 121 4473 1754 4553; baseline 0 -25"><span class='ocrx_word' id='word_1_672' title='bbox 121 4473 151 4529; x_wconf 93' lang='lat' dir='ltr'><strong>in</strong></span> <span class='ocrx_word' id='word_1_673' title='bbox 168 4492 216 4530; x_wconf 89' lang='lat' dir='ltr'><strong>eos</strong></span> <span class='ocrx_word' id='word_1_674' title='bbox 230 4475 351 4546; x_wconf 87' lang='lat' dir='ltr'><strong>Spiritus</strong></span> <span class='ocrx_word' id='word_1_675' title='bbox 365 4475 454 4530; x_wconf 87' lang='lat' dir='ltr'><strong>sancti</strong></span> <span class='ocrx_word' id='word_1_676' title='bbox 463 4475 565 4547; x_wconf 85' lang='lat' dir='ltr'><strong>gratia,</strong></span> <span class='ocrx_word' id='word_1_677' title='bbox 581 4482 649 4532; x_wconf 91' lang='lat' dir='ltr'><strong>tunc</strong></span> <span class='ocrx_word' id='word_1_678' title='bbox 664 4478 751 4534; x_wconf 91' lang='lat' dir='ltr'><strong>libere</strong></span> <span class='ocrx_word' id='word_1_679' title='bbox 765 4480 918 4551; x_wconf 91' lang='lat' dir='ltr'><strong>loquuntur</strong></span> <span class='ocrx_word' id='word_1_680' title='bbox 958 4480 988 4535; x_wconf 91' lang='lat' dir='ltr'><strong>in</strong></span> <span class='ocrx_word' id='word_1_681' title='bbox 1003 4480 1110 4553; x_wconf 91' lang='lat' dir='ltr'><strong>Spiritu</strong></span> <span class='ocrx_word' id='word_1_682' title='bbox 1125 4481 1249 4553; x_wconf 91' lang='lat' dir='ltr'><strong>loquitur</strong></span> <span class='ocrx_word' id='word_1_683' title='bbox 1263 4482 1365 4537; x_wconf 79' lang='lat' dir='ltr'><strong>dixisse</strong></span> <span class='ocrx_word' id='word_1_684' title='bbox 1376 4482 1529 4537; x_wconf 90' lang='lat' dir='ltr'><strong>Dominum</strong></span> <span class='ocrx_word' id='word_1_685' title='bbox 1544 4477 1664 4534; x_wconf 88' lang='lat' dir='ltr'><strong>Domino</strong></span> <span class='ocrx_word' id='word_1_686' title='bbox 1680 4491 1732 4530; x_wconf 87' lang='lat' dir='ltr'><strong>suo</strong></span> <span class='ocrx_word' id='word_1_687' title='bbox 1748 4493 1754 4528; x_wconf 92' lang='lat'><strong>:</strong></span> 
     </span>
     <span class='ocr_line' id='line_1_49' title="bbox 122 4563 1756 4640; baseline 0 -22"><span class='ocrx_word' id='word_1_688' title='bbox 122 4563 159 4618; x_wconf 86' lang='lat' dir='ltr'><strong>ad</strong></span> <span class='ocrx_word' id='word_1_689' title='bbox 173 4565 313 4635; x_wconf 90' lang='lat' dir='ltr'><strong>principes</strong></span> <span class='ocrx_word' id='word_1_690' title='bbox 327 4564 504 4620; x_wconf 82' lang='lat' dir='ltr'><strong>tudaeorum:</strong></span> <span class='ocrx_word' id='word_1_691' title='bbox 517 4566 629 4622; x_wconf 83' lang='lat' dir='ltr'><strong>Obedirc</strong></span> <span class='ocrx_word' id='word_1_692' title='bbox 636 4571 725 4636; x_wconf 73' lang='lat' dir='ltr'><strong>inopis</strong></span> <span class='ocrx_word' id='word_1_693' title='bbox 739 4575 841 4638; x_wconf 83' lang='lat' dir='ltr'><strong>oportet</strong></span> <span class='ocrx_word' id='word_1_694' title='bbox 853 4572 915 4636; x_wconf 85' lang='lat' dir='ltr'><strong>beo,</strong></span> <span class='ocrx_word' id='word_1_695' title='bbox 958 4569 1023 4625; x_wconf 77' lang='lat' dir='ltr'><strong>Scite</strong></span> <span class='ocrx_word' id='word_1_696' title='bbox 1036 4587 1054 4625; x_wconf 88' lang='lat' dir='ltr'><strong>a</strong></span> <span class='ocrx_word' id='word_1_697' title='bbox 1068 4572 1171 4625; x_wconf 79' lang='lat' dir='ltr'><strong>deutris</strong></span> <span class='ocrx_word' id='word_1_698' title='bbox 1185 4575 1261 4636; x_wconf 85' lang='lat' dir='ltr'><strong>meis,</strong></span> <span class='ocrx_word' id='word_1_699' title='bbox 1275 4572 1359 4627; x_wconf 85' lang='lat' dir='ltr'><strong>donce</strong></span> <span class='ocrx_word' id='word_1_700' title='bbox 1368 4587 1472 4640; x_wconf 76' lang='lat' dir='ltr'><strong>porram</strong></span> <span class='ocrx_word' id='word_1_701' title='bbox 1487 4571 1615 4624; x_wconf 87' lang='lat' dir='ltr'><strong>inimicos</strong></span> <span class='ocrx_word' id='word_1_702' title='bbox 1626 4572 1685 4620; x_wconf 85' lang='lat' dir='ltr'><strong>tuos</strong></span> <span class='ocrx_word' id='word_1_703' title='bbox 1696 4581 1756 4619; x_wconf 87' lang='lat' dir='ltr'><strong>sco-</strong></span> 
     </span>
     <span class='ocr_line' id='line_1_50' title="bbox 56 4653 1757 4730; baseline -0.001 -21"><span class='ocrx_word' id='word_1_704' title='bbox 56 4702 61 4709; x_wconf 89' lang='lat'>.</span> <span class='ocrx_word' id='word_1_705' title='bbox 121 4668 161 4705; x_wconf 89' lang='lat' dir='ltr'><strong>an</strong></span> <span class='ocrx_word' id='word_1_706' title='bbox 179 4654 357 4707; x_wconf 79' lang='lat' dir='ltr'><strong>bominibus?</strong></span> <span class='ocrx_word' id='word_1_707' title='bbox 373 4654 490 4723; x_wconf 62' lang='lat' dir='ltr'><strong>(Acts.)</strong></span> <span class='ocrx_word' id='word_1_708' title='bbox 506 4655 634 4711; x_wconf 90' lang='lat' dir='ltr'><strong>Mortuos</strong></span> <span class='ocrx_word' id='word_1_709' title='bbox 648 4657 793 4725; x_wconf 85' lang='lat' dir='ltr'><strong>suscitant,</strong></span> <span class='ocrx_word' id='word_1_710' title='bbox 802 4663 831 4713; x_wconf 89' lang='lat' dir='ltr'><strong>et</strong></span> <span class='ocrx_word' id='word_1_711' title='bbox 844 4659 918 4713; x_wconf 85' lang='lat' dir='ltr'><strong>inter</strong></span> <span class='ocrx_word' id='word_1_712' title='bbox 959 4661 1061 4714; x_wconf 82' lang='lat' dir='ltr'><strong>betium</strong></span> <span class='ocrx_word' id='word_1_713' title='bbox 1072 4660 1175 4730; x_wconf 80' lang='lat' dir='ltr'><strong>pedum</strong></span> <span class='ocrx_word' id='word_1_714' title='bbox 1190 4666 1304 4715; x_wconf 88' lang='lat' dir='ltr'><strong>tuarum</strong></span> <span class='ocrx_word' id='word_1_715' title='bbox 1319 4661 1403 4727; x_wconf 82' lang='lat' dir='ltr'><strong>(Psal.</strong></span> <span class='ocrx_word' id='word_1_716' title='bbox 1419 4662 1485 4727; x_wconf 84' lang='lat' dir='ltr'><strong>arx).</strong></span> <span class='ocrx_word' id='word_1_717' title='bbox 1501 4659 1559 4714; x_wconf 91' lang='lat' dir='ltr'><strong>Nec</strong></span> <span class='ocrx_word' id='word_1_718' title='bbox 1572 4657 1632 4711; x_wconf 92' lang='lat' dir='ltr'><strong>siuc</strong></span> <span class='ocrx_word' id='word_1_719' title='bbox 1648 4653 1757 4726; x_wconf 89' lang='lat' dir='ltr'><strong>Spiritu</strong></span> 
     </span>
     <span class='ocr_line' id='line_1_51' title="bbox 122 4739 1758 4822; baseline 0.001 -28"><span class='ocrx_word' id='word_1_720' title='bbox 122 4740 235 4810; x_wconf 84' lang='lat' dir='ltr'><strong>flagella</strong></span> <span class='ocrx_word' id='word_1_721' title='bbox 246 4739 387 4808; x_wconf 75' lang='lat' dir='ltr'><strong>laetantur,</strong></span> <span class='ocrx_word' id='word_1_722' title='bbox 393 4742 515 4798; x_wconf 87' lang='lat' dir='ltr'><strong>fundunt</strong></span> <span class='ocrx_word' id='word_1_723' title='bbox 524 4745 700 4816; x_wconf 84' lang='lat' dir='ltr'><strong>sanguinem,</strong></span> <span class='ocrx_word' id='word_1_724' title='bbox 708 4752 736 4801; x_wconf 89' lang='lat' dir='ltr'><strong>et</strong></span> <span class='ocrx_word' id='word_1_725' title='bbox 743 4747 800 4801; x_wconf 90' lang='lat' dir='ltr'><strong>suis</strong></span> <span class='ocrx_word' id='word_1_726' title='bbox 810 4748 917 4819; x_wconf 89' lang='lat' dir='ltr'><strong>suppli·</strong></span> <span class='ocrx_word' id='word_1_727' title='bbox 959 4755 1054 4805; x_wconf 86' lang='lat' dir='ltr'><strong>sancto</strong></span> <span class='ocrx_word' id='word_1_728' title='bbox 1069 4749 1307 4820; x_wconf 82' lang='lat' dir='ltr'><strong>prophetaverunt</strong></span> <span class='ocrx_word' id='word_1_729' title='bbox 1332 4749 1484 4822; x_wconf 78' lang='lat' dir='ltr'><strong>prophete,</strong></span> <span class='ocrx_word' id='word_1_730' title='bbox 1500 4753 1537 4814; x_wconf 86' lang='lat' dir='ltr'><strong>et,</strong></span> <span class='ocrx_word' id='word_1_731' title='bbox 1551 4747 1629 4800; x_wconf 83' lang='lat' dir='ltr'><strong>acrba</strong></span> <span class='ocrx_word' id='word_1_732' title='bbox 1642 4746 1758 4799; x_wconf 83' lang='lat' dir='ltr'><strong>Domini</strong></span> 
     </span>
     <span class='ocr_line' id='line_1_52' title="bbox 122 4828 1757 4908; baseline 0.002 -25"><span class='ocrx_word' id='word_1_733' title='bbox 122 4828 172 4884; x_wconf 91' lang='lat' dir='ltr'><strong>ciis</strong></span> <span class='ocrx_word' id='word_1_734' title='bbox 190 4834 369 4883; x_wconf 88' lang='lat' dir='ltr'><strong>coronantur.</strong></span> <span class='ocrx_word' id='word_1_735' title='bbox 380 4830 513 4886; x_wconf 90' lang='lat' dir='ltr'><strong>Nondum</strong></span> <span class='ocrx_word' id='word_1_736' title='bbox 526 4839 588 4888; x_wconf 90' lang='lat' dir='ltr'><strong>erat</strong></span> <span class='ocrx_word' id='word_1_737' title='bbox 602 4835 724 4906; x_wconf 89' lang='lat' dir='ltr'><strong>Spiritus</strong></span> <span class='ocrx_word' id='word_1_738' title='bbox 734 4836 762 4890; x_wconf 91' lang='lat' dir='ltr'><strong>in</strong></span> <span class='ocrx_word' id='word_1_739' title='bbox 774 4837 916 4908; x_wconf 84' lang='lat' dir='ltr'><strong>apostolis,</strong></span> <span class='ocrx_word' id='word_1_740' title='bbox 959 4842 1018 4895; x_wconf 82' lang='lat' dir='ltr'><strong>cati</strong></span> <span class='ocrx_word' id='word_1_741' title='bbox 1032 4841 1140 4904; x_wconf 74' lang='lat' dir='ltr'><strong>prouti·</strong></span> <span class='ocrx_word' id='word_1_742' title='bbox 1152 4844 1227 4904; x_wconf 90' lang='lat' dir='ltr'><strong>sunt,</strong></span> <span class='ocrx_word' id='word_1_743' title='bbox 1245 4844 1269 4893; x_wconf 89' lang='lat' dir='ltr'><strong>et</strong></span> <span class='ocrx_word' id='word_1_744' title='bbox 1280 4841 1384 4907; x_wconf 84' lang='lat' dir='ltr'><strong>spiritu</strong></span> <span class='ocrx_word' id='word_1_745' title='bbox 1399 4841 1455 4892; x_wconf 88' lang='lat' dir='ltr'><strong>oris</strong></span> <span class='ocrx_word' id='word_1_746' title='bbox 1477 4841 1535 4907; x_wconf 71' lang='lat' dir='ltr'><strong>rjus</strong></span> <span class='ocrx_word' id='word_1_747' title='bbox 1551 4838 1641 4890; x_wconf 81' lang='lat' dir='ltr'><strong>omnis</strong></span> <span class='ocrx_word' id='word_1_748' title='bbox 1664 4837 1757 4888; x_wconf 82' lang='lat' dir='ltr'><strong>uirtus</strong></span> 
     </span>
     <span class='ocr_line' id='line_1_53' title="bbox 121 4917 1754 5001; baseline 0.004 -29"><span class='ocrx_word' id='word_1_749' title='bbox 121 4933 174 4972; x_wconf 87' lang='lat' dir='ltr'><strong>nec</strong></span> <span class='ocrx_word' id='word_1_750' title='bbox 186 4917 221 4972; x_wconf 91' lang='lat' dir='ltr'><strong>de</strong></span> <span class='ocrx_word' id='word_1_751' title='bbox 235 4923 332 4972; x_wconf 75' lang='lat' dir='ltr'><strong>renue</strong></span> <span class='ocrx_word' id='word_1_752' title='bbox 345 4933 443 4972; x_wconf 90' lang='lat' dir='ltr'><strong>eorum</strong></span> <span class='ocrx_word' id='word_1_753' title='bbox 457 4920 582 4976; x_wconf 78' lang='lat' dir='ltr'><strong>fluebant</strong></span> <span class='ocrx_word' id='word_1_754' title='bbox 588 4924 686 4994; x_wconf 81' lang='lat' dir='ltr'><strong>gratiae</strong></span> <span class='ocrx_word' id='word_1_755' title='bbox 696 4925 845 4995; x_wconf 87' lang='lat' dir='ltr'><strong>spiritales,</strong></span> <span class='ocrx_word' id='word_1_756' title='bbox 853 4925 919 4997; x_wconf 89' lang='lat' dir='ltr'><strong>quia</strong></span> <span class='ocrx_word' id='word_1_757' title='bbox 959 4943 1055 4982; x_wconf 85' lang='lat' dir='ltr'><strong>corum</strong></span> <span class='ocrx_word' id='word_1_758' title='bbox 1071 4928 1153 4994; x_wconf 88' lang='lat' dir='ltr'><strong>(Psat.</strong></span> <span class='ocrx_word' id='word_1_759' title='bbox 1170 4931 1268 4996; x_wconf 81' lang='lat' dir='ltr'><strong>xxxii),</strong></span> <span class='ocrx_word' id='word_1_760' title='bbox 1280 4933 1309 4982; x_wconf 90' lang='lat' dir='ltr'><strong>et</strong></span> <span class='ocrx_word' id='word_1_761' title='bbox 1324 4927 1459 5001; x_wconf 92' lang='lat' dir='ltr'><strong>quidquid</strong></span> <span class='ocrx_word' id='word_1_762' title='bbox 1467 4926 1560 4982; x_wconf 85' lang='lat' dir='ltr'><strong>Patris</strong></span> <span class='ocrx_word' id='word_1_763' title='bbox 1574 4931 1602 4979; x_wconf 92' lang='lat' dir='ltr'><strong>ct</strong></span> <span class='ocrx_word' id='word_1_764' title='bbox 1620 4923 1684 4979; x_wconf 88' lang='lat' dir='ltr'><strong>Filii</strong></span> <span class='ocrx_word' id='word_1_765' title='bbox 1702 4928 1754 4990; x_wconf 63' lang='lat' dir='ltr'><strong>est,</strong></span> 
     </span>
     <span class='ocr_line' id='line_1_54' title="bbox 122 5006 1756 5088; baseline 0.002 -25"><span class='ocrx_word' id='word_1_766' title='bbox 122 5006 258 5063; x_wconf 90' lang='lat' dir='ltr'><strong>Dominus</strong></span> <span class='ocrx_word' id='word_1_767' title='bbox 268 5006 388 5061; x_wconf 88' lang='lat' dir='ltr'><strong>necdum</strong></span> <span class='ocrx_word' id='word_1_768' title='bbox 402 5007 496 5063; x_wconf 83' lang='lat' dir='ltr'><strong>tuerat</strong></span> <span class='ocrx_word' id='word_1_769' title='bbox 508 5011 765 5080; x_wconf 80' lang='lat' dir='ltr'><strong>glorificatusQuae</strong></span> <span class='ocrx_word' id='word_1_770' title='bbox 774 5015 812 5069; x_wconf 90' lang='lat' dir='ltr'><strong>sit</strong></span> <span class='ocrx_word' id='word_1_771' title='bbox 822 5021 917 5069; x_wconf 88' lang='lat' dir='ltr'><strong>autem</strong></span> <span class='ocrx_word' id='word_1_772' title='bbox 959 5016 1095 5072; x_wconf 89' lang='lat' dir='ltr'><strong>hocidem</strong></span> <span class='ocrx_word' id='word_1_773' title='bbox 1109 5023 1139 5071; x_wconf 91' lang='lat' dir='ltr'><strong>et</strong></span> <span class='ocrx_word' id='word_1_774' title='bbox 1153 5016 1274 5088; x_wconf 86' lang='lat' dir='ltr'><strong>Spiritus</strong></span> <span class='ocrx_word' id='word_1_775' title='bbox 1282 5017 1371 5071; x_wconf 89' lang='lat' dir='ltr'><strong>sancti</strong></span> <span class='ocrx_word' id='word_1_776' title='bbox 1383 5021 1436 5082; x_wconf 87' lang='lat' dir='ltr'><strong>est,</strong></span> <span class='ocrx_word' id='word_1_777' title='bbox 1449 5020 1478 5070; x_wconf 90' lang='lat' dir='ltr'><strong>et</strong></span> <span class='ocrx_word' id='word_1_778' title='bbox 1492 5015 1551 5086; x_wconf 89' lang='lat' dir='ltr'><strong>ipse</strong></span> <span class='ocrx_word' id='word_1_779' title='bbox 1561 5013 1682 5084; x_wconf 88' lang='lat' dir='ltr'><strong>Spiritus</strong></span> <span class='ocrx_word' id='word_1_780' title='bbox 1691 5029 1756 5067; x_wconf 85' lang='lat' dir='ltr'><strong>cunr</strong></span> 
     </span>
     <span class='ocr_line' id='line_1_55' title="bbox 121 5096 1756 5177; baseline 0.002 -27"><span class='ocrx_word' id='word_1_781' title='bbox 121 5096 213 5168; x_wconf 81' lang='lat' dir='ltr'><strong>gloria</strong></span> <span class='ocrx_word' id='word_1_782' title='bbox 224 5096 284 5169; x_wconf 92' lang='lat' dir='ltr'><strong>ipse</strong></span> <span class='ocrx_word' id='word_1_783' title='bbox 296 5096 326 5150; x_wconf 91' lang='lat' dir='ltr'><strong>in</strong></span> <span class='ocrx_word' id='word_1_784' title='bbox 338 5096 489 5166; x_wconf 83' lang='lat' dir='ltr'><strong>Evangelio</strong></span> <span class='ocrx_word' id='word_1_785' title='bbox 503 5099 557 5154; x_wconf 85' lang='lat' dir='ltr'><strong>ait:</strong></span> <span class='ocrx_word' id='word_1_786' title='bbox 569 5103 659 5167; x_wconf 82' lang='lat' dir='ltr'><strong>Pater,</strong></span> <span class='ocrx_word' id='word_1_787' title='bbox 667 5106 791 5172; x_wconf 75' lang='lat' dir='ltr'><strong>clarifica</strong></span> <span class='ocrx_word' id='word_1_788' title='bbox 806 5121 848 5158; x_wconf 73' lang='lat' dir='ltr'><strong>rite</strong></span> <span class='ocrx_word' id='word_1_789' title='bbox 859 5107 918 5172; x_wconf 84' lang='lat' dir='ltr'><strong>pto·</strong></span> <span class='ocrx_word' id='word_1_790' title='bbox 959 5105 1114 5160; x_wconf 89' lang='lat' dir='ltr'><strong>mittatura</strong></span> <span class='ocrx_word' id='word_1_791' title='bbox 1123 5107 1216 5169; x_wconf 87' lang='lat' dir='ltr'><strong>Patre,</strong></span> <span class='ocrx_word' id='word_1_792' title='bbox 1224 5112 1253 5160; x_wconf 89' lang='lat' dir='ltr'><strong>et</strong></span> <span class='ocrx_word' id='word_1_793' title='bbox 1259 5122 1310 5177; x_wconf 88' lang='lat' dir='ltr'><strong>pro</strong></span> <span class='ocrx_word' id='word_1_794' title='bbox 1317 5105 1498 5169; x_wconf 85' lang='lat' dir='ltr'><strong>Filioveniat,</strong></span> <span class='ocrx_word' id='word_1_795' title='bbox 1506 5104 1535 5159; x_wconf 95' lang='lat' dir='ltr'><strong>in</strong></span> <span class='ocrx_word' id='word_1_796' title='bbox 1543 5103 1598 5157; x_wconf 89' lang='lat' dir='ltr'><strong>alio</strong></span> <span class='ocrx_word' id='word_1_797' title='bbox 1607 5108 1691 5174; x_wconf 89' lang='lat' dir='ltr'><strong>atque</strong></span> <span class='ocrx_word' id='word_1_798' title='bbox 1702 5101 1756 5155; x_wconf 87' lang='lat' dir='ltr'><strong>alio</strong></span> 
     </span>
     <span class='ocr_line' id='line_1_56' title="bbox 123 5186 1757 5266; baseline 0.002 -26"><span class='ocrx_word' id='word_1_799' title='bbox 123 5189 170 5240; x_wconf 88' lang='lat' dir='ltr'><strong>ria</strong></span> <span class='ocrx_word' id='word_1_800' title='bbox 184 5202 269 5256; x_wconf 79' lang='lat' dir='ltr'><strong>quam</strong></span> <span class='ocrx_word' id='word_1_801' title='bbox 281 5187 358 5256; x_wconf 84' lang='lat' dir='ltr'><strong>apud</strong></span> <span class='ocrx_word' id='word_1_802' title='bbox 375 5191 399 5240; x_wconf 82' lang='lat' dir='ltr'><strong>tc</strong></span> <span class='ocrx_word' id='word_1_803' title='bbox 416 5186 502 5240; x_wconf 82' lang='lat' dir='ltr'><strong>habui</strong></span> <span class='ocrx_word' id='word_1_804' title='bbox 518 5191 686 5258; x_wconf 80' lang='lat' dir='ltr'><strong>priusquam</strong></span> <span class='ocrx_word' id='word_1_805' title='bbox 709 5194 831 5246; x_wconf 85' lang='lat' dir='ltr'><strong>mundus</strong></span> <span class='ocrx_word' id='word_1_806' title='bbox 853 5198 918 5248; x_wconf 80' lang='lat' dir='ltr'><strong>essct</strong></span> <span class='ocrx_word' id='word_1_807' title='bbox 958 5194 1018 5249; x_wconf 90' lang='lat' dir='ltr'><strong>loco</strong></span> <span class='ocrx_word' id='word_1_808' title='bbox 1033 5194 1153 5266; x_wconf 89' lang='lat' dir='ltr'><strong>Spiritus</strong></span> <span class='ocrx_word' id='word_1_809' title='bbox 1167 5194 1218 5249; x_wconf 89' lang='lat' dir='ltr'><strong>Dei</strong></span> <span class='ocrx_word' id='word_1_810' title='bbox 1227 5193 1319 5249; x_wconf 88' lang='lat' dir='ltr'><strong>Patris</strong></span> <span class='ocrx_word' id='word_1_811' title='bbox 1333 5199 1362 5248; x_wconf 90' lang='lat' dir='ltr'><strong>et</strong></span> <span class='ocrx_word' id='word_1_812' title='bbox 1377 5193 1481 5249; x_wconf 86' lang='lat' dir='ltr'><strong>Christi</strong></span> <span class='ocrx_word' id='word_1_813' title='bbox 1497 5193 1619 5265; x_wconf 88' lang='lat' dir='ltr'><strong>Spiritus</strong></span> <span class='ocrx_word' id='word_1_814' title='bbox 1634 5190 1757 5263; x_wconf 82' lang='lat' dir='ltr'><strong>appella-</strong></span> 
     </span>
     <span class='ocr_line' id='line_1_57' title="bbox 126 5274 1756 5355; baseline 0.004 -27"><span class='ocrx_word' id='word_1_815' title='bbox 126 5274 400 5346; x_wconf 83' lang='lat' dir='ltr'><strong>(Joan.xvu),gloria</strong></span> <span class='ocrx_word' id='word_1_816' title='bbox 413 5275 563 5331; x_wconf 84' lang='lat' dir='ltr'><strong>Salvatoris</strong></span> <span class='ocrx_word' id='word_1_817' title='bbox 574 5277 731 5348; x_wconf 88' lang='lat' dir='ltr'><strong>patibulum</strong></span> <span class='ocrx_word' id='word_1_818' title='bbox 742 5280 918 5353; x_wconf 80' lang='lat' dir='ltr'><strong>triumphari·</strong></span> <span class='ocrx_word' id='word_1_819' title='bbox 959 5289 1015 5340; x_wconf 92' lang='lat' dir='ltr'><strong>tur.</strong></span> <span class='ocrx_word' id='word_1_820' title='bbox 1037 5284 1117 5340; x_wconf 88' lang='lat' dir='ltr'><strong>Unde</strong></span> <span class='ocrx_word' id='word_1_821' title='bbox 1135 5292 1164 5338; x_wconf 91' lang='lat' dir='ltr'><strong>et</strong></span> <span class='ocrx_word' id='word_1_822' title='bbox 1181 5283 1211 5338; x_wconf 88' lang='lat' dir='ltr'><strong>in</strong></span> <span class='ocrx_word' id='word_1_823' title='bbox 1231 5282 1346 5339; x_wconf 79' lang='lat' dir='ltr'><strong>Actibus</strong></span> <span class='ocrx_word' id='word_1_824' title='bbox 1361 5284 1553 5355; x_wconf 87' lang='lat' dir='ltr'><strong>apostolorum</strong></span> <span class='ocrx_word' id='word_1_825' title='bbox 1572 5281 1621 5352; x_wconf 86' lang='lat' dir='ltr'><strong>qui</strong></span> <span class='ocrx_word' id='word_1_826' title='bbox 1639 5280 1756 5336; x_wconf 82' lang='lat' dir='ltr'><strong>loannis</strong></span> 
     </span>
     <span class='ocr_line' id='line_1_58' title="bbox 122 5362 1756 5445; baseline 0.004 -28"><span class='ocrx_word' id='word_1_827' title='bbox 122 5362 160 5418; x_wconf 84' lang='lat' dir='ltr'><strong>tis</strong></span> <span class='ocrx_word' id='word_1_828' title='bbox 173 5369 230 5425; x_wconf 72' lang='lat' dir='ltr'><strong>esu</strong></span> <span class='ocrx_word' id='word_1_829' title='bbox 246 5363 419 5435; x_wconf 77' lang='lat' dir='ltr'><strong>crucifigitur</strong></span> <span class='ocrx_word' id='word_1_830' title='bbox 433 5369 465 5418; x_wconf 91' lang='lat' dir='ltr'><strong>ut</strong></span> <span class='ocrx_word' id='word_1_831' title='bbox 477 5364 571 5432; x_wconf 87' lang='lat' dir='ltr'><strong>homo,</strong></span> <span class='ocrx_word' id='word_1_832' title='bbox 585 5366 759 5437; x_wconf 81' lang='lat' dir='ltr'><strong>glorificatur</strong></span> <span class='ocrx_word' id='word_1_833' title='bbox 771 5376 803 5425; x_wconf 92' lang='lat' dir='ltr'><strong>ut</strong></span> <span class='ocrx_word' id='word_1_834' title='bbox 820 5370 917 5425; x_wconf 92' lang='lat' dir='ltr'><strong>Domi·</strong></span> <span class='ocrx_word' id='word_1_835' title='bbox 959 5372 1129 5445; x_wconf 87' lang='lat' dir='ltr'><strong>baptismate</strong></span> <span class='ocrx_word' id='word_1_836' title='bbox 1142 5374 1254 5428; x_wconf 86' lang='lat' dir='ltr'><strong>lucrant</strong></span> <span class='ocrx_word' id='word_1_837' title='bbox 1267 5371 1400 5443; x_wconf 85' lang='lat' dir='ltr'><strong>baptizati</strong></span> <span class='ocrx_word' id='word_1_838' title='bbox 1415 5378 1444 5428; x_wconf 92' lang='lat' dir='ltr'><strong>et</strong></span> <span class='ocrx_word' id='word_1_839' title='bbox 1462 5370 1613 5426; x_wconf 86' lang='lat' dir='ltr'><strong>credebant</strong></span> <span class='ocrx_word' id='word_1_840' title='bbox 1625 5370 1655 5424; x_wconf 92' lang='lat' dir='ltr'><strong>in</strong></span> <span class='ocrx_word' id='word_1_841' title='bbox 1666 5370 1756 5424; x_wconf 84' lang='lat' dir='ltr'><strong>Deum</strong></span> 
     </span>
     <span class='ocr_line' id='line_1_59' title="bbox 124 5451 1756 5534; baseline -0.005 -15"><span class='ocrx_word' id='word_1_842' title='bbox 124 5468 187 5507; x_wconf 69' lang='lat' dir='ltr'>ssus·</span> <span class='ocrx_word' id='word_1_843' title='bbox 202 5451 330 5523; x_wconf 68' lang='lat' dir='ltr'><strong>Denique</strong></span> <span class='ocrx_word' id='word_1_844' title='bbox 348 5453 389 5506; x_wconf 79' lang='lat'><strong>⁸⁰¹</strong></span> <span class='ocrx_word' id='word_1_845' title='bbox 410 5452 491 5523; x_wconf 63' lang='lat' dir='ltr'><strong>fugit,</strong></span> <span class='ocrx_word' id='word_1_846' title='bbox 511 5453 581 5509; x_wconf 68' lang='lat' dir='ltr'><strong>luna</strong></span> <span class='ocrx_word' id='word_1_847' title='bbox 600 5459 728 5510; x_wconf 67' lang='lat' dir='ltr'><strong>mutatur</strong></span> <span class='ocrx_word' id='word_1_848' title='bbox 751 5458 781 5512; x_wconf 82' lang='lat' dir='ltr'><strong>in</strong></span> <span class='ocrx_word' id='word_1_849' title='bbox 808 5458 919 5531; x_wconf 78' lang='lat' dir='ltr'><strong>sangui·</strong></span> <span class='ocrx_word' id='word_1_850' title='bbox 960 5463 1073 5518; x_wconf 87' lang='lat' dir='ltr'><strong>Patrem</strong></span> <span class='ocrx_word' id='word_1_851' title='bbox 1084 5462 1351 5533; x_wconf 83' lang='lat' dir='ltr'><strong>etChristum,quia</strong></span> <span class='ocrx_word' id='word_1_852' title='bbox 1362 5461 1499 5534; x_wconf 90' lang='lat' dir='ltr'><strong>Spiritum</strong></span> <span class='ocrx_word' id='word_1_853' title='bbox 1508 5465 1637 5515; x_wconf 87' lang='lat' dir='ltr'><strong>sanctum</strong></span> <span class='ocrx_word' id='word_1_854' title='bbox 1651 5458 1756 5512; x_wconf 69' lang='lat' dir='ltr'><strong>nescia</strong></span> 
     </span>
     <span class='ocr_line' id='line_1_60' title="bbox 125 5541 1756 5624; baseline 0.002 -27"><span class='ocrx_word' id='word_1_855' title='bbox 125 5558 201 5612; x_wconf 84' lang='lat' dir='ltr'><strong>uem,</strong></span> <span class='ocrx_word' id='word_1_856' title='bbox 221 5547 298 5599; x_wconf 85' lang='lat' dir='ltr'><strong>terra</strong></span> <span class='ocrx_word' id='word_1_857' title='bbox 314 5548 393 5598; x_wconf 89' lang='lat' dir='ltr'><strong>motu</strong></span> <span class='ocrx_word' id='word_1_858' title='bbox 407 5541 520 5599; x_wconf 90' lang='lat' dir='ltr'><strong>insolito</strong></span> <span class='ocrx_word' id='word_1_859' title='bbox 538 5544 738 5614; x_wconf 85' lang='lat' dir='ltr'><strong>contremiscit,</strong></span> <span class='ocrx_word' id='word_1_860' title='bbox 754 5549 919 5620; x_wconf 83' lang='lat' dir='ltr'><strong>aperiuntur</strong></span> <span class='ocrx_word' id='word_1_861' title='bbox 958 5550 1036 5618; x_wconf 88' lang='lat' dir='ltr'><strong>bant,</strong></span> <span class='ocrx_word' id='word_1_862' title='bbox 1046 5551 1151 5608; x_wconf 87' lang='lat' dir='ltr'><strong>iterum</strong></span> <span class='ocrx_word' id='word_1_863' title='bbox 1168 5551 1356 5624; x_wconf 81' lang='lat' dir='ltr'><strong>baptizantur,</strong></span> <span class='ocrx_word' id='word_1_864' title='bbox 1376 5551 1434 5607; x_wconf 92' lang='lat' dir='ltr'><strong>imo</strong></span> <span class='ocrx_word' id='word_1_865' title='bbox 1452 5555 1520 5607; x_wconf 89' lang='lat' dir='ltr'><strong>tuuc</strong></span> <span class='ocrx_word' id='word_1_866' title='bbox 1533 5565 1598 5605; x_wconf 85' lang='lat' dir='ltr'><strong>rere</strong></span> <span class='ocrx_word' id='word_1_867' title='bbox 1613 5547 1756 5619; x_wconf 86' lang='lat' dir='ltr'><strong>accipiunt</strong></span> 
     </span>
    </p>
   </div>
   <div class='ocr_carea' id='block_1_5' title="bbox 0 0 1895 6116">
    <p class='ocr_par' dir='ltr' id='par_1_5' title="bbox 0 0 1895 6116">
     <span class='ocr_line' id='line_1_61' title="bbox 0 0 1895 6116; baseline 0 0"><span class='ocrx_word' id='word_1_868' title='bbox 0 0 1895 6116; x_wconf 95' lang='lat' dir='ltr'><strong> </strong></span> 
     </span>
    </p>
   </div>
  </div>
 </body>
</html>
