3772 6120
128 364 198 419 luat

235 491 358 561 Ipsoque
369 491 602 559 sanguinotiucta
616 512 667 552 suo
678 504 731 554 est.

202 581 255 634 Ast
269 579 316 634 ubi
331 595 362 633 se
379 579 484 635 furiata
499 582 559 637 lues

235 668 353 733 Excitat,
369 669 455 740 inque
469 686 569 727 necem
583 673 697 729 Domini

235 758 373 811 Provocat
385 757 480 813 invida
499 761 584 815 corda
597 763 677 818 ducis

237 846 351 901 Concita
364 847 478 902 mittere
492 850 568 920 cogit
579 867 644 905 eum

238 934 369 993 Sternere
382 942 412 991 et
425 937 540 1015 agmine
550 939 634 1010 plura
643 954 720 997 uere.

203 1024 261 1077 Ceu
274 1023 319 1078 leo
330 1041 397 1079 uam
410 1024 506 1081 fremit
519 1026 550 1081 in
561 1027 679 1097 facinus

237 1113 324 1182 Cujus
337 1113 373 1168 ab
387 1130 435 1169 ore
449 1122 532 1169 tener
543 1117 635 1172 subito

237 1202 439 1274 Effugitnguus
453 1205 482 1258 in
498 1221 566 1260 arra
580 1208 677 1278 procul
693 1228 698 1262 :

237 1291 329 1346 Vertit
337 1291 367 1346 in
380 1293 532 1349 innocuum
547 1312 626 1351 arma
639 1313 763 1368 gregem

237 1381 351 1448 Alterit,
362 1383 513 1451 excruciat,
528 1385 636 1440 lacerat
648 1404 654 1438 :

202 1469 248 1524 Sic
263 1470 396 1539 Herodes,
416 1473 581 1528 stimulante
595 1474 675 1540 eliso,

236 1560 314 1615 llere
328 1560 386 1632 lupi
401 1561 579 1629 firribuudua,
588 1580 695 1631 amens,

236 1649 356 1705 Parvula
374 1651 464 1706 millia
476 1658 572 1724 strage
582 1653 670 1709 dedit.

234 1737 384 1808 Turgidus,
401 1741 533 1796 horridus
544 1748 629 1814 atque
642 1743 737 1811 ieron

235 1827 363 1882 Christus
378 1834 408 1883 et
421 1845 502 1884 arma
514 1830 637 1887 nefanda
651 1831 729 1887 vitat.

205 1916 273 1981 Quis
285 1915 337 1971 tibi
352 1922 420 1972 tune
433 1919 510 1973 lanio
523 1920 610 1977 ardor
623 1928 694 1988 erat,

234 2005 313 2060 Talia
328 2023 392 2063 cum
402 2024 515 2079 quoque
528 2009 710 2081 prospiceres,

234 2095 349 2150 Pectore
364 2112 476 2168 quoque
490 2098 577 2154 dabat
593 2099 725 2170 gemitus,

234 2185 305 2240 Cum
319 2186 439 2257 puerilia
453 2186 580 2242 membra
588 2203 697 2257 secans,

233 2273 369 2329 Manibus
383 2276 444 2347 ipse
460 2276 558 2348 lugere
573 2276 685 2333 dabas?

200 2362 261 2419 Dux
274 2362 373 2428 bonus,
390 2364 496 2420 arbiter
503 2366 643 2437 egregius,

232 2452 375 2522 Sanguine
391 2454 515 2525 pasceris
529 2454 659 2511 innocuo

231 2540 400 2612 Corporibus
415 2542 539 2599 minimis
553 2542 676 2606 inhians,

230 2629 344 2685 Viscera
353 2629 445 2684 sobria
459 2631 604 2687 dilaceras.

231 2719 340 2774 Gaudia
355 2737 431 2775 mors
446 2721 539 2776 aliena
553 2719 640 2776 dabit.

197 2809 268 2879 Ergo
283 2825 345 2880 age,
361 2815 460 2877 tortor,
476 2810 574 2880 adure,
585 2827 660 2866 seca.

233 2898 331 2953 Divide
347 2898 475 2954 membra
488 2905 586 2955 coacta
598 2899 669 2968 luto,

231 2986 344 3041 Solvere
359 3004 418 3041 rem
433 2986 561 3061 fragilem
571 2984 653 3044 facile
666 2992 719 3043 est.

231 3075 293 3129 Non
310 3080 440 3146 penetrat
453 3076 533 3131 dolor
547 3073 667 3134 interius

229 3163 332 3218 Mentis
341 3164 371 3219 in
384 3181 447 3220 arce
461 3170 557 3221 manet
565 3164 714 3222 Dominus.

194 3252 247 3306 ilic
261 3252 368 3307 funeris
382 3254 449 3325 quia
463 3270 547 3310 causa
560 3254 624 3322 suit,

227 3342 348 3397 Praemia
358 3342 404 3396 his
417 3359 502 3416 super
515 3349 592 3399 aetra
601 3342 689 3399 dabit.

223 3431 266 3485 Tu
279 3447 390 3502 quoque
406 3431 505 3487 mortis
520 3439 632 3488 amator
641 3450 749 3500 amens,

225 3519 323 3574 Mortis
341 3520 372 3574 in
383 3520 487 3576 extima
499 3522 564 3594 jure
576 3522 662 3589 cedis,

227 3608 263 3662 Et
274 3608 488 3679 gemitum'sine
502 3611 558 3667 line
573 3602 663 3667 dabis.

193 3697 281 3752 Cedat
293 3714 374 3752 amor
387 3698 595 3772 lacrymantum
607 3700 764 3758 hominum.

225 3787 278 3851 Qui
292 3786 434 3843 celebrare
449 3804 582 3863 suprema
595 3790 695 3857 solent,

226 3875 331 3931 Flebile
344 3877 426 3932 cedet
439 3882 468 3932 et
481 3876 606 3935 officium
619 3899 625 3934 :

225 3965 394 4038 Martyribus
404 3965 471 4039 quia
479 3984 569 4039 regna
580 3972 688 4041 patent,

223 4054 334 4109 Gaudia
348 4061 538 4129 perpetuoque
550 4062 675 4112 manent.

189 4142 212 4196 Ο
227 4143 294 4198 socii
306 4144 365 4199 sine
379 4145 435 4198 sine
448 4142 540 4200 Deum

224 4231 355 4287 Carmine
365 4233 426 4303 jam
433 4248 611 4301 resonemus,
623 4250 687 4289 eum

225 4320 279 4384 Qui
290 4337 343 4376 sua
356 4338 475 4376 munera
488 4322 542 4377 rite
557 4320 652 4392 dedit3

223 4410 327 4464 Nostra
340 4409 459 4464 libenter
473 4414 502 4464 et
515 4409 574 4482 ipse
585 4406 661 4467 canit
677 4430 683 4463 :

223 4498 350 4554 Christus
365 4505 394 4552 et
408 4496 531 4571 optimus
543 4499 618 4554 Deus
632 4504 684 4555 est.

256 4634 307 4693 IV.
325 4666 363 4676 —
377 4640 390 4672 ·
405 4646 528 4694 urruns
540 4649 579 4694 nr
594 4649 775 4696 serrarum.

151 4766 193 4819 En
205 4764 268 4819 coeli
280 4764 399 4820 rutilant
412 4762 518 4821 lumine
528 4763 684 4839 splendida,

186 4853 337 4908 Teslantur
351 4854 503 4910 Dominum
516 4871 631 4910 nascere
641 4854 798 4928 parvulum.

185 4942 240 5007 Qui
254 4943 357 4997 format
368 4943 486 4998 minima
498 4949 528 4999 et
541 4949 619 4999 creat
627 4945 725 5012 ardua,

185 5028 276 5105 Regni
291 5038 402 5104 sceptra
414 5037 523 5101 tenens,
539 5039 583 5089 est
594 5034 670 5090 Deus
683 5038 769 5107 atque
783 5032 877 5091 bomo.

149 5120 235 5177 Duxit
244 5122 325 5179 stella
336 5123 433 5195 liugos
447 5122 566 5195 mystica
579 5140 713 5197 quarere,

186 5210 272 5281 Regis
283 5211 394 5283 pacifici
408 5211 463 5267 rite
472 5211 622 5269 cunabula.

657 370 833 427 unumne.
853 403 884 414 ·-

904 372 1032 429 SDb'PlO
1052 373 1087 429 11.
1116 372 1244 426 llYliNl.

938 504 961 562 Α
1043 502 1132 566 Quem
1145 501 1243 555 Judaea
1256 508 1355 554 teneus
1370 499 1446 554 orbis
1460 502 1489 555 in
1503 501 1613 570 ultima,

1042 590 1157 646 Diliusis
1171 589 1259 644 radiis
1269 589 1382 644 nuntiat
1396 589 1512 661 inclyta,

1006 679 1132 734 Herodes
1149 678 1263 751 capiens
1277 677 1381 749 impius
1396 678 1522 745 auribus,

1042 768 1121 832 Quod
1137 769 1194 823 Rex
1204 767 1250 822 hic
1263 767 1356 822 luerat
1367 770 1451 822 natue
1468 767 1499 823 in
1510 766 1628 823 urbibus

1040 857 1143 912 Judaeae
1153 857 1240 924 ,hune
1254 856 1337 911 eitius
1350 870 1477 928 quarm
1485 853 1613 929 poeuplr

1028 933 1149 1013 Tristis,
1166 944 1356 1017 moxqueneei
1365 945 1479 1001 undere
1492 945 1625 1001 (immet.

1005 1033 1138 1088 Inventus
1152 1034 1290 1089 Dominus
1303 1033 1394 1090 indice
1407 1034 1500 1090 sidere
1513 1039 1566 1101 esi,

1040 1123 1073 1177 In
1089 1123 1233 1178 Bethleem
1246 1124 1352 1195 pariter
1365 1138 1486 1195 eumque
1499 1120 1673 1195 perentibus,

1041 1211 1092 1265 Oui
1106 1228 1171 1266 mox
1182 1228 1249 1282 ergo
1261 1212 1338 1283 llagl
1348 1224 1468 1267 manera
1481 1210 1621 1280 duleum

1040 1299 1127 1365 Thus,
1135 1300 1399 1372 myrrhum,eumm
1408 1301 1445 1356 ab
1458 1301 1557 1374 Ophir,
1564 1302 1636 1373 regi,
1648 1302 1768 1368 homiui,

1004 1390 1084 1444 Hanc
1097 1395 1162 1444 trux
1175 1389 1237 1461 ipse
1247 1389 1314 1444 lieet
1327 1390 1423 1446 seriel
1435 1389 1559 1458 bonine,
1687 1390 1767 1463 [Deo,

1038 1479 1163 1534 Herodes
1173 1477 1274 1549 jubeat
1283 1469 1391 1534 cedere
1400 1481 1539 1552 parrulos,
1688 1489 1690 1492 ⁴

1038 1569 1168 1639 Regnum
1181 1568 1237 1624 rite
1251 1584 1336 1625 suum
1350 1569 1471 1624 firmiter
1484 1569 1620 1641 undique,

1703 370 1769 432 lust

1039 1655 1180 1723 Servatur,
1197 1658 1318 1713 Domino
1332 1657 1439 1712 corruit
1452 1656 1572 1713 invidus.

1004 1743 1045 1796 En
1059 1747 1102 1797 cst
1115 1743 1171 1798 ista
1184 1743 1245 1799 dies
1260 1760 1378 1799 munere
1392 1743 1503 1810 nobilis,

935 1818 959 1878 Β
1038 1831 1182 1903 Baptismo
1195 1832 1254 1886 hee
1265 1831 1378 1886 Domini
1392 1830 1495 1887 nobilis
1509 1830 1624 1891 exstitit.

1037 1920 1118 1985 Quod
1130 1920 1226 1976 vinum
1241 1919 1380 1975 Dominus
1392 1916 1498 1975 iecerat
1506 1936 1540 1975 ex
1554 1936 1637 1994 aqua,

1039 2008 1224 2065 Commendat
1237 2008 1346 2083 placide
1359 2008 1419 2065 hec
1430 2024 1511 2064 sacra
1525 2007 1668 2080 dogmata.

1004 2098 1166 2153 Gaudemus
1180 2099 1287 2172 pariter
1296 2096 1439 2155 mentibus
1453 2114 1489 2153 en
1503 2113 1612 2170 precor.

1037 2187 1117 2252 Quod
1130 2180 1211 2244 nobis
1219 2187 1358 2244 Dominus
1372 2186 1419 2242 hic
1429 2186 1493 2261 pius
1502 2184 1623 2242 advenit.

1038 2276 1118 2340 Quod
1132 2280 1230 2332 nostra
1241 2276 1331 2333 voluit
1343 2292 1464 2332 munera
1476 2290 1598 2341 sumere,

1036 2366 1117 2431 Quod
1129 2366 1270 2440 baptisma
1282 2364 1370 2434 dedit,
1382 2367 1482 2441 poeula
1495 2362 1624 2420 conurlit.

1001 2457 1073 2510 Nam
1087 2473 1136 2511 rex
1151 2455 1279 2512 Christus
1294 2456 1384 2522 adest,
1399 2450 1475 2509 orbis
1489 2458 1518 2508 et
1529 2448 1645 2521 arbiter,

1035 2546 1095 2601 Lux
1105 2545 1140 2599 de
1151 2545 1214 2600 luce
1225 2542 1281 2617 pia,
1293 2551 1322 2600 et
1333 2544 1418 2601 Pater
1431 2541 1569 2599 omnium.

1036 2634 1090 2698 Qui
1104 2650 1155 2689 uos
1168 2634 1203 2688 ad
1218 2634 1340 2707 patriam
1354 2633 1439 2688 duest
1452 2637 1481 2687 et
1492 2631 1638 2705 optimam,

1036 2724 1070 2778 Et
1078 2724 1142 2779 ritae
1155 2718 1240 2778 faeiat
1251 2722 1357 2795 gaudia
1366 2727 1482 2777 metere.

1103 2858 1140 2918 V.
1155 2889 1196 2903 -
1214 2870 1340 2920 mlius
1360 2870 1393 2921 lll
1416 2868 1596 2919 ΒΡΙΡΙΑΙΙΛ.

1104 2990 1190 3047 Veuit
1201 2990 1279 3047 Deus
1292 2986 1382 3046 lactus
1393 2988 1490 3059 homo,

932 3059 955 3118 ⁰
1140 3080 1373 3136 sanaremus
1385 3079 1464 3137 natio

1138 3167 1247 3224 Coelum
1257 3166 1335 3225 dedit
1347 3168 1426 3225 sidus
1434 3184 1549 3234 nevum,

1138 3259 1264 3333 Apparet
1277 3263 1377 3314 auctor
1387 3256 1524 3312 omnium.

1103 3347 1178 3416 Magi
1192 3345 1320 3403 ferebant
1333 3360 1463 3411 munera,

1138 3434 1226 3489 Primi
1239 3434 1326 3505 legati
1336 3432 1476 3505 gentium.

1138 3523 1205 3587 Quae
1219 3539 1284 3577 oum
1294 3538 1374 3577 sacro
1387 3518 1531 3595 mysterio.

1136 3609 1255 3682 Signant
1267 3609 1381 3667 latentis
1394 3607 1523 3682 gloriam.

1100 3702 1209 3756 Aurum
1222 3698 1346 3775 potentis
1359 3696 1499 3770 regmina,

1136 3790 1249 3845 Numen
1259 3802 1370 3843 sacrum
1383 3786 1449 3841 thus
1461 3782 1576 3850 indicat,

1136 3879 1313 3949 Carnemque
1327 3874 1444 3948 myrrha
1453 3879 1605 3938 mortuam,

1136 3967 1233 4022 lluudi
1247 3966 1373 4038 piantem
1385 3963 1555 4021 machinam.

1100 4056 1235 4123 Herodes,
1250 4052 1340 4109 hostis
1353 4052 1473 4121 invidus,

1131 4145 1245 4215 Ignorat
1256 4143 1315 4198 haec
1326 4141 1512 4210 trucissimus,

1133 4232 1264 4289 Christus
1280 4232 1365 4289 saluti
1378 4231 1517 4304 gentium,

924 4336 947 4393 υ
1133 4323 1201 4387 Quae
1215 4318 1562 4392 sicministratprovidus.

1096 4411 1177 4467 lesus
1190 4425 1339 4482 precamur
1353 4408 1467 4481 optime,

1133 4500 1176 4554 Tu
1184 4515 1237 4563 nos
1247 4494 1387 4568 benignus
1400 4495 1500 4568 dirige.

1133 4585 1260 4661 Prompti
1274 4585 1399 4642 feramus
1413 4583 1489 4659 quod
1501 4579 1553 4640 tibi

1134 4674 1239 4732 Laudis
1252 4679 1363 4733 saerata
1375 4688 1502 4731 munera.

1154 4811 1205 4872 vl.
1226 4825 1350 4872 -1rss
1371 4825 1474 4871 snus.

1095 4942 1225 4999 Christus
1236 4938 1407 5014 Redemptor
1419 4940 1543 5015 plebium

1132 5031 1277 5106 Baptisma
1289 5034 1434 5089 nausearet
1446 5046 1559 5091 nevum.

1133 5121 1235 5179 Venite
1247 5121 1339 5185 macti
1350 5120 1511 5187 eriminum

1132 5213 1239 5268 lavare
1249 5208 1347 5266 sordes
1359 5209 1497 5266 ommam.

609 5334 766 5392 senous
784 5330 1054 5395 CHRISTOPHORI
1071 5334 1254 5393 BROWERI.

149 5431 263 5497 ⁸,l'hus
280 5432 435 5515 myrrham,
451 5449 553 5488 aarum
565 5432 599 5487 ab
619 5432 715 5505 Ophir.
732 5434 792 5489 lloc
808 5439 915 5561 postre-
956 5433 1106 5518 Scriptura
1118 5435 1296 5506 interpretes
1309 5431 1409 5490 amb.
1423 5432 1605 5490 Mannum
1617 5432 1755 5507 prenae

109 5575 283 5701 apportavit,
277 5575 412 5658 ,aliaque
426 5576 489 5630 loee
511 5522 662 5658 Sciipturae
674 5575 817 5631 reurbal

113 5519 193 5558 marn
209 5504 413 5558 adSalomoms
429 5505 556 5571 clamem
573 5520 636 5576 que
654 5520 756 5559 aurum
777 5506 917 5635 erm
956 5505 1069 5561 nemin
1090 5506 1205 5579 Pheleg.
1218 5504 1331 5591 loseph.
1348 5506 1441 5561 Amet
1463 5503 1543 5573 lib.,r
1555 5518 1580 5562 e.
1592 5503 1619 5575 3,
1636 5509 1703 5573 ete,
1717 5503 1755 5561 de

956 5577 1035 5632 novo
1049 5577 1126 5639 orso,
1144 5577 1279 5634 sauna
1291 5576 1322 5634 a
1338 5576 1409 5651 aas
1424 5586 1496 5632 aa.

162 5651 228 5702 etur
246 5648 287 5703 De
296 5647 352 5702 artu
362 5647 634 5721 etaetationeophir
640 5647 916 5721 multuminquirunt
