3772 6120
120 319 190 377 1505

419 317 452 372 B.
472 316 610 375 assam
628 318 745 377 nulii
762 319 932 379 saumas.
951 319 1115 377 MOCUN'V.
1134 314 1284 377 OPERUH
1300 314 1393 372 PARS
1412 313 1460 371 lV.

1691 313 1755 368 1596

119 446 217 517 Agnus
228 442 264 499 ah
277 443 358 498 hoste
371 444 470 498 saoer‘
483 442 603 499 redemit
616 442 646 498 in
657 442 794 514 sauguine
808 447 948 516 paties,A
999 443 1110 497 Siccum
1118 445 1179 496 tata
1191 439 1308 494 madens
1321 454 1389 493 area
1402 437 1493 493 vellus
1507 435 1605 494 habet.

110 579 116 601 ,
153 534 268 606 Nosque
282 550 381 589 cruore
394 533 461 588 tulit
472 534 570 604 Agnus
585 531 620 587 ab
633 532 714 587 hoste
729 549 818 588 saoer.

119 623 221 680 Obruit
234 622 310 681 unda
321 622 409 689 nefas,
425 623 528 695 populo
540 622 686 693 gradiente
701 639 871 695 persequor,

154 714 235 768 Nunc
246 712 333 768 totius
342 712 439 767 mundi
454 711 549 767 obruit
563 711 639 767 unda
654 713 741 768 netas.

119 800 193 856 Fons
208 802 286 857 liare
300 801 390 856 dulcis
402 807 473 865 erat,
491 800 560 872 ligni
574 800 720 856 dulcedine
735 818 838 868 mersa,

155 890 201 946 Sic
213 890 304 945 crucis
318 907 351 945 ex
363 890 440 960 ligno
452 890 515 944 fons
526 890 605 944 Mara
618 889 708 945 dulcis
722 897 792 946 erat.

120 980 278 1036 Murmurat
292 979 424 1051 impietas
439 992 543 1034 mantia
557 978 686 1036 veniente
699 980 812 1044 refecta,

157 1069 240 1125 l'anis
253 1070 334 1124 adest
347 1069 484 1135 Christus,
502 1074 663 1124 murmurat
675 1069 816 1141 impietas

120 1160 187 1216 Post
201 1164 282 1232 petra
295 1159 452 1230 protulerat
465 1158 544 1229 virga
555 1157 597 1213 bis
612 1158 731 1214 flumina
741 1175 821 1225 cesa,

156 1248 191 1303 Et
201 1264 301 1320 passus
319 1247 451 1304 Christus
467 1253 530 1319 post
544 1253 624 1318 petra
637 1248 801 1318 protulerat.

66 1380 70 1389 .
120 1337 258 1393 Scribitur
271 1355 289 1393 a
300 1338 419 1394 Domino
434 1335 537 1393 tabulis
552 1335 595 1390 lex
610 1335 703 1407 priina
716 1337 844 1408 petrinis,

154 1428 180 1482 N
182 1443 236 1481 unc
251 1426 354 1482 tabulis
369 1426 461 1481 cordis
474 1424 607 1480 scribitur
618 1442 636 1479 a
648 1425 779 1481 Domino.

121 1517 176 1570 Lex
191 1516 270 1571 dedit
281 1516 417 1570 indicium
429 1520 525 1569 sontes
539 1514 696 1586 persolvere
712 1532 817 1587 poenas,

156 1605 269 1669 Quodve
285 1605 362 1660 salus
375 1604 480 1668 veniat,
497 1604 541 1658 lex
555 1603 634 1660 dedit
647 1604 792 1660 indicium.
864 1643 867 1649 -

121 1695 265 1765 Scenaquo
279 1694 354 1752 clara
369 1693 420 1747 Dei
436 1693 465 1748 iii
485 1693 588 1764 populo
603 1700 763 1749 constmcta
777 1695 879 1767 priore,

156 1782 278 1838 Ecclesia
292 1789 336 1838 est
345 1783 459 1847 Christi,
476 1799 615 1853 scenaque
629 1784 704 1839 clara
717 1784 778 1839 Dei.

122 1873 186 1928 ileo
199 1888 310 1945 quoque
325 1870 525 1929 candelabrum
538 1877 582 1927 est
595 1877 703 1943 septem
717 1873 853 1930 distincta
873 1876 918 1931 lu-

777 1963 888 2034 [carnia

155 2051 235 2116 Quod
246 2053 339 2106 luceat
349 2051 464 2117 mundo,
472 2050 529 2105 hnc
540 2066 650 2122 quoque
658 2051 858 2107 candelabrum
863 2060 916 2108 est.

40 2164 45 2169 ·
120 2151 133 2181 ⁵
151 2142 224 2196 Arca
238 2141 288 2196 Dei
302 2141 408 2212 tegitur
421 2156 487 2195 nam
502 2139 672 2212 propitiante
683 2140 796 2209 tabella,

154 2230 286 2297 Ecclesia,
302 2236 331 2284 et
345 2230 457 2285 Christo
471 2245 538 2284 ama
552 2229 603 2285 Dei
613 2229 727 2301 tegitur.

118 2319 252 2375 Continet
260 2320 319 2375 liaeo
324 2319 553 2385 tabulas,urnam
564 2324 763 2392 sceptrumque
770 2320 915 2392 triumphi,

155 2408 226 2464 Cum
236 2408 348 2464 Christo
360 2407 440 2463 binas
451 2408 575 2462 continet
586 2408 645 2463 hec
660 2407 782 2464 tabulas.

119 2498 240 2553 Victima
251 2498 297 2552 hic
307 2498 409 2570 placita
422 2504 474 2564 est,
490 2514 605 2569 araque,
628 2498 676 2553 ille
691 2497 751 2569 ipse
771 2499 915 2567 Sacerdos,

154 2587 209 2642 Pro
224 2587 323 2643 mundi
334 2587 448 2643 offensis
462 2586 576 2642 victima
590 2587 636 2642 liic
648 2587 752 2658 placita
766 2594 818 2643 est.

27 2732 32 2747 ,
120 2674 266 2732 Fratribus
280 2676 341 2750 ipse
355 2677 468 2749 quidem
482 2676 590 2731 cunctis
605 2677 753 2748 prefertur
767 2677 880 2746 honoro,

155 2765 332 2833 Chrismatis,
352 2771 383 2821 at
395 2765 469 2820 dono
481 2765 617 2820 fratribus
631 2766 691 2838 ipse
704 2767 828 2838 quidem.

119 2855 242 2925 Virginis
261 2854 336 2910 hunc
349 2855 492 2910 thalamus
506 2854 614 2922 habuit,
628 2858 774 2911 meretrice
787 2862 898 2928 negata,

155 2944 278 2998 Ecclesia
291 2960 399 3016 sponsae
414 2944 529 3014 virginis
544 2947 619 3000 hunc
627 2946 777 3001 thalamus.

119 3032 188 3086 Ecce
202 3032 259 3085 duo
267 3032 394 3087 referunt
405 3038 529 3087 vectores
543 3033 644 3088 arbore
653 3034 776 3090 botrum.

154 3120 188 3174 Et
199 3120 296 3191 populi
306 3120 449 3177 Christum
462 3136 524 3176 ecce
539 3123 595 3177 duo
610 3122 744 3178 referunt,

119 3212 251 3283 Carpitur
261 3211 327 3282 igne
339 3229 419 3266 sacro
433 3229 536 3266 munus
550 3219 703 3285 votumque
715 3214 852 3285 priorum,

154 3300 294 3356 Seditiosa
307 3301 397 3355 trihus
409 3301 534 3373 carpitur
548 3303 613 3373 igne
628 3319 717 3358 sacro,

119 3389 218 3460 Regna
232 3389 314 3445 beata
328 3391 420 3444 Putris
434 3391 504 3461 legis
516 3408 573 3446 non
589 3392 708 3463 contigit
717 3392 815 3462 liures,

153 3481 168 3534 J
170 3496 235 3534 esus
244 3479 390 3551 dispensat
400 3496 487 3551 regna
501 3479 583 3536 beata
596 3482 698 3536 Patris.

122 3568 241 3624 Pellitur
258 3575 343 3641 atque
358 3569 432 3624 foras
446 3570 548 3641 pugnis
563 3587 707 3642 possessor
722 3572 847 3644 iniquus,

153 3659 167 3698 h
182 3658 253 3713 Cum
266 3658 340 3713 vitiis
354 3657 470 3713 zabulus
484 3659 598 3730 pellitur
612 3666 698 3732 atque
707 3660 794 3718 foras.

118 3747 246 3802 Destruit
255 3763 320 3802 arca
334 3749 386 3803 Dei
398 3764 493 3803 muros
502 3749 570 3803 dum
585 3749 685 3804 circuit
703 3749 811 3815 urbem,

13 3897 20 3905 ,
155 3836 201 3893 Sic
209 3835 309 3891 urbem
324 3837 423 3892 mundi
437 3838 558 3893 destruit
570 3854 636 3893 arca
646 3839 706 3898 Dei.

119 3925 215 3980 Hostis
228 3925 303 3980 onim
318 3926 420 3981 mulier
433 3927 555 3997 perfodit
568 3934 697 3999 tempora
707 3929 780 4001 palo,

155 4015 189 4068 Et
199 4017 288 4069 crucis
301 4016 331 4069 iii
346 4017 433 4080 clavo,
452 4016 540 4070 liostis
555 4016 631 4070 enim
645 4018 759 4074 mulier.

117 4104 191 4157 ilrea
204 4102 291 4158 vellus
307 4103 400 4170 habet,
416 4104 528 4159 madido
539 4104 588 4160 sed
602 4106 705 4160 vellere
720 4107 794 4161 sicea
812 4112 865 4173 est,

958 532 1072 586 llostica
1084 536 1179 584 castra
1196 528 1284 599 fugat,
1300 528 1410 598 lagena,
1425 526 1568 600 lampade,
1583 525 1680 593 sistro,

993 620 1090 674 Victor
1103 619 1240 674 victorum
1253 618 1362 672 hostica
1376 623 1471 672 castra
1485 617 1577 689 fugat.

958 709 1053 764 Vincit
1063 709 1169 764 honore
1178 706 1229 763 Dei
1237 708 1375 779 promisso
1385 708 1415 762 in
1428 724 1549 762 munere
1562 707 1672 779 Iephte,

995 798 1134 854 dilectum
1145 802 1219 854 nata
1228 797 1313 854 vincit
1326 797 1434 852 honore
1448 796 1512 851 Dei.

960 889 1082 959 Agmina
1095 888 1158 960 plus
1172 887 1295 942 moriens
1307 886 1409 941 stravit
1421 886 1540 942 hostilia
1549 886 1676 952 Samson,

997 978 1124 1033 Salvator
1136 982 1232 1032 noster
1241 977 1356 1047 agmina
1369 977 1433 1048 plus
1447 976 1586 1033 moriens.

960 1067 1000 1120 Tu
1016 1066 1101 1121 decus
1116 1082 1200 1121 omne
1211 1065 1278 1132 tuis,
1295 1065 1346 1136 qui
1360 1064 1465 1119 sternis
1478 1065 1556 1119 oaede
1569 1064 1686 1132 Goliam,

996 1155 1050 1220 oui
1064 1156 1151 1209 vincis
1162 1155 1309 1222 mundum,
1325 1160 1358 1209 tu
1372 1154 1458 1209 decus
1468 1170 1555 1210 omne
1565 1155 1632 1209 tiiis.

959 1245 1051 1301 Fortis
1065 1251 1095 1300 et
1106 1245 1166 1316 ipse
1179 1261 1275 1311 manu,
1291 1243 1340 1316 qui
1351 1244 1475 1300 conteris
1485 1261 1538 1299 ora
1546 1244 1646 1312 leonis,

995 1335 1130 1391 lininanis
1144 1333 1232 1392 belua
1246 1334 1327 1390 fortis
1340 1340 1370 1389 et
1383 1334 1446 1406 ipse
1460 1350 1561 1390 manu.

959 1424 1018 1479 Rex
1033 1441 1143 1497 quoque
1157 1425 1291 1497 pacificus
1306 1424 1464 1481 construxit
1478 1425 1587 1481 moeuia
1598 1426 1702 1499 templi,

994 1514 1146 1569 Ecclesiam
1161 1514 1290 1570 Christus
1310 1515 1368 1570 Rex
1384 1531 1498 1586 quoque
1513 1516 1658 1587 pacificus.

958 1604 1042 1658 Astra
1055 1604 1154 1675 petivit
1164 1620 1250 1660 ovans
1264 1604 1335 1659 vatis
1348 1605 1492 1675 quondam
1504 1621 1595 1660 aurea
1603 1622 1695 1673 curm,

994 1693 1102 1748 Cuncta
1115 1710 1201 1765 super
1214 1694 1343 1749 Christus
1359 1699 1438 1748 astra
1451 1694 1555 1766 petivit
1568 1712 1654 1751 ovans

927 1768 1048 1837 Bldorte
1058 1785 1196 1854 propheta
1206 1782 1291 1839 refert
1301 1800 1430 1856 puerum,
1447 1785 1526 1856 quod
1536 1786 1617 1856 virga
1628 1786 1747 1858 nequivit,

994 1872 1074 1935 Quod
1085 1872 1129 1927 lex
1143 1889 1200 1927 nori
1214 1872 1312 1938 valuit,
1328 1879 1420 1929 morte
1434 1875 1577 1946 propheta
1590 1874 1684 1934 refert

958 1961 1063 2015 Ventrc
1075 1961 1183 2017 foratus
1199 1962 1275 2018 enim
1286 1963 1370 2018 latuit
1388 1969 1421 2017 ut
1433 1963 1521 2035 piscis
1536 1964 1632 2033 Ionas,

995 2051 1040 2105 Sic
1049 2056 1131 2106 terrae
1146 2051 1274 2107 Christus
1289 2059 1385 2107 ventre
1400 2059 1518 2108 voratus
1529 2053 1620 2109 enim.

959 2140 1021 2195 Dux
1028 2139 1117 2195 bonos
1127 2141 1175 2198 ille
1187 2141 1301 2214 quidem
1311 2142 1432 2197 redeunt
1441 2160 1499 2214 quo
1509 2159 1649 2199 aoareere
1658 2144 1749 2218 plebes

995 2229 1056 2293 Quo
1071 2230 1107 2283 ad
1122 2229 1208 2285 vitain
1220 2231 1291 2302 justi
1305 2230 1361 2286 dux
1374 2231 1466 2285 bonus
1482 2232 1532 2287 ille
1547 2233 1673 2305 quidem.

959 2319 1082 2375 Maxima
1091 2318 1165 2374 dona
1180 2319 1231 2374 Dei
1241 2320 1333 2375 cuncti
1350 2320 1479 2375 cecinere
1494 2322 1652 2393 prophetes,

995 2409 1124 2481 Implevit
1137 2409 1267 2465 Christus
1280 2409 1405 2466 maxima
1417 2409 1495 2465 dona
1509 2411 1574 2466 Dei.

958 2498 1044 2569 Virgo
1056 2498 1147 2553 Deum
1160 2499 1269 2570 genuit,
1285 2516 1382 2555 veroin
1395 2499 1603 2573 hominemque
1618 2503 1709 2568 liaii’i,

995 2588 1067 2643 Nam
1077 2593 1221 2660 praegnata
1234 2588 1292 2643 Deo
1307 2589 1394 2659 Virgo
1409 2590 1503 2645 Deum
1512 2592 1627 2661 genuit.

960 2677 1045 2731 Casta
1056 2677 1154 2749 virago
1168 2678 1240 2733 nitet
1251 2678 1328 2733 nullo
1340 2685 1503 2734 temerante
1517 2680 1667 2750 pudorem,

995 2766 1063 2821 Post
1071 2773 1184 2837 parturn
1198 2767 1283 2822 Pueri
1298 2774 1376 2822 casta
1389 2767 1488 2838 virago
1502 2767 1589 2824 mist.

960 2854 1064 2910 Unicus
1083 2856 1233 2911 adveniens
1246 2857 1396 2929 complevit
1407 2862 1473 2912 vota
1487 2857 1632 2928 priorum,

995 2944 1132 2999 Firmavit
1140 2950 1238 3000 nostin
1250 2945 1352 3001 unicus
1361 2946 1526 3001 adveniens.

960 3033 1006 3088 Sic
1013 3035 1106 3101 homo,
1124 3035 1171 3105 qui
1178 3035 1254 3090 Deus
1267 3043 1321 3098 est,
1336 3035 1515 3106 spesdudum
1525 3043 1629 3108 optata
1642 3038 1751 3110 piorum.

924 3109 947 3170 G
991 3124 1060 3195 Spes
1075 3123 1104 3177 iii
1119 3125 1175 3178 fine
1190 3125 1253 3195 piis.
1268 3124 1312 3179 hic
1322 3125 1418 3191 homo,
1433 3125 1485 3196 qui
1501 3126 1583 3181 Deus
1595 3134 1647 3183 est.

957 3211 1054 3266 Gloria
1067 3218 1168 3267 cuncta
1185 3211 1266 3268 bonis
1281 3219 1331 3268 tua
1344 3215 1377 3268 lit
1386 3215 1553 3286 praesentia,
1571 3218 1691 3284 Christe,

993 3301 1177 3356 'formentum
1191 3319 1274 3357 omne
1283 3303 1375 3370 malis,
1389 3305 1483 3374 gloria
1493 3312 1604 3360 cuncta
1616 3305 1703 3361 honis.

961 3390 1058 3446 Gloria
1072 3407 1176 3462 inagna
1190 3391 1241 3446 tibi
1255 3392 1348 3446 trinus
1362 3409 1427 3447 vere
1442 3399 1473 3447 et
1490 3394 1573 3450 Deus
1587 3412 1670 3463 unus,

997 3480 1132 3535 Conditor
1140 3481 1328 3553 omnipotens,
1338 3482 1429 3552 gloria
1442 3499 1554 3554 magna
1567 3484 1630 3540 tibi.

1071 3625 1123 3687 Xl.
1138 3657 1180 3672 -
1191 3638 1254 3686 io⁰
1269 3642 1456 3689 iiiosaioiiii
1467 3644 1653 3692 sriseoroii.

961 3749 1082 3822 Spiritus
1090 3749 1164 3805 alme
1179 3750 1252 3818 veni,
1266 3751 1362 3806 dulces
1376 3752 1448 3806 mihi
1462 3754 1590 3810 condere
1603 3772 1705 3823 sersus,

993 3839 1101 3894 Dilecto
1112 3846 1146 3894 ut
1156 3845 1271 3911 praestes
1284 3841 1398 3895 mittere
1411 3841 1489 3896 doiia
1498 3843 1592 3898 Patri.

961 3929 1015 3994 Qui
1029 3945 1093 3983 mox
1109 3935 1142 3984 ut
1164 3935 1257 3997 notus,
1273 3930 1347 3984 fidus
1362 3931 1432 3984 mihi
1447 3932 1574 3988 adhaesit
1586 3935 1702 3998 amiciis,

996 4019 1059 4073 Non
1068 4018 1158 4074 nostri
1168 4019 1279 4085 merito,
1294 4020 1342 4073 sod
1358 4019 1486 4075 bonitate
1496 4039 1566 4078 sua.

962 4107 1084 4179 Spiritus
1098 4108 1173 4162 hunc
1183 4124 1300 4163 cernens
1316 4108 1429 4180 pietatis
1446 4127 1572 4167 munere
1586 4114 1709 4184 plenum.

619 4231 775 4287 SCHOLIA
794 4233 1062 4289 CHRISTOPHORI
1078 4233 1259 4289 BROWERI.

155 4368 166 4393 ·
193 4355 267 4410 Arcu
295 4355 344 4408 Dei
365 4356 477 4420 tepitor,
504 4359 556 4411 etc.
588 4357 722 4429 Superior
747 4375 817 4413 arcae
841 4359 1066 4431 pais,DAEolica
1081 4359 1200 4415 dialecto
1223 4366 1398 4432 nuncupatas
1414 4360 1754 4434 observatatmagniss.

119 4426 176 4480 sive
196 4425 368 4496 operculum,
383 4425 544 4507 Caphareth
558 4427 693 4483 dixerunt
703 4429 823 4495 Hebraei,
837 4448 854 4484 a
867 4434 919 4488 Co-

117 4499 200 4567 phar,
207 4497 469 4567 ouiotoperiendiet
474 4499 645 4568 propitiandi
652 4501 868 4572 notiosubjscta:
880 4507 920 4556 lo·

961 4431 1126 4502 Hieronymi
1140 4430 1305 4496 criticaster,
1321 4448 1384 4486 cum
1395 4433 1426 4486 iii
1441 4450 1475 4487 ca
1501 4476 1507 4486 .
1524 4450 1556 4490 iu
1578 4435 1708 4506 Epistola
1727 4430 1753 4486 ad

960 4502 1061 4572 Ephes.
1074 4503 1108 4556 iis
1116 4503 1204 4557 tradit
1212 4503 1364 4567 diabolum,
1374 4520 1460 4559 secnii
1482 4522 1536 4560 uni
1544 4506 1754 4572 Gmcosarmi-

120 4570 189 4622 hollo
201 4568 245 4621 hic
255 4568 367 4632 dicitur,
385 4569 447 4622 aliis
460 4572 615 4636 oraculum,
630 4573 920 4655 propitiatorium,cui
960 4574 1260 4643 nutoiunisignilicare,
1268 4576 1421 4629 secundum
1429 4575 1569 4632 Hebraeos
1577 4583 1667 4659 καταῤ
1683 4578 1753 4648 ἕως

120 4639 206 4693 maris
231 4644 259 4692 et
280 4639 391 4721 feminae
410 4641 503 4711 specie
522 4643 668 4697 cherubini
689 4643 858 4709 insidebant,
889 4663 918 4699 se
960 4653 1026 4724 quia
1040 4652 1306 4724 habeatquarndam
1320 4654 1543 4711 similitudinem
1556 4675 1626 4713 curii
1715 4671 1750 4717 on,

119 4716 217 4765 mutuo
231 4717 418 4780 aspicientes:
439 4713 519 4766 cu'us
534 4714 749 4786 descriptionem
766 4716 829 4770 vide
843 4717 919 4787 apud
960 4724 1035 4794 quod
1044 4725 1185 4795 significat
1194 4728 1383 4807 καταῤῥέοντα,
1396 4735 1518 4782 accusat
1525 4726 1753 4801 hancoiiginatio
1783 4728 1791 4737 '

119 4782 150 4836 B.
166 4781 417 4848 Ariaemontanum,
430 4783 458 4837 in
485 4783 545 4839 ibro
560 4785 594 4840 de
604 4786 691 4839 sacris
705 4786 838 4841 Fabricis.

154 4854 251 4908 ioum
266 4855 342 4906 oi'ti'i's
368 4856 494 4919 rubidus,
516 4862 569 4910 otc.
590 4857 710 4911 Zabulus
733 4875 784 4928 pro
808 4856 919 4912 diaholo

117 4925 262 4979 multoties
275 4941 293 4978 a
310 4924 415 4978 sanctis
433 4926 564 4981 Patribus
583 4934 746 4999 usurpatur,
767 4946 817 4983 seu
837 4951 919 4987 auae·

960 4822 1025 4861 nerii
1036 4812 1068 4861 ut
1081 4807 1242 4872 violentam,
1258 4804 1402 4885 draipopsih
1417 4823 1435 4860 a
1447 4807 1534 4862 nohis
1550 4809 1660 4864 dictam
1681 4809 1752 4862 solun

959 4903 1125 4955 agnoscens,
1135 4887 1247 4957 qualem
1264 4887 1293 4941 iii
1317 4892 1435 4956 zctupro
1453 4888 1540 4943 disto
1565 4891 1669 4962 vulgus
1689 4901 1751 4943 usur·

960 4963 1017 5029 pat.
1035 4958 1089 5012 Sed
1104 4958 1182 5029 prius
1198 4964 1312 5029 etymon
1322 4963 1450 5011 veterum
1460 4957 1617 5032 Scriptura
1628 4954 1750 5033 potiusaf·

116 5005 210 5086 δουλίᾳ
238 5004 406 5074 versipellis,
431 5006 569 5078 malisque
597 5009 732 5063 consultis
763 5009 919 5087 inserpat
960 5030 1066 5093 firmat,
1082 5045 1144 5100 qum
1161 5028 1303 5097 zabulum,
1319 5028 1400 5100 quasi
1414 5045 1432 5082 a
1445 5033 1547 5108 βουλήἱ
1569 5049 1630 5087 110„
1645 5031 1749 5087 „popm

104 5085 209 5157 'qualis
237 5085 402 5157 compositio
432 5086 460 5140 iii
488 5089 595 5163 ζάθεος,
626 5092 757 5163 (demut,
788 5092 916 5170 ζαγριύς,

118 5165 147 5219 in
171 5165 273 5236 quibus
300 5166 331 5226 τὸ
353 5166 397 5243 iai,
419 5167 558 5237 Hesychio
576 5174 657 5235 testo,
688 5173 840 5231 laiseinais
862 5176 914 5225 est.

960 5109 1100 5181 exprimit.

119 5246 358 5301 Animadvertunt
373 5254 470 5301 tamen
483 5249 530 5302 alii
547 5250 577 5307 τὸ
591 5250 623 5317 <a
637 5250 712 5303 idem
736 5250 821 5304 otiam
845 5250 920 5322 apud
996 5237 1009 5264 ⁰
1023 5225 1195 5280 Friderifflm
1217 5226 1377 5297 ⁰Pi⁸⁰⁰pum
1399 5241 1432 5279 ⁰¹
1453 5227 1560 5282 humili
1574 5229 1612 5283 ad
1637 5225 1750 5301 ΡΟῃιίιῑείί

119 5325 212 5380 AEoles
234 5333 263 5381 et
284 5327 393 5383 Atticos
407 5328 548 5383 interdum
563 5330 655 5385 valere
670 5331 744 5401 quod
760 5331 814 5403 aa,
836 5339 868 5386 ut
890 5333 920 5386 in

117 5404 239 5478 ζάκορος,
275 5406 349 5476 quod
374 5409 501 5474 edituus,
533 5409 682 5464 Plutarcho
713 5411 861 5489 διάκοροςτ
892 5417 921 5466 et

961 5296 1092 5350 culminis
1106 5296 1250 5368 fastigium
1261 5297 1430 5364 ascendisse,
1440 5313 1498 5352 nec
1508 5301 1657 5356 cathedre
1667 5311 1749 5355 ianm.

961 5366 1009 5421 uhi
1029 5368 1143 5433 sederit,
1164 5368 1302 5423 meminit.
1326 5369 1447 5451 Etymon
1477 5371 1611 5427 nominis
1640 5367 1750 5427 Genoaoi

962 5438 1119 5493 frirderi'ch
1132 5439 1278 5509 geminum
1291 5439 1391 5503 reddit,
1408 5445 1441 5494 ut
1455 5440 1497 5496 sit
1519 5442 1603 5499 iiiitae
1623 5445 1700 5527 pacis
1715 5445 1752 5494 aot

119 5483 271 5573 (adduam,
283 5487 505 5558 αυῐζιαὸάλλειν,
517 5491 728 5559 proiiaddllsiv
746 5491 920 5560 :undflillffl‘
962 5509 1074 5564 faederis
1089 5517 1196 5576 auctor,
1214 5517 1243 5565 et
1256 5510 1353 5565 violati
1368 5511 1482 5565 vindex.
1509 5514 1644 5570 Meminit
1666 5512 1751 5569 Rodii·

118 5562 388 5651 clivioriginatione.
403 5568 453 5621 fiat
466 5568 588 5639 ζάίολος,
599 5570 657 5623 sive
672 5569 804 5638 διάὸολος.
822 5571 883 5635 Quo
893 5576 922 5625 et
962 5581 1035 5652 plius
1051 5582 1079 5636 iri
1095 5582 1210 5638 elencho
1222 5581 1358 5636 librorum
1374 5581 1497 5650 Reburri,
1519 5584 1619 5655 ipsum
1640 5587 1669 5641 iii
1690 5585 1752 5640 Osto-

118 5642 145 5697 J.
161 5641 283 5724 lipsius,
299 5640 362 5696 libf.
378 5645 413 5699 de
427 5652 504 5701 recta
524 5649 762 5720 pronuntiatione,
787 5668 812 5704 o.
829 5647 874 5715 lo,
893 5657 922 5706 et
961 5653 1095 5707 teuchum
1106 5654 1325 5708 commentarios
1339 5653 1393 5708 scri
1414 5654 1499 5722 sisse,
1511 5665 1621 5728 rogatu
1634 5670 1753 5798 m

119 5713 257 5770 Martialis
272 5713 439 5786 interpress
459 5719 572 5783 ociavit,
587 5720 699 5791 quando
723 5721 760 5776 ad
783 5738 798 5777 e
818 5721 919 5793 igrain.
962 5740 1025 5778 iiim
1038 5723 1391 5791 Frecholll,l'ridurichiet
1426 5725 1568 5797 umberti,
1579 5731 1631 5801 qui

118 5784 165 5856 43,
181 5784 230 5844 lib.
245 5800 276 5855 11,
292 5786 398 5854 dietus,
455 5787 792 5865 hancformam,Lampri
813 5793 921 5850 'oratos
960 5795 1049 5858 laneis
1061 5795 1125 5854 fuit.
