3772 6120
71 240 123 295 257
293 243 584 298 ENARRATIONUM
602 243 641 297 IN
660 244 736 298 EPP.
758 245 864 299 Pnuul
884 247 952 300 LlB.
975 247 1046 301 XIV.
1066 248 1152 303 -ΙΝ
1172 248 1282 302 EPIST.
1304 250 1351 303 AD
1372 250 1500 304 GALAT.
1667 251 1719 306 258

71 367 152 421 illud.
167 375 219 420 aut
232 366 340 427 didicit.
351 368 402 422 sed
414 384 464 438 per
478 368 674 422 revelationem
685 370 750 423 lesu
762 370 875 433 Christi,
887 371 968 435 Atio,
979 373 1118 442 quomodo
1128 373 1242 435 Paulus,
1254 378 1379 426 vastator
1393 375 1535 444 quondam
1544 375 1681 435 Ecclesia,
1694 383 1723 430 et

72 472 128 509 uon
139 463 182 509 est
191 455 292 527 utique
302 457 386 510 homo
401 458 481 511 lesus
492 457 621 511 Christus
633 458 680 528 qui
691 458 777 511 Paulo
788 459 878 511 Evan-
920 461 933 513 J
938 461 1056 514 udaismi
1069 462 1222 514 acerrimus
1235 461 1404 528 defensator,
1418 464 1453 517 ad
1469 463 1571 518 Christi
1583 464 1667 519 fidem
1682 481 1724 518 re-

70 545 175 612 gelium
191 546 336 599 revelavit.
353 546 433 609 Quod
446 546 535 599 sinon
547 547 693 609 esthemo,
705 563 877 617 consequen·
920 556 1003 619 pente
1021 567 1170 603 conversus
1186 550 1231 614 sit,
1248 556 1277 604 et
1290 551 1342 603 hoc
1357 568 1389 604 eo
1409 557 1545 622 tempore,
1563 569 1617 624 quo
1632 552 1723 607 cruci-

72 641 114 686 ter
130 634 207 686 Deus
220 639 279 697 est,
298 650 353 687 non
368 635 441 704 quod
458 635 600 688 hominem
621 652 755 704 negemus
769 652 878 689 assum-
921 637 990 690 fixus
1007 637 1127 708 primum
1143 638 1364 693 annuntiabatur
1378 640 1407 693 in
1423 640 1537 706 inundo,
1550 658 1605 710 quo
1622 658 1722 696 novum

71 732 151 796 ptum
168 740 174 774 :
191 723 244 776 sed
262 723 336 794 quod
359 729 470 778 tantum
486 724 628 777 hominem
643 741 804 779 renuamus.
821 726 879 778 Nec
919 725 1022 794 dogma
1032 735 1060 780 et
1070 745 1087 780 a
1096 727 1227 793 gentibus
1238 735 1266 780 et
1281 745 1297 780 a
1312 728 1415 782 Judaeis
1430 729 1517 783 totius
1532 729 1607 782 orbis
1622 729 1723 784 linibus

72 817 204 880 putemus
219 811 249 864 in
274 811 364 865 verbis
379 812 587 882 Scripturarum
611 830 671 866 esse
687 813 877 882 Evangelium,
920 814 1085 885 pellebatur.
1098 816 1195 869 Dicere
1206 816 1279 869 enim
1292 823 1438 886 poterant:
1453 817 1482 871 Si
1491 817 1538 872 ille
1549 819 1595 888 qui
1607 836 1623 872 a
1635 835 1720 889 parva

72 900 160 952 sedin
175 916 347 954 sensu:non
358 901 386 954 in
397 902 552 971 superficie,
565 903 612 955 sed
624 901 653 954 in
665 902 803 956 medulla:
823 919 878 956 non
919 909 1001 957 aetate
1023 904 1225 958 Pharisaeorum
1256 905 1400 959 institutus
1420 912 1462 959 est
1483 907 1645 977 disciplinis
1671 908 1719 978 qui

72 989 101 1040 in
115 1005 282 1042 sermonum
293 988 375 1054 foliis,
387 991 435 1044 sed
447 991 476 1043 in
491 991 584 1044 radice
595 991 720 1044 rationis.
732 991 840 1044 Dicitur
850 991 878 1044 in
920 1008 1016 1046 omnes
1031 999 1186 1046 coaetaneos
1196 1011 1262 1047 suos
1274 993 1302 1045 in
1317 994 1432 1048 ludaica
1447 995 1595 1049 traditione
1605 1013 1719 1067 supera·

72 1077 210 1148 propheta
224 1078 260 1131 de
274 1078 331 1132 Deo
347 1096 352 1130 :
367 1079 509 1133 Sermones
523 1083 581 1147 rjus
596 1080 660 1133 berti
673 1085 738 1132 sant
754 1096 819 1133 cum
839 1097 876 1132 co.
920 1079 976 1146 bat,
994 1098 1068 1134 nunc
1083 1082 1206 1135 defendit
1221 1083 1382 1143 Ecclesiam,
1399 1100 1483 1154 quam
1493 1085 1634 1154 quondam
1649 1084 1719 1139 vali-

74 1166 149 1219 'lunc
160 1167 317 1237 Scriptura
330 1166 408 1220 utilis
423 1174 466 1221 est
488 1168 676 1229 audientibus,
692 1185 756 1221 cum
774 1168 879 1238 absque
920 1168 1033 1223 dissime
1044 1170 1278 1241 persequebatur3
1291 1179 1319 1223 et
1334 1171 1423 1241 inagis
1438 1171 1542 1226 Christi
1555 1173 1676 1242 gratiam
1691 1181 1719 1227 et

74 1254 187 1309 Christo
207 1272 266 1308 non
280 1255 393 1320 dicitur,
409 1272 474 1309 cum
487 1255 592 1326 absque
602 1258 686 1310 Patre
702 1274 756 1311 non
771 1258 878 1329 profer·
920 1259 1070 1312 novitatem
1086 1259 1145 1312 vult
1159 1259 1261 1312 hebere
1277 1276 1340 1312 cum
1360 1260 1464 1314 invidia
1482 1262 1617 1326 omnium,
1634 1279 1718 1333 quam

73 1352 127 1406 tur,
139 1361 208 1398 cum
219 1344 281 1398 sine
292 1345 399 1416 Spiritu
410 1361 466 1398 non
476 1362 538 1398 eam
553 1345 676 1400 insinuat
690 1347 736 1400 ille
750 1346 797 1416 qui
807 1363 878 1416 prae-
921 1352 1088 1400 vetustatem
1103 1348 1172 1417 legis
1183 1365 1246 1401 cum
1263 1348 1344 1401 laude
1360 1350 1527 1414 multorum;
1540 1350 1607 1419 quid
1620 1367 1671 1404 nos
1680 1350 1719 1404 sa-

74 1432 162 1485 dicat:
176 1432 305 1504 alioquin
315 1440 344 1487 et
354 1433 875 1505 diabolusquiloquiturdeScripturis,
923 1452 985 1489 cere
999 1441 1117 1507 oportet.
1135 1437 1181 1506 qui
1197 1453 1228 1490 ex
1244 1437 1400 1504 gentilitate
1416 1439 1551 1507 carpimus
1565 1456 1626 1493 esse
1642 1440 1719 1494 Chri-

75 1531 216 1574 etomnes
231 1522 352 1575 hereses
371 1522 524 1576 secundum
550 1522 675 1576 Ezechiel
691 1524 794 1589 (Esectt.
813 1527 879 1590 xvii),
922 1525 1720 1596 stianitPulchrevcroadjunxit,sapr·ornodrnnperseqao·

77 1610 137 1662 inde
146 1608 203 1663 sibi
212 1617 355 1663 consuunt
367 1610 523 1675 cervicalia,
535 1627 596 1681 quae
608 1617 713 1682 ponant
723 1611 774 1664 sub
784 1612 877 1666 cubito
924 1614 973 1665 bar·
983 1614 1130 1666 Ecclesiam
1140 1616 1197 1678 eet,
1210 1621 1242 1667 ut
1252 1614 1315 1668 hinc
1334 1632 1445 1684 equoque
1458 1615 1607 1669 admiratio
1622 1633 1719 1670 nasce-

77 1697 212 1751 universae
230 1698 334 1753 aetatis.
350 1699 463 1752 Grande
482 1699 639 1770 periculum
654 1700 741 1753 estin
756 1681 1008 1760 EcclesiaBretur,
1035 1703 1108 1771 quod
1132 1719 1186 1755 non
1212 1703 1404 1773 unusquisque
1433 1704 1467 1756 de
1491 1704 1534 1756 his
1555 1704 1602 1775 qui
1624 1704 1720 1760 leviter

77 1788 160 1857 loqui,
173 1803 210 1840 ne
225 1787 298 1841 forte
312 1786 544 1858 interpretatione
560 1805 701 1859 perversa,
714 1789 748 1842 de
759 1789 880 1858 Evange·
920 1791 1161 1859 persequebantur
1181 1792 1341 1857 Ecclesiam,
1360 1792 1408 1845 sed
1428 1792 1475 1844 ille
1497 1792 1544 1862 qui
1561 1799 1676 1847 caeteros
1690 1794 1720 1848 in

76 1876 110 1929 lio
123 1875 243 1939 Christi,
256 1876 377 1930 hominis
391 1878 441 1930 fiat
451 1876 708 1947 Evangelium,aut,
716 1877 789 1947 quod
800 1879 880 1948 pejus
920 1879 1112 1948 persecutione
1132 1879 1267 1945 vincebat,
1284 1897 1434 1934 conversus
1460 1881 1495 1934 ad
1516 1881 1599 1935 sidem
1623 1882 1668 1935 sit.
1687 1883 1721 1937 Et

76 1974 123 2028 est,
131 1964 252 2018 diaboli.
261 1965 338 2019 luter
349 1966 475 2036 accipere
482 1972 576 2019 autem
588 1971 616 2019 et
626 1966 740 2029 discere,
753 1966 804 2019 hoc
811 1966 881 2019 inte·
921 1968 1073 2037 prudenter
1082 1968 1148 2021 dum
1159 1969 1235 2022 aliud
1246 1975 1353 2033 narrat,
1366 1969 1509 2023 interserit
1525 1986 1581 2024 non
1596 1976 1654 2023 tam
1669 1971 1720 2024 Dei

76 2062 139 2119 rest,
158 2055 236 2124 quod
252 2053 299 2107 ille
315 2054 416 2125 accipit
426 2055 605 2124 Evangelium
620 2055 663 2107 cui
680 2055 801 2124 prirnum
816 2054 881 2108 insi·
920 2073 950 2109 se
965 2057 1082 2110 servisse
1096 2057 1151 2126 legi
1166 2074 1250 2127 quam
1260 2058 1394 2127 paternis,
1405 2057 1433 2111 id
1446 2064 1497 2123 est,
1514 2059 1719 2114 Pharisaeorum

77 2150 189 2205 nuatur,
207 2142 288 2196 etad
304 2143 388 2196 sidem
404 2144 465 2212 ejus
480 2143 638 2200 adducitur.
656 2149 687 2196 ut
703 2143 799 2196 credat
815 2160 881 2197 vera
920 2144 1182 2215 traditionibus,qui
1192 2147 1475 2200 docentdoctrinaset
1487 2148 1619 2201 mandata
1629 2148 1719 2203 homi-

76 2249 132 2285 rsse
147 2248 214 2301 quae
230 2231 336 2303 scripta
350 2238 416 2284 sunt
427 2252 433 2296 ς
446 2232 528 2286 discit
542 2238 637 2286 autem
652 2232 684 2295 is,
697 2232 745 2303 qui
760 2248 802 2297 ea,
819 2249 880 2302 queo
921 2250 998 2298 num,
1015 2239 1043 2286 et
1058 2234 1188 2303 rejiciunt
1202 2235 1292 2303 legem
1306 2236 1357 2288 Dei
1372 2241 1404 2288 ut
1414 2239 1540 2289 statuant
1555 2235 1718 2291 traditiones

78 2320 102 2373 in
111 2321 160 2374 illo
176 2337 230 2390 per
245 2320 397 2390 aenigmata
411 2328 440 2374 et
452 2321 598 2391 parabolas
614 2323 734 2390 figurata
749 2326 823 2387 sunt,
837 2338 881 2375 ex·
921 2338 996 2375 suas.
1013 2323 1103 2385 Quam
1122 2322 1234 2392 elegans
1254 2329 1349 2377 autern
1373 2322 1538 2389 observatio,
1555 2324 1720 2397 pondusque

77 2410 191 2478 planata
202 2415 233 2462 et
241 2408 363 2462 disserta
374 2410 525 2480 cognoscit,
536 2417 565 2463 et
575 2409 718 2479 cognoscit
728 2426 783 2463 non
794 2409 881 2464 homi·
922 2410 1071 2464 verborum
1082 2418 1138 2464 est:
1148 2414 1364 2475 dalmaticarum
1375 2412 1477 2481 inquit,
1488 2415 1720 2466 conversationem

78 2516 109 2551 ne
123 2498 282 2560 revelante,
300 2499 349 2553 sed
366 2499 489 2559 Christo,
506 2498 554 2569 qui
568 2499 701 2553 revelavit
715 2499 811 2564 Paulo,
832 2504 881 2552 aut
921 2516 1011 2553 maaria
1022 2500 1720 2570 alr'qnendetnthdar'srnotthug.)Sipersequendo

78 2605 123 2657 per
133 2586 881 2658 PauluminquoloquiturChristus.Verbumquoque
921 2593 950 2641 et
965 2588 1100 2641 vastando
1117 2588 1267 2641 Ecclesiam
1279 2588 1339 2653 Dei,
1352 2589 1515 2658 proficiebat
1525 2589 1553 2642 in
1564 2589 1718 2655 ludaismo,
1782 2595 1785 2607 ⁴

79 2676 167 2746 ipsum
202 2677 410 2754 ἀποκαλύψεως,
434 2676 462 2730 id
486 2682 538 2740 est,
562 2675 749 2739 revelationis,
769 2676 881 2746 proprie
921 2684 1038 2747 apparet
1047 2677 1218 2729 contrarium
1229 2694 1290 2730 esse
1302 2678 1428 2730 Ecclesiae
1437 2678 1496 2740 Dei,
1506 2695 1562 2731 non
1576 2695 1626 2748 per
1641 2678 1720 2733 illam
1786 2748 1787 2751 Ἰ

79 2766 290 2835 Scripturarum
305 2771 356 2821 est.
369 2771 423 2818 cta
434 2765 510 2818 nullo
524 2764 692 2834 sapientium
703 2762 797 2816 saeculi
806 2764 880 2833 apud
921 2765 1075 2836 spiritalem
1089 2766 1188 2834 legem,
1206 2782 1290 2835 quam
1305 2774 1472 2835 acceperunt
1486 2768 1499 2820 J
1504 2765 1590 2821 udaei:
1608 2768 1657 2821 sed
1672 2784 1722 2838 per

78 2855 188 2908 Graecos
196 2860 378 2924 usurpatum.
390 2853 470 2908 Unde
478 2853 546 2906 mihi
556 2853 687 2906 videntur
697 2852 879 2922 quemadmo·
921 2855 1061 2907 carnalem
1082 2854 1320 2908 conversationem
1341 2855 1483 2916 servitutis
1497 2855 1634 2925 ipsorum.
1648 2855 1720 2910 Etsi

78 2944 179 2997 durnin
188 2941 580 3013 aliisverbisquaedeHebraeo
589 2941 752 2996 inGraecum
761 2942 879 3011 Septua·
921 2943 1076 3002 aemulator,
1094 2942 1121 2996 id
1135 2947 1187 3006 cst,
1199 2943 1325 2996 imitator
1336 2929 1519 3012 paternarum
1533 2960 1650 2997 suarum
1664 2950 1720 2998 tra·

78 3032 155 3101 muta
164 3033 336 3102 interpretes
346 3031 559 3095 transtulerunt,
571 3031 611 3084 ita
623 3035 652 3084 et
663 3030 692 3083 in
702 3030 755 3083 hoc
767 3017 909 3098 magno-C
920 3030 1057 3084 ditionum
1073 3031 1293 3101 persequebatur
1308 3031 1412 3085 Paulus
1430 3032 1582 3085 Ecclesiam
1593 3032 1657 3096 Dei;
1674 3049 1721 3103 pa·

80 3138 142 3190 pere
157 3137 221 3174 esse
232 3126 357 3183 conatos,
372 3126 403 3173 ut
411 3119 610 3190 proprietatem
621 3118 761 3190 peregrini
774 3128 881 3171 sermo-
920 3126 1007 3173 ternae
1017 3118 1104 3189 ipsius
1113 3118 1279 3172 traditiones
1289 3119 1437 3174 contrariae
1447 3126 1513 3172 sunt
1524 3120 1651 3174 Ecclesia
1659 3120 1718 3174 Dei.

80 3210 120 3263 nis
132 3209 336 3280 exprimerent,
353 3225 425 3262 nova
437 3209 515 3262 novis
530 3207 612 3262 rebus
627 3208 857 3276 verbalingentes
873 3225 879 3258 :
922 3209 984 3261 Non
999 3213 1094 3261 autem
1105 3206 1175 3277 legis
1191 3207 1265 3260 illius
1275 3208 1357 3278 culpa
1367 3215 1426 3261 est:
1444 3209 1487 3261 lox
1497 3208 1572 3262 enim
1587 3208 1720 3279 spiritalis

79 3306 106 3350 et
116 3313 232 3362 sonare,
243 3313 308 3351 cum
319 3297 387 3367 quid
396 3303 502 3351 tectum
513 3301 541 3350 ct
552 3297 682 3361 velatum,
695 3293 788 3349 ablato
798 3295 882 3348 desu—
922 3303 974 3361 est,
988 3311 1039 3349 neo
1053 3296 1204 3350 carnaliter
1218 3313 1247 3349 sc
1262 3297 1336 3366 cogit
1348 3296 1480 3366 intelligi3
1493 3297 1541 3350 sed
1556 3296 1669 3351 illorum
1679 3297 1720 3351 vi-

79 3403 128 3456 per
141 3386 331 3458 operimento.
348 3386 505 3440 ostenditur
526 3392 555 3439 et
574 3385 714 3455 profertur
732 3384 761 3438 in
780 3385 881 3454 lucem,
922 3385 993 3438 tium
1008 3390 1059 3450 est,
1073 3384 1121 3455 qui
1136 3385 1223 3438 ctilla
1235 3401 1296 3455 qua,
1311 3392 1488 3455 acceperunt,
1500 3386 1650 3440 carnaliter
1660 3403 1721 3440 sen·

81 3476 137 3529 lloc
146 3480 182 3529 ut
194 3474 373 3528 manifestius
387 3476 446 3538 hat,
458 3474 574 3545 accipite
584 3473 758 3544 exemplum:
773 3473 883 3543 Moyses
921 3473 1005 3535 tiunt,
1017 3480 1045 3527 et
1058 3474 1147 3527 multa
1163 3473 1248 3527 etiam
1264 3490 1315 3527 sua
1329 3474 1516 3539 tradiderunt,
1528 3474 1719 3535 dissolventes,

80 3581 143 3618 curn
152 3565 214 3619 Deo
229 3563 354 3618 revelata
364 3569 392 3616 et
402 3568 499 3634 aperta
513 3563 582 3616 facie
595 3560 771 3632 loquebatur,
786 3561 814 3614 id
830 3566 881 3626 est,
922 3563 994 3616 sicut
1003 3562 1139 3616 Dominus
1150 3561 1226 3627 dicit,
1235 3563 1399 3616 mandatum
1410 3562 1459 3615 Dei
1472 3569 1587 3633 propter
1595 3562 1721 3616 traditio-

81 3652 187 3724 absque
196 3652 336 3706 velamine
349 3670 354 3703 :
369 3652 403 3706 ad
419 3652 551 3723 populum
567 3656 661 3705 autem
675 3650 801 3720 loquens,
818 3649 884 3720 quia
922 3667 972 3704 nes
983 3666 1058 3703 suas.
1072 3652 1171 3715 (ther.)
1187 3651 1434 3707 Conversetionrrn„
1447 3667 1503 3703 non
1516 3650 1652 3720 gratiam3
1669 3654 1721 3705 att-

83 3743 190 3796 saltam
207 3743 269 3812 ejus
285 3741 429 3795 attendere
441 3757 496 3794 non
509 3739 648 3804 valebant,
660 3739 786 3792 valamcn
800 3753 884 3808 pone·
923 3739 1041 3806 quondo,
1061 3753 1116 3790 non
1129 3737 1230 3802 snod03
1247 3742 1279 3790 in
1292 3739 1444 3800 taratolano,
1463 3754 1519 3791 non
1537 3737 1567 3791 in
1585 3738 1645 3806 lege
1658 3738 1718 3792 Dei.

82 3830 129 3884 bat
143 3831 174 3884 in
188 3830 268 3884 facie.
285 3832 357 3884 Ante
371 3846 466 3883 arcam
486 3845 596 3899 quoquo
615 3827 775 3881 testamenti
791 3827 883 3879 velum
923 3827 1061 3893 Quomodo
1070 3842 1156 3893 supra
1172 3826 1283 3878 modurn
1301 3825 1482 3893 persequebar
1499 3826 1646 3879 Ecclesiam
1661 3828 1720 3893 Det,

82 3935 241 3990 oppansum
252 3924 314 3973 erat
325 3937 331 3970 ε
343 3919 491 3989 quodcum
503 3918 600 3971 suisset
611 3917 766 3981 reductum,
779 3930 813 3968 ea
822 3931 884 3984 quae
924 3919 947 3967 et
960 3914 1134 3967 decedebam
1146 3916 1238 3967 ittam.
1256 3914 1318 3966 Non
1335 3912 1556 3983 persequebatur
1570 3917 1602 3966 ut
1616 3913 1718 3979 ceteri,
1817 3916 1821 3923 ”

83 4015 148 4063 ante
170 4007 336 4062 abscondita
354 4008 474 4072 fuerant,
497 4005 696 4077 prodebantur,
717 4010 745 4057 et
769 4009 802 4057 ut
824 4004 884 4073 ipso
924 4002 972 4055 sed
980 4002 1260 4072 supramodum:nec
1271 4001 1426 4055 sufficiebat
1437 4001 1563 4072 quamvis
1573 4002 1722 4056 vehemens

85 4097 171 4152 verbo
185 4103 261 4152 utar.
274 4098 478 4151 revelabantur.
501 4098 605 4150 Pacatus
626 4096 762 4162 apostolas
783 4108 839 4145 non
851 4093 885 4145 eb
925 4091 1090 4162 persecutio.
1102 4091 1151 4145 sed
1162 4090 1241 4161 quasi
1252 4090 1367 4160 quidam
1377 4095 1520 4160 grassator
1530 4090 1682 4145 Ecclesiam
1694 4096 1723 4145 et

86 4187 249 4240 bominibus
265 4202 349 4255 ncqm
371 4201 420 4254 per
438 4186 587 4247 tramittem,
612 4182 652 4235 ita
667 4181 738 4235 etin
753 4179 884 4252 praesenti
925 4179 1018 4251 praedo
1033 4179 1168 4234 vastabat.
1181 4180 1238 4234 Nec
1248 4179 1297 4241 ait,
1316 4180 1463 4234 Ecclesiam
1479 4180 1592 4246 Christi,
1608 4184 1641 4234 ut
1654 4186 1721 4234 tunc

87 4275 146 4330 loco
160 4273 437 4346 obliqueinPetrum
448 4272 545 4344 accipi,
556 4277 584 4325 et
597 4271 627 4324 in
642 4276 756 4324 caeteros
766 4285 884 4341 praeces·
925 4267 1052 4339 putabat,
1060 4284 1143 4339 quem
1154 4267 1274 4322 ducebat
1288 4268 1469 4339 contemptui,
1483 4284 1566 4339 quem
1575 4284 1722 4339 peraeque
1780 4277 1790 4285 ·
1817 4282 1821 4289 ’

85 4365 241 4434 emejus,
248 4362 323 4433 quod
329 4362 488 4433 nulliuspro
495 4362 555 4430 lege
565 4366 593 4414 et
599 4359 765 4414 auctoritate
777 4345 917 4412 moves-D
926 4355 1009 4411 batur
1019 4376 1025 4409 :
1037 4356 1086 4410 sed
1101 4363 1133 4410 ut
1147 4372 1221 4411 nunc
1236 4357 1333 4419 crodit,
1344 4358 1488 4412 Ecclesiam
1504 4359 1560 4420 lter‘,
1573 4357 1617 4409 vel
1627 4356 1721 4426 ipsum

85 4459 142 4513 tur.
153 4452 204 4523 qui
214 4451 356 4506 Christum
366 4452 457 4504 solum
467 4448 608 4519 Evangelii
619 4449 721 4503 habeat
731 4453 884 4518 precepto-
926 4446 1069 4500 Christum
1080 4446 1241 4500 Deumesse
1267 4444 1441 4514 agnitionum
1462 4443 1643 4512 velejusdcm
1671 4444 1721 4498 Dei

87 4558 156 4595 rem.
186 4541 275 4594 Porro
303 4539 500 4593 revelationem
527 4539 604 4592 illam
632 4537 790 4608 significat,
820 4552 885 4590 cum
926 4550 986 4588 esse
1006 4533 1167 4598 Ecclesiam,
1189 4533 1236 4603 qui
1256 4533 1397 4603 quondam
1418 4531 1487 4600 legis
1511 4532 1592 4584 dator
1610 4530 1671 4584 fuit.
1688 4533 1722 4586 Et

86 4630 256 4684 Damascum
273 4628 375 4682 vadens
392 4628 421 4681 in
435 4627 535 4681 itinere
550 4626 654 4681 Christi
672 4642 768 4679 vocem
782 4624 886 4678 meruit
923 4624 1110 4691 proficiebam,
1122 4620 1223 4691 inquit,
1233 4621 1617 4687 indedaisrnosupramattos
1629 4625 1721 4673 coate-

86 4718 193 4786 audire,
211 4723 241 4772 et
253 4717 363 4772 meede
380 4716 478 4780 oculis,
494 4732 591 4770 verum
611 4715 706 4768 lumen
724 4713 822 4768 mundi
839 4713 884 4766 in·
925 4709 1722 4778 neosineeneremeeabandanttasemulatoreeistenspa-

85 4808 174 4862 tuitus
189 4811 234 4861 est
249 4807 318 4871 (Act.
329 4813 379 4871 nrt.
926 4805 1071 4853 ternarum
1081 4813 1208 4851 meram
1220 4797 1415 4850 tractationem.
1432 4795 1555 4851 Rursum
1566 4796 1722 4867 profectum

118 4897 246 4951 audatis
259 4899 336 4950 enim
344 4896 577 4950 convasattonem
585 4909 677 4946 meant
691 4893 843 4961 aliquando
851 4893 884 4944 in
924 4903 980 4942 non
991 4886 1060 4957 legis
1069 4885 1129 4951 Dei,
1141 4885 1191 4939 sed
1201 4881 1338 4943 ludaismi
1348 4889 1428 4938 vocat
1439 4903 1445 4950 ;
1457 4901 1508 4938 nec
1517 4902 1603 4956 super
1613 4903 1719 4952 omnes,

83 4986 377 5053 tammaqaoniam
386 4981 781 5051 supramodemperseqnebar
795 4980 882 5034 Eccte·
924 4976 972 5030 sed
983 4991 1067 5046 super
1076 4973 1228 5046 plurimos;
1241 4989 1291 5027 neo
1305 4989 1389 5043 super
1399 4989 1490 5040 senes,
1501 4974 1551 5028 sed
1560 4991 1644 5046 super
1653 4992 1720 5030 coae·

84 5077 157 5128 dom
170 5074 231 5139 Dei,
242 5077 268 5127 et
278 5072 469 5140 epaenetum
479 5069 784 5137 ittam,etprosteiebem
794 5070 883 5121 inte-
923 5071 1031 5121 mneos.
1046 5068 1079 5117 ut
1093 5067 1122 5117 et
1135 5063 1260 5117 studium
1274 5077 1358 5116 suum
1373 5061 1490 5116 referret
1503 5062 1532 5115 in
1547 5063 1617 5132 lege,
1634 5070 1662 5116 et
1672 5064 1718 5132 ja-

84 5165 189 5217 dairmo
198 5177 287 5231 supra
300 5164 402 5214 mattos
413 5164 557 5213 coetaneos
568 5161 599 5211 in
609 5173 705 5225 penore
715 5170 782 5221 meo,
794 5157 882 5209 aban·
923 5153 1058 5208 stantiam
1065 5151 1231 5207 declinaret:
1239 5157 1370 5222 paternas
1380 5156 1474 5204 autem
1481 5150 1656 5216 traditiones,
1663 5167 1719 5205 non

84 5244 884 5315 daattesametatoreeistenspeternarummearerntradi·
924 5242 1035 5298 Domini
1052 5241 1184 5296 mandata
1198 5256 1429 5304 commemorans,
1446 5245 1519 5293 etse
1534 5239 1717 5305 pharisaeum,

85 5444 196 5483 carnem
205 5425 328 5498 vigebat,
334 5440 495 5496 repugnans
504 5420 883 5487 Ecclesiae,brevitermemo·
924 5420 983 5474 lum
994 5419 1054 5484 Dei,
1065 5418 1115 5472 sed
1126 5433 1182 5472 non
1196 5417 1349 5472 secundum
1361 5416 1517 5471 scientiam.
1528 5417 1622 5489 Usque
1637 5418 1718 5473 hodie

87 5523 136 5571 rat.
149 5518 251 5583 (ther.)
262 5513 318 5570 Sed
327 5513 480 5586 plurimum
489 5511 604 5582 prodest
610 5509 717 5565 Galatis
726 5509 884 5564 istanarre-
925 5513 1019 5562 autem
1034 5507 1080 5578 qui
1094 5505 1299 5560 Judaiooaensu
1306 5503 1464 5574 Scripturas
1478 5505 1648 5577 intelligunt.
1657 5523 1719 5577 per-
