3772 6120
120 214 190 272 l299
423 219 455 273 B.
476 217 610 273 anania
631 216 746 274 unum
765 216 924 272 nactura
944 216 1105 274 MOGUNT.
1127 216 1275 273 OPERUM
1293 216 1385 273 PARS
1404 219 1455 274 lll.
1697 216 1762 276 lton

121 343 260 399 nosnasci
271 343 411 414 pracepit,
421 346 454 398 ut
463 340 497 397 ab
507 342 575 415 ipsis
585 343 830 414 cunabulisgratia
839 342 920 397 nohis
930 351 949 410 Α
963 344 1101 414 propitius
1118 345 1192 397 Deus
1206 343 1255 397 dat
1270 341 1430 413 petentibus
1444 358 1485 408 se,
1502 341 1548 397 hlc
1558 344 1603 396 est
1616 342 1762 398 thesaurus

123 432 249 503 legisque
264 450 321 488 suae
335 433 436 486 notitia
446 434 614 499 traderetur,
630 434 701 503 quod
717 433 775 503 ipso
791 433 920 486 adrcrsa-
962 439 1070 497 noster,
1078 432 1122 486 hic
1137 438 1179 486 est
1194 433 1238 486 ria
1257 437 1363 497 nostra,
1380 431 1426 485 hic
1440 437 1484 485 cst
1504 431 1644 502 sapientia
1660 439 1760 499 nostra,

123 520 197 575 rium
212 521 324 575 vincens
344 522 371 575 in
390 521 470 575 nobis
485 539 535 593 pro
550 523 608 576 solo
625 521 703 576 bonae
716 521 864 575 voluntatis
878 539 921 575 as·
959 521 1071 590 justitia
1085 526 1304 592 nostra,'pastor
1317 527 1421 586 noster,
1447 529 1476 576 ct
1490 526 1587 591 pastor
1608 520 1709 586 bonus,
1722 521 1763 576 hic

121 626 207 664 sensu
219 616 325 664 aterna
338 610 511 666 linatitudine
526 629 558 665 ac
569 611 711 682 perpetuis
734 627 785 664 nos
800 610 921 681 praemiis
962 614 1005 664 est
1019 611 1074 663 rita
1095 617 1200 675 nostra,
1226 611 1302 664 rides
1325 616 1430 680 quanta
1453 609 1537 675 bona,
1563 609 1592 662 in
1607 626 1664 664 uno
1684 610 1762 679 bono,

111 704 305 773 ,muneratum
317 717 379 754 cum
394 706 535 772 postremo
543 701 780 771 dispensationem
791 699 920 754 iucarna·
963 698 1021 754 haec
1035 699 1109 753 bona
1133 699 1212 753 nobis
1238 700 1391 770 praedicant
1414 699 1605 769 evangelista,
1619 699 1680 752 haec
1697 699 1764 756 bona

103 772 207 843 'tionis
221 805 279 842 suae
298 806 347 860 pro
363 796 461 843 nostra
474 791 564 844 salute
584 789 715 861 suscepit,
730 806 762 843 ac
783 789 922 844 mirabilia
963 788 1110 860 requirens
1138 788 1223 841 David
1245 794 1286 840 art
1302 803 1308 841 :
1327 807 1339 837 ι(
1361 788 1429 851 Quis
1451 787 1577 841 ostendit
1595 787 1679 841 nohis
1696 786 1764 844 bona

123 877 323 948 mysteriorum
339 894 454 932 suorum
473 879 501 955 in
518 879 625 933 cunctis
639 878 769 949 gentihus
783 877 919 932 dilatarit.
964 877 1045 945 (Psoi.
1063 893 1098 941 rr,
1115 875 1142 945 6)
1155 877 1194 928 ia
1213 882 1241 929 et
1253 876 1376 930 ostendit
1391 878 1485 947 ipsum
1510 895 1572 932 esse
1591 876 1668 932 bona
1680 877 1763 949 subji-

124 965 197 1020 Sunt
211 972 306 1021 autern
322 966 383 1020 aliae
396 984 506 1039 quoque
521 967 845 1037 hujusmodiiunumcrae
855 984 922 1021 con·
963 965 1039 1018 ciens
1055 983 1060 1016 :
1080 986 1090 1012 ι
1109 966 1257 1034 Signatum
1273 973 1316 1020 est
1330 965 1358 1019 in
1374 965 1454 1019 uobis
1466 967 1564 1020 lumen
1579 967 1676 1020 vultus
1690 967 1762 1021 tui.»

123 1055 329 1125 templationes,
361 1073 422 1126 qua
438 1073 489 1126 pro
510 1057 646 1127 qualitate
662 1058 725 1111 ritae
750 1074 782 1110 ac
800 1056 921 1127 puritate
963 1044 1031 1119 Quis
1044 1061 1140 1108 autern
1155 1055 1251 1109 lumen
1265 1055 1358 1109 vultus
1374 1055 1474 1122 Patris,
1492 1056 1547 1110 nisi
1562 1057 1699 1127 splendor
1710 1058 1764 1127 glo·

124 1143 217 1198 cordis
231 1143 259 1197 iu
274 1144 511 1199 nostr-issensihus
525 1146 662 1210 oriuntur,
677 1146 778 1216 quihus
789 1147 864 1199 Deus
879 1147 921 1199 rel
963 1143 1021 1209 riae,
1038 1151 1067 1198 et
1081 1145 1174 1214 imago
1189 1143 1334 1197 invisibilis
1348 1143 1398 1197 Dei
1413 1144 1425 1196 i
1440 1145 1468 1197 in
1485 1160 1540 1215 quo
1561 1145 1717 1200 et'videtur
1739 1152 1764 1200 et

122 1232 234 1287 ridetur
243 1233 355 1287 mundis
366 1233 518 1299 obtutibus,
530 1234 573 1288 rel
581 1240 702 1289 tenetur.
715 1236 789 1298 Quas
800 1235 922 1306 profecto
963 1233 1229 1297 clar·isrcaturPater,
1245 1232 1316 1286 sicut
1340 1233 1399 1304 ipse
1420 1232 1669 1287 clariticatl'ilium
1676 1250 1762 1289 suum.

123 1321 217 1376 nullus
242 1328 378 1394 perpetuo
403 1323 555 1376 retentabit
579 1323 607 1376 in
628 1340 682 1395 quo
704 1324 796 1378 adhuc
816 1323 922 1395 aliquid
964 1323 1025 1393 lpse
1042 1327 1085 1376 cst
1099 1339 1165 1392 crgo
1180 1322 1316 1375 Dominus
1326 1323 1406 1376 lesus
1417 1322 1524 1376 bonum
1534 1339 1683 1377 summum
1696 1324 1764 1394 quod

123 1411 280 1465 carnalium
305 1411 371 1464 tivit
393 1411 554 1478 affectuum,
570 1412 636 1482 quia
652 1432 663 1463 ι
679 1430 735 1466 non
751 1413 864 1483 poteris,
883 1413 923 1467 ait
964 1410 1044 1465 uobis
1059 1410 1258 1466 annuntiatum
1273 1427 1290 1462 a
1304 1411 1458 1481 prophetis,
1477 1411 1665 1481 praedicatum
1678 1411 1712 1465 ab
1721 1428 1764 1467 an-

123 1499 270 1566 Dominus,
285 1500 378 1553 ridere
398 1499 496 1554 faciem
521 1518 636 1555 meam:
658 1519 714 1556 non
730 1501 923 1556 enimridcbit
962 1500 1042 1570 galis,
1064 1501 1233 1570 promissum
1260 1517 1277 1552 a
1298 1500 1389 1565 Patre,
1419 1500 1647 1570 evangelizatum
1671 1508 1713 1555 est
1733 1500 1764 1555 ab

124 1575 170 1643 uie
180 1589 264 1642 homo
280 1595 309 1643 et
322 1589 394 1643 rivet
406 1590 499 1658 (Euod.
514 1607 610 1657 xxxin,
623 1588 679 1659 20),
698 1611 710 1644 a
728 1590 922 1646 scilicctmun·
962 1589 1113 1660 apostolis;
1127 1589 1174 1659 qui
1186 1588 1265 1642 nobis
1277 1593 1413 1659 tanquam
1424 1589 1577 1643 maturitas
1586 1591 1711 1658 advenit,
1719 1607 1765 1646 uec

124 1677 159 1732 do
174 1677 239 1731 huic
252 1677 451 1748 affectibusque
467 1679 595 1732 terrenis.
927 1673 1051 1732 Bsolum
1081 1682 1216 1747 tanquam
1246 1677 1395 1731 maturitas
1414 1678 1537 1746 advenit,
1554 1679 1605 1732 sed
1634 1683 1764 1751 tanquam

159 1765 251 1820 Habet
266 1783 332 1837 ergo
342 1765 434 1820 cibum
450 1773 573 1822 suamet
589 1767 724 1821 amictum
740 1769 843 1833 anima,
861 1787 922 1840 quae
963 1765 1111 1819 maturitas
1126 1765 1309 1820 inruentibus
1324 1766 1413 1832 adest,
1429 1773 1462 1820 ut
1476 1767 1547 1820 nihil
1568 1767 1713 1832 acerbum,
1728 1769 1764 1823 ni·

123 1854 170 1908 illo
182 1871 292 1909 summo
306 1854 378 1908 bono
393 1856 525 1922 adhaeret,
550 1857 623 1927 quod
640 1863 682 1911 est
696 1857 832 1924 divinum,
848 1859 922 1930 quod
963 1854 1002 1907 hil
1014 1854 1198 1908 immaturum
1210 1855 1240 1908 in
1250 1855 1355 1909 nostris
1366 1855 1489 1909 consiliis
1499 1856 1546 1922 sit,
1562 1857 1639 1910 nihil
1651 1857 1761 1924 immite,

123 1944 267 2014 apostolus
281 1945 381 1998 Petrus
402 1945 501 1999 suadet
521 1947 712 2016 quarendum,
737 1953 768 2000 ut
793 1965 842 2019 per
861 1949 922 2018 ejus
963 1942 1033 1996 nihil
1047 1960 1178 2014 asperum
1196 1943 1225 1997 in
1240 1943 1371 2014 operibus
1385 1962 1417 1998 ac
1433 1944 1569 2012 moribus,
1588 1946 1639 2016 qui
1663 1948 1763 2018 primus

124 2031 290 2104 cognitionis
306 2033 528 2104 acquisitionem,
544 2034 644 2089 dirinae
668 2036 757 2090 simus
779 2043 922 2091 consortes
964 2031 1157 2103 evangelizans
1170 2030 1244 2086 bonu
1258 2032 1366 2100 adfuil3
1393 2034 1466 2087 unde
1481 2039 1511 2086 ct
1525 2034 1566 2087 ait
1585 2054 1590 2088 :
1613 2056 1624 2085 ι
1642 2036 1704 2106 lpse
1721 2037 1762 2107 qui

124 2108 241 2177 natura.
252 2121 342 2192 Hujus
353 2123 541 2192 cognitionem
559 2125 651 2195 aperit
662 2125 766 2178 sanctis
776 2126 833 2179 suis
849 2127 922 2180 Deus
963 2120 1107 2191 loquebar,
1124 2121 1223 2175 adsum
1229 2122 1294 2192 (iso.
1304 2136 1351 2188 uu,
1362 2119 1399 2191 b),
1416 2143 1426 2173 r
1437 2122 1464 2175 id
1477 2130 1530 2187 est,
1538 2123 1588 2193 qui
1598 2123 1761 2194 loquebarin

123 2208 222 2276 bonus
240 2216 269 2264 et
282 2211 369 2265 donat
383 2212 417 2265 de
432 2212 564 2267 thesauro
588 2230 638 2267 suo
661 2212 743 2277 bono,
760 2215 833 2268 sicut
847 2216 923 2269 testi-
964 2209 1117 2279 prophetis,
1125 2210 1225 2263 adsum
1232 2210 1383 2281 incorpore
1391 2212 1583 2283 quodsuscepi
1595 2213 1760 2284 cxl'irgiue:

123 2299 225 2354 ficetur
234 2300 365 2354 lexsacra
378 2300 482 2367 dicensi,
499 2321 512 2353 ι
528 2303 594 2372 quia
604 2303 710 2372 jurarit
723 2303 859 2358 Dominus
872 2321 922 2374 pa·
964 2298 1063 2352 adsum
1078 2298 1196 2352 interior
1209 2299 1302 2369 imago
1316 2299 1375 2365 Dei,
1388 2300 1534 2354 character
1548 2300 1762 2367 substantia-ct

123 2388 213 2443 tribus
229 2389 290 2458 ejus
304 2389 371 2443 dare
383 2389 432 2443 tihi
443 2390 590 2462 etaperire
603 2392 767 2446 thesaurum
783 2409 864 2446 suum
877 2392 923 2448 ho·
963 2387 1063 2440 adsum
1085 2395 1117 2442 ut
1140 2388 1233 2454 homa,
1255 2388 1304 2441 sed
1318 2388 1379 2459 quis
1396 2390 1539 2459 cognoscit
1557 2407 1615 2456 me,
1628 2390 1759 2446 hominem

124 2493 202 2543 num,
211 2478 245 2531 de
258 2494 313 2549 quo
323 2479 456 2533 thesauro
466 2480 756 2551 calestidotpluriam
766 2487 921 2547 terrasuae,
965 2476 1040 2530 uniin
1050 2477 1196 2530 viderunt:
1214 2477 1263 2531 sud
1278 2477 1407 2547 Operibus
1421 2488 1508 2548 supra
1524 2478 1670 2533 hominem
1682 2480 1759 2536 credi·

123 2557 288 2621 beaedicere
316 2568 412 2621 omnia
434 2585 520 2639 opera
543 2586 679 2625 manuum
705 2588 819 2624 suarum
833 2573 921 2637 (lictu.
964 2565 1076 2620 denunt·
1092 2568 1206 2620 Annon
1223 2572 1255 2620 ut
1276 2566 1368 2632 hoino,
1388 2584 1452 2620 cum
1472 2569 1613 2621 Lazarum
1635 2571 1758 2637 lleretet

124 2657 214 2723 xrur).
233 2677 245 2708 o
263 2656 327 2710 Haec
351 2662 393 2711 est
411 2657 504 2728 pluria
517 2659 659 2729 eloquium
684 2660 753 2730 legis
768 2661 841 2731 quod
856 2661 924 2713 irro-
964 2671 1062 2708 rursus
1077 2672 1163 2726 supra
1176 2656 1328 2721 homiuem,
1344 2673 1406 2710 cum
1421 2674 1486 2710 eum
1514 2660 1716 2712 resuscitaret?
1727 2676 1756 2714 an

125 2749 171 2799 rat
183 2744 307 2799 animam
325 2747 400 2799 illam
416 2747 563 2800 secundam
592 2754 621 2802 et
645 2749 764 2803 fertilem
786 2749 923 2804 bonorum
963 2759 1021 2798 nou
1030 2749 1063 2797 ut
1076 2744 1160 2798 homo
1176 2761 1238 2798 cum
1264 2745 1431 2816 vapularet:
1450 2763 1548 2800 rursus
1573 2764 1661 2818 supra
1679 2748 1756 2801 homi·

126 2849 253 2904 operum,
265 2840 296 2887 ut
307 2834 563 2890 babeathuniorom
571 2838 669 2907 graitiae
683 2857 689 2892 ;
703 2839 786 2909 hujus
801 2839 866 2893 boni
881 2856 924 2893 co·
964 2849 1039 2898 nem,
1049 2833 1310 2887 cumtotiusmundi
1321 2840 1465 2905 peccatum
1483 2836 1617 2890 tolleret?
1627 2838 1669 2891 ad
1685 2838 1755 2891 illum

124 2921 279 2992 gualonem
293 2923 436 2992 querebat
450 2925 632 2991 harviasieut
654 2927 713 2998 ipso
729 2928 867 2997 significat
884 2929 925 2983 di·
965 2921 1051 2991 igitur
1078 2939 1264 2992 properemus
1290 2923 1318 2976 in
1349 2940 1403 2994 quo
1425 2941 1570 2978 summum
1593 2932 1635 2979 est
1650 2926 1753 2991 bonum,

125 3026 191 3063 cens
207 3029 212 3063 :
232 3028 245 3063 ι
261 3011 352 3065 Unam
373 3012 456 3083 petivi
472 3029 489 3066 a
505 3015 633 3081 Domino,
644 3017 715 3070 hanc
725 3017 876 3087 requiram,
893 3022 925 3071 ut
965 3010 1097 3081 quonium
1110 3010 1169 3081 ipsu
1183 3017 1226 3064 esi
1240 3009 1360 3078 inuitus,
1378 3012 1437 3082 ipse
1449 3013 1586 3082 listiiesslul
1607 3015 1702 3083 lsrael,
1716 3014 1755 3086 qui

124 3099 280 3153 inhabitem
295 3099 324 3153 in
339 3101 422 3154 donro
447 3102 559 3156 Domini
585 3104 714 3157 omnibus
738 3104 836 3159 diebus
861 3106 924 3160 vitm
965 3099 1000 3152 nd
1015 3099 1208 3170 poeniienliuffl
1223 3107 1250 3154 lu
1265 3102 1502 3156 rocatnerenias
1517 3103 1755 3173 injudicium‚sed

125 3205 195 3243 meae
204 3194 232 3243 et
244 3189 354 3243 rideam
364 3189 563 3244 delectationes
581 3192 692 3247 Domini
708 3199 736 3246 et
749 3194 923 3248 considerem
965 3189 1084 3260 accipias
1099 3195 1277 3260 peccalorum
1294 3191 1496 3245 remissionem.
1515 3212 1526 3243 o
1544 3193 1637 3263 Agite,
1664 3194 1753 3264 inquit,

124 3277 261 3348 templum
276 3280 337 3349 ejus
356 3279 440 3348 (Paul.
465 3295 541 3346 xxvi,
563 3281 774 3353 nouemque
792 3283 844 3336 hoc
863 3301 923 3337 csse
964 3278 1159 3349 penitentiam
1190 3280 1293 3346 [inutili.
1324 3294 1366 3338 ιιι,
1388 3278 1457 3348 it·
1491 3281 1552 3351 lpse
1583 3288 1625 3337 est
1653 3283 1688 3336 de
1709 3298 1754 3354 quo

125 3383 267 3423 summum
284 3367 387 3421 bonurn
402 3367 544 3423 subtexuit
562 3370 659 3424 statim
674 3371 703 3424 in
728 3371 824 3426 eodem
849 3373 923 3443 psal-
964 3367 1067 3421 clamat
1076 3369 1162 3420 Amos
1178 3367 1315 3438 propheta
1332 3387 1337 3420 :
1354 3389 1365 3419 ι
1382 3369 1526 3438 Exquirite
1545 3369 1662 3438 bonum,
1677 3391 1689 3424 ι
1704 3371 1754 3442 ipse

126 3456 423 3511 m0:rCred0ridere
437 3456 510 3511 bona
521 3459 632 3512 Domini
648 3459 676 3514 in
690 3461 924 3515 terrariventiuni
965 3461 1008 3510 est
1040 3473 1182 3510 summum
1216 3455 1340 3521 bonum,
1372 3458 1419 3527 qui
1448 3459 1553 3512 nullius
1582 3460 1701 3531 indiget,
1731 3465 1754 3514 el

128 3542 924 3622 (Ibid.).»Hiccnimquaeritur,illicsacieadsaciemplene
965 3543 1091 3598 abundat
1120 3544 1261 3599 omnibus·
1280 3546 1370 3600 Facile
1397 3546 1522 3601 abundat
1547 3549 1577 3602 in
1605 3566 1661 3620 quo
1679 3549 1754 3620 pleni·

126 3633 244 3700 ridetur,
262 3635 314 3688 hoc
338 3634 441 3688 bonum
457 3635 485 3689 in
500 3637 583 3690 domo
598 3637 648 3691 Dei
664 3644 715 3704 est,
730 3639 757 3691 in
767 3638 813 3692 illo
828 3640 924 3710 utique
965 3633 1033 3688 tudo
1048 3633 1202 3689 divinitatis
1213 3634 1322 3689 habitat
1335 3637 1527 3706 corporaliter,
1540 3637 1621 3692 sacile
1641 3638 1754 3692 abundat

125 3728 232 3777 secreto
247 3723 309 3793 ejus
326 3740 358 3777 ac
368 3725 575 3791 recessu3unde
585 3725 687 3779 iterum
698 3727 781 3780 ait:«
795 3728 923 3798 Replebi-
965 3722 1094 3793 decujus
1122 3723 1298 3794 plenitudine
1325 3741 1422 3778 omnes
1443 3726 1598 3796 accipimus
1623 3733 1653 3781 ct
1675 3727 1753 3781 inillo

126 3828 191 3865 mur
215 3812 244 3865 in
268 3811 348 3866 bonis
375 3813 474 3867 domus
503 3821 558 3868 tuae
587 3815 924 3883 (Psot.ox1t·‚6),·alibi
965 3811 1064 3882 repleti
1077 3829 1184 3879 sumus,
1199 3811 1266 3866 dicit
1287 3813 1470 3884 Evangelista.
1488 3816 1547 3869 Hoc
1568 3816 1655 3887 igitur
1668 3832 1753 3871 veram

124 3917 235 3972 quoque
249 3902 321 3955 hanc
332 3918 471 3956 summam
486 3920 547 3957 esse
573 3903 773 3959 benedictionis
789 3907 926 3976 expressit
965 3906 994 3954 et
1008 3917 1149 3955 summum
1166 3901 1279 3967 honuni,
1296 3903 1368 3957 sicut
1382 3902 1429 3957 illo
1443 3905 1652 3975 concupiscibili
1670 3923 1718 3961 suo
1730 3910 1754 3960 et

124 3988 219 4043 dicens
234 4009 240 4044 :
261 4007 274 4042 a
290 3990 440 4045 benedicat
454 3997 482 4045 te
496 3991 632 4046 Dominus
644 4010 677 4046 cx
697 3993 772 4058 Sion,
786 4000 814 4048 et
832 3995 923 4050 rideas
965 3990 1121 4044 delectabili
1136 3990 1232 4045 anima
1244 3991 1408 4062 gustaverit,
1419 4000 1448 4046 et
1457 3993 1567 4048 duabus
1580 3995 1624 4048 his
1638 3995 1754 4049 hauserit

125 4094 187 4149 quoe
202 4077 355 4132 bonasunt
374 4081 529 4134 Jerusalem
547 4083 630 4147 (Psoi.
657 4083 795 4153 currito)
815 4084 923 4138 :rideo
964 4078 1166 4145 allectionibus,
1194 4081 1341 4135 excludens
1366 4081 1491 4135 dolorem
1517 4088 1546 4136 et
1572 4084 1752 4150 formidinem,

123 4165 281 4238 beatusqui
297 4166 475 4222 illichabitat
495 4169 638 4239 ingressu
664 4171 728 4224 adei
748 4171 924 4243 hospitioque
964 4168 1166 4224 incredibiliter
1180 4175 1323 4234 exaestuat,
1341 4170 1466 4224 osculata
1487 4171 1564 4225 euim
1581 4172 1697 4227 uerbum
1711 4173 1753 4227 Dei

123 4255 235 4321 mentia,
257 4255 410 4309 devotionis
424 4255 592 4324 habitaculo,
610 4261 819 4314 conversatione
836 4259 1080 4359 virtu-Dmodum
1094 4276 1150 4312 non
1164 4259 1248 4329 capit,
1271 4276 1321 4312 nec
1344 4261 1480 4330 expletur,
1496 4261 1593 4316 dicens
1610 4282 1616 4316 :
1636 4284 1647 4313 ι
1665 4262 1753 4318 Suavis

122 4345 168 4399 tis.
183 4346 213 4399 ln
230 4345 277 4399 illo
296 4345 383 4415 igitur
403 4346 590 4416 simulatque
611 4347 638 4400 in
661 4365 693 4401 eo
706 4366 870 4404 maneamus
889 4351 923 4404 de
965 4364 1003 4414 es,
1020 4349 1147 4412 Domine,
1164 4352 1192 4401 ct
1202 4347 1229 4401 in
1237 4348 1415 4418 jucunditate
1424 4355 1475 4402 tua
1489 4350 1557 4404 doce
1572 4368 1616 4405 me
1624 4353 1752 4422 iustifica-

123 4450 178 4504 quo
193 4440 221 4487 ct
236 4434 322 4488 Isaias
332 4434 412 4487 dicit:
423 4456 436 4486 o
447 4435 537 4498 Quam
553 4435 670 4506 speciosi
684 4438 768 4507 pedes
783 4439 923 4508 evangeli·
963 4437 1123 4491 tionestuas
1136 4440 1187 4504 (l’s.
1198 4453 1267 4502 xcix,
1281 4439 1318 4506 5);
1334 4438 1481 4492 »osculata
1502 4440 1552 4494 Dei
1569 4439 1683 4495 verbum
1697 4456 1752 4494 con·

123 4522 247 4577 cautium
264 4540 371 4593 pacem,
383 4524 634 4593 evangelizantium
648 4525 739 4580 bona!
757 4527 920 4595 (Iso.1,u,7;
964 4526 1081 4597 cupiscit
1091 4542 1292 4597 superomnem
1301 4527 1439 4593 decorem,
1449 4528 1543 4598 diligit
1553 4546 1642 4602 super
1651 4545 1752 4585 omnem

121 4613 197 4667 Rom..
213 4628 239 4677 x,
261 4611 310 4680 15).
327 4630 340 4664 a
357 4613 409 4676 Qui
424 4620 490 4667 sunt
512 4613 559 4684 qui
594 4600 785 4685 erarigelizant
805 4616 922 4671 nisiPe·
963 4615 1098 4681 laetitiam,
1111 4616 1267 4670 delectatur
1290 4633 1375 4687 super
1404 4617 1499 4671 omnia
1528 4624 1665 4686 aromata,
1685 4618 1752 4690 cupit

121 4700 262 4754 trusinisi
271 4701 394 4755 Paulus?
405 4703 458 4755 nisi
478 4719 575 4756 omnes
587 4704 734 4774 Apostoli?
752 4705 825 4769 Quid
841 4723 923 4760 eran·
963 4704 1125 4774 frequenter
1140 4705 1242 4770 ridere,
1259 4723 1332 4776 saepe
1347 4706 1502 4773 intendere,
1520 4708 1599 4779 cupit
1613 4709 1713 4762 attrahi
1725 4712 1751 4762 ut

119 4788 241 4860 gelizant
257 4788 346 4855 boniS,
367 4790 420 4843 nisi
446 4792 596 4845 Dominum
617 4794 736 4846 lesum?
756 4794 801 4847 hic
816 4802 858 4848 est
871 4812 923 4867 piar
964 4793 1043 4863 sequi
1059 4793 1167 4863 possit:
1187 4812 1199 4846 a
1216 4795 1406 4864 Unguentum,
1417 4795 1749 4866 inquiterinanitumest,

120 4884 225 4945 nostra,
243 4878 289 4932 hic
317 4884 360 4932 est
383 4878 488 4934 bonum
509 4880 578 4935 illud
603 4898 754 4946 summum,
779 4884 845 4954 quia
865 4885 923 4955 ipse
964 4898 1066 4937 nomen
1080 4889 1326 4955 tuum,propterea
1339 4888 1366 4938 te
1379 4884 1750 4955 diligimusadolesceutule,

119 4967 207 5022 bonus
222 4985 255 5022 cx
267 4967 347 5036 liano,
360 4985 392 5021 ox
407 4968 505 5022 arbore
521 4969 596 5023 enim
618 4969 692 5023 bona
711 4969 800 5026 bonus
815 4973 921 5027 fructus
964 4983 1112 5042 propterea
1124 4978 1274 5039 certumuS,
1289 4974 1336 5026 sed
1349 4974 1587 5044 comprehendere
1600 4981 1627 5031 te
1640 4992 1751 5048 nonpos-

118 5056 229 5126 legitur.
241 5057 368 5128 Denique
379 5062 407 5110 et
422 5058 542 5128 Spiritus
559 5059 620 5129 ejus
634 5057 731 5124 bonna,
751 5060 797 5130 qui
813 5078 844 5113 ex
862 5062 921 5132 ipso
962 5077 1069 5123 sumus,
1082 5061 1193 5115 attrahe
1202 5062 1435 5133 nosutpossimus
1449 5079 1574 5127 currere,
1591 5070 1620 5119 et
1634 5081 1750 5138 unguen·

118 5147 219 5216 accipit
232 5151 259 5200 et
271 5147 568 5201 deducitDeiserrulos
580 5147 607 5200 iu
619 5147 691 5202 triam
703 5154 823 5216 rectam,
841 5150 920 5221 quies
962 5156 1054 5204 torum
1068 5157 1182 5203 tuorum
1206 5152 1290 5204 odore
1315 5151 1483 5222 accipiamus
1498 5153 1631 5208 virtutem
1645 5169 1751 5226 sequen·
1783 5182 1787 5189 ·

118 5240 213 5288 autem
229 5234 334 5289 habens
346 5236 481 5307 Spiritum
493 5236 542 5290 Dei
554 5237 580 5290 iu
592 5253 621 5290 sc
638 5243 722 5307 neget
732 5237 845 5304 bonum,
855 5258 919 5294 curu
961 5239 998 5291 di.
1017 5260 1027 5289 ι
1041 5239 1166 5292 Festinat
1181 5239 1266 5293 etiam
1281 5241 1357 5295 inter
1371 5242 1505 5312 mysteria
1520 5243 1751 5316 ridereipsamrc·

118 5322 177 5392 ipse
193 5323 284 5375 dicat:
305 5344 314 5374 ι
330 5326 373 5378 An
387 5326 485 5380 oculus
500 5333 564 5380 tuus
576 5343 697 5398 nequam
725 5335 776 5394 est,
790 5329 855 5398 quia
869 5347 919 5400 ego
962 5329 1055 5398 quiem
1071 5327 1155 5391 serbi,
1173 5328 1262 5400 ipsam
1274 5329 1339 5384 honi
1356 5329 1430 5384 illius
1443 5332 1547 5385 summi
1560 5332 1749 5387 habitationem

117 5408 206 5463 honus
222 5427 284 5463 sum
300 5413 387 5478 (licit.
405 5433 440 5480 ιι,
459 5413 528 5484 ‘23)¹.l
545 5438 557 5464 υ
576 5417 634 5470 lloc
659 5416 761 5471 bonum
778 5417 871 5473 teniat
890 5418 918 5472 in
961 5418 1088 5472 ctluceur
1105 5419 1165 5487 ejus
1180 5418 1384 5485 etclariuitem,
1401 5419 1431 5473 in
1448 5420 1497 5474 illo
1520 5421 1585 5476 sinu
1603 5439 1636 5477 ac
1651 5435 1750 5478 recessu

116 5498 240 5551 animam
257 5505 392 5568 nostram,
414 5503 442 5556 in
465 5510 566 5560 nostra
586 5505 687 5561 urentis
702 5506 816 5571 viscera,
843 5508 915 5580 quod
959 5507 1050 5578 patric
1075 5505 1188 5562 festinat
1208 5507 1306 5563 audire
1330 5525 1473 5563 sermones
1496 5511 1568 5580 eJ'uS,
1594 5518 1622 5566 ct
1636 5526 1750 5567 cumau-
