3772 6120
122 330 172 386 783
405 320 448 380 Ἦ.
469 322 605 379 RchNl
625 324 740 379 MdURI
759 327 927 380 dauhtar.
948 294 1110 380 MOGUNT.
1132 324 1280 378 OPERUM
1298 310 1391 377 Palas
1409 322 1459 377 111.

120 430 1087 521 cunctamajoranushaheresiquidemnnncapertasuntAnostrael
1112 450 1185 502 Dicit
1199 448 1273 501 enim
1296 448 1351 501 alie
1375 449 1456 500 leco:
1482 465 1495 497 «
1520 446 1649 503 nomina

120 546 207 613 portae
223 540 294 603 eccli,
311 540 384 609 quod
400 555 490 608 neque
500 537 535 591 ad
550 537 691 590 Abraham
703 538 828 607 contigit.
840 538 920 591 liam
962 544 1013 597 est,
1027 539 1095 590 nihil
1108 537 1217 590 solliciti
1239 536 1300 589 sitis
1321 537 1432 603 ll'ln'lip.
1450 536 1497 605 rr).
1517 554 1528 587 ι
1546 535 1641 602 idest,

120 628 384 685 novamdixitviue:
399 625 920 695 sedriamlvirarnlillamvocarithoc
963 627 1099 691 1·enis;et
1127 627 1194 678 item
1217 645 1222 677 :
1246 627 1324 678 Tunc
1346 644 1356 669 a
1379 640 1494 694 propior
1515 629 1559 678 cst
1590 622 1649 679 nob

120 721 328 789 est,praecepta.
339 718 401 787 Ipse
421 720 517 768 autem
532 714 670 767 dedicarit
685 715 928 784 nomimdedieas
962 721 1067 779 nostra,
1080 731 1163 783 quam
1181 730 1242 766 cum
1264 712 1433 765 credidimus
1457 714 1545 777 (dore.
1561 715 1631 782 xxii).

120 807 159 860 vit
174 811 269 860 autem
280 806 358 859 illam
368 805 420 857 hac
435 803 553 870 ratione,
562 803 693 872 queniam
705 803 763 873 ipse
779 803 807 856 in
819 821 850 856 ca
860 822 920 874 pcr-
952 819 1013 872 ‚pus
1029 802 1101 855 enim
1112 801 1304 854 abbreviatum
1321 806 1372 854 cst.

119 896 199 949 rexit.
216 894 413 947 tetamentum
423 891 742 946 autemmeritexocarit
753 911 758 944 :
771 909 832 945 cum
845 893 919 946 enim
999 911 1010 941 c
1032 889 1193 943 l'eluntarie
1209 891 1283 943 enirn
1305 889 1483 959 peccantibus
1510 888 1593 942 nobis
1607 905 1649 960 po:

120 985 243 1039 elevatus
252 983 358 1037 essctin
369 982 918 1051 excelsuni,tuniapparueruntccelestia.
963 1004 974 1030 a
993 986 1069 1049 ptam
1079 979 1206 1033 notitiam
1221 978 1345 1031 veritatis
1356 979 1416 1047 jam
1427 995 1482 1031 non
1492 977 1649 1048 relinquito

157 1091 169 1121 c
184 1071 357 1126 Accedamus
371 1087 435 1123 eum
451 1086 516 1122 rere
527 1069 609 1123 corde
620 1069 648 1121 in
660 1069 833 1140 plenitudine
844 1071 918 1133 fidei,
964 1088 974 1120 c
993 1068 1182 1138 propeccatis.
1204 1087 1214 1117 i
1230 1069 1312 1133 ldlh.)
1329 1068 1432 1137 Sponte
1450 1082 1573 1136 namque
1586 1082 1649 1138 pao<

122 1179 134 1212 a
151 1160 256 1232 aspersi
272 1160 388 1214 cordae
407 1157 578 1211 conscientia
599 1157 681 1217 mala,
704 1162 732 1209 et
752 1157 839 1210 ahluli
860 1175 921 1210 eor·
963 1157 1052 1217 nohis,
1065 1164 1212 1227 postquam
1225 1156 1382 1226 accepimus
1402 1155 1527 1209 veritalis
1542 1155 1649 1225 agnitio

122 1269 133 1301 ι
151 1266 203 1320 pus
218 1265 292 1319 aqua
304 1248 418 1301 munda.
431 1266 443 1298 a
453 1245 593 1315 (leore‘dn
606 1262 660 1315 que
671 1246 924 1299 accedamuslSan-
966 1246 1041 1298 ultra
1054 1263 1109 1299 nou
1132 1246 1300 1315 relinquitur
1317 1245 1408 1298 hostia
1428 1261 1477 1314 pro
1499 1244 1633 1315 peccatis,

119 1338 226 1401 ctitate,
244 1337 308 1402 side,
321 1335 441 1407 spiritali
451 1334 569 1389 cultura.
585 1358 597 1383 a
611 1335 643 1387 In
657 1335 748 1387 veraci
770 1335 852 1387 corde
863 1335 923 1388 sine
965 1334 1051 1387 reteri
1062 1335 1122 1403 lege
1137 1335 1272 1387 (leuatum
1288 1332 1341 1386 fuit
1361 1333 1467 1386 hostias
1481 1334 1582 1387 ollerrc
1602 1349 1649 1405 aar]

120 1426 309 1492 simulatione,
325 1425 353 1478 in
370 1423 558 1477 satisfactione
571 1422 651 1488 fidei,
669 1423 736 1492 quia
749 1422 816 1475 nihil
826 1428 867 1476 est
882 1423 921 1475 ri·
963 1429 1085 1493 peccate.
1102 1424 1200 1492 Neque
1210 1423 1283 1475 onim
1299 1422 1426 1475 Christus
1437 1422 1496 1491 ipse
1507 1421 1649 1477 iterumin

120 1515 319 1578 sibilehorum,
329 1529 421 1583 neque
435 1512 565 1565 sacerdos
571 1511 919 1581 jarmnequesacrificium,
964 1512 1016 1564 dus
1032 1517 1074 1564 cst
1089 1529 1137 1581 pro
1163 1511 1283 1582 pec-catis
1306 1510 1431 1563 nostris:
1456 1511 1508 1563 hoc
1526 1510 1603 1565 enim
1622 1526 1649 1565 se

121 1619 212 1674 neque
226 1603 324 1656 altare.
337 1602 498 1671 Propterea,
512 1600 612 1669 inquit,
632 1622 644 1649 a
657 1600 685 1651 in
700 1599 872 1669 plenitudine
888 1603 922 1653 li·
963 1607 1039 1653 ctnm
1060 1606 1111 1666 est,
1123 1608 1151 1652 et
1167 1600 1288 1652 seeundo
1305 1607 1413 1652 nonest
1427 1616 1513 1669 opus,
1530 1599 1577 1653 sed
1594 1614 1649 1668 mm

120 1693 175 1746 dei.
195 1712 206 1743 »
221 1691 265 1745 Sic
280 1696 391 1761 eportet
405 1690 528 1752 credere,
540 1688 679 1758 quomode
695 1689 763 1741 certi
779 1705 876 1741 saraias
887 1689 921 1742 de
963 1695 1013 1751 est,
1032 1695 1094 1758 post
1105 1696 1246 1759 acecpunn
1261 1689 1382 1757 gratiam
1395 1704 1559 1758 permanere
1574 1688 1605 1741 in
1614 1686 1649 1741 ud

119 1779 283 1844 visibilibus,
301 1784 329 1833 et
349 1779 440 1831 adhue
461 1777 590 1849 amplius,
609 1777 661 1829 Hic
677 1777 750 1829 enim
770 1765 1191 1846 aliquandoBritatebonorum
1209 1775 1568 1847 operumproaademeres
1580 1791 1645 1847 quae

119 1869 211 1924 earnis
225 1884 323 1921 sensus
342 1872 439 1920 errant
452 1867 480 1919 in
500 1867 544 1919 his
559 1883 620 1935 quae
637 1866 767 1918 ridentur
783 1883 788 1917 :
804 1865 859 1918 illic
874 1883 921 1919 au-
963 1866 1067 1919 stitutce
1077 1873 1151 1922 suxit.
1161 1873 1189 1918 et
1200 1872 1328 1919 catenam
1339 1865 1497 1917 hahuerunt
1512 1863 1649 1934 diligentie

75 2016 82 2027 ,
118 1963 178 2012 tem
192 1973 378 2029 nequaquam,
394 1955 461 2025 quia
474 1955 575 2026 spiritu
590 1954 728 2024 spiritalia
741 1954 919 2024 percipimus
963 1955 1087 2008 celarum
1104 1955 1259 2008 adhibitam
1276 1954 1406 2008 manibus
1417 1961 1501 2024 atque
1515 1953 1647 2008 laboribu

120 2053 148 2101 et
172 2064 227 2100 nen
246 2046 311 2099 licet
327 2044 455 2098 haesitare
483 2044 517 2096 de
542 2044 591 2097 eis.
610 2044 675 2097 Ideo
703 2043 752 2106 eit,
776 2043 920 2113 adspersi
963 2043 1019 2095 lam
1036 2042 1276 2096 reserautlaheris
1297 2040 1649 2104 vicissitudinemradicit

119 2135 232 2189 cordae
246 2133 417 2187 conscientia
431 2131 514 2185 mala.
534 2131 687 2185 »Ostendit
701 2131 835 2201 quianon
852 2132 921 2184 sides
962 2149 998 2185 sae
1014 2132 1070 2201 igni
1086 2133 1245 2184 traduntur.
1262 2132 1328 2185 Tale
1343 2132 1475 2201 quiddam
1497 2132 1521 2184 ei
1539 2131 1566 2185 in
1582 2146 1649 2187 caua

120 2224 188 2289 sola,
201 2222 249 2277 sed
265 2223 350 2276 etiam
367 2221 422 2274 rita
437 2237 500 2274 eum
519 2221 622 2273 virtute
640 2220 783 2290 quaeritur,
806 2221 871 2289 quia
892 2223 922 2273 li·
962 2221 1005 2289 git
1019 2220 1202 2290 baptismatis.
1221 2222 1292 2273 Cura
1304 2221 1379 2273 acirim
1395 2220 1446 2273 n'os
1457 2220 1587 2274 Christus
1602 2220 1649 2274 ins

120 2313 169 2367 des
189 2312 249 2365 sine
273 2310 403 2381 operibns
427 2309 517 2362 otiosa
538 2315 590 2362 est.
614 2309 656 2362 Illi
684 2315 778 2362 autem
806 2326 922 2378 corpora
964 2315 992 2362 ct
1007 2309 1169 2377 irrigatione
1185 2308 1392 2379 spiritalipotiti
1408 2307 1649 2373 luerimus,sidei1

120 2400 305 2464 mundabant,
335 2416 385 2452 nos
414 2397 624 2452 conscientiam.
648 2416 658 2448 a
688 2398 723 2451 Et
741 2397 827 2450 abluti
850 2414 923 2468 aqua
963 2396 1649 2469 lurnfraretumaderamusignisnosexspeetabitp

120 2488 419 2543 mundarihaxacrum
434 2486 611 2556 baptismatis
630 2485 659 2538 in
680 2486 732 2539 hoc
753 2486 813 2540 loco
834 2487 919 2540 dicit:
964 2488 1115 2540 etllamma
1130 2486 1649 2555 inexstinguibilis.Paulasigiturhorl

120 2576 292 2648 baptismum
311 2576 385 2629 enim
409 2575 532 2644 corporis
555 2575 700 2628 mundatio
724 2591 780 2627 rien
801 2582 853 2640 est,
873 2576 921 2628 sed
964 2575 1128 2629 charitatem
1146 2584 1173 2628 et
1188 2576 1429 2628 tinctilicationem
1449 2575 1649 2647 bonorumepe

121 2665 230 2730 animae,
248 2664 271 2717 si
287 2664 355 2717 fides
369 2663 449 2717 adest
463 2661 611 2734 baptizato,
628 2663 685 2716 sire
697 2663 922 2733 pa1·entu1n,sire
964 2664 1078 2717 utilibus
1093 2664 1223 2717 inritans.
1238 2665 1303 2727 Qum
1319 2671 1385 2717 sunt
1400 2671 1493 2717 autem
1509 2663 1568 2717 haec
1583 2661 1649 2718 utili

122 2751 325 2822 suimetipsius,
338 2751 361 2803 si
372 2752 406 2804 ad
421 2750 616 2805 rationabilem
627 2757 737 2804 aetatem
754 2752 920 2822 perveniret.
964 2752 1039 2805 niam
1055 2752 1201 2805 introitum
1216 2752 1351 2806 hahemus
1366 2753 1401 2804 ad
1414 2757 1521 2815 sancta,
1532 2750 1649 2822 quamd

124 2861 137 2892 c
151 2841 309 2895 Teneamus
324 2839 383 2910 spei
398 2843 500 2893 nostrae
521 2838 724 2892 consessionem
740 2838 923 2893 indeclinabi-
964 2841 1132 2894 nobissima
1148 2857 1257 2894 neroni.
1280 2842 1430 2910 Postquam
1450 2858 1483 2893 ex
1505 2839 1623 2895 utilibus
1642 2840 1649 2894 i

123 2948 136 2979 a
153 2929 227 2982 lem:
245 2927 335 2981 fidelis
349 2932 392 2980 est
406 2927 480 2980 enim
491 2927 539 2997 qui
553 2927 745 2997 repromisit.»
763 2930 864 2994 (doen.)
877 2929 923 2982 Ni·
964 2930 1000 2982 ad
1011 2947 1096 3000 opera
1113 2929 1192 2992 hena,
1206 2931 1264 2983 rult
1279 2930 1362 2985 etiam
1378 2947 1453 2982 rrunc
1463 2946 1494 2981 ex
1508 2928 1649 2984 metuendi

121 3016 161 3071 hil
177 3016 252 3070 enim
268 3015 411 3081 scruteris,
429 3015 469 3068 nil
482 3015 599 3069 rationis
616 3022 766 3085 exspectes,
783 3017 837 3069 fide
852 3033 922 3086 opus
964 3018 1052 3071 stihns
1063 3018 1184 3089 idipsum
1199 3019 1267 3071 item
1285 3019 1384 3072 hrccre.
1410 3020 1564 3088 Postquam
1581 3017 1649 3073 enin

121 3104 226 3160 habent
237 3105 294 3158 haec
304 3104 408 3168 omnia,
426 3104 515 3174 quia«
532 3104 592 3157 sine
606 3104 661 3158 side
676 3104 845 3174 impossibile
860 3079 976 3175 pla-C«
1005 3108 1066 3161 Non
1092 3107 1319 3177 derelinquamus
1357 3107 1605 3177 congregationem
1633 3123 1649 3162 u

120 3211 183 3249 cere
199 3195 256 3248 Deo
269 3195 360 3260 (llelrr.
373 3194 439 3257 xrrrl.
458 3213 470 3244 a
483 3193 561 3246 Sicut
576 3194 650 3246 Deus
661 3193 751 3247 tidelis
763 3193 844 3247 estin
860 3212 921 3263 pre·
962 3196 1197 3267 quemadmodum
1210 3196 1375 3265 quibusdam
1385 3204 1510 3260 ususest,
1523 3196 1571 3248 sed
1589 3195 1649 3249 exhi

121 3282 213 3336 missis
229 3282 296 3348 soie,
322 3281 362 3335 ita
386 3281 481 3335 fideles
495 3282 555 3334 salt
577 3298 628 3335 nos
651 3299 711 3335 esse
730 3282 759 3334 in
778 3283 921 3352 premissis
962 3285 1649 3356 tanteampliusquantoridetisappropinquanteu

121 3372 234 3437 nostris,
252 3387 313 3440 quae
323 3369 571 3423 norimusdiabolo
582 3370 783 3438 contradicere,
795 3377 824 3425 et
838 3373 919 3426 Chri-
962 3373 1056 3426 intulit
1067 3374 1180 3426 dicens:
1200 3399 1210 3419 «
1228 3376 1331 3444 Sponte
1347 3391 1469 3443 nauaque
1492 3372 1649 3443 peccantibt

121 3466 164 3514 sto
180 3460 283 3514 dicere.
301 3477 314 3510 c
330 3459 365 3512 Et
388 3458 596 3512 consideremus
611 3459 727 3512 invicem
746 3460 775 3513 in
790 3477 920 3530 provoca-
965 3482 977 3514 α
992 3469 1140 3533 postquam
1154 3463 1312 3531 accepimus
1325 3462 1450 3515 veritatis
1465 3462 1649 3532 agnitionem.

121 3567 133 3600 a
149 3549 226 3603 tiene
240 3547 385 3602 charitatis
395 3554 423 3600 ct
438 3547 575 3601 bonorum
586 3565 711 3619 eperum,
721 3549 919 3602 nondescren-
961 3556 1013 3615 est,
1025 3550 1125 3620 inquit,
1141 3550 1220 3603 honis
1234 3549 1381 3620 operibus:
1399 3567 1468 3619 opus
1490 3556 1533 3603 est
1548 3549 1649 3617 enim,=

122 3655 135 3687 a
146 3643 189 3691 tes
199 3637 390 3691 collectionem
406 3640 541 3700 nostram,
561 3637 633 3689 sicut
656 3643 699 3690 est
713 3638 922 3691 coiisuetudinis
964 3655 1033 3708 opus
1044 3645 1095 3691 est.
1115 3663 1125 3683 a
1144 3640 1247 3707 Sponte
1256 3655 1377 3708 namque
1393 3638 1572 3708 peccantibus
1588 3637 1649 3693 nobi

120 3725 319 3798 quibusdam.»
338 3724 409 3788 Quid
420 3729 464 3777 est
480 3744 492 3775 c
509 3724 698 3794 intelligamus
719 3726 845 3780 invicem.
863 3747 876 3778 a
893 3727 921 3781 Si
964 3745 1048 3797 <quarm
1061 3728 1219 3797 accepimus
1232 3728 1356 3780 veritatis
1368 3728 1552 3795 agnitionem,
1569 3728 1645 3782 ultra

120 3816 182 3886 quis
197 3814 282 3868 suerit
293 3814 396 3867 virtute
420 3813 563 3883 preditus,
585 3814 659 3867 hune
677 3815 830 3880 imitemur,
845 3822 873 3868 et
893 3816 923 3868 in
964 3814 1100 3884 linquitur
1115 3816 1205 3868 hostia
1215 3832 1264 3885 pre
1279 3816 1408 3885 peccatis.
1424 3835 1434 3866 a
1448 3817 1600 3870 Mandatus
1615 3833 1649 3882 οε,

119 3920 184 3957 eum
194 3903 384 3967 intendamus
405 3907 438 3954 ut
451 3901 601 3971 diligamus
617 3903 820 3972 etdiligamur:
837 3921 868 3957 ex
882 3904 922 3956 di·
963 3921 980 3956 a
994 3904 1167 3966 criminibus,
1184 3905 1274 3956 tactus
1287 3922 1315 3956 cs
1330 3904 1404 3957 tilius
1414 3905 1474 3957 Dei.
1488 3905 1517 3958 Si
1533 3906 1568 3957 ad
1584 3905 1649 3976 pria

119 3991 237 4045 lectione
253 3991 356 4062 quippe
371 3990 444 4042 bena
464 4006 550 4060 opera
568 3992 648 4044 fiuxit.
670 3992 803 4062 Magnum
821 3992 923 4063 qnippe
965 3991 1209 4045 mitumrerersus
1224 3992 1408 4056 sue1·is,aliud
1432 3998 1460 4044 te
1476 3998 1620 4062 exspectat
1630 3993 1649 4063 jl

118 4078 223 4133 bonum
244 4084 287 4133 est
308 4077 487 4148 congregatio
505 4096 510 4130 :
528 4077 587 4149 ipsa
613 4095 735 4150 namque
758 4081 923 4135 charitatem
964 4080 1017 4133 nisi
1032 4097 1083 4151 per
1097 4080 1291 4151 partheniam
1312 4085 1461 4133 renouatus
1480 4081 1577 4134 fueris.
1592 4080 1649 4135 Ide<

119 4174 252 4239 operatur
265 4167 472 4233 ferventiorem,
489 4172 564 4220 etex
580 4185 613 4221 ea
629 4174 729 4223 cuneta
745 4168 817 4223 bona
837 4187 922 4241 opera
963 4176 1082 4239 quenter
1096 4170 1135 4222 ait
1152 4188 1157 4220 ι
1174 4169 1445 4222 «Terribilisautem
1460 4170 1589 4240 quaedum
1603 4186 1649 4225 exs

118 4263 291 4327 generantur
306 4274 311 4309 :
325 4256 396 4310 nihil
423 4272 544 4326 namque
559 4255 673 4322 bonum,
696 4260 771 4328 quod
794 4276 850 4313 non
871 4277 922 4329 per
964 4280 976 4309 a
989 4257 1128 4328 judicii,et
1137 4258 1209 4327 ignis
1221 4258 1440 4327 maximarumque
1449 4264 1649 4329 consumptura

118 4344 285 4400 charitatem
296 4346 337 4397 nt.
350 4346 435 4398 lstarn
449 4345 776 4414 igiturcendrmcmusin
791 4348 918 4415 invicem,
963 4366 975 4398 c
992 4347 1138 4401 versaries.
1158 4366 1169 4399 a
1186 4349 1217 4400 ln
1232 4348 1283 4400 hee
1297 4364 1353 4400 nen
1366 4348 1559 4417 poenitentiam
1578 4348 1649 4402 esch

118 4435 185 4506 quia
201 4453 213 4485 c
226 4433 370 4505 plenitudo
383 4434 452 4503 legis
475 4434 597 4487 alteritas
613 4442 664 4488 est.
681 4458 693 4487 a
710 4437 773 4490 Non
787 4437 862 4490 enim
878 4437 919 4491 la·
962 4453 1015 4507 que
1030 4436 1258 4506 propitiationem
1270 4453 1331 4506 quae
1347 4437 1378 4489 sit
1392 4453 1441 4506 per
1458 4437 1649 4506 paenitentiam

117 4521 232 4578 boribus
245 4539 315 4593 opus
325 4522 470 4589 habemus,
486 4530 536 4577 aut
551 4524 698 4578 sudoribus
720 4543 725 4575 :
750 4525 772 4577 si
791 4525 920 4578 dilexeri-
963 4525 1214 4594 repellitotdejicit
1228 4541 1277 4595 per
1292 4525 1518 4595 desperationem
1532 4525 1648 4598 delinqu

118 4628 182 4664 mus
193 4611 320 4670 invicem.
338 4617 493 4682 spontanea
503 4612 583 4665 nobis
596 4613 641 4665 ria
660 4614 856 4683 prosternitur,
873 4615 922 4668 du·
963 4630 1018 4666 nen
1036 4614 1110 4666 onim
1125 4614 1165 4667 ita
1176 4621 1219 4667 est
1234 4614 1363 4667 inimicas
1378 4614 1477 4667 salutis
1488 4621 1601 4668 nostrae.
1613 4615 1649 4669 Se

118 4716 184 4753 cens
195 4699 369 4753 adrirtutem
381 4706 409 4753 et
419 4701 453 4753 ad
462 4700 594 4754 caelestia.
608 4701 686 4754 Sicut
696 4702 771 4755 enim
783 4703 810 4755 in
819 4703 921 4756 itinere
963 4702 1121 4756 Secundum
1136 4720 1258 4773 nuliique
1274 4703 1392 4756 exclusit
1407 4703 1548 4756 lavacrum
1561 4703 1649 4776 bapt'u

118 4787 264 4858 contingit,
272 4787 922 4859 siquisinitiumcomprehendit,reetariaduci·
963 4792 1038 4844 enim
1051 4792 1129 4857 dixit,
1142 4793 1203 4845 Non
1219 4798 1260 4844 est
1280 4792 1354 4844 altra
1374 4792 1560 4862 poenitentia:
1579 4807 1649 4864 nequ

117 4880 174 4943 tur,
183 4874 230 4931 ubi
240 4877 413 4947 eportct2sic
424 4877 510 4932 etiam
522 4877 551 4930 in
561 4878 697 4931 charitate
708 4898 713 4944 3
725 4884 837 4932 tantum
849 4880 919 4933 arri·
963 4879 1044 4933 Ultra
1058 4897 1114 4933 nen
1130 4887 1170 4933 cst
1187 4880 1328 4944 remissi03
1341 4880 1390 4932 sed
1406 4880 1507 4945 hostia,
1516 4879 1649 4952 inquito

117 4982 152 5035 pe
167 4965 378 5036 principium,et
393 4965 489 5019 statim
503 4982 619 5019 niarium
632 4966 683 5019 tibi
699 4967 834 5037 praebens,
860 4969 921 5038 ipsa
962 4975 1012 5032 est,
1025 4969 1077 5021 hec
1092 4975 1217 5032 esterna
1232 4969 1354 5022 seemida
1368 4969 1441 5022 ultra
1456 4986 1513 5023 nen
1528 4975 1580 5023 cst.
1595 4970 1649 5025 ‹U:

118 5060 145 5108 te
160 5054 238 5107 ducit
251 5053 394 5123 etdirigit.
405 5073 417 5105 c
430 5055 516 5119 Sicut,
530 5055 628 5125 inquit,
650 5061 692 5108 est
711 5056 920 5111 consuetudinis
962 5057 1140 5127 quopersceit
1155 5058 1183 5110 in
1199 5063 1365 5126 perpetuum
1381 5074 1429 5110 eos
1445 5058 1491 5127 qui
1514 5058 1649 5112 sanctifice

119 5142 287 5212 quibasdam
301 5162 311 5193 r
326 5143 410 5211 (illd.)
419 5144 451 5196 In
466 5143 518 5197 hec
528 5143 587 5197 loco
599 5162 654 5197 non
664 5145 753 5198 solum
762 5145 917 5211 admonuit,
962 5161 1017 5198 non
1033 5145 1104 5199 sicut
1118 5146 1215 5199 hostiae
1235 5147 1249 5200 J
1253 5146 1367 5209 udaicre,
1393 5152 1489 5200 cautos
1510 5163 1561 5200 nos
1584 5147 1648 5203 vole

118 5231 269 5284 sedetiam
290 5231 411 5300 culpavit
433 5238 461 5285 et
485 5232 587 5286 terruit
616 5234 752 5287 natitatem
775 5234 919 5288 charitatis
961 5251 1033 5298 core,
1060 5252 1094 5287 ne
1117 5236 1200 5297 ultra,
1219 5236 1259 5288 rel
1276 5252 1386 5288 crucem
1405 5235 1518 5301 Christi,
1535 5236 1579 5289 vel
1595 5236 1647 5291 hos

118 5317 286 5373 scindentes.
305 5339 318 5370 c
335 5320 389 5374 Sed
403 5321 578 5375 consolantes
589 5327 617 5375 et
630 5329 709 5376 tanto
717 5323 817 5393 magis,
834 5341 919 5394 quan·
960 5324 1052 5377 daicas
1068 5331 1259 5394 exspectemus
1273 5341 1322 5395 pro
1337 5324 1467 5395 peccatis.
1485 5325 1520 5379 Et
1534 5325 1649 5394 quicum

117 5404 287 5459 cecideritis
304 5408 576 5478 appropinquantem
592 5410 676 5463 diem.
698 5431 709 5461 a
735 5412 824 5474 Quem
845 5412 918 5465 diem
960 5413 1084 5465 nitentia¹
1099 5413 1335 5466 medicamentum
1350 5413 1513 5482 neglexerit,
1532 5413 1607 5483 ignis
1628 5431 1649 5469 ω

117 5492 256 5563 designat,
269 5493 322 5547 nisi
337 5495 411 5548 diem
423 5497 531 5566 judieii,
550 5498 579 5551 in
595 5516 649 5568 quo
668 5500 843 5571 singulorum
858 5518 917 5554 me·
959 5501 1073 5554 deseret
1087 5518 1161 5554 eum.
1178 5503 1355 5571 Quapropter
1370 5503 1563 5574 unusquisque
1573 5503 1611 5558 ad
1625 5518 1649 5574 pl

117 5580 173 5636 rita
188 5581 392 5649 examinantur,
420 5586 460 5638 rel
481 5585 566 5639 etiam
591 5594 746 5642 extremam
766 5589 840 5643 diem
855 5590 917 5644 ritae
958 5590 1013 5656 tie,
1031 5591 1098 5644 dum
1113 5597 1224 5661 tempus
1240 5590 1333 5653 habet,
1353 5591 1590 5647 medicamentum
1612 5607 1649 5647 coi
