3786 6128
129 340 181 403 bit
419 342 452 400 B.
472 340 609 402 nesam
626 340 742 405 usual
763 346 934 408 ARCHIEP.
952 344 1116 409 tuetur.
1137 342 1287 408 osmunt
1304 340 1398 404 PARS
1417 342 1469 406 tn.

128 470 298 546 psiathos
324 466 413 527 voluit
435 471 549 526 dicere:
570 474 700 545 prasenti
732 479 868 548 ternpore,
894 476 1136 540 intlleitudinem
1163 491 1228 531 earn
1257 474 1360 529 hahere
1390 472 1425 529 de
1444 473 1493 540 sis,
1519 472 1560 530 lta
1579 470 1616 528 at
1635 486 1656 528 a

128 574 183 635 que
202 561 448 623 molestandum,
469 576 520 633 pro
543 563 644 618 virium
669 570 824 620 vestrarum
854 584 924 637 qua·
965 569 1038 624 hrrni
1060 572 1244 639 permaneant
1269 564 1299 618 in
1322 564 1397 617 ilde?
1421 563 1496 618 Dicit
1517 563 1592 617 enim
1611 564 1655 635 hp

127 651 206 706 litate
224 651 292 706 iilud
315 667 399 722 agere
418 657 566 723 properate
590 653 665 724 quod
689 650 765 708 robis
793 656 924 726 expedire
965 657 1157 713 testimonium
1172 653 1319 726 perhibere
1334 654 1374 706 eis
1389 653 1522 722 quoniam
1545 651 1655 707 sollittitt

128 736 303 811 cognoscitis,
320 745 351 794 ut
365 745 393 794 et
416 741 558 795 mercedes
577 740 654 795 robis
675 742 704 796 in
725 742 852 799 futurum
872 762 922 815 pro
965 749 999 802 de
1010 745 1199 808 illishaberet
1211 760 1262 797 nee
1273 748 1366 796 noaet
1377 741 1656 813 initiisquiinuoct

128 830 180 882 hae
199 828 408 883 conversatione
428 829 597 900 provideatis
613 847 663 901 pro
687 831 789 903 quibus
812 834 841 888 in
855 850 924 906 pras·
965 841 993 890 et
1003 836 1032 890 in
1043 834 1194 905 Hierapoli.
1205 834 1316 888 Salutat
1326 847 1371 885 eos
1386 833 1470 886 Liscus
1487 828 1608 884 erudiens
1628 832 1655 885 cl

127 917 199 972 senti
214 917 314 972 saeculo
342 919 565 973 commoramini.
594 918 689 974 Sermo
716 927 800 976 resur
820 938 924 993 semna
966 942 1026 979 inies
1042 931 1066 978 et
1087 927 1193 979 lisinas.
1211 923 1322 976 Salutat
1344 937 1391 974 eos
1415 925 1444 974 ct
1467 921 1574 974 aLuca
1591 919 1655 974 med

128 1010 159 1061 in
179 1008 272 1074 qratia
288 1010 344 1061 sale
362 1009 396 1060 sil
416 1006 552 1074 conditas,
570 1011 601 1061 ut
619 1008 712 1062 sciatis
729 1014 862 1079 quomodo
879 1029 923 1066 sus
966 1013 1146 1084 Evangeliurn
1160 1011 1334 1081 conscripsit,
1351 1025 1403 1063 nec
1418 1024 1473 1063 non
1487 1014 1516 1062 et
1531 1009 1630 1064 Dema.

126 1099 227 1166 oportet
240 1098 392 1164 ranicuiqnc
410 1096 579 1164 respondere.
588 1097 748 1168 Properate,
761 1099 863 1172 inquit,
875 1101 924 1154 illa
965 1103 1061 1158 scribit
1074 1102 1115 1156 eis
1132 1100 1275 1156 :Salutate
1294 1101 1397 1166 tratres
1420 1101 1469 1166 qai
1492 1103 1557 1151 som
1586 1097 1655 1152 Laod

127 1200 188 1256 quae
200 1182 356 1256 prudentiae
370 1200 481 1256 semper
494 1185 577 1256 plena
595 1193 662 1241 sunt
675 1189 813 1259 proloqui,
830 1190 922 1244 consi·
964 1191 1132 1261 Nymphaea,
1154 1195 1246 1258 etqua
1267 1191 1296 1241 in
1311 1190 1390 1241 dolero
1401 1190 1459 1255 rjus
1474 1192 1519 1250 est,
1541 1188 1655 1240 ecclesia

126 1273 257 1328 decantes
273 1274 346 1345 quod
361 1273 649 1346 oporteatunieuique
663 1276 730 1330 dare
745 1294 919 1349 responsum,
963 1281 1060 1342 lutate,
1076 1280 1177 1351 inquit,
1193 1277 1255 1331 illos
1283 1276 1378 1347 quiin
1403 1272 1534 1329 Laodicia
1554 1279 1655 1329 sunta

126 1362 513 1434 convenienserdisputantes‚
524 1362 922 1438 itautmagisdonumaliquid
964 1369 1047 1442 pharn
1063 1385 1127 1423 eum
1146 1366 1275 1423 omnibus
1290 1365 1349 1419 suis
1362 1364 1409 1434 qui
1424 1364 1453 1417 in
1470 1364 1553 1417 domo
1567 1365 1655 1434 ejuss

127 1466 159 1504 ex
170 1452 270 1505 vestris
284 1451 458 1506 sermonibus
474 1453 570 1523 perlici
585 1452 721 1519 rideatur,
737 1454 782 1509 his
800 1456 919 1526 adjecit:
964 1458 1077 1530 adiicit:
1090 1458 1192 1512 Etcum
1205 1460 1272 1510 lecta
1292 1456 1379 1522 faerit
1392 1455 1512 1522 Epistola
1521 1454 1596 1521 apud
1609 1464 1655 1507 aaa

164 1540 226 1607 Oua
240 1544 314 1594 circa
331 1556 373 1594 ine
386 1547 451 1595 sant
461 1544 557 1596 omitia
568 1543 640 1596 veen
650 1547 714 1597 nota
732 1544 816 1611 faciet
828 1545 922 1612 Tyrii·
964 1550 1035 1602 aelia
1043 1547 1250 1603 laodicensium
1261 1546 1379 1598 Ecclesia
1387 1547 1505 1610 leuatur,
1521 1548 1546 1596 ct
1560 1555 1655 1611 campi

126 1628 487 1697 cascharissimasfralerct
497 1631 722 1698 fidelisministcr
738 1637 763 1686 ct
779 1648 924 1689 conserens
964 1636 1171 1702 dicensiruncsl,
1181 1629 1654 1703 suslepatisltaquchancEpistnla

126 1719 159 1772 ia
170 1719 293 1783 Doinino,
304 1735 383 1787 arcem
394 1721 460 1772 misi
469 1721 506 1772 ad
514 1720 764 1789 sosadlroeipsann
784 1727 816 1775 at
825 1739 922 1790 capno·
964 1742 1048 1796 quarn
1061 1723 1096 1779 ab
1109 1725 1165 1778 illis
1179 1723 1265 1777 fuerit
1279 1723 1361 1787 lecta,
1378 1720 1432 1790 legi
1447 1726 1475 1774 et
1496 1720 1525 1773 in
1548 1718 1654 1774 Laodic

126 1813 182 1861 soal
197 1824 256 1876 qna
271 1810 345 1861 circa
359 1822 403 1861 nos
413 1812 488 1872 sarit,
510 1813 541 1861 ut
559 1810 713 1863 consoletur
737 1812 819 1865 corda
835 1802 954 1866 restraB
964 1814 1086 1870 Ecclesia
1100 1810 1235 1886 precipit.
1249 1811 1423 1865 Dicitautem
1432 1810 1473 1862 eis
1484 1815 1516 1863 ut
1525 1808 1640 1862 atillam

128 1906 190 1950 cnm
202 1897 327 1952 onesimo
342 1896 504 1951 charissimo
518 1901 543 1950 ct
553 1897 629 1964 sldcll
642 1898 741 1965 fratre,
757 1902 807 1968 qai
826 1906 862 1954 cst
892 1919 924 1955 cc
964 1904 1095 1958 Laodicia
1105 1908 1148 1957 est
1158 1902 1263 1972 legant,
1273 1916 1329 1953 non
1339 1897 1450 1970 quiaad
1460 1897 1646 1952 Laodicenses

119 1987 221 2040 uobis:
237 1986 331 2039 osenia
346 1982 465 2055 qnaehic
487 1991 691 2053 apnntaraota
716 1988 818 2055 facient
838 1992 920 2044 uobis.
964 1991 1043 2047 Unde
1064 1991 1179 2063 quidam
1206 1990 1305 2043 salsam
1331 1988 1486 2059 Epistulam
1510 1987 1546 2040 ad
1576 1986 1654 2041 Laod

128 2072 279 2146 Propterea
292 2091 310 2128 a
320 2088 364 2128 me
378 2075 501 2129 directus
516 2081 559 2129 est
582 2090 645 2129 cum
671 2075 804 2132 Onesimo
824 2078 921 2145 fratre,
964 2098 996 2136 ox
1008 2082 1121 2136 nomine
1144 2080 1217 2134 beati
1239 2078 1319 2132 Pauli
1334 2077 1529 2146 conligandam
1544 2090 1607 2129 essa
1620 2090 1654 2130 ex

128 2160 176 2234 qui
191 2176 208 2217 a
221 2160 299 2218 robis
311 2167 435 2225 venerat,
445 2170 478 2218 ut
493 2166 560 2218 nota
570 2163 647 2218 vobis
657 2165 762 2221 luciam
779 2183 842 2238 quae
856 2184 922 2239 erga
963 2175 1071 2232 verunt,
1084 2187 1134 2225 nee
1145 2169 1220 2223 enim
1234 2172 1295 2221 erat
1313 2181 1378 2219 vera
1392 2166 1525 2237 Epistola.
1542 2163 1654 2219 AEstistu

126 2263 177 2307 nos
191 2256 258 2307 sunt
272 2256 300 2307 et
312 2250 453 2308 oblectent
464 2269 513 2309 vos
529 2269 578 2325 per
592 2268 673 2308 suurn
688 2255 848 2323 adventum,
865 2274 922 2311 om·
963 2264 1057 2314 autern
1069 2258 1182 2330 quidam
1191 2258 1268 2311 iliam
1277 2272 1347 2320 esse,
1358 2271 1420 2324 quae
1438 2254 1467 2307 in
1478 2254 1530 2307 hoc
1543 2254 1605 2307 loeo
1619 2266 1654 2308 aa

127 2341 175 2395 nia
189 2358 250 2412 qua
260 2338 305 2395 hic
319 2349 443 2413 agamur
455 2342 604 2396 manifesta
618 2342 752 2398 facientes
765 2343 850 2400 robis.
868 2346 920 2401 Sa·
963 2351 1055 2404 licata.
1067 2346 1217 2420 Apostolus
1227 2362 1292 2399 vero
1304 2361 1360 2399 non
1374 2343 1560 2397 Laodicenses
1569 2342 1649 2410 dicit,

127 2431 198 2484 lutat
213 2446 257 2485 scas
271 2430 448 2486 Aristarchus
476 2434 649 2500 concaptivus
670 2450 746 2487 orcas
768 2438 793 2488 et
812 2436 922 2489 litoreas
963 2436 1095 2492 Laodicia
1111 2452 1194 2507 quam
1221 2433 1260 2488 illi
1289 2433 1461 2503 scripserunt
1484 2431 1519 2484 ad
1539 2431 1654 2502 Apostol

127 2520 307 2573 consobrinus
317 2521 448 2575 ilarnabc
461 2522 492 2574 de
503 2537 555 2590 queo
564 2524 703 2589 accepistis
725 2524 858 2577 inundata
865 2544 872 2587 ;
897 2529 922 2578 si
963 2540 1047 2597 quam
1075 2525 1170 2597 aliqua
1193 2522 1421 2595 reprehensionis
1448 2521 1534 2590 digna
1557 2518 1654 2575 inierat

126 2609 277 2661 seneritas!
289 2624 344 2672 aas,
356 2611 469 2677 excipite
486 2610 578 2664 illam.
595 2610 702 2664 Deinde
716 2611 877 2667 salutateos
887 2613 921 2666 ab
963 2630 1046 2686 quam
1063 2612 1148 2670 etlam
1160 2613 1346 2668 hacdecausa
1353 2608 1649 2680 jussitapudeoslegl.

126 2692 297 2761 Aristarcho,
315 2713 399 2767 quern
414 2703 442 2751 et
456 2697 596 2768 captiuum
606 2714 688 2753 suurn
699 2698 784 2755 edicit
792 2717 862 2765 esse,
879 2707 922 2756 ut·
962 2704 1170 2777 reprehendant
1193 2703 1299 2773 seipsos
1324 2700 1464 2753 discentes
1487 2714 1548 2768 quae
1563 2698 1599 2752 dc
1619 2697 1653 2752 itt

126 2790 190 2854 pote
202 2785 367 2855 colligatum
377 2786 440 2853 sibi,
452 2791 480 2840 et
491 2787 608 2841 aMarco
619 2802 702 2857 quem
713 2794 843 2860 nepotem
854 2790 922 2845 dicit
962 2794 1066 2866 scripta
1074 2813 1079 2854 ;
1088 2799 1117 2847 et
1126 2798 1241 2864 propter
1250 2793 1310 2851 hoe,
1318 2788 1572 2857 utdaturinteiligi,
1590 2800 1653 2858 neqt

126 2889 186 2927 esse
201 2873 345 2940 Barnabae,
363 2876 397 2928 de
413 2892 468 2946 quo
480 2873 565 2929 etiam
586 2877 750 2931 mandatum
775 2896 822 2933 eos
840 2897 920 2934 acce·
962 2880 1072 2937 bereels
1080 2882 1197 2952 dignum
1208 2879 1395 2934 existimarit:
1411 2877 1544 2931 sedillam
1554 2876 1653 2947 quoead

125 2961 199 3032 pisse
210 2962 304 3025 edicit.
321 2963 362 3017 ita
377 2970 408 3019 ut
418 2965 576 3019 venientem
591 2982 654 3020 eum
672 2967 827 3038 recipiant:
853 2970 921 3023 dicit
960 2987 1055 3026 senses
1065 2966 1243 3042 scriptumst,
1252 2970 1307 3038 legi
1317 2974 1345 3022 et
1362 2967 1436 3038 apud
1447 2965 1652 3037 illospraecepit

125 3055 220 3104 autem
232 3051 272 3105 eis
287 3052 425 3123 accepisse
439 3053 604 3108 mandatum
619 3071 674 3110 non
689 3054 724 3109 ab
737 3056 792 3111 alio
814 3058 918 3128 aliquo,
961 3076 1061 3115 norum
1076 3057 1183 3131 pariter
1195 3058 1349 3128 suscipiant
1364 3055 1545 3110 monitionem
1558 3060 1587 3109 et
1604 3055 1635 3109 in

124 3154 215 3209 neque
229 3156 296 3208 ase,
311 3140 359 3195 sed
375 3138 409 3196 ab
431 3140 479 3196 illo
498 3142 546 3215 qui
559 3142 758 3215 praedicaverat
772 3146 813 3200 eis
828 3146 919 3201 Evan-
930 3148 951 3207 C
961 3153 1168 3206 convertantur.
1185 3162 1219 3202 eo
1233 3147 1307 3218 quod
1322 3147 1361 3200 sic
1379 3145 1540 3216 reprehensi
1556 3148 1653 3199 sunta

122 3227 237 3298 getium,
245 3245 338 3301 neque
346 3249 362 3284 a
370 3248 409 3293 se,
419 3232 493 3301 quod
504 3232 564 3287 sieri
576 3232 751 3304 quidemnon
761 3240 872 3306 poterat
887 3254 919 3290 eo
961 3242 990 3292 et
997 3254 1087 3310 neque
1093 3234 1198 3308 scripta
1209 3236 1243 3290 ab
1254 3252 1287 3289 eo
1297 3235 1440 3305 percipere
1448 3233 1526 3302 digni
1535 3232 1653 3287 luissent

123 3316 198 3386 quod
208 3317 327 3372 necdum
337 3319 512 3374 viderateos.
526 3318 558 3375 El
567 3322 917 3392 tesiaarsidianus-justas,
961 3326 1039 3382 mati.
1050 3326 1157 3382 Deinde
1171 3325 1237 3380 dicit
1244 3326 1279 3379 ad
1288 3340 1345 3378 eos.
1359 3325 1392 3378 Et
1402 3325 1483 3376 dicite
1498 3323 1634 3391 Archippo

124 3406 502 3473 qnisuateaeircameisions,
523 3407 553 3461 ln'
566 3411 619 3463 soli
631 3415 697 3463 sunt
711 3411 851 3480 adjutores
866 3417 920 3466 treci
960 3419 1150 3470 ministerium
1165 3416 1236 3484 aliod
1250 3415 1377 3481 accepisti
1391 3416 1423 3465 in
1439 3412 1554 3464 doctrino
1568 3415 1600 3463 ut
1615 3412 1650 3465 iil

124 3494 322 3562 sarcocolla,
338 3494 388 3565 qai
398 3497 471 3550 mihi
485 3498 602 3564 ficerunt
615 3500 722 3553 solatio.
743 3499 854 3556 Salutat
872 3518 919 3555 eos
957 3494 1652 3574 pleasDeindediciteis,dieitehrohippoutminis

123 3587 152 3637 et
167 3582 202 3637 ab
215 3580 281 3639 lesu
296 3586 342 3656 qui
360 3584 686 3656 cognominaturjustus.
698 3586 749 3642 hos
762 3589 837 3643 solos
852 3589 920 3644 dicit
960 3592 1278 3665 quodaceepitimpleat.
1294 3592 1331 3645 Ut
1346 3596 1442 3645 autern
1459 3589 1499 3642 eis
1510 3604 1542 3641 ex
1554 3588 1652 3642 litteris

120 3670 154 3725 de
169 3670 225 3726 illis
238 3673 329 3743 quiex
345 3673 556 3730 circumcisione
576 3675 767 3740 crediderunt,
784 3695 918 3750 coopera·
960 3694 1037 3736 mare
1049 3681 1122 3754 apud
1133 3681 1326 3741 Laodicenses,
1337 3680 1364 3733 id
1381 3685 1432 3738 est,
1445 3677 1549 3746 (legem
1567 3673 1652 3731 minis

123 3760 179 3815 rios
189 3759 241 3815 sibi
251 3778 312 3817 esse
321 3763 349 3817 in
358 3762 517 3835 Evangelio,
529 3781 598 3837 quos
609 3769 638 3820 et
647 3766 779 3820 solatium
789 3767 841 3821 sibi
850 3784 918 3839 prce·
958 3768 1386 3826 doctnnaecommissumbabem
1401 3765 1556 3832 videbatur,
1572 3765 1652 3820 hita

122 3846 215 3904 baisse
235 3846 304 3906 dixit
315 3869 321 3904 :
334 3851 445 3907 Salutat
460 3869 504 3908 eos
519 3853 660 3923 Epaphras
674 3857 724 3923 arsi
737 3872 769 3909 ca
783 3857 856 3910 cubis
880 3863 918 3911 est
958 3859 1254 3916 Salutatiomcomanu
1264 3856 1650 3921 Pauli.Quoniarnsuamanu

121 3952 213 3992 smilis
228 3938 340 4006 Christi,
351 3957 456 4010 semper
469 3944 603 3997 sollicitas
622 3958 673 4011 pro
686 3946 760 4000 uobis
769 3945 802 3999 in
817 3948 917 4001 oratio·
957 3948 1063 4004 tionem
1079 3948 1190 4020 scripsit
1204 3948 1299 4001 dicens
1314 3966 1319 4000 :
1337 3948 1466 4000 hiemares
1477 3949 1555 3997 estote
1576 3946 1652 3999 vs'acs

122 4022 212 4089 aibas,
231 4032 261 4080 at
276 4029 351 4082 stetis
363 4031 479 4097 perlecti
490 4036 514 4084 et
530 4034 626 4099 repleti
638 4030 670 4086 ia
685 4034 764 4086 omni
777 4038 917 4090 eolacnlate
958 4052 1092 4092 meorum.
1110 4037 1168 4091 Hoc
1178 4041 1230 4102 est,
1243 4036 1277 4089 ad
1293 4050 1385 4089 meam
1400 4032 1587 4087 imitationem
1598 4031 1652 4087 etia

121 4114 179 4177 ilci,
196 4118 384 4170 testiinonium
400 4122 476 4172 enirn
490 4121 537 4173 illi
539 4118 666 4187 perhibeo
676 4121 748 4189 qrcod
758 4120 917 4183 habelinul·
958 4126 1074 4181 ueritate
1089 4125 1148 4198 pati
1163 4126 1250 4180 nolite
1265 4125 1368 4196 pigere.
1381 4123 1492 4193 hdjecit
1510 4127 1652 4176 consuetur

123 4204 182 4255 tarn
211 4205 330 4258 laborem
355 4221 407 4273 pro
435 4206 508 4260 robis
529 4212 553 4260 et
575 4222 626 4275 pro
648 4208 690 4261 leis
705 4213 756 4278 qni
772 4213 918 4266 soartoo
958 4216 1233 4270 elusionemzdralia
1248 4210 1652 4276 robiscuin,arncn.lnhacdr

121 4290 199 4345 dicis
215 4294 240 4345 el
266 4295 316 4361 qai
342 4292 493 4362 Hierapoli.
525 4293 632 4350 Deinde
664 4296 769 4352 salutat
800 4316 847 4354 eos
882 4301 917 4355 ab
957 4304 1034 4359 tione
1049 4304 1179 4376 Epistulae
1194 4302 1464 4357 consummationem
1480 4300 1577 4353 iecisse
1594 4299 1652 4355 vids

121 4376 250 4452 Epaphra
277 4398 324 4452 qur
345 4381 506 4454 praedieavit
529 4382 578 4450 eis,
597 4384 692 4440 dicens
720 4386 838 4443 multam
863 4389 916 4444 sol-

376 4592 642 4724 uisse
690 4600 1179 4800 vim—jastius
1224 4600 1489 4730 uuus,

218 4824 499 4911 EXPOSITIO
540 4834 600 4911 IN
642 4838 1063 4968 spisso-Qua
1106 4833 1651 4915 THESSALONICENSES.

386 5005 649 5071 sustinerunt.
926 5008 1179 5089 Dindignantibus,
1196 5017 1290 5072 evenit
1312 5023 1344 5072 ut
1366 5015 1456 5070 multa
1480 5018 1638 5086 pateretur,

155 5092 259 5151 Beatus
269 5090 420 5169 Apostolus
437 5101 541 5156 Paulus
556 5102 724 5175 peragrabat
737 5104 862 5161 diversas
876 5109 916 5162 ci·
957 5108 1115 5180 Apostolus,
1137 5109 1165 5162 in
1185 5109 1282 5162 eadem
1295 5106 1405 5160 civitate
1416 5102 1650 5158 Thessalonicam

119 5185 218 5240 vitatas
228 5184 383 5257 praalais
393 5188 478 5242 fidem
489 5204 551 5260 quae
561 5192 589 5245 in
600 5193 711 5248 Christo
727 5199 770 5248 est
792 5212 797 5249 :
823 5194 917 5251 divina
959 5195 1449 5269 quaetllliquieredideruntChristo
1460 5192 1550 5246 multa
1560 5190 1651 5245 sustin

120 5288 185 5327 vero
195 5274 494 5331 monitusrerelatione
504 5279 580 5333 venit
590 5282 624 5334 ad
642 5282 769 5338 civitates
786 5283 915 5340 Macedo·
957 5286 1032 5340 mala
1045 5304 1062 5340 a
1077 5284 1279 5341 contribulibus
1292 5284 1360 5343 suis,
1372 5285 1412 5338 ita
1426 5288 1457 5336 ut
1477 5284 1629 5352 coffiretur

119 5358 172 5415 nia
183 5380 188 5414 :
201 5361 301 5416 exinde
317 5376 383 5418 aero
402 5364 479 5420 venit
492 5372 521 5420 et
532 5364 770 5436 Thessalonicam,
788 5373 860 5428 sicut
874 5380 917 5428 est
957 5374 1107 5446 Apostolus
1118 5375 1341 5431 oThessalonica
1363 5371 1508 5427 discedens
1531 5369 1651 5424 Athenas

117 5442 277 5504 cautissime
291 5444 398 5508 discere
418 5468 450 5508 ex
476 5447 548 5509 libro
571 5453 691 5515 hetuum
714 5462 913 5533 apostolorum.
957 5463 1022 5518 cisci
1051 5478 1058 5519 ε
1088 5465 1288 5535 pertimescens
1303 5462 1415 5517 verode
1430 5460 1548 5530 illisqui
1563 5457 1650 5513 eredis

117 5536 352 5612 predicavitergo
362 5541 555 5599 intercaeteras
567 5545 652 5602 etiam
661 5548 915 5606 Thessalonicensi-
957 5569 992 5607 ne
1002 5553 1073 5608 sorte
1082 5551 1228 5608 atrocitate
1238 5552 1462 5607 adversariorum
1480 5547 1596 5621 impulsi
1610 5561 1650 5602 aa

114 5618 168 5676 blla
185 5620 297 5696 pietatis
309 5626 474 5688 doctrinam.
487 5630 663 5692 Adversartis
678 5648 744 5694 tere
757 5650 844 5712 super
859 5635 915 5697 hoe
956 5638 1227 5717 dareatproposita
1237 5648 1348 5698 mactas
1360 5630 1539 5696 'timotheum
1562 5634 1643 5693 inistt
