3772 6120
128 260 179 314 ilD
422 259 453 312 B.
475 258 611 313 RABANI
630 260 745 316 MAURI
765 261 934 316 Ancurae.
954 259 1115 314 MDGUNT.
1136 256 1285 312 OPERUM
1306 255 1398 310 PARS
1417 255 1467 310 lll.
1616 230 1619 235 Ι
1714 254 1766 309 tto

127 384 328 449 excellentiam,
337 383 439 437 iterum
454 383 489 435 ad
503 383 690 438 aeternitatem
704 384 827 439 divinem
840 384 868 438 iu
879 383 1050 444 ‹eo-Aeriam
1066 381 1180 445 Christi,
1192 381 1222 434 in
1236 380 1288 434 hoc
1302 380 1405 434 iterum
1419 388 1448 434 et
1456 379 1535 449 regni
1549 379 1711 434 declaratur
1722 380 1766 434 in-

125 474 189 528 dam
205 473 273 527 Filio
288 471 338 526 Dei
353 471 490 525 convertit
502 489 531 525 se
546 474 696 543 Apostolus
710 473 872 528 testimonia
882 473 923 527 ul·
964 472 1067 526 dicium
1084 477 1110 524 et
1126 469 1240 524 honoris
1249 469 1404 541 aequalitas.
1415 469 1528 523 Nullam
1536 474 1632 523 autem
1644 469 1768 523 imbecil-

59 608 65 616 .
126 562 214 617 terius
226 561 328 632 psalmi
341 559 451 628 dicere;
466 560 507 615 ait
521 561 616 615 enirn:
965 561 1073 615 litatem
1089 561 1267 630 aliquatenus
1283 557 1414 623 arbitror,
1432 574 1465 612 eo
1480 558 1554 629 quod
1569 558 1638 611 dicit
1650 559 1767 613 Patrem

163 669 176 704 a
192 651 227 704 Et
240 655 281 715 tu,
297 649 425 716 Domine,
438 649 468 705 in
479 649 616 721 principio
632 656 737 705 temam
759 651 882 706 fundasti
896 658 925 705 et
964 649 1142 720 indignatum
1150 649 1185 702 iri
1195 642 1245 719 prb
1257 648 1301 701 his
1311 665 1371 719 quae
1380 647 1466 701 fuerit
1475 647 1562 701 Filius
1572 647 1689 717 indigne
1702 665 1767 719 per·

125 758 140 794 c
155 755 241 811 opera
253 755 389 793 manuum
404 744 519 794 tuarum
533 740 679 794 suntcoeli.
693 759 704 792 ›
723 741 841 809 (dirior.)
853 741 924 795 Cum
964 755 1063 808 pessus
1075 756 1080 789 :
1091 736 1239 806 hocrnagis
1250 735 1627 790 multaePatriseiranilium
1637 736 1767 790 dilectio·

124 828 232 893 dicit«
259 827 289 882 in
316 828 453 899 principio
479 834 584 882 terram
603 829 738 895 fundasti,
763 829 922 892 Dominus
964 825 1370 881 nisethonorisindieiumest.
1383 825 1436 889 Qui
1451 824 1766 897 enimindignuturpro

121 917 245 973 ostendit
254 917 441 989 quodasanis
451 918 593 973 mentibus
604 934 660 972 non
680 924 773 989 potest
789 917 923 989 abuegari
964 913 1767 986 eo,quomodoextraneusabilloessceontendituriquod

123 1007 191 1077 quia
205 1007 353 1062 Creatora
374 1014 502 1061 ereatura
517 1023 570 1061 sua
594 1008 655 1062 sine
669 1006 762 1079 aliquo
781 1007 861 1062 initio
876 1024 923 1062 co·
964 1005 999 1059 de
1009 1022 1042 1059 eo
1060 1006 1121 1075 jam
1141 1003 1168 1057 in
1188 1003 1243 1057 alio
1260 1003 1363 1057 dicitur
1377 1002 1501 1074 psalmo:
1517 1021 1530 1055 a
1546 1003 1601 1067 Qui
1616 1002 1767 1059 habitatin

120 1095 267 1166 gnoscitur
275 1095 448 1169 exstitisses«
457 1097 582 1168 Etopera
591 1101 848 1151 manuumtuarum
858 1102 924 1151 sunt
964 1092 1230 1147 coelisirridebiteos
1243 1099 1272 1146 et
1281 1091 1609 1147 Dominussubsannabit
1620 1108 1668 1147 eos
1680 1095 1761 1159 (Psoi.

36 1232 40 1239 .
120 1185 183 1239 coeli
196 1204 202 1253 ς
214 1184 280 1239 »hic
293 1201 429 1241 manuum
441 1185 574 1240 virtutem
582 1186 717 1257 jussionis
728 1186 780 1240 Dei
788 1185 923 1241 debemus
964 1188 992 1252 n)
1002 1203 1007 1236 :
1018 1201 1031 1235 r
1043 1189 1071 1237 et
1079 1183 1183 1236 iterum
1191 1183 1251 1253 ipse
1263 1181 1345 1236 dixit:
1356 1202 1367 1232 ι
1378 1183 1431 1235 Eos
1441 1187 1535 1236 autem
1544 1181 1593 1252 qui
1605 1198 1651 1235 me
1661 1181 1715 1235 sibi
1725 1198 1764 1236 re·

125 1274 264 1346 accipere3
286 1275 341 1329 alio
356 1273 432 1329 enim
445 1273 506 1329 loco
521 1275 643 1330 dicitur:
666 1292 680 1327 ι
702 1275 840 1340 Quoniam
865 1275 925 1347 ipse
965 1289 1053 1343 gnare
1069 1273 1221 1327 noluerunt
1235 1271 1365 1325 adducite
1379 1271 1408 1324 in
1422 1277 1572 1341 conspectu
1588 1287 1662 1337 meo,
1679 1277 1708 1324 et
1722 1270 1761 1325 in·

125 1363 204 1430 dixit,
221 1370 251 1419 et
265 1364 418 1419 factasunt
434 1382 441 1431 ς
457 1364 517 1435 ipse
532 1364 686 1431 mandavit,
708 1370 737 1418 et
750 1369 845 1418 creata
859 1372 926 1419 sunt
965 1362 1170 1429 terimite(luc.
1183 1362 1254 1429 mxl:
1274 1360 1436 1431 »quievero
1451 1360 1513 1430 ejus
1523 1368 1589 1414 sunt
1599 1360 1659 1414 hmo
1670 1359 1757 1425 rerba,

126 1454 207 1520 (Psoi.
219 1457 338 1523 ornain).
353 1472 364 1504 s
967 1451 1033 1505 audi
1044 1450 1110 1521 quid
1120 1450 1194 1504 dicat
1202 1455 1231 1503 et
1242 1449 1271 1503 iu
1291 1448 1432 1503 alioloco:
1452 1471 1464 1498 ι
1478 1448 1596 1512 Quoties
1610 1449 1688 1503 volui
1701 1466 1761 1503 con-

164 1542 249 1612 ‹Ipsi
276 1541 417 1614 peribunt,
443 1548 475 1597 tu
499 1549 593 1597 autern
616 1541 803 1614 permanebis.
832 1564 842 1594 ι
872 1545 925 1597 Pe·
966 1556 1084 1610 gregare
1093 1539 1165 1594 filios
1173 1545 1237 1594 tuos
1246 1544 1274 1592 et
1284 1538 1761 1608 noluistileecerelinqueturdomus

126 1636 211 1686 reunt
232 1631 307 1685 enim
331 1630 366 1685 ab
389 1647 422 1685 eo
460 1632 534 1703 quod
558 1637 625 1686 sunt
648 1633 716 1687 dum
737 1632 925 1687 immutantur
966 1634 1058 1683 vestra
1073 1629 1184 1683 deserta
1204 1628 1310 1695 (horit.
1336 1626 1464 1695 xxinlu
1490 1627 1665 1682 etiterum:
1685 1648 1695 1679 ι
1714 1628 1762 1692 Qui

126 1719 155 1774 in
177 1720 277 1774 melius
300 1725 455 1787 creaturae,
480 1725 512 1776 tu
541 1726 635 1775 autem
662 1738 821 1792 parmense,
843 1727 876 1776 ut
890 1709 1100 1775 si-Beeciderit
1113 1734 1198 1788 super
1212 1717 1334 1786 lapidem
1348 1716 1429 1769 illum
1454 1715 1667 1786 confringetu13
1684 1734 1763 1788 super

124 1814 172 1864 cut
194 1808 382 1864 aeternitatem
410 1809 522 1864 Domini
544 1809 668 1865 ostendit
679 1816 831 1882 antequam
850 1827 926 1866 erea-
966 1824 1050 1879 quem
1075 1823 1140 1860 vero
1164 1805 1296 1860 ceciderit
1309 1811 1436 1859 conteret
1457 1822 1521 1859 eum
1536 1805 1611 1867 (Luc.
1630 1808 1689 1874 xv).
1706 1807 1763 1861 Huc

127 1904 169 1952 ret
184 1897 288 1964 omnia,
311 1897 351 1952 sic
373 1904 437 1970 post
456 1899 539 1953 coelos
555 1904 677 1953 mutatos
701 1900 794 1971 ipsum
820 1900 926 1955 diceret
966 1896 1083 1963 accedit,
1096 1896 1162 1967 quia
1171 1895 1195 1949 si
1206 1895 1266 1967 ipse
1280 1895 1458 1964 judicaturus
1467 1899 1512 1947 est
1524 1911 1581 1955 eos,
1600 1895 1691 1949 multo
1705 1913 1762 1949 urn-

126 1985 156 2040 iu
171 1986 327 2057 majestatis
340 2002 397 2042 suae
411 1974 503 2058 gloria
516 2004 691 2059 permanere.
709 2005 722 2040 α
739 1989 774 2042 Et
788 2005 885 2043 omnes
894 1995 927 2044 ut
967 1987 1041 2057 plius
1052 1985 1115 2041 etin
1125 1985 1243 2039 haesita
1252 1984 1312 2055 ipse
1322 1983 1376 2037 illis
1387 1983 1628 2054 dignaretribuet.
1644 1984 1763 2040 Proinde

126 2075 327 2130 vestimentum
340 2082 523 2131 veterascent.
540 2095 554 2130 a
572 2078 669 2148 Ipsum
685 2077 760 2131 enirn
776 2078 926 2133 veterascit
967 2075 1081 2129 honoris
1096 2075 1186 2144 inagis
1202 2079 1245 2128 est
1271 2073 1345 2145 quod
1369 2073 1491 2127 dieitur:
1523 2091 1537 2123 u
1552 2074 1647 2128 Donec
1662 2090 1763 2145 ponam

127 2164 201 2235 quod
216 2165 387 2219 morevestis
399 2172 491 2220 morte
505 2166 687 2233 consumitur,
704 2167 778 2221 sicut
792 2184 857 2221 caro
871 2168 925 2222 hu·
966 2164 1095 2218 inimicos
1109 2170 1173 2218 tuos
1187 2162 1339 2217 scabellum
1354 2162 1457 2233 pedum
1471 2169 1596 2217 tuonim.
1613 2182 1627 2216 a
1644 2164 1760 2231 (Αηιὺν.)

126 2269 220 2319 mana,
240 2270 301 2324 quas
311 2259 407 2309 tamen
417 2254 448 2308 in
460 2255 560 2310 melius
576 2256 781 2310 resurrectione
794 2256 925 2311 immuta-
965 2253 1054 2307 Pedes
1068 2252 1143 2307 enirn
1157 2252 1271 2307 Domini
1285 2251 1423 2306 stabilitas
1436 2252 1764 2322 aeternasignilicatur,ut

126 2339 212 2396 bitur.
219 2342 348 2397 Addidit:
364 2361 375 2396 ι
396 2344 431 2398 Et
444 2344 522 2398 velut
533 2344 667 2399 amictum
684 2344 806 2399 mutabis
822 2362 879 2409 eos,
896 2352 926 2400 et
965 2341 1672 2414 illetanquamvestigiispositisomnipotentiaesuae
1682 2342 1764 2396 virtu·

126 2429 338 2487 mutabuntur.»
350 2431 402 2487 His
410 2431 499 2487 verbis
508 2432 626 2488 forsitan
632 2434 925 2489 coeliimmutationem
964 2436 994 2485 te
1003 2431 1138 2486 consistit:
1152 2432 1195 2485 his
1209 2431 1328 2502 pedibus
1338 2437 1448 2485 constat
1458 2447 1518 2485 esse
1537 2430 1707 2496 subdendos,
1716 2431 1763 2501 qui

125 2521 263 2591 propheta
285 2519 405 2592 intelligi
427 2522 523 2588 voluit,
552 2523 600 2595 qui
626 2523 756 2578 similiter
779 2529 810 2578 ut
824 2529 925 2580 caetera
965 2519 1764 2590 quotidievitiorumcontrarietatederelictarevertuntur

126 2609 266 2664 elementa
288 2615 506 2675 commutantur,
523 2611 596 2666 sicut
614 2612 643 2666 in
657 2612 712 2667 alio
731 2613 835 2683 legitur
859 2630 924 2684 pro·
965 2610 1000 2663 ad
1010 2609 1171 2674 Dominum,
1183 2616 1354 2681 ettanquam
1363 2608 1515 2664 scabellum
1525 2609 1698 2680 pedibus,ita
1705 2611 1763 2680 ejus

127 2697 214 2768 pheta
225 2715 253 2750 :r
270 2697 305 2752 Et
320 2698 375 2753 erit
390 2698 492 2754 coelum
507 2716 610 2754 novum
619 2706 648 2754 et
658 2707 735 2755 terra
750 2718 822 2756 nova
832 2704 922 2771 (Arme.
965 2698 1208 2770 praedicationibus
1222 2699 1408 2758 inclinantur;
1425 2699 1486 2752 sine
1500 2698 1584 2752 dubio
1599 2699 1634 2752 dc
1651 2698 1706 2752 illis
1715 2699 1764 2752 ini·

126 2788 194 2854 xxi).
222 2786 324 2858 [loon]
350 2787 388 2843 Ut
412 2787 478 2843 tacti
491 2787 604 2842 Domini
624 2789 785 2845 ostenderet
798 2791 858 2861 jam
872 2790 924 2845 sub
966 2788 1046 2842 micis
1056 2787 1167 2849 dicitur,
1180 2789 1228 2859 qui
1242 2788 1366 2842 conversi
1374 2788 1409 2842 ad
1423 2787 1567 2842 dexteram
1578 2788 1759 2843 collocantur.

126 2873 284 2930 eternitate
312 2892 448 2931 mansura
474 2876 559 2932 dicit:
586 2897 597 2930 ι
622 2877 743 2933 Mutabis
760 2896 807 2934 eos
822 2885 852 2934 et
866 2896 925 2934 mu·
966 2876 1762 2948 Nonhicadverbiumquousquealicujustemporislinem

124 2961 286 3030 ubuum-,n
304 2963 370 3035 quia
379 2980 524 3036 nunquam
537 2972 622 3020 erunt
633 2967 669 3020 ad
678 2966 731 3020 hoc
743 2966 925 3038 corruptibile
966 2965 1103 3036 designat,
1128 2967 1176 3020 sed
1204 2965 1369 3021 aternitatis
1393 2966 1548 3037 potentiam
1567 2966 1760 3021 demonstrat:

123 3051 258 3107 reditura.
268 3051 342 3107 Dicit
355 3070 422 3124 ergo
435 3053 502 3125 quia
514 3055 765 3110 transformaturus
784 3062 828 3111 est
840 3045 982 3111 mun-Cr
1002 3056 1101 3110 Nonne
1115 3071 1211 3110 onmes
1225 3055 1458 3109 administratorii
1472 3062 1538 3109 sunt
1548 3055 1667 3127 spiritus
1676 3056 1707 3110 iu
1716 3055 1766 3110 mi·

124 3139 202 3204 dum,
211 3146 240 3195 et
248 3140 412 3196 facilitatem
419 3142 579 3213 significans
588 3144 701 3199 intulit:
715 3144 794 3199 Sicut
805 3145 923 3215 quilibet
966 3164 978 3197 r
996 3144 1144 3199 nisterium
1158 3145 1246 3199 missi.
1261 3152 1375 3216 propter
1389 3161 1436 3198 eos
1451 3145 1499 3215 qui
1513 3145 1707 3200 hereditatem
1719 3162 1767 3199 ca·

125 3228 260 3283 amictum
276 3229 392 3285 involvit
405 3237 490 3302 atque
505 3238 656 3304 permutat,
671 3233 711 3287 sic
730 3233 826 3305 etipse
841 3250 922 3289 mun·
965 3250 979 3286 r
995 3233 1076 3304 piunt
1089 3234 1208 3288 salutis?
1226 3254 1237 3285 r
1251 3234 1323 3298 Quid
1335 3234 1456 3296 mimris,
1466 3234 1489 3288 si
1498 3234 1568 3288 Filio
1584 3251 1669 3289 suum
1680 3235 1768 3289 mini·

123 3316 190 3371 dum
197 3319 448 3390 etcomplicaturus
459 3326 487 3375 et
493 3326 653 3376 mutaturus
659 3322 787 3393 estErgo
795 3322 818 3376 si
830 3328 921 3377 trans-
962 3323 1079 3378 sterium
1088 3318 1325 3394 exhibentangeli,
1333 3323 1596 3378 cumetiamnostrae
1607 3324 1773 3378 sulutismi-

121 3404 318 3462 formationem
329 3413 358 3462 et
368 3409 566 3476 conditionem,
574 3427 636 3481 quae
650 3412 683 3465 fit
696 3411 725 3465 iu
740 3411 850 3478 melius,
861 3417 920 3467 tam
961 3411 1065 3466 nistros
1080 3428 1129 3481 eos
1142 3417 1251 3466 constet
1262 3411 1394 3467 elleetos?
1412 3413 1519 3466 alentes
1534 3430 1633 3467 eorum
1644 3414 1680 3467 ud
1696 3430 1773 3485 quos

121 3491 203 3549 facile
225 3496 330 3566 poterit
351 3499 471 3569 operari,
484 3499 547 3571 quis
561 3499 636 3555 dicat
650 3501 725 3571 quod
743 3501 772 3555 in
795 3501 920 3556 inferiori
961 3501 1085 3571 loquitur
1099 3501 1243 3555 sublevare
1258 3502 1362 3565 volens,
1383 3502 1452 3555 dicit
1465 3502 1631 3572 angelorum
1646 3504 1775 3557 l'uuctio-

119 3599 204 3654 opere
219 3584 335 3641 alterius
343 3587 453 3657 eguerit
463 3589 623 3659 adjutorio?
635 3590 921 3662 Usquequononeru·
961 3606 1010 3643 nes
1027 3590 1156 3645 humanae
1177 3591 1276 3645 salutis
1288 3607 1370 3644 causa
1387 3609 1404 3645 a
1418 3591 1538 3645 Domino
1552 3591 1674 3646 directos
1691 3610 1766 3661 esse,

120 3669 237 3728 bescunt
247 3674 343 3730 taliter
368 3676 520 3732 insanire?
544 3678 633 3733 Simul
657 3679 744 3733 etiam
767 3679 920 3734 consolatio
960 3678 1197 3733 Filiusrerosicut
1205 3680 1341 3734 Dominus
1352 3679 1699 3745 Salvator,istirerosicut
1709 3700 1777 3736 ser-

119 3763 211 3833 maj0r
231 3768 274 3818 est
296 3781 472 3835 cognoscere,
497 3767 571 3839 quod
586 3784 643 3822 non
666 3767 695 3822 in
721 3769 819 3823 eodem
844 3774 919 3824 statu
960 3766 986 3820 ri
999 3767 1083 3821 saluti
1095 3768 1357 3838 praedestinatorum
1368 3769 1538 3822 deserviunt.
1551 3769 1640 3839 Cujus
1653 3770 1696 3824 rei
1709 3772 1778 3842 ple-

118 3857 220 3906 cuncta
234 3860 428 3923 permaneant.
446 3855 501 3910 Sed
517 3855 565 3910 illa
588 3856 701 3927 quidem
722 3857 916 3924 mutabuntur,
960 3856 989 3910 ni
1000 3861 1066 3911 sunt
1075 3857 1364 3911 l'eterisTestamenti
1374 3856 1600 3929 rolh'oviubique
1610 3857 1779 3914 libri.Na1n

117 3940 179 4010 ipse
191 3946 286 3995 autem
303 3942 378 3997 idem
402 3943 463 4015 ipse
477 3950 626 4016 permanet
639 3945 668 4000 in
682 3952 829 4012 aurnum,
846 3947 919 4002 sicut
959 3951 987 3999 et
995 3945 1153 4016 pastoribus
1159 3946 1251 4017 angeli
1258 3947 1672 4016 evangelizaverunt(tuc.11)‚et
1680 3965 1781 4020 ange-

118 4028 235 4083 dieitur:
251 4048 264 4080 r
279 4030 322 4084 Tu
336 4037 431 4085 autem
445 4033 520 4086 idem
535 4034 594 4105 ipse
607 4051 646 4101 es,
662 4041 691 4089 et
708 4035 775 4090 anni
795 4035 837 4090 tui
861 4052 918 4091 non
959 4034 1017 4088 lum
1026 4035 1146 4104 legimus
1153 4035 1188 4089 ad
1199 4035 1453 4106 virginemMariam
1464 4036 1729 4104 missuniltrcc.1),et
1738 4039 1779 4092 in

118 4117 262 4172 deliciunt.
280 4135 294 4170 n
312 4117 430 4189 (Arisbe.)
446 4122 647 4177 Immutatione
667 4124 729 4194 ejus
744 4124 920 4179 diminutura
959 4124 1282 4178 resurrectioneDomini
1292 4124 1384 4194 angeli
1396 4124 1560 4179 mulieribus
1568 4131 1778 4196 apparuerunt

61 4270 65 4276 ³
118 4205 249 4276 designat
255 4212 396 4278 quaesunt,
408 4208 468 4280 ipse
474 4211 622 4265 nereidem
633 4217 676 4266 est
686 4213 760 4283 quod
769 4220 821 4278 est,
832 4213 919 4268 veluti
961 4214 1414 4283 illoram,tocrrmJounaxx)‚
1427 4215 1519 4268 etalia
1529 4214 1778 4270 multaindirinis

119 4294 209 4367 Moysi
218 4294 323 4350 famulo
333 4312 384 4351 suo
395 4295 482 4353 dixit:
506 4300 596 4371 «Ego
607 4317 669 4355 sum
681 4301 728 4372 qui
747 4319 811 4356 sum
824 4303 916 4372 (deod.
959 4299 1091 4371 leguntur
1106 4302 1266 4373 Scripturis.
1283 4303 1434 4373 lntelligite
1448 4303 1536 4373 igitur
1549 4319 1625 4357 nunc
1639 4312 1773 4374 quantus

119 4387 168 4452 ur),
185 4384 247 4439 »sic
255 4384 317 4440 istis
328 4384 419 4441 tribus
429 4387 556 4444 versibus
576 4390 758 4445 commutatio
777 4389 1049 4451 creatura-Dhonor
1058 4389 1138 4445 nobis
1149 4391 1244 4445 existit
1253 4398 1285 4446 ut
1295 4392 1367 4446 sieut
1386 4393 1421 4446 ad
1432 4393 1549 4455 amicos,
1559 4392 1600 4446 ita
1615 4392 1771 4449 ministros

12 4475 15 4479 '
117 4489 182 4527 rum
192 4479 221 4529 et
229 4475 373 4530 eternitas
382 4476 494 4531 Domini
505 4477 626 4532 mirabili
632 4478 767 4535 brevitate
780 4480 919 4553 descripta
959 4480 1073 4550 angelos
1083 4479 1293 4535 destinetDeus.
1310 4481 1413 4554 (Grep.)
1426 4481 1566 4552 Scriptum
1576 4481 1605 4535 in
1615 4482 1690 4537 libro
1701 4482 1765 4538 Job:

118 4567 194 4617 sunt.
211 4562 279 4618 Post
295 4566 474 4635 majestatem
496 4567 597 4624 divinae
619 4570 785 4625 aeternitatis
799 4571 829 4624 in
848 4570 918 4625 Filio
962 4569 1074 4634 «Deus,
1090 4570 1170 4640 cujus
1184 4569 1233 4624 irae
1254 4570 1385 4624 resistere
1409 4587 1491 4625 nemo
1516 4575 1620 4641 potest,
1638 4571 1761 4644 subque

119 4650 223 4705 iterum
231 4649 330 4708 beatus
336 4653 440 4710 Paulus
451 4657 486 4710 ad
496 4657 680 4713 humanitatis
693 4660 820 4731 eiusdem
833 4659 918 4732 glori·
958 4663 1111 4712 curvantur
1125 4659 1173 4729 qui
1188 4665 1302 4730 portant
1311 4659 1408 4713 orbem
1418 4661 1482 4726 tJob.
1494 4666 1531 4728 rx)
1545 4678 1552 4726 ;
1567 4679 1578 4709 r
1591 4659 1623 4714 in
1636 4661 1691 4715 hac
1702 4677 1760 4715 seu·

119 4738 278 4793 heafionem
293 4758 451 4799 sermonem
475 4745 577 4802 direxit
600 4748 716 4802 dicens:
738 4768 749 4799 ι
774 4750 817 4803 Ad
833 4766 916 4821 quem
958 4748 1437 4819 tentiaangelicaevirtutesintelligi
1447 4754 1573 4820 possunt:
1584 4749 1646 4820 ipse
1655 4751 1757 4805 etenim

118 4827 284 4898 angelorum
307 4829 383 4884 enim
398 4832 468 4887 dixit
493 4835 662 4907 aliquando:
688 4837 790 4892 Sedea
812 4839 917 4894 dextris
958 4837 1054 4892 orbem
1068 4843 1192 4908 portant,
1210 4855 1270 4908 quae
1296 4838 1411 4908 regendi
1434 4838 1532 4892 mundi
1554 4854 1638 4893 curas
1668 4840 1756 4894 adrni-

79 4950 85 4961 ,
117 4916 347 4971 meislallictori
362 4918 432 4974 Filio
448 4928 476 4975 et
491 4941 541 4994 per
554 4930 679 4980 sanctam
694 4927 918 4983 incarnationem
958 4926 1089 4982 nistrant.
1105 4929 1193 4982 Paulo
1208 4912 1361 4982 attestante
1375 4928 1422 4998 qui
1438 4928 1494 4981 ait:
1515 4948 1526 4978 r
1544 4928 1646 4982 Nonne
1661 4946 1756 4985 ornnes

118 5005 204 5060 totius
220 5005 319 5061 mundi
332 5006 543 5080 triumphatori,
557 5020 622 5085 post
633 5016 847 5070 resurrectionis
859 5017 918 5087 glo·
958 5020 1024 5069 sunt
1038 5016 1270 5071 administratorii
1291 5017 1412 5087 Spiritus
1427 5017 1454 5071 in
1470 5016 1661 5072 ministerium
1681 5019 1755 5073 missi

119 5093 191 5148 riam
204 5095 376 5151 honorabilis
389 5114 535 5155 consessus
546 5109 668 5173 paternae
677 5104 918 5175 majestatisoller-
959 5110 1073 5176 propter
1086 5123 1133 5161 eos
1148 5106 1195 5178 qui
1210 5107 1403 5161 hereditatem
1425 5106 1539 5177 cupiunt
1554 5107 1697 5161 salutlsln
1712 5108 1758 5163 Ait

119 5188 176 5247 tur,
187 5190 219 5237 ut
231 5186 366 5257 perhunc
378 5186 465 5243 situm
482 5198 617 5263 susceptae
633 5192 818 5250 humanitatis
827 5193 918 5264 gloria
959 5210 1041 5264 ergo:
1061 5215 1072 5246 ι
1089 5196 1174 5262 Deus,
1195 5213 1276 5266 cujus
1292 5197 1422 5251 resistere
1438 5213 1520 5250 nemo
1533 5196 1581 5250 ira·
1592 5203 1697 5267 potest,
1707 5196 1758 5252 sub

119 5269 287 5328 declaretur.
301 5295 313 5325 ι
330 5276 518 5352 Quoadusqua
528 5297 631 5352 ponam
642 5282 769 5338 inimicos
782 5287 846 5338 tuos
859 5299 916 5337 sca«
959 5300 1013 5354 quo
1023 5291 1175 5339 currantur
1184 5286 1232 5357 qui
1243 5291 1356 5357 portant
1362 5285 1521 5350 artemiae
1531 5285 1555 5338 si
1565 5285 1760 5343 humilitatem

119 5357 335 5431 bellumpedum
345 5369 469 5422 tuorum.
484 5369 586 5441 (loon.)
596 5371 779 5428 Eeceiterum
793 5387 841 5426 eos
854 5387 918 5426 con·
959 5373 1049 5427 omnis
1058 5379 1193 5430 creatura
1201 5375 1387 5447 conspiciatet
1400 5373 1662 5430 tremefactusdicat
1673 5393 1681 5431 ι
1691 5376 1761 5441 Quis

120 5447 239 5502 fidentes
252 5448 328 5515 facit,
344 5452 484 5523 siquidem
496 5457 623 5517 futurum
637 5461 769 5529 ostendit,
781 5466 918 5515 uteorum
958 5460 1136 5517 infirmorum
1151 5464 1297 5519 hominum
1318 5465 1375 5519 tuis
1389 5463 1503 5519 nutibus
1522 5463 1616 5529 obeat,
1633 5467 1716 5536 cuim
1730 5482 1760 5521 se

120 5539 290 5610 superentur
302 5535 419 5610 inimici,
431 5549 461 5602 et
469 5547 536 5620 quia
544 5547 651 5606 inimici
660 5566 758 5607 summ
768 5548 823 5621 ipsi
836 5553 920 5605 erunt
959 5549 1102 5607 formidini
1114 5559 1144 5608 et
1156 5553 1274 5610 virtutes
1288 5554 1420 5626 angelicae
1435 5552 1594 5609 inclinant?
1622 5554 1667 5609 rel
1682 5560 1762 5612 certe
