3772 6120
118 227 169 284 339
414 227 446 281 Β.
466 225 603 317 Rchb'l
621 225 737 281 MhUlll
756 226 923 282 hllClllEP.
944 228 1105 283 MOGUNT.
1127 228 1276 284 OPERUM
1294 227 1385 283 PARS
1405 228 1454 283 ΙΙΙ.
1702 230 1755 301 340

116 355 232 415 tribuat,
249 371 310 425 quae
320 370 384 407 cum
400 352 428 406 in
444 352 527 405 domo
538 351 671 405 Pharisaei
681 352 916 406 accumbentiDo·
925 355 946 412 ,h
957 354 1054 407 eadem
1088 355 1186 424 plenus
1215 355 1306 423 gratia
1330 352 1523 424 loquebatur:
1545 354 1681 423 Espmle
1712 372 1755 409 co-

120 444 198 499 mino
217 444 302 515 pedes
319 443 434 496 lavisset
449 442 588 512 lacrymis,
598 443 725 496 tersisset
737 443 870 505 crinibus,
884 442 916 495 li·
955 446 1122 511 qrtoscr'mus.
1143 450 1167 496 et
1190 460 1222 496 ea
1241 448 1321 511 praete
1339 443 1534 511 prophetamus
1558 444 1585 509 (Ι
1604 442 1665 498 Cor.
1686 452 1754 513 sin).

117 535 207 588 uisset
218 537 372 602 unguento,
390 538 419 584 et
430 531 571 584 lerisao
581 533 769 587 murmuranti
780 532 915 586 Dominus
958 532 1114 585 Praecidens
1134 532 1221 601 igitur
1240 532 1350 602 spiritu.
1372 531 1438 601 quia
1463 532 1532 585 nihil
1561 532 1636 586 aliud
1662 542 1756 588 essent

118 622 280 695 parabolam
292 620 497 691 quinquaginta
507 624 535 673 et
544 621 711 690 quingentos
721 621 851 674 denarios
866 620 915 674 de·
957 620 1100 678 credituri.
1119 620 1172 674 nisi
1185 621 1259 699 quod
1271 637 1322 690 per
1336 618 1489 690 Epistolam
1498 620 1679 678 docebantur.
1688 628 1753 676 aut:

119 711 217 767 biteris
227 711 418 782 proposuisset
430 711 503 774 (Luc.
527 709 702 779 vu)adjecit:
720 712 832 777 Propter
845 712 917 778 quod
957 708 1012 777 Epo
1027 711 1131 777 corifldo
1151 711 1183 763 de
1197 711 1269 763 robis
1282 712 1314 763 e'u
1328 710 1453 773 Domino,
1478 712 1551 785 quod
1578 712 1651 764 nihil
1674 714 1756 766 uliud

119 802 178 854 dieo
195 802 253 863 tibi,
271 801 457 852 dimittuntur
472 802 611 867 etpeccalu
626 801 722 861 intrita,
739 802 805 868 quia
819 800 917 853 de’lcm't
957 802 1077 867 sapietis.
1094 800 1166 853 Nam
1180 805 1208 852 et
1222 798 1328 852 additio
1343 797 1480 852 Dominlci
1495 799 1617 853 nominis
1633 800 1755 871 idipsum

119 891 251 951 multum,
268 887 437 958 etadipsam
445 886 592 940 mulierem
607 903 756 940 coleremus
768 887 807 939 nit
822 905 825 939 :
840 888 916 940 Fides
959 888 1098 957 significat
1122 908 1127 940 :
1150 889 1174 941 si
1193 887 1269 942 enirn
1288 905 1339 960 per
1357 889 1547 959 conjecturam
1568 890 1618 942 hoc
1638 874 1757 943 aestima·

120 984 168 1030 tuo
183 984 207 1032 te
221 980 326 1031 sulcum
340 980 412 1044 feeit,
429 978 494 1030 eade
508 980 538 1030 ιἰι
556 988 627 1045 pace.
958 976 1015 1042 bat,
1033 982 1163 1047 potuerat
1177 977 1269 1047 dicere
1287 997 1292 1030 :
1310 978 1364 1045 Epo
1385 979 1489 1044 confido
1510 978 1541 1030 de
1566 979 1662 1031 robis:
1683 994 1757 1032 nunc

155 1068 314 1123 Currebatis
330 1068 401 1129 bene,
419 1069 469 1134 qui
482 1082 526 1118 ros
553 1067 696 1134 triquetram
722 1069 835 1119 ceritati
862 1082 917 1119 uon
958 1071 1053 1120 autem
1067 1083 1210 1137 apponens
1224 1070 1256 1120 tn.
1272 1069 1398 1129 lleune'no,
1415 1066 1507 1119 divino
1527 1066 1650 1137 quodam
1670 1068 1756 1120 conll·

120 1157 245 1210 obede'ret
260 1153 365 1235 (Anuli.)
387 1154 555 1209 Exercitium
575 1154 686 1208 illorum
703 1153 829 1225 inopere
852 1154 916 1207 fidei
959 1154 1029 1209 dens
1038 1155 1149 1226 spiritu,
1162 1156 1236 1225 quod
1250 1154 1377 1209 futurum
1392 1160 1560 1225 cognoverat
1569 1154 1755 1226 prophetarit.

31 1312 34 1317 ,
120 1245 224 1299 bonum
239 1244 325 1298 luisse
338 1248 468 1303 testatur,
481 1243 529 1297 sed
543 1243 671 1313 nequitia
680 1243 918 1298 malorumhomi·
960 1245 1014 1312 Oui
1026 1250 1116 1298 autem
1136 1246 1281 1298 conturbat
1298 1261 1350 1305 ros,
1376 1246 1495 1312 peu-tatu
1517 1246 1670 1315 judicium,
1699 1251 1758 1315 qui-

120 1351 189 1389 num
207 1334 345 1389 detentos.
363 1350 398 1387 ne
413 1349 526 1387 cursum
541 1349 623 1386 suum
642 1332 766 1386 efficacia
794 1348 919 1402 perseve-
960 1348 1067 1401 cunque
1092 1339 1129 1387 est
1160 1337 1214 1386 ille.
1248 1334 1348 1401 (alluh.)
1369 1331 1514 1396 Quomodo
1534 1333 1581 1403 qui
1617 1338 1756 1388 errantem

121 1430 202 1479 rante
216 1428 453 1477 consummarent.
463 1422 542 1476 Unde
556 1424 588 1475 ut
597 1422 764 1497 resipiscant
777 1423 915 1483 hortatur,
960 1422 1083 1476 converti
1109 1421 1184 1479 lacit.
1206 1420 1429 1476 remunerandus
1448 1426 1500 1487 est,
1526 1421 1637 1477 dicente
1657 1422 1759 1476 Jacobo

121 1514 269 1567 decutere
284 1511 354 1565 nulli
369 1510 694 1582 eorumcredentes,qui
709 1511 918 1582 utoperalegis
959 1509 1085 1582 apostolo
1094 1510 1123 1564 in
1139 1511 1263 1581 Epistola
1273 1528 1344 1565 sua:
1364 1512 1417 1578 Qui
1432 1514 1553 1565 conuerti
1578 1512 1673 1578 fecerit
1698 1527 1758 1581 pec-

123 1602 257 1656 servanda
281 1600 440 1663 suaderent,
468 1599 638 1669 Evangelica*
656 1600 767 1654 veritati
784 1617 840 1654 non
871 1617 918 1654 eos
960 1605 1089 1656 calorem,
1105 1601 1360 1654 salrahe'tuuimam
1380 1603 1447 1670 ejus,
1462 1606 1486 1653 ct
1500 1603 1601 1668 operiet
1627 1603 1758 1654 intellitu-

122 1689 235 1744 obedire
245 1688 500 1742 sinebantelemint
510 1691 708 1748 consenserttu,
719 1693 860 1757 persuasio
866 1689 920 1744 hac
929 1673 952 1732 Β
961 1691 1054 1743 dinem
1070 1695 1243 1758 peccatorum
1260 1691 1327 1756 (luc.
1339 1692 1381 1757 r);
1397 1689 1437 1742 ita
1450 1693 1478 1742 et
1489 1688 1536 1759 qui
1547 1694 1624 1743 recta
1631 1690 1760 1744 inceden-

122 1794 178 1833 eron
200 1784 237 1831 erl
259 1795 292 1831 er
316 1796 344 1831 eo
371 1780 421 1846 qut
437 1784 511 1831 arceat
527 1794 580 1831 cos.
596 1777 701 1831 Verum
715 1785 767 1835 est,
785 1777 852 1848 quia
866 1779 920 1831 hu·
962 1784 1019 1831 tem
1035 1777 1079 1832 ria
1092 1779 1147 1831 iter
1160 1777 1188 1832 iu
1202 1778 1313 1831 derium
1326 1779 1401 1845 cogit
1416 1777 1536 1845 llectere,
1550 1777 1760 1832 damnationem

124 1884 197 1923 nano
212 1867 328 1920 consilio
343 1867 395 1920 hoc
410 1865 532 1936 agebant
550 1866 648 1928 ludaei,
665 1872 697 1921 ut
714 1867 860 1920 mitterent
874 1884 921 1920 eos
963 1868 1152 1937 consequitur,
1162 1866 1321 1945 quicunque
1332 1866 1426 1919 suerit.
1439 1866 1497 1919 lloc
1509 1867 1685 1941 propterhos
1697 1866 1761 1920 sub

125 1957 285 2027 subjugum
298 1955 377 2026 legis,
390 1972 446 2009 nou
458 1954 689 2026 Deijudieio,qul
700 1955 923 2026 vocabateosper
961 1955 1031 2027 jicit.
1053 1973 1087 2009 ne
1116 1956 1162 2026 qui
1193 1954 1245 2008 sibi
1266 1956 1397 2009 meritum
1422 1953 1614 2013 defenderent,
1635 1956 1760 2026 eoquod

71 2077 73 2081 <
124 2046 289 2117 Apostolum
303 2060 385 2098 suum
406 2044 439 2097 nd
454 2043 585 2114 gratiam.
602 2046 737 2098 Modicum
754 2048 923 2112 fernientum
964 2045 1015 2100 filii
1048 2050 1143 2098 essent
1170 2043 1288 2098 Abrahae
1313 2044 1467 2098 secundum
1492 2060 1619 2111 carnom3
1640 2044 1761 2115 denlque

127 2142 208 2190 lolam
225 2150 343 2188 recussum
359 2137 523 2202 corrumpit.
535 2134 592 2187 Hoc
603 2133 680 2198 dicit,
692 2134 758 2204 quia
769 2134 922 2209 licetquip-
965 2134 1119 2188 exaltantes
1141 2150 1170 2187 se
1196 2132 1294 2187 dicunt
1312 2133 1347 2185 ad
1370 2134 1476 2191 lesum.
1498 2133 1550 2187 Nos
1566 2136 1620 2200 filit
1646 2134 1762 2187 Adraha

126 2225 201 2307 plum
212 2223 281 2301 legis
289 2222 476 2276 admiscentes
484 2221 769 2280 fidei.riolanthdcm.
779 2221 925 2276 nchabeat
964 2241 1060 2277 ,suerrus
1078 2224 1167 2289 (toan.
1184 2226 1251 2285 ιἰιι).
1267 2221 1406 2291 [Hieron]
1427 2222 1543 2275 Portare
1568 2227 1663 2275 autem
1685 2222 1762 2293 judl-

125 2311 257 2372 iructum,
267 2312 358 2366 autsit
365 2310 551 2381 acceptabilis.
563 2311 689 2365 llocideo
696 2311 923 2380 adjecit,neforte
965 2313 1048 2373 clum,
1061 2312 1088 2366 id
1109 2318 1160 2371 cst,
1179 2312 1253 2382 quod
1268 2310 1330 2364 aliis
1340 2309 1431 2364 verbis
1445 2311 1473 2363 in
1488 2309 1670 2385 sequentibus
1681 2310 1761 2368 dixit.

126 2400 842 2471 incolumemscreputarenthaheregmtiamhdeisi
858 2416 925 2471 pau·
968 2403 1157 2471 Unresquisque
1178 2403 1324 2470 proprium
1355 2416 1423 2454 onies
1435 2401 1565 2468 portabit.
1588 2400 1622 2454 Et
1636 2405 1704 2471 puto
1734 2401 1763 2454 in

126 2490 394 2560 caleglsservarent.
409 2490 506 2554 (Hier.)
519 2489 600 2543 hliud
621 2490 723 2559 qulppe
738 2488 921 2559 Deiopusest,
966 2491 1117 2563 Scripturis
1133 2507 1204 2544 onus
1219 2495 1246 2543 et
1262 2489 1290 2542 in
1305 2488 1407 2542 bonam
1432 2494 1460 2541 et
1479 2489 1508 2542 in
1528 2489 1631 2543 malam
1654 2495 1763 2567 partem

127 2577 924 2655 aliudhomlnum.Delopusestrocarezhominumrelere-
965 2596 1047 2652 posse
1067 2580 1164 2651 accipi,
1190 2579 1242 2632 hoc
1264 2587 1315 2643 est,
1336 2577 1411 2631 etin
1431 2576 1474 2631 his
1498 2577 1545 2647 qui
1565 2578 1686 2649 peccatis
1704 2595 1767 2650 gra·

127 2665 925 2738 dere,veltroncrcdere.EtsicubialibideScripturislibe·
965 2666 1045 2721 vibus
1066 2667 1273 2737 opprimuntur,
1298 2672 1326 2718 et
1350 2664 1378 2719 ln
1403 2665 1458 2719 illis
1478 2666 1525 2734 qui
1543 2665 1679 2720 virtutum
1694 2666 1765 2720 levia

127 2754 925 2818 rumhominisaffirmaturarbitrium,utibi:Sirotuerttis
967 2772 1053 2810 onera
1066 2760 1235 2809 sustentant.
1251 2756 1290 2809 De
1304 2755 1424 2833 peccatis
1444 2754 1472 2808 in
1495 2755 1603 2827 psalmo
1626 2755 1766 2826 poenitens

128 2843 512 2905 claudierltelrmeetiterum
521 2863 526 2895 :
536 2845 567 2898 ht
578 2844 926 2912 narie,lsrael,quidpclitu
966 2843 1092 2916 loquitur
1110 2863 1115 2896 :
1133 2845 1297 2914 lotqete'tutes
1311 2860 1377 2897 mea
1391 2847 1499 2898 eleuata
1512 2849 1578 2897 secut
1587 2860 1669 2913 sirper
1684 2851 1767 2914 caput

129 2939 154 2987 te
166 2935 301 2988 hominus
315 2934 385 2987 heus
401 2938 482 2986 tutu?
499 2933 586 2999 (Petet.
599 2936 638 3000 x),
655 2940 729 2986 etex
744 2932 796 2986 hoc
810 2933 870 2986 loco
884 2932 927 2986 vel
968 2950 1069 3000 rameru,
1093 2937 1174 3003 quasi
1197 2950 1267 2988 onus
1291 2950 1374 3002 arare
1395 2939 1515 3001 prorata
1529 2938 1595 2986 stent
1614 2949 1697 3002 super
1727 2952 1767 2987 me

128 2994 1049 3103 maalmeeomprobaturh'erumsimplicioresqulquepu-Cll’sal.
1066 3026 1182 3090 xxxva).
1198 3023 1239 3077 De
1253 3022 1403 3077 dentibus
1423 3021 1607 3092 doctrinaque
1629 3023 1767 3077 virtutum

128 3116 222 3167 tantos
232 3110 450 3184 sedelerreDeo,
461 3117 493 3164 ut
508 3111 653 3181 persuasio
668 3126 779 3181 quoquc
792 3110 926 3164 nostruin
969 3113 1097 3167 Salvator
1110 3112 1151 3165 ait
1166 3133 1173 3166 :
1190 3113 1291 3181 Juqiem
1302 3115 1376 3165 erte'm
1392 3128 1483 3164 ericum
1494 3126 1576 3164 secure
1590 3117 1637 3175 est,
1653 3117 1679 3165 ct
1698 3129 1767 3166 orrea

129 3198 929 3277 ejussitpotestate,abstuleruntpartemorationisriou,et
969 3217 1059 3255 meum
1090 3205 1143 3255 lece
1172 3200 1279 3268 quattu.
1307 3204 1355 3267 xi).
1381 3199 1461 3264 Quod
1475 3206 1570 3253 autem
1590 3205 1618 3253 et
1641 3201 1768 3255 doctrina

130 3286 245 3345 sensum
254 3288 425 3344 contrarium
435 3288 569 3360 Apostolo
584 3288 776 3343 reddiderunt.
791 3289 853 3343 Slva
861 3304 927 3358 ergo
968 3307 1018 3363 pro
1029 3306 1114 3345 onere
1126 3290 1289 3361 accipiatur,
1304 3290 1481 3361 perspicuum
1496 3290 1526 3342 sit
1548 3288 1577 3342 in
1592 3289 1743 3363 Evangelio
1760 3309 1765 3343 :

129 3381 160 3433 ln
182 3378 295 3453 bonam,
316 3376 374 3432 sire
389 3378 417 3432 in
437 3378 541 3432 malam
562 3374 690 3448 partem(
705 3395 755 3432 nec
778 3376 862 3443 Deus,
878 3393 929 3432 nec
968 3381 1095 3447 dlliqont
1111 3378 1214 3450 quippe
1227 3376 1361 3432 Pharisaei
1377 3394 1461 3431 onera
1480 3380 1576 3445 qraoia
1592 3383 1615 3430 et
1633 3395 1692 3446 que
1706 3394 1769 3446 por·

130 3466 257 3522 diabolus
278 3468 308 3522 in
332 3474 493 3521 causaest:
511 3467 577 3539 qula
591 3466 734 3538 persuasio
759 3472 855 3521 nostra
872 3483 928 3521 non
971 3474 1025 3522 tari
1038 3484 1092 3522 eron
1111 3474 1236 3537 possunt,
1256 3473 1280 3521 et
1298 3471 1486 3536 sreqierponunt
1502 3484 1532 3519 ea
1548 3483 1630 3535 srcper
1642 3468 1770 3521 liunt-eros

132 3563 175 3611 est
195 3574 229 3611 ex
250 3574 283 3611 eo
305 3557 352 3628 qui
375 3556 482 3611 vocarit
498 3573 557 3621 nos,
583 3556 632 3610 sed
653 3572 685 3609 ex
706 3555 794 3612 nobis.
811 3555 858 3626 qui
887 3555 930 3608 vel
970 3558 1125 3614 homimem.
1149 3560 1201 3625 ipsi
1223 3561 1316 3610 autem
1331 3572 1387 3609 reno
1404 3573 1435 3609 ea
1454 3557 1540 3623 eliqtlo
1554 3559 1771 3610 noliertteontin-

131 3642 331 3705 consentlmus,
349 3646 389 3699 vel
405 3661 460 3699 non
477 3645 668 3699 consentimus
683 3645 800 3699 vocanti.
817 3644 926 3699 Aliter:
970 3663 1031 3714 aere
1047 3646 1152 3713 (llatth.
1178 3649 1264 3713 xxiii).
1295 3643 1385 3708 Quam
1411 3660 1496 3714 grave
1520 3644 1557 3698 sit
1582 3643 1705 3715 aliquem
1735 3644 1770 3699 de

131 3736 280 3791 Persuasio
301 3736 358 3790 hac
377 3752 461 3807 quam
486 3751 559 3788 nunc
575 3733 736 3815 sequimlnl.
760 3749 814 3788 non
834 3740 877 3788 est
897 3751 929 3788 ex
970 3734 1174 3805 tranquillitate
1185 3733 1299 3788 turbare
1309 3738 1338 3787 et
1347 3749 1447 3786 serena
1457 3733 1542 3786 corda
1550 3731 1697 3787 hominum
1709 3735 1769 3804 qui-

131 3826 199 3890 Deo,
221 3826 268 3905 qui
292 3826 319 3879 in
345 3824 481 3896 prlnclplo
501 3841 548 3877 ros
564 3824 681 3887 vocarit,
697 3823 745 3877 sed
767 3841 799 3877 ex
821 3823 865 3878 his
880 3823 928 3895 qui
970 3821 1087 3878 busdam
1116 3822 1195 3893 quasi
1226 3821 1356 3877 lluctibus
1374 3822 1523 3880 concitare,
1550 3821 1702 3875 Salvatoris
1731 3824 1767 3877 ad

131 3916 179 3968 ros
195 3922 291 3990 postea
307 3913 500 3968 turbaverunt.
518 3914 655 3967 allodtutm
665 3914 925 3980 sermeutumtotum
970 3912 1110 3984 apostolos
1125 3912 1208 3966 verba
1217 3916 1358 3966 testantur
1368 3910 1487 3965 dlcentis
1502 3929 1508 3962 :
1526 3910 1564 3964 hle
1587 3912 1768 3965 contrahetur

132 4005 345 4071 conspersionem
362 4003 519 4068 sernuntat.
537 4001 635 4069 lllier.)
649 4002 734 4055 Porro
744 4018 805 4073 quae
822 4008 865 4055 est
874 4002 928 4057 ista
969 4016 1016 4055 cor
1035 4008 1166 4061 uestrum,
1189 4018 1274 4070 neque
1292 4003 1412 4054 linteolis
1435 4002 1524 4066 (teuit.
1551 4004 1625 4067 xrvt:
1656 4000 1768 4070 expedit

131 4090 337 4146 Pharisaeorum
348 4089 548 4149 aliadoetrina,
559 4089 613 4142 nisi
627 4090 697 4159 legis
708 4092 929 4144 secunduincar-
970 4092 1073 4162 quippe
1094 4091 1119 4145 ei
1140 4091 1186 4161 qui
1206 4089 1354 4144 conturbat
1372 4095 1401 4143 et
1415 4088 1584 4142 scandalizat
1607 4087 1767 4165 quempiam

132 4177 371 4233 nemobserratio?
381 4177 486 4232 Sensus
497 4177 591 4248 itaque
601 4178 716 4231 isteest:
730 4178 822 4232 Nollte
830 4185 928 4249 putare
970 4178 999 4233 in
1010 4180 1140 4239 Ecclesia,
1157 4185 1189 4233 ut
1203 4178 1273 4250 lapis
1288 4177 1403 4233 molaris
1417 4177 1606 4231 circumdetur
1620 4177 1691 4230 eollo
1706 4178 1768 4247 ejus

131 4283 284 4340 paucorum
299 4266 454 4320 hominum.
470 4265 518 4336 qui
534 4264 568 4318 dc
583 4265 679 4320 Judaea
693 4266 836 4320 venientes
852 4268 928 4323 uliud
970 4275 999 4320 et
1012 4268 1142 4322 mittatur
1164 4285 1228 4321 cum
1246 4284 1279 4321 co
1299 4267 1327 4321 in
1345 4284 1431 4324 mare,
1444 4283 1529 4336 quum
1543 4271 1575 4319 ut
1598 4266 1767 4320 scandalizet

131 4359 240 4423 docent,
256 4354 372 4410 insidias
385 4355 613 4409 contemnendas.
635 4354 762 4409 Sclntllla
784 4372 928 4428 resparsa
968 4373 1057 4413 unum
1072 4357 1106 4411 de
1120 4356 1165 4411 his
1179 4355 1303 4411 mlnimis
1319 4354 1367 4426 qul
1381 4371 1398 4408 a
1416 4355 1559 4409 Salvatorc
1573 4361 1767 4409 monstmntur

131 4452 182 4514 est,
196 4455 224 4502 et
238 4463 309 4518 pene
324 4447 391 4500 dum
403 4444 536 4509 cernitur,
550 4460 605 4498 non
620 4443 747 4511 videtur3
764 4446 812 4499 sed
836 4446 858 4498 si
885 4448 926 4501 l'o-
970 4446 1074 4516 (matth.
1096 4450 1178 4507 xrnrl.
1202 4444 1318 4500 'Purbati
1343 4461 1409 4514 ergo
1432 4443 1544 4498 lucrant
1567 4443 1673 4497 Galate
1692 4443 1767 4498 lnter

131 4528 496 4608 mitcmcomprehenderlt;
514 4538 542 4587 et
555 4532 926 4606 nutrimentusui,quamvis
968 4534 1098 4606 spiritum
1124 4542 1152 4588 et
1175 4535 1309 4595 litteram,
1326 4533 1563 4586 circumcisionem
1587 4538 1615 4586 et
1634 4532 1766 4586 concisio-

131 4641 232 4697 parvus
242 4617 246 4625 ’
256 4625 339 4703 ignis.
360 4623 507 4684 invenerit,
523 4623 636 4685 muenia,
650 4621 743 4687 urbes,
768 4623 865 4682 saltus.
881 4642 926 4677 re·
968 4640 1043 4684 nem.
1055 4622 1232 4717 ludaisrnum
1242 4623 1382 4677 occultum
1392 4621 1616 4681 etmanlfestum,
1626 4621 1692 4692 quid
1703 4637 1767 4697 age-

129 4701 282 4784 tionesque
296 4718 450 4766 consumet.
467 4713 520 4779 Epo
536 4710 639 4780 confido
665 4714 696 4766 dc
723 4714 795 4766 eolu's
825 4717 852 4766 iu
874 4717 926 4768 ho-
968 4718 1032 4767 rent
1041 4714 1212 4782 ignorantes.
1225 4710 1340 4766 Brerius
1349 4714 1444 4765 autem
1455 4715 1483 4763 ct
1499 4711 1539 4763 sie
1554 4710 1640 4780 accipl
1654 4716 1763 4780 potest:

36 4824 41 4831 ·
130 4804 216 4865 mino,
240 4798 314 4868 ¹qaod
337 4801 410 4854 nihil
434 4802 514 4853 uliud
537 4803 656 4872 sapietis.
675 4800 778 4870 (Ambl
805 4803 863 4856 Hac
878 4820 926 4874 spe
968 4803 1133 4877 Quicunque
1159 4806 1203 4854 est
1218 4802 1273 4859 ille.
1304 4802 1351 4872 qui
1373 4817 1420 4851 ros
1435 4799 1469 4852 ad
1491 4799 1696 4853 Pharisaeorum
1718 4800 1767 4853 do-

130 4881 254 4945 sedicit
283 4887 369 4942 hdere
401 4889 436 4941 de
464 4889 517 4949 his,
552 4890 618 4967 quia
649 4907 705 4944 non
737 4896 845 4961 sponte,
877 4893 925 4947 sed
967 4891 1086 4947 ctrlnam
1098 4890 1225 4955 retrahit,
1240 4897 1268 4945 et
1280 4890 1310 4943 iu
1324 4905 1407 4942 carne
1426 4888 1568 4941 desiderat
1593 4888 1763 4947 circumcldi,

128 4977 307 5034 circumventi
322 4976 425 5030 erroris
440 4977 512 5030 riam
526 4974 715 5032 intraverant:
734 4979 798 5032 inde
814 4987 925 5036 ostenso
967 4981 1094 5052 quamvis
1108 4980 1145 5034 sit
1158 4979 1301 5051 eloquens,
1319 4978 1390 5032 etin
1407 4976 1476 5046 legis
1500 4976 1657 5030 eruditione
1679 4992 1708 5030 se
1723 4976 1765 5047 ju·

128 5056 193 5123 vero
225 5066 336 5125 itinere,
371 5064 451 5119 lbcilc
483 5083 530 5119 etos
563 5083 642 5144 posse
672 5068 773 5122 reverti
798 5068 922 5123 etunhdit.
965 5076 1030 5128 etet,
1056 5069 1127 5123 nihil
1146 5067 1267 5139 anrplius
1285 5068 1356 5133 dico,
1379 5067 1432 5120 uisl
1449 5067 1510 5131 hoe,
1529 5065 1701 5136 quodetiam
1717 5083 1765 5119 vos

128 5158 261 5224 (Hieron.)
274 5157 338 5210 Non
352 5170 403 5226 per
416 5155 616 5224 conjecturam,
638 5162 671 5209 ut
685 5157 799 5227 quidam
817 5158 921 5221 volunt,
965 5157 1087 5214 abnuere
1102 5175 1158 5212 non
1174 5158 1300 5228 potestis.
1319 5155 1392 5226 quod
1408 5155 1531 5226 portabit
1542 5171 1592 5225 pro
1610 5155 1663 5208 hoc
1680 5170 1764 5225 opere

127 5237 175 5300 sed
200 5245 361 5327 prophetico
386 5242 486 5317 spiritu
506 5243 609 5296 Paulus
631 5247 795 5314 pronuntiat
809 5246 923 5301 Galatas
962 5246 1099 5319 judicium
1111 5252 1140 5301 et
1151 5254 1338 5322 consequetur
1352 5262 1402 5314 pro
1417 5261 1467 5297 suu
1483 5244 1577 5297 labore
1594 5244 1764 5297 mercedem.

127 5334 162 5389 ad
183 5334 306 5387 veritatis
325 5334 407 5397 elain,
429 5348 514 5402 quam
539 5332 703 5389 amiserant.
733 5351 920 5405 regressuros.
962 5336 1061 5405 (deep.)
1079 5337 1143 5391 Haec
1163 5346 1206 5390 est
1233 5336 1280 5388 illa
1303 5333 1479 5387 conturbatio
1499 5333 1639 5386 contraria
1659 5332 1761 5389 ordini.

115 5423 236 5480 ›Etenim
251 5421 298 5491 qui
313 5421 383 5474 alios
400 5420 576 5485 hortabatur,
594 5426 626 5473 ut
639 5423 839 5477 aemularentur
859 5424 923 5478 cha·
964 5431 996 5480 ut
1010 5427 1044 5480 de
1054 5425 1227 5495 spiritalibus
1237 5424 1364 5477 carnales
1379 5424 1457 5483 liant,
1479 5428 1508 5476 et
1522 5421 1655 5492 quoniam
1677 5421 1762 5475 intel·

124 5512 251 5568 rlsmata.
262 5510 352 5583 magis
368 5516 463 5564 autem
475 5518 506 5564 ut
521 5509 730 5591 prophetarent.
742 5512 801 5582 ipse
812 5529 922 5584 quoque
963 5515 1106 5585 ligandum
1121 5521 1172 5569 est.
1191 5511 1432 5582 tlrisse'quosdam,
1448 5511 1495 5582 qui
1515 5527 1580 5564 cum
1602 5511 1707 5565 vellent
1721 5510 1761 5564 eis
