3772 6120
180 301 251 363 ,(111
500 309 532 366 a.
553 309 825 367 11111111111111111
844 310 1004 367 asenne
1020 290 1184 367 nosnnr.
1204 309 1354 367 orsam
1371 310 1465 368 rans
1482 311 1535 369 m.
1787 312 1840 370 111

199 429 329 500 quianon
339 429 429 487 bonus
442 433 699 504 gradusdiaconiae,
711 435 905 507 sedquoniam
916 435 996 490 illum
1004 440 1025 498 Α
1035 435 1122 490 etiam
1139 441 1169 489 et
1185 435 1219 490 de
1232 435 1288 489 illis
1303 435 1447 507 disputare
1461 435 1497 490 ad
1511 435 1574 490 illos
1591 453 1597 489 :
1613 436 1841 507 dogmaticorum

199 518 312 589 quidem
320 521 440 590 gradum
448 525 597 578 confitetur
607 541 668 579 esse
677 524 791 590 bonum,
802 531 831 579 et
838 526 940 595 juvans
950 542 997 580 eos
1037 541 1103 579 vero
1117 530 1290 579 memoratus
1300 530 1344 578 cst
1357 524 1505 580 verborum
1519 525 1706 598 illorumque
1720 527 1765 581 vel
1779 543 1842 581 ma·

198 608 324 677 quicum
339 611 450 682 assequi
472 612 619 668 voluerint.
636 615 709 669 Nam
724 630 782 669 non
805 630 886 686 posse
902 631 999 685 quem·
1038 613 1113 667 xime
1123 618 1190 668 tunc
1204 613 1355 667 memorari
1370 613 1521 669 necessitas
1533 613 1595 685 ipsa
1608 613 1766 685 flagitabat,
1779 631 1843 686 pro-

198 712 283 767 quam
296 698 405 767 J'uvare,
421 700 446 754 si
463 717 520 756 non
540 707 569 756 et
587 702 636 756 illa
654 719 716 774 quae
730 701 929 758 conscientiam
949 720 998 758 no·
1039 706 1102 773 pter
1115 701 1189 775 quod
1205 702 1246 757 ait
1262 686 1273 755 ε’

197 789 406 858 stmmpossent
412 789 552 861 integram
558 807 700 846 reservare
705 792 898 847 consenserint
904 792 993 860 nobis,
1074 811 1086 842 ι
1099 791 1133 846 Ε1
1142 785 1290 846 manifeste
1301 807 1435 861 magnum
1448 797 1492 846 est
1502 790 1616 863 pietatis
1629 798 1842 847 sacramentum

197 879 227 928 et
240 874 358 946 adiecit:
373 897 386 930 (
399 878 434 932 Et
442 880 561 934 multam
574 881 706 936 fiduciam
721 881 751 935 in
765 881 829 946 fide,
837 897 899 952 quoe
909 882 996 936 estin
1036 879 1094 934 sive
1107 879 1284 952 mysterium.
1298 899 1310 932 1
1323 880 1361 934 Ut
1370 879 1444 935 dicat
1459 880 1570 951 dogma,
1586 881 1714 935 hocerat
1726 880 1843 953 quodin

197 963 309 1018 Christo
323 966 399 1020 lesu.
413 986 426 1019 1
438 968 588 1024 Evidenter
602 969 733 1037 ostendit,
748 969 883 1041 quoniam
896 971 931 1025 de
940 971 996 1025 illis
1037 968 1228 1040 superioribus
1255 968 1482 1039 significavimus,
1509 969 1643 1040 quoniam
1672 968 1842 1040 mysterium

197 1068 259 1123 quoe
273 1058 340 1109 tunc
355 1061 438 1110 erunt
451 1057 521 1112 dicit
536 1077 543 1112 ε
559 1059 618 1114 vult
638 1059 714 1114 enim
728 1076 776 1114 eos
796 1059 905 1128 docere,
929 1060 996 1132 quia
1036 1057 1186 1129 sapeillud
1196 1058 1299 1129 dogma
1310 1056 1470 1129 dicitquod
1481 1058 1516 1112 de
1527 1058 1639 1113 Christo
1653 1063 1707 1124 est,
1721 1073 1755 1112 eo
1767 1057 1844 1130 quod

197 1142 306 1197 nullum
312 1143 512 1200 detrimentum
524 1147 623 1203 atlerre
633 1148 737 1220 poterit
743 1147 882 1203 infirmior
889 1149 995 1219 gradus
1036 1146 1126 1200 deitas
1136 1146 1279 1217 Unigeniti
1289 1146 1381 1201 inerat
1390 1146 1420 1202 in
1434 1146 1557 1213 homine,
1570 1153 1599 1201 et
1607 1152 1726 1218 propter
1735 1146 1791 1200 hoc
1800 1146 1844 1201 ia-

198 1229 252 1285 illis
270 1231 318 1302 qui
334 1232 411 1304 digni
424 1235 607 1292 inveniuntur
620 1253 724 1307 magna
738 1242 767 1291 et
780 1237 904 1308 perfecta
917 1254 995 1293 asse-
1036 1235 1089 1289 cite
1102 1251 1160 1289 non
1176 1236 1212 1290 ad
1227 1235 1415 1306 cognitionem
1431 1240 1544 1307 poterat
1559 1236 1656 1290 venire
1671 1234 1840 1291 multorum.

197 1319 246 1390 qui
259 1319 341 1388 bona,
353 1323 377 1376 si
391 1329 486 1379 tamen
496 1325 665 1381 conscientia
678 1342 786 1393 eorum,
802 1332 886 1398 prout
899 1343 997 1382 conve-
1036 1324 1108 1378 Nam
1123 1330 1152 1378 et
1160 1323 1296 1396 mysteria
1305 1330 1511 1379 consueverunt
1525 1341 1582 1380 non
1596 1324 1632 1379 ab
1646 1323 1782 1379 omnibus
1795 1341 1840 1380 co-

197 1408 249 1474 nit,
260 1409 369 1465 illibata
377 1412 412 1466 ab
422 1413 477 1468 illis
489 1413 557 1485 ipsis
568 1414 654 1470 tuerit
664 1416 813 1471 custodita.
826 1416 996 1472 Percurrens
1034 1412 1132 1483 gnossi
1154 1413 1294 1479 similiter,
1319 1413 1359 1467 sic
1379 1413 1466 1467 etiam
1487 1419 1516 1468 et
1534 1413 1690 1468 Corinthiis
1714 1411 1839 1468 scribens

197 1513 262 1552 vero
274 1498 326 1554 hoc
336 1501 418 1556 modo
433 1503 518 1558 etiam
533 1504 589 1558 illis
603 1502 714 1559 ordines
728 1504 776 1575 qui
791 1504 934 1560 functione
947 1505 996 1560 ha·
1036 1501 1106 1555 dixit
1122 1520 1128 1555 :
1145 1522 1157 1553 (
1174 1501 1228 1556 Sed
1243 1501 1385 1572 loquimur
1405 1502 1455 1557 Dei
1474 1502 1643 1574 sapientiam
1658 1502 1689 1557 in
1705 1502 1837 1574 mysterio

196 1583 299 1641 bentur
313 1588 510 1658 ecclesiastica,
519 1592 632 1664 adjicit:
652 1594 742 1648 «Hmc
755 1592 806 1647 tibi
822 1592 922 1660 scribo,
936 1611 997 1666 spe·
1037 1590 1112 1662 quod
1126 1589 1319 1645 absconditum
1338 1596 1381 1645 est
1401 1593 1428 1659 (l
1441 1592 1603 1661 Cor.v11).»
1630 1591 1786 1646 Evidenter
1808 1591 1837 1646 de

199 1693 210 1724 ι
228 1691 293 1730 rans
307 1678 479 1734 venireadte
489 1681 555 1749 cito,
568 1682 592 1735 si
602 1687 696 1736 autem
705 1682 863 1749 tardavero,
873 1689 905 1738 ut
913 1683 995 1751 scias,
1037 1678 1233 1751 predicatione
1243 1679 1291 1734 illa
1298 1696 1359 1751 quae
1366 1679 1519 1733 secundum
1528 1679 1674 1734 Christum
1683 1679 1836 1746 estdicens,

198 1783 210 1815 s
228 1766 466 1835 quemadmodum
485 1771 632 1826 conveniat
644 1776 673 1826 te
686 1772 716 1826 in
727 1772 810 1827 domo
822 1772 873 1827 Dei
886 1773 1067 1840 conver-Bet
1075 1768 1347 1840 postpaucsadjicit,
1357 1788 1369 1820 (
1378 1768 1513 1839 quoniam
1526 1769 1550 1823 si
1565 1769 1776 1839 cognovissent,
1785 1784 1837 1824 non

198 1872 210 1904 (
227 1854 294 1921 sari,
310 1872 371 1926 quse
385 1863 428 1911 est
441 1858 563 1914 Ecclesia
575 1860 624 1914 Dei
639 1860 701 1914 vivi:
719 1861 849 1917 columna
863 1867 891 1916 et
903 1863 996 1916 firma·
1036 1855 1613 1927 utiqueDominumgloriaecrucifixissent,
1630 1876 1641 1908 1
1655 1856 1744 1910 etiam
1752 1856 1837 1911 hocin

199 1949 354 1998 «mentum
378 1946 545 2002 veritatis.»
570 1949 611 2004 De
624 1949 678 2017 his,
696 1950 798 2021 inquit,
814 1950 912 2022 scripsi
931 1950 992 2018 tibi,
1036 1945 1105 1999 loco.
1125 1965 1140 1998 ι
1160 1945 1316 2012 Manifeste,
1333 1945 1435 2016 inquit,
1451 1961 1585 2016 magnum
1599 1945 1716 2017 pietatis
1733 1952 1837 2017 myste-

196 2048 313 2103 sperans
326 2035 369 2088 vel
385 2036 507 2091 maxime
521 2037 576 2092 cito
591 2039 685 2093 venire
704 2039 740 2094 ad
754 2044 792 2106 te,
811 2038 835 2093 si
854 2056 920 2094 vero
935 2022 996 2094 eve·
1035 2034 1119 2102 rium,
1131 2034 1205 2088 »hoc
1218 2050 1275 2088 non
1287 2041 1331 2088 est
1340 2033 1547 2089 dubium-Nam
1557 2041 1585 2088 et
1594 2032 1718 2088 habebat
1729 2050 1762 2089 ex
1773 2034 1838 2106 ipsis

195 2121 270 2175 uerit
278 2139 323 2176 me
333 2124 456 2192 tardare,
469 2131 501 2180 ut
514 2126 585 2181 scias
604 2143 666 2198 quae
677 2133 706 2182 te
720 2143 804 2198 agere
817 2129 994 2198 conveniant,
1035 2121 1119 2177 rebus
1128 2122 1272 2177 indubiam
1282 2122 1478 2194 probationem
1495 2123 1568 2177 unde
1578 2127 1606 2176 et
1613 2123 1712 2194 adjicit
1722 2140 1750 2176 ε(
1760 2123 1837 2188 Quod

196 2215 226 2264 et
238 2213 378 2281 quomodo
396 2213 498 2269 debeas
513 2216 664 2271 Ecclesiam
688 2217 739 2272 Dei
758 2233 865 2287 regere,
883 2217 995 2289 Optime
1036 2211 1216 2266 manifestum
1230 2211 1307 2266 estin
1317 2228 1411 2266 carne.
1425 2232 1437 2263 1
1451 2212 1511 2265 Hoc
1519 2217 1570 2279 est,
1583 2211 1698 2284 pietatis
1714 2212 1838 2267 delectus

196 2305 291 2354 autem
305 2301 418 2373 adjecit,
436 2324 448 2355 (
467 2304 517 2359 Dei
531 2305 594 2359 vivi.
611 2324 624 2359 1
642 2306 686 2360 lta
700 2312 732 2361 ut
747 2306 878 2361 ostendat
896 2323 928 2361 ex
943 2307 995 2361 hoc
1035 2300 1202 2366 ministerio,
1218 2317 1251 2354 00
1271 2301 1346 2372 qaod
1363 2301 1400 2356 att
1418 2317 1553 2371 magnum
1571 2301 1837 2372 0181110101111110111,

196 2387 325 2445 Ecclesiae
345 2391 521 2462 dignitatem,
536 2394 605 2448 illud
629 2411 694 2449 vero
714 2400 757 2450 est
771 2396 995 2466 cognoscendum
1036 2390 1205 2461 quoniamis
1219 2389 1268 2460 qui
1278 2389 1424 2444 invisibilis
1437 2395 1481 2445 est
1495 2391 1579 2456 Deus,
1591 2390 1728 2456 Verbum,
1739 2391 1839 2462 Unige-

197 2479 331 2548 quoniam
340 2480 455 2536 domum
462 2482 513 2537 Dei
523 2483 684 2550 Ecclesiam,
698 2501 753 2538 non
764 2485 880 2539 domum
894 2485 996 2540 oratio·
1036 2479 1112 2533 nitus
1124 2478 1216 2533 Patris
1226 2478 1415 2533 manifestavit
1425 2495 1455 2533 aa
1469 2478 1640 2546 haminibus,
1652 2479 1682 2532 in
1692 2495 1779 2534 carue
1793 2496 1838 2552 ap·

197 2565 240 2618 nis
252 2565 320 2621 dicit
329 2570 483 2624 secundum
493 2571 679 2641 plurimorum
691 2573 861 2644 opinionem,
870 2574 919 2628 sed
929 2575 997 2628 ilde·
1037 2584 1137 2640 parans
1152 2584 1204 2639 pro
1214 2567 1356 2623 communi
1371 2567 1497 2622 omnium
1511 2567 1731 2639 saluta-Optima
1744 2573 1839 2623 autem

195 2653 776 2727 liumcongregationem,sicutietHebraeis
785 2661 910 2716 scribens
917 2662 993 2728 dicit,
1036 2657 1089 2711 hoc
1103 2657 1133 2711 in
1151 2656 1213 2710 loco
1227 2672 1284 2711 non
1303 2655 1373 2710 dixit
1386 2657 1415 2710 in
1430 2656 1554 2721 homine,
1570 2656 1619 2710 sed
1638 2655 1668 2710 in
1683 2672 1770 2710 carne
1786 2675 1792 2710 :
1812 2664 1839 2710 et

197 2758 279 2815 ‹quae
289 2742 574 2802 domussumusnos»
584 2749 677 2804 :Unde
687 2752 993 2817 «etcolumuamillam,
1037 2745 1151 2816 quidam
1160 2745 1189 2799 tn
1202 2744 1393 2817 superioribus
1403 2744 1686 2799 elidentesdistrat-t
1699 2744 1838 2809 Quoniam

196 2835 225 2884 et
238 2831 448 2889 firmamentum
463 2836 589 2891 veritatis
604 2856 618 2891 1
634 2838 759 2905 vocavit3
776 2856 809 2893 eo
824 2840 898 2911 quod
917 2841 947 2894 in
961 2857 995 2894 ea
1035 2835 1175 2888 mediator
1184 2834 1235 2889 Dei
1246 2839 1276 2889 et
1288 2834 1436 2890 hominum
1446 2834 1531 2888 homo
1542 2834 1773 2902 Christus-lasus,
1782 2853 1796 2888 1
1806 2851 1838 2889 aa

196 2919 320 2975 veritatis
330 2922 449 2978 firmitas
459 2924 606 2991 habeatur,
616 2943 649 2980 eo
661 2927 735 2998 quod
743 2927 867 2982 Ecclesia
876 2933 919 2982 est
928 2928 995 2983 fids
1036 2924 1110 2994 quod
1126 2923 1263 2991 hocerat,
1281 2924 1355 2995 quod
1376 2929 1444 2978 tunc
1462 2922 1546 2977 dubie
1561 2922 1796 2994 suscipiebamus,
1811 2930 1839 2978 et

196 3007 266 3063 lium
279 3013 469 3082 congregatio,
481 3013 510 3068 iu
520 3014 572 3069 hac
583 3016 696 3086 pietatis
706 3028 819 3071 necesse
829 3017 932 3088 dogma
938 3017 995 3072 sal-
1035 3012 1088 3066 hac
1102 3012 1137 3066 de
1151 3028 1237 3067 causa
1249 3012 1285 3067 ad
1294 3012 1351 3067 ista
1362 3011 1457 3079 verba,
1473 3012 1642 3066 descendere
1657 3019 1702 3066 est
1715 3013 1838 3083 compul-

195 3097 265 3163 vari,
282 3099 368 3169 quisi
388 3102 552 3169 secundum,
570 3109 601 3158 ut
619 3105 795 3171 conveniens,
812 3106 842 3159 in
863 3106 917 3160 lide
931 3104 1022 3178 per-C
1032 3118 1090 3155 sus.
1102 3102 1175 3156 Nam
1189 3100 1238 3156 illo
1252 3101 1282 3156 in
1297 3106 1424 3173 tempore
1439 3105 1538 3156 contra
1550 3100 1665 3173 pietatis
1679 3100 1837 3155 doctrinam

195 3187 992 3271 manserint,illibatumutiquepermanetdogmapietatis:
1035 3190 1137 3261 dogma
1153 3191 1176 3244 si
1199 3190 1294 3245 minus
1313 3191 1404 3262 magis
1424 3190 1562 3263 pullulare
1585 3189 1744 3255 videbatur,
1762 3191 1836 3262 q1¹0d

194 3275 219 3328 si
229 3281 325 3330 autem
334 3277 363 3331 hi
373 3279 421 3349 qui
432 3280 560 3336 Ecclesiae
570 3287 662 3337 sunta
673 3299 725 3337 suo
741 3283 883 3354 proposito
903 3284 992 3338 aversi
1034 3279 1137 3349 dogma
1152 3280 1283 3335 universa
1295 3280 1351 3334 ista
1364 3297 1425 3351 quae
1438 3280 1568 3334 videntur
1578 3278 1613 3333 ob
1628 3279 1838 3351 opificationem

194 3362 308 3432 fuerint,
325 3368 482 3423 necessario
497 3370 646 3437 vacillabit,
658 3377 687 3425 et
696 3371 836 3442 dogmatis
851 3374 994 3445 scrupulo·
1033 3368 1085 3422 Dei
1097 3368 1220 3422 alienare
1233 3367 1369 3434 tentabat,
1386 3374 1501 3440 propter
1516 3368 1569 3422 hoc
1579 3367 1664 3423 etiam
1679 3368 1775 3423 carnis
1789 3368 1838 3423 de·

194 3452 271 3520 sitas,
284 3469 317 3508 eo
331 3456 405 3526 quod
418 3459 571 3513 secundum
587 3465 754 3530 praesentem
763 3460 851 3516 vitam
866 3461 993 3517 veritatis
1033 3455 1156 3526 negabat
1164 3455 1266 3511 factam
1281 3457 1366 3511 fuisse
1380 3457 1602 3528 assumptionem
1616 3473 1621 3507 :
1634 3455 1748 3511 dicebat
1761 3456 1837 3512 enim

193 3542 316 3612 cognitio
331 3544 405 3616 apud
420 3546 548 3602 homines
565 3565 626 3602 esse
641 3549 818 3621 perspicitur.
835 3550 907 3605 lllud
927 3567 992 3606 vero
1033 3546 1231 3616 phantasmate
1241 3546 1300 3599 ⁸010
1315 3546 1466 3601 Dominum
1476 3545 1680 3617 apparuissem
1690 3562 1787 3612 carna,
1798 3547 1837 3602 ita

192 3629 274 3686 dictis
285 3634 387 3688 nostris
397 3635 482 3706 adjici
491 3637 608 3708 dignum
618 3644 670 3706 est,
683 3639 815 3710 quoniam
828 3656 884 3694 non
897 3656 994 3695 conve-
1033 3641 1067 3689 ut
1074 3651 1131 3690 non
1145 3635 1287 3690 videretur
1295 3651 1360 3690 caro
1373 3635 1423 3689 tali
1431 3635 1549 3701 ratione,
1561 3635 1667 3688 honore
1679 3641 1710 3690 et
1718 3634 1837 3706 diligen·

192 3719 235 3774 11ἰὶ
244 3720 506 3797 (181111111186,11110(1
513 3743 604 3798 neque
613 3727 824 3795 subdiaconum,
835 3745 927 3800 neque
939 3730 994 3784 ele-
1033 3722 1074 3777 tia
1087 3722 1173 3793 digna
1186 3722 1275 3777 videri
1291 3743 1299 3778 :
1314 3723 1454 3794 siquidem
1467 3722 1539 3778 etin
1553 3722 1728 3777 habitatione
1741 3723 1840 3779 divina

192 3814 302 3864 etenim
320 3813 486 3868 memoriam
504 3816 656 3887 Apostolus
675 3816 773 3872 iecisse
786 3817 897 3873 videtur
914 3837 919 3872 :
937 3818 993 3872 illis
1033 3811 1222 3881 dignement,
1233 3811 1335 3866 deinde
1346 3812 1450 3877 dicans,
1464 3811 1745 3883 ‹quimaaitastatus
1753 3813 1837 3868 estin

191 3898 297 3953 atenim
310 3901 445 3970 gradibus
458 3902 643 3971 functionum,
660 3905 750 3977 quiin
760 3905 884 3961 Ecclesia
898 3922 991 3961 neces·
1032 3917 1125 3968 carne,
1143 3920 1156 3954 1
1173 3900 1247 3971 quod
1261 3901 1296 3956 de
1310 3902 1368 3956 Deo
1383 3901 1438 3956 dici
1445 3902 1509 3970 jure
1525 3899 1684 3954 videbatur.
1697 3902 1775 3956 Nam
1789 3902 1845 3957 illa

192 3987 266 4042 sario
276 3987 424 4058 habentur,
433 3991 478 4045 isti
485 3997 583 4062 postea
589 3994 679 4064 magis
688 3999 756 4049 sunt
764 3995 866 4066 adjecti
877 4001 992 4067 propter
1032 3997 1093 4044 erat
1102 3989 1243 4056 divinitas,
1253 4007 1315 4061 qua
1324 3991 1354 4044 in
1362 4006 1445 4044 carne
1454 3989 1558 4044 Christi
1567 3989 1660 4043 fuerat
1670 3990 1747 4059 visa,
1759 3985 1843 4046 tran·

193 4074 344 4131 utilitatem
353 4079 991 4154 miuisterii,quodproptermultitudinemcre-
1031 4078 1070 4132 sit
1083 4085 1113 4133 et
1125 4078 1160 4133 ad
1176 4079 1224 4132 illa
1237 4094 1299 4150 quae
1313 4080 1348 4133 de
1362 4079 1475 4133 homine
1496 4079 1550 4133 dici
1565 4084 1709 4151 poterant,
1725 4085 1760 4135 ut
1774 4097 1839 4135 am·

192 4162 318 4218 dentium
326 4182 377 4237 per
386 4166 489 4223 alteros
499 4175 597 4240 postea
605 4169 722 4242 implere
732 4170 990 4227 deberenecessitns
1031 4166 1119 4237 pliore
1143 4183 1304 4221 sermonum
1332 4168 1526 4239 prosecutione
1554 4169 1739 4223 confirmaret
1767 4168 1839 4223 illud

192 4251 337 4323 flagitavit.
355 4256 435 4311 Unde
444 4273 495 4312 nec
509 4257 713 4313 ordinationem
729 4265 794 4314 ante
808 4260 897 4314 altare
911 4278 989 4315 asse-
1031 4256 1105 4325 quod
1114 4255 1340 4311 tuncvocabatur
1353 4256 1515 4310 indubium.
1528 4256 1743 4311 ‹lustillcatum
1754 4257 1839 4313 estin

192 4348 368 4412 quuntur,eo
383 4346 457 4416 quod
472 4363 522 4400 nec
536 4348 677 4418 mysteriis
690 4348 851 4403 ministrare
861 4354 990 4404 statuun-
1029 4344 1140 4414 spiritu.
1152 4365 1163 4394 1
1176 4345 1294 4399 Evidans
1304 4346 1365 4411 hoc,
1378 4346 1511 4417 (1110111110
1526 4345 1562 4398 ad
1576 4345 1715 4400 (1011010111
1724 4363 1835 4419 110111111-

192 4435 248 4498 tur,
263 4434 312 4487 sed
327 4434 375 4488 alii
390 4435 504 4506 quidem
519 4453 617 4491 eorum
629 4437 780 4493 lectionum
797 4437 920 4492 officium
935 4430 1114 4504 ini-liquam
1124 4439 1217 4506 potest
1224 4435 1379 4506 pertinere:
1390 4436 1519 4491 hurnanae
1527 4450 1593 4488 vero
1603 4441 1714 4490 naturae
1722 4436 1834 4491 eviden-

192 4520 271 4590 plent
282 4538 288 4574 τ
299 4523 347 4577 alii
362 4541 427 4579 vero
441 4525 516 4580 infra
529 4525 678 4581 diaconum
692 4527 741 4581 illa
755 4533 989 4599 praeparant,un
1029 4526 1075 4576 ter
1088 4528 1182 4593 potest
1194 4524 1295 4594 aptari,
1312 4525 1361 4594 qui
1377 4531 1406 4578 et
1422 4524 1538 4595 spiritus
1551 4522 1791 4579 inhabitationem
1805 4525 1832 4579 in

192 4609 226 4663 ad
238 4609 419 4668 diaconorum
430 4614 572 4686 pertinent
585 4613 752 4681 ministeria,
764 4632 880 4671 necnon
891 4616 991 4672 sollici·
1031 4608 1199 4683 baptismata
1210 4612 1832 4684 1100011110111111100111181100100011001001·

191 4696 318 4752 tudinem
325 4700 443 4771 implent
451 4703 757 4760 luminariorumNam
767 4705 894 4777 mysterii
904 4706 989 4761 mini·
1031 4717 1082 4772 per
1095 4700 1174 4756 illum
1188 4702 1262 4756 venit
1275 4703 1341 4757 :sed
1356 4720 1374 4756 a
1386 4702 1486 4773 spiritu
1497 4702 1526 4756 in
1537 4701 1720 4756 solitudinem
1730 4703 1830 4759 ductus

191 4784 309 4839 sterium
324 4788 479 4861 presbyteri
492 4793 619 4864 implent,
632 4799 661 4848 et
669 4794 779 4848 diaconi
788 4794 840 4848 soli
852 4814 858 4849 ε
871 4795 919 4849 alii
931 4795 992 4865 qui·
1032 4796 1083 4857 est,
1098 4796 1129 4845 ut
1146 4796 1244 4845 contra
1257 4791 1400 4846 diabolum
1418 4792 1446 4844 in
1468 4807 1557 4861 agone
1570 4791 1747 4861 decertaret;
1763 4800 1793 4847 et
1804 4793 1830 4849 in

191 4872 256 4928 dem
265 4890 363 4930 eorum
376 4880 549 4936 sacerdotale
558 4899 628 4954 opus
638 4882 797 4955 implentes,
809 4883 858 4938 alii
871 4900 936 4938 vero
947 4900 991 4937 sa·
1031 4879 1133 4951 spiritu
1139 4880 1189 4934 Dei
1195 4879 1324 4951 ejiciebat
1331 4880 1625 4951 daemoues‚sicutipse
1635 4880 1831 4952 inEvangehis

191 4963 247 5018 cris
256 4963 459 5021 ministrantes.
472 4969 506 5024 Et
514 4970 566 5025 hoc
576 4972 690 5042 quidem
704 4972 876 5042 signavimus
889 4989 924 5026 ne
940 4972 990 5026 ali-
1031 4967 1107 5036 dicit,
1119 4976 1148 5023 et
1160 4970 1196 5024 ad
1206 4971 1320 5041 plenum
1331 4970 1379 5025 illa
1389 4987 1450 5041 quae
1460 4970 1614 5024 secundum
1624 4968 1831 5027 inhabitantem

192 5053 254 5124 quis
262 5054 403 5110 existimet
412 5056 531 5111 Paulum
539 5058 678 5116 oblivione
685 5061 806 5132 quadam
817 5077 864 5114 eos
873 5061 990 5115 minimo
1031 5057 1060 5110 in
1075 5076 1105 5112 se
1119 5059 1248 5130 spiritum
1261 5060 1359 5131 gratiae
1374 5077 1425 5131 pro
1440 5064 1536 5113 nostra
1549 5059 1715 5130 expediebat
1730 5061 1830 5115 salute.

191 5157 362 5199 memorasse
377 5160 496 5216 quorum
508 5162 648 5202 memores
663 5165 724 5203 esse
738 5148 929 5204 conveniebat.
942 5150 989 5204 ln·
1032 5146 1166 5203 Primitiae
1180 5149 1293 5219 quidem
1307 5149 1406 5203 salutis
1421 5156 1522 5204 nostra
1537 5154 1619 5203 crant
1632 5147 1691 5215 illa,
1708 5165 1773 5220 qum
1787 5166 1832 5204 se·

191 5229 363 5287 tendendum
377 5250 442 5288 vero
457 5240 500 5289 est
514 5241 543 5289 et
556 5238 709 5306 sequentia
723 5237 903 5293 narrationis.
917 5238 989 5292 Nam
1031 5237 1154 5291 cundum
1167 5237 1310 5293 Christum
1325 5238 1510 5293 celebrantur.
1526 5237 1605 5292 Unde
1619 5243 1648 5291 et
1662 5237 1783 5309 spiritus
1797 5239 1832 5294 nd

108 5358 115 5369 .
190 5317 991 5394 ApostoluseoquodEoolesiamrcolumnametfirmamen-
1031 5324 1229 5394 perfectionem
1237 5327 1363 5381 omnium
1372 5327 1489 5397 suscipit
1498 5325 1636 5380 bonorum
1645 5325 1832 5383 inhabitatio-

191 5410 253 5460 tum
274 5408 429 5465 veritatis»
447 5413 562 5479 vocavit,
582 5413 720 5483 optimum
740 5431 801 5470 esse
822 5415 990 5470 existimavit
1031 5429 1097 5468 nem
1110 5415 1160 5469 Dei
1175 5414 1269 5483 Verbi,
1282 5433 1315 5469 eo
1326 5417 1400 5486 quod
1415 5422 1443 5469 et
1456 5415 1536 5469 nobis
1547 5414 1766 5487 participatione
1778 5417 1835 5487 spi·

191 5494 278 5549 etiam
287 5496 460 5566 dogmaticos
471 5502 638 5557 interserere
650 5519 803 5573 sermones,
814 5510 847 5559 ut
860 5503 990 5559 ostendat
1030 5502 1103 5557 ritus
1112 5505 1239 5558 omnium
1247 5503 1384 5558 bonorum
1394 5521 1478 5558 causa
1486 5504 1650 5576 acquiritur,
1658 5505 1716 5558 sire
1725 5505 1755 5559 in
1764 5521 1835 5576 prm-

192 5583 282 5656 ipsam
297 5585 453 5657 veritatem,
462 5606 524 5662 quae
530 5591 576 5645 sit.
583 5591 727 5663 Praeparat
735 5609 800 5648 vero
808 5592 987 5650 Timotheum
1031 5593 1103 5647 senti
1117 5593 1228 5662 secula
1242 5592 1292 5646 sivi
1309 5593 1338 5648 in
1351 5593 1447 5648 futuro
1461 5595 1496 5649 Et
1508 5594 1577 5649 illud
1592 5609 1649 5648 non
1663 5599 1708 5649 est
1722 5593 1834 5650 miran-
