3772 6120
117 302 170 358 369
343 302 633 358 ENARRATIONUM
651 302 690 359 ΙΝ
710 303 787 357 ΕΡΡ.
809 303 915 359 PAULI
935 305 993 361 LlB
1012 305 1084 360 XVI.
1103 334 1135 346 -
1151 305 1190 359 IN
1210 305 1321 360 EPIST.
1342 306 1391 361 AD
1410 306 1539 364 GALh'l'.
1652 368 1657 374 ,
1708 312 1760 367 370

117 431 182 484 lioet
191 446 250 484 non
261 436 369 501 peccet,
380 437 476 484 minen
485 446 567 500 posse
581 445 705 500 peccare,
718 446 784 484 eum
797 445 918 500 quoque,
929 431 951 491 Α
961 436 990 485 et
1000 434 1030 484 tu
1045 431 1144 498 cadas,
1162 430 1220 498 sed,
1239 447 1271 484 ae
1288 438 1312 485 ct
1327 438 1357 486 ta
1370 436 1490 486 tenteris.
1502 433 1583 488 Vinci
1599 437 1704 509 quippe
1719 441 1762 493 rel

117 519 165 591 qui
172 519 311 590 spiritalis
328 524 383 584 est,
397 520 561 574 cohortatur
575 518 617 572 sui
632 517 743 584 timore,
764 535 799 571 ne
814 525 919 588 peccet,
962 520 1083 587 vincere,
1099 536 1302 591 nonnunquam
1315 521 1344 573 in
1360 527 1457 575 nostra
1473 528 1669 594 estpotestate
1685 546 1691 581 ε
1708 546 1761 583 ue-

117 625 234 663 manum
243 609 391 679 porrigere
398 608 551 663 corruenti.
564 608 598 661 Et
618 607 734 677 pulchre
749 624 922 679 praeoccupa·
963 612 1055 662 terum
1074 609 1188 675 tentari,
1206 610 1235 663 in
1250 615 1388 681 potestate
1406 612 1543 673 tentantis
1558 620 1601 668 est
1618 615 1662 669 :si
1685 617 1762 671 enim

116 697 570 762 turnindelictohominemrooat
579 696 626 766 qui
640 695 922 767 moripossit‚exipso
963 696 1091 751 Salvator
1103 702 1227 752 tentatus
1242 706 1293 766 est,
1316 699 1379 769 quis
1393 705 1486 770 potest
1510 717 1571 756 esse
1584 719 1700 759 securus
1718 706 1763 759 in-

118 787 232 842 nomine
243 786 429 856 fragilitatem
436 786 604 840 conditionis
616 786 775 851 ostendens,
783 786 921 855 utdignus
962 770 1102 840 tentatum
1113 803 1143 839 se
1160 787 1222 841 rita
1236 788 1321 859 hujus
1336 788 1427 842 maria
1437 791 1580 845 transire?
1599 792 1652 857 Qui
1661 799 1764 865 putant

115 877 256 942 sitrenia,
269 876 327 947 qui,
340 875 417 930 velut
431 876 515 929 homo
525 892 620 929 errore
630 874 762 946 deceptus
774 880 803 928 et
812 892 920 929 mersus
962 875 1081 928 Paulum
1088 876 1170 945 juxta
1180 876 1371 931 humilitatem
1388 884 1417 932 et
1430 895 1486 932 non
1496 897 1560 935 vere
1570 881 1673 937 dixisse
1687 884 1762 938 :Etsi

118 966 145 1020 in
153 967 331 1036 voraginem,
348 966 474 1036 seipsum
490 965 551 1019 sine
566 965 669 1019 auxilio
680 969 709 1017 et
718 964 847 1033 adjutore
863 963 919 1018 eri·
961 967 1109 1032 imperitas
1127 981 1260 1031 ser-rrronc,
1278 982 1334 1021 twa
1345 973 1437 1021 lunren
1452 971 1567 1023 scientia
1583 973 1621 1038 (ll
1636 974 1697 1027 Cor.
1710 974 1759 1041 xi),

116 1072 181 1125 gere
191 1072 250 1109 non
265 1055 364 1126 possit.
378 1053 503 1125 Spiritali
513 1060 608 1108 autem
619 1070 677 1107 non
690 1053 805 1107 additur
815 1054 918 1107 honio:
961 1052 1113 1106 defendant
1126 1054 1211 1124 hujus
1225 1054 1278 1109 loci
1289 1057 1528 1127 consequentiam.
1543 1059 1646 1115 Debuit
1656 1062 1759 1133 quippe

117 1145 162 1197 sed
178 1144 262 1215 quasi
280 1144 339 1198 Deo
353 1144 523 1215 praecipitur,
535 1148 567 1197 ut
582 1142 725 1196 hominem
746 1159 920 1213 praeoccupa·
961 1142 1115 1196 secundum
1130 1143 1380 1198 ordinemdicere:
1397 1147 1452 1211 Vos,
1469 1151 1520 1215 qui
1536 1152 1675 1217 spiritales
1685 1154 1758 1218 ostis,

117 1246 177 1287 tum
187 1234 218 1286 in
234 1232 338 1287 delicto
353 1233 486 1297 instruat,
503 1232 570 1298 sire,
587 1240 619 1285 ut
641 1232 741 1285 melius
756 1231 876 1285 habetur
889 1232 919 1287 in
960 1229 1256 1301 irretrar'telrujusmodr'
1261 1236 1400 1302 inspicite
1408 1237 1540 1301 corruatis,
1549 1237 1759 1295 considerantes

118 1325 223 1389 Draco,
240 1323 372 1393 perficiat
385 1326 417 1376 iu
430 1325 533 1392 spirita
545 1324 679 1376 lenitatis.
690 1321 744 1386 Qui
752 1325 848 1374 autern
858 1338 919 1391 per·
960 1321 1152 1391 vosmetipsos,
1167 1338 1201 1374 ne
1212 1329 1241 1375 et
1254 1339 1302 1376 ros
1315 1323 1474 1389 tentemini,
1491 1332 1519 1378 et
1534 1342 1589 1380 non
1603 1327 1706 1397 plurali
1719 1328 1761 1383 in-

119 1413 208 1465 licitur·
224 1428 283 1465 non
299 1412 325 1465 ei
336 1412 441 1466 desunt
450 1410 589 1476 universa,
606 1410 655 1464 sed
671 1410 775 1481 aliqua.
791 1409 918 1480 Denique
959 1408 1033 1462 ferre
1047 1426 1197 1464 numerum
1212 1411 1395 1481 singularem.
1408 1412 1542 1468 Hebraeus
1557 1415 1690 1485 igiturex
1705 1418 1760 1471 lie·

119 1500 139 1555 si
153 1517 212 1555 nun
229 1501 352 1571 peccatis
366 1501 502 1572 pluribus,
519 1500 569 1555 scd
587 1500 654 1553 ritio
670 1498 764 1569 aliquo
782 1515 919 1570 praeoccu·
960 1496 1041 1553 bracis
1050 1500 1132 1570 etqui
1143 1506 1217 1553 esset
1230 1500 1259 1553 in
1270 1501 1419 1555 vernaculo
1432 1519 1561 1557 sermone
1569 1504 1759 1572 doctissimus,

119 1598 197 1661 patus
219 1590 336 1655 errarit,
354 1589 480 1644 lenitatis
495 1589 627 1660 spiritum
647 1596 676 1642 et
693 1588 917 1643 mansuetudinis
959 1588 1110 1658 profundos
1129 1605 1228 1643 sensus
1244 1589 1337 1644 aliena
1350 1590 1448 1661 lingna
1462 1593 1619 1663 exprimere
1634 1610 1691 1648 non
1713 1612 1758 1649 va·

120 1679 145 1733 in
161 1679 341 1733 correctione
361 1679 501 1749 peccantis
516 1678 651 1749 spiritalis
668 1677 809 1735 adhibeat.
831 1695 867 1731 ne
882 1677 917 1731 ri·
958 1675 1041 1742 lebat,
1058 1693 1110 1730 aec
1123 1677 1239 1731 curabat
1259 1695 1430 1750 magnopere
1445 1680 1480 1733 de
1496 1680 1596 1748 verbis,
1614 1698 1680 1737 cum
1693 1700 1758 1738 sea-

119 1768 206 1838 gidus,
220 1784 257 1821 ne
268 1767 359 1822 iratus
373 1775 402 1821 et
411 1767 500 1821 tristis
510 1767 651 1838 corrigere
661 1767 755 1837 cupiat
765 1758 1019 1835 errantem,Bsum
1034 1764 1150 1820 haberet
1165 1767 1195 1820 in
1209 1772 1281 1821 tuto.

120 1857 160 1911 sed
172 1864 308 1927 provocet
321 1873 386 1910 eum
398 1856 539 1927 spondens
554 1856 684 1922 salutern,
695 1856 803 1910 reniam
820 1873 917 1928 repro·
994 1855 1067 1908 Nora
1080 1856 1105 1908 si
1118 1858 1326 1923 qra'sesistirnut
1335 1859 1478 1924 sealiqur'd
1487 1874 1619 1924 emacula
1629 1862 1756 1927 nihitsit,

120 1947 249 1999 mittens:
268 1944 374 1999 Christi
388 1945 584 1999 testimonium
599 1945 732 2015 proferat,
750 1945 824 2016 quod
838 1946 917 2014 gravi
958 1945 1046 2011 ipsese
1055 1944 1168 1997 seducat.
1179 1945 1353 2012 Opusuutem
1362 1961 1445 1999 saura
1452 1948 1547 2014 prabet
1556 1953 1757 2020 unusquisque,

122 2032 182 2102 legis
189 2041 220 2087 et
230 2039 414 2104 peccatorum
423 2050 508 2087 onere
515 2034 672 2104 depressos,
684 2033 719 2086 ad
726 2034 827 2103 jugum
833 2050 916 2088 suum
957 2037 982 2085 ct
991 2035 1068 2086 sicin
1080 2035 1220 2101 scriretipso
1232 2038 1343 2086 matura
1353 2036 1474 2102 glorium
1491 2036 1606 2102 habebit,
1619 2043 1644 2090 et
1654 2055 1711 2093 aaa
1726 2043 1759 2095 ia

122 2138 206 2183 snare,
222 2128 252 2175 et
272 2122 334 2175 lere
344 2123 443 2177 inritet
455 2139 526 2176 onus
537 2140 542 2173 ι
555 2128 587 2176 ut
598 2121 717 2187 discant,
726 2122 793 2192 quia
800 2122 917 2176 humilis
957 2121 1272 2189 altercabantur-um
1280 2128 1331 2189 est,
1342 2138 1393 2176 nec
1401 2123 1472 2176 latet
1478 2128 1759 2198 quemquam,quiasi

123 2212 186 2264 sitet
194 2211 285 2274 mitis,
293 2219 323 2266 et
332 2216 496 2265 mansuetus
506 2212 589 2264 corde
599 2217 628 2264 et
637 2211 782 2265 inveniant
791 2211 917 2281 requiem
958 2212 1759 2277 actusnostrosetmenternconsideremus,nullisnosen·

124 2298 263 2354 animabus
272 2300 333 2354 suis
340 2300 504 2370 (llultlnxrl.
514 2300 691 2354 Utamurhoc
701 2300 863 2355 testimonio
870 2301 917 2354 ad·
959 2299 1129 2371 teponimus,
1147 2306 1177 2352 et
1189 2316 1240 2354 nec
1254 2300 1335 2353 facile
1345 2316 1516 2371 quemquam
1523 2301 1698 2371 judicamus:
1710 2305 1758 2375 qui

124 2394 223 2443 tersum
238 2390 397 2454 haereticos,
411 2389 917 2460 qui,diversarumlingentesiabulas
959 2395 1054 2442 autem
1078 2389 1230 2466 extollitur,
1256 2388 1335 2459 quasi
1357 2388 1463 2459 aliquid
1481 2389 1528 2453 sit,
1555 2397 1632 2445 erret
1648 2409 1653 2444 :
1670 2394 1760 2448 nescit

127 2483 296 2544 naturarum,
304 2478 386 2532 aiunt
395 2478 552 2549 spiritalem
559 2477 730 2533 bonemesse
737 2477 876 2543 arborem,
888 2484 918 2533 et
959 2478 1034 2531 enim
1050 2478 1167 2548 quiade
1184 2477 1342 2532 humilitate
1362 2477 1506 2532 crescitur.
1529 2479 1622 2533 Verba
1635 2481 1711 2535 enim
1731 2489 1760 2537 et

128 2583 172 2621 non
185 2569 280 2622 malos
296 2568 397 2621 alierre
411 2568 528 2621 fructus,
540 2568 608 2622 Eece
619 2568 779 2639 Apostolus,
793 2569 874 2638 cujus
890 2573 919 2622 et
957 2573 1038 2638 gesta
1052 2567 1203 2621 Salvatoris
1216 2573 1282 2620 ante
1297 2567 1391 2620 oculos
1406 2566 1566 2634 nonhabet,
1584 2569 1632 2640 qui
1647 2571 1760 2626 sumsit

127 2657 168 2727 ipsi
182 2657 388 2712 auctoritatem
404 2662 570 2728 sequuntur,
586 2657 655 2711 dicit
671 2657 782 2728 eosqui
804 2657 917 2728 spirita·
959 2656 1086 2710 omnium
1100 2656 1246 2722 Dominus,
1263 2655 1421 2712 humiliavit
1439 2673 1479 2722 se,
1496 2662 1528 2711 ut
1543 2657 1623 2712 nobis
1638 2658 1758 2714 formam

127 2743 157 2798 les
169 2751 237 2799 sunt
247 2762 333 2816 posse
347 2762 472 2816 peceare,
486 2746 509 2799 si
520 2762 570 2817 per
579 2746 757 2800 altitudinem
769 2745 860 2799 cordis
875 2745 919 2799 sui
960 2744 1049 2810 daret,
1067 2745 1134 2816 quid
1153 2746 1233 2816 sequi
1248 2744 1423 2811 deberemus
1444 2745 1466 2799 si
1488 2763 1613 2802 crescere
1629 2748 1756 2817 velimus,

118 2834 250 2889 tollentur
264 2839 294 2888 et
308 2841 443 2889 corruant
469 2854 474 2887 :
497 2835 571 2906 quod
593 2840 622 2888 et
640 2852 691 2889 nos
710 2851 822 2906 quoque
846 2834 918 2888 fate-
959 2834 1020 2888 etsi
1037 2850 1088 2888 nos
1099 2834 1282 2905 erigeremus
1299 2835 1510 2902 inclinaremur,
1526 2837 1600 2907 quod
1623 2837 1690 2891 facit
1703 2839 1757 2892 im·

124 2922 915 3003 manetzoixobespiritalesfieri,siadn1eli0ravertantur.
958 2923 1302 2995 peritiecordisinllati,ut
1312 2925 1387 2996 apud
1396 2925 1525 2979 homines
1535 2926 1758 2982 commendatior

128 3012 227 3084 Opponi
237 3012 322 3067 nobis
337 3018 430 3083 potest
443 3011 522 3077 illud,
540 3013 614 3083 quod
629 3012 665 3066 ad
675 3013 836 3067 Corinthios
852 3013 918 3066 scri-
955 3013 1094 3067 ¹videatur.
1111 3013 1253 3084 Spernens
1276 3014 1352 3068 enim
1371 3018 1400 3066 et
1414 3013 1570 3084 despiciens
1584 3020 1755 3085 peccatores,

127 3099 190 3156 bitur
202 3121 208 3154 :
219 3103 388 3169 Occiduuttr's
397 3102 409 3154 ¹?
418 3103 453 3156 ln
462 3104 542 3170 uirga
551 3116 661 3155 oenum
670 3104 707 3155 orl
716 3083 946 3167 asenneus-C
954 3103 1065 3173 justum
1079 3119 1109 3156 se
1124 3102 1212 3156 rideri
1227 3103 1380 3167 contendit,
1392 3102 1465 3156 sicut
1488 3109 1517 3156 et
1533 3103 1692 3159 phariseus
1709 3104 1757 3159 ille

125 3192 623 3260 ritateetspiritamansuetudiar's?(l
632 3190 915 3259 Gor·.w.)Sienimibi
957 3207 1041 3261 quem
1059 3191 1197 3245 Dominus
1212 3192 1328 3246 denotat
1345 3193 1418 3258 (Lac.
1439 3194 1530 3260 xviri).
1548 3191 1683 3264 Nunquid
1698 3209 1756 3248 non

124 3279 301 3352 adpeeatores
308 3296 364 3334 non
370 3280 399 3333 in
405 3280 505 3350 spiritu
511 3279 831 3346 mansuetudinissedin
837 3280 916 3349 virga
955 3297 1020 3334 vere
1034 3280 1080 3333 hic
1090 3280 1239 3352 imperitus
1249 3286 1301 3345 est,
1315 3279 1362 3352 qui
1373 3281 1518 3350 praesentis
1527 3280 1624 3350 gloriae
1634 3282 1753 3353 cupidus

124 3371 248 3423 renirese
260 3369 339 3431 dicit,
349 3368 488 3440 quomodo
498 3384 573 3423 nunc
582 3368 691 3440 illisqui
703 3369 732 3421 in
749 3368 842 3438 aliquo
854 3385 915 3438 pec·
956 3376 1000 3423 est
1022 3369 1034 3422 i
1055 3369 1188 3440 Nunquid
1209 3385 1264 3423 non
1280 3386 1343 3423 vere
1366 3369 1401 3422 de
1419 3369 1521 3424 bituris
1541 3370 1680 3442 desperat,
1706 3372 1754 3443 qui

123 3463 175 3512 uto
184 3458 324 3530 prasenti
333 3458 448 3524 norint,
456 3473 512 3511 non
520 3457 628 3527 virgam
636 3457 759 3519 adhibet,
772 3457 819 3510 sed
831 3457 915 3527 spiri·
956 3458 1114 3511 mercedem
1118 3457 1270 3528 J'ustitiaein
1281 3459 1411 3528 praesenti
1418 3458 1477 3512 rult
1486 3460 1619 3530 consequi
1628 3460 1757 3524 tQuare‘l

124 3554 175 3600 nm
184 3547 416 3602 mansuetudinis
426 3548 438 3599 ¹?
452 3547 557 3600 Verum
573 3546 611 3599 ibi
626 3547 661 3599 ad
681 3562 728 3600 eos
739 3545 850 3612 dicitur,
867 3546 915 3616 qui
957 3546 1029 3611 Quia
1040 3563 1096 3600 non
1109 3552 1152 3600 est
1164 3546 1292 3615 justusin
1303 3561 1396 3617 opere,
1410 3546 1663 3617 sedperfallaciam
1678 3548 1760 3619 fingit

123 3641 336 3708 postpeccatum
347 3652 403 3689 non
417 3636 572 3690 sentientes
587 3651 712 3688 errorem
727 3652 819 3699 suuni,
843 3637 918 3688 nole·
956 3634 1618 3704 justitiamQuienimrultJ'ustusesse,alterum
1627 3636 1680 3691 sibi
1690 3652 1759 3708 prae-

122 3721 183 3778 hant
191 3724 349 3795 majoribus
356 3723 447 3790 subdi,
455 3731 484 3777 et
491 3723 658 3794 paenitentia
666 3722 840 3794 corrigi.Uhi
852 3739 917 3776 vero
959 3723 1047 3793 ponit,
1063 3728 1096 3775 nt
1114 3739 1178 3776 rere
1190 3723 1285 3791 Justus
1310 3722 1356 3775 sit.
1381 3722 1580 3793 Unusquisque
1595 3723 1670 3776 enim
1694 3723 1759 3795 plus

122 3822 245 3884 pensator
255 3813 419 3884 intelligens
435 3813 536 3867 vulnus
553 3828 647 3878 suurn,
664 3812 751 3866 tradit
766 3812 875 3866 medico
887 3829 918 3865 se
961 3812 1036 3865 mala
1046 3827 1098 3865 sua
1110 3810 1171 3875 scit,
1189 3827 1275 3881 quarn
1285 3810 1411 3864 alterius.
1431 3828 1444 3861 a
1463 3810 1662 3882 Unusquisque
1677 3828 1758 3867 suem

122 3903 329 3967 curandum,ibi
340 3919 397 3956 non
408 3907 451 3956 est
465 3902 545 3973 virga
558 3902 725 3967 necessaria,
743 3902 792 3955 sed
803 3901 920 3972 spiritus
961 3900 1101 3954 sarcinam
1115 3899 1247 3970 portabit.
1261 3901 1327 3954 »Ad
1333 3904 1508 3971 postremum
1516 3900 1569 3953 hoc
1578 3900 1666 3954 voluit
1679 3900 1759 3955 iuno·
1781 3960 1784 3965 ,

125 3993 255 4047 lenitatis.
268 3993 360 4047 Sedet
372 3991 518 4045 illudsorte
530 3997 681 4061 quaeratur,
695 3990 800 4061 quodsi
809 3996 921 4060 propte·
961 3994 1067 4043 tescere
1081 3989 1219 4059 superbie,
1234 3988 1300 4059 quia
1316 4005 1372 4042 non
1387 3989 1586 4059 coinquinatur
1594 3990 1657 4060 quis
1668 3990 1759 4044 alieno

126 4097 168 4134 rea
182 4083 324 4136 instruere
335 4081 397 4152 quis
412 4080 514 4134 debeat
528 4086 703 4150 peccatorem
718 4079 747 4132 in
768 4078 869 4150 spiritu
883 4078 921 4132 le·
963 4084 1085 4150 peccato,
1096 4079 1248 4133 dummodo
1262 4077 1546 4143 dissentiat,utnemo
1558 4085 1688 4133 vereatur
1695 4081 1761 4149 jun·

127 4170 227 4235 nitatis,
244 4171 313 4243 quia
327 4170 532 4235 consideretse‚
544 4186 579 4223 ne
590 4175 618 4223 et
630 4169 690 4240 ipsc
699 4174 839 4235 tentetur,
853 4184 920 4237 ergo
960 4184 1027 4238 gere
1034 4184 1064 4221 se
1074 4167 1222 4238 peccatori,
1234 4168 1470 4228 autaccedentem
1480 4168 1516 4221 ad
1524 4184 1554 4222 se
1564 4169 1715 4240 suscipere,
1728 4175 1760 4223 ut

124 4261 221 4328 justus,
235 4261 284 4331 qui
295 4261 387 4314 desua
396 4264 538 4314 certusest
547 4265 651 4324 mente,
662 4258 920 4328 quiscitnonposse
961 4273 1026 4310 eum
1036 4257 1169 4310 lucretur.
1187 4257 1300 4310 illurn-ri
1313 4260 1374 4326 quis
1390 4261 1529 4311 erist-irael
1538 4274 1565 4311 se
1577 4274 1630 4311 esse
1639 4259 1759 4326 aliquid,

127 4349 222 4411 selebi,
235 4366 293 4403 non
303 4348 533 4403 instrueredebet
541 4352 716 4420 peccatorem
722 4348 752 4400 in
762 4346 863 4417 spiritu
878 4347 920 4400 le·
961 4363 1024 4399 cura
1039 4347 1111 4399 nlln't
1124 4348 1428 4414 eramusmaerore.
1443 4345 1581 4413 (Hieron.)
1593 4345 1622 4399 Si
1634 4347 1760 4415 quisnon

128 4437 240 4491 nitatis?
250 4439 292 4492 Ad
302 4439 377 4509 quod
386 4438 521 4492 dicimus:
534 4437 599 4491 Etsi
611 4436 707 4490 vicerit
714 4437 818 4505 justus
830 4403 1020 4490 sciensDrult
1033 4451 1119 4489 onera
1136 4434 1229 4488 aliena
1241 4440 1364 4505 portare,
1377 4439 1406 4488 et
1416 4432 1614 4487 immisericors
1627 4449 1678 4486 suo
1695 4438 1760 4487 tan·

128 4533 226 4596 quanto
240 4526 336 4581 labore
360 4526 544 4597 superaverit,
564 4525 654 4596 rirams
670 4525 795 4596 peccanti
810 4525 919 4579 reniam
959 4530 1021 4578 tum
1036 4541 1119 4594 opere
1142 4529 1171 4577 et
1192 4523 1296 4577 virtute
1318 4527 1465 4576 contentus
1487 4526 1539 4585 est,
1556 4536 1612 4574 non
1633 4537 1762 4592 quaerens

129 4612 266 4686 largiemr.
283 4617 358 4671 Nam
373 4621 403 4668 et
417 4616 545 4669 Salvator
561 4620 712 4687 propterea
726 4619 851 4668 tentatus
866 4618 917 4681 est,
961 4629 1022 4683 quae
1037 4613 1130 4667 aliena
1144 4618 1220 4677 sunt,
1236 4611 1285 4665 sed
1297 4627 1359 4681 quae
1376 4627 1436 4675 sua,
1451 4609 1505 4663 hoc
1520 4616 1572 4675 est,
1591 4610 1634 4663 sui
1648 4590 1760 4665 tanturn

126 4704 200 4772 Juxta
211 4706 309 4759 omnia
321 4704 403 4759 nobis
413 4704 514 4758 similis
528 4702 634 4774 absque
648 4705 917 4774 peccato(lledr.1r),
960 4708 1079 4768 amator,
1091 4707 1119 4755 et
1129 4718 1186 4755 non
1196 4701 1282 4754 etiam
1291 4699 1351 4764 Dei,
1359 4699 1419 4769 ipse
1431 4715 1460 4751 se
1470 4698 1589 4753 seducit.
1602 4699 1759 4771 Dupliciter

129 4794 250 4864 utpossit
258 4794 382 4865 compati
392 4800 421 4847 et
429 4793 577 4847 condolere
585 4791 917 4859 infirmitatibusnostris,
960 4795 1056 4845 autern
1069 4791 1125 4861 legi
1136 4795 1229 4862 potest
1242 4793 1326 4859 atque
1337 4787 1473 4857 distingui
1491 4805 1496 4841 :
1513 4788 1574 4855 Vel,
1590 4791 1687 4857 siquis
1700 4792 1758 4844 cci·

129 4898 174 4936 suo
185 4883 283 4938 doctus
291 4883 429 4954 exemplo,
447 4900 532 4954 quarn
547 4882 668 4936 dillicilis
682 4882 720 4935 sit
731 4882 761 4934 in
772 4897 856 4934 carne
866 4881 920 4935 vic·
960 4883 1054 4933 stimat
1067 4896 1093 4933 sc
1107 4895 1159 4933 esse
1173 4879 1292 4947 aliquid,
1309 4893 1371 4931 curn
1388 4878 1461 4932 tribit
1475 4880 1521 4944 sit,
1537 4876 1581 4931 rel
1595 4877 1645 4943 ita,
1661 4881 1760 4948 siquis

130 4973 203 5026 teria.
214 4974 245 5029 Si
255 4972 319 5045 quis
332 4973 412 5042 rirgo
423 4973 457 5026 ad
469 4978 611 5026 senectam
626 4988 715 5043 usque
722 4970 919 5041 permanserit,
962 4971 1101 5022 ecr'rlimet
1111 4985 1137 5021 se-
1150 4984 1203 5021 essc
1216 4968 1336 5035 aliquid,
1353 4971 1386 5020 ut
1399 4970 1497 5037 postea
1515 4965 1678 5030 inseramus,
1697 4983 1760 5021 carn

130 5058 246 5130 nassae
260 5063 298 5128 ei,
311 5061 360 5133 qui
376 5062 571 5116 adolescentiae
583 5060 725 5131 quondam
740 5060 833 5113 calore
843 5059 922 5112 dece·
963 5059 1037 5111 m'ait
1056 5060 1100 5122 sit,
1119 5060 1174 5126 ipse
1188 5073 1214 5109 sc
1228 5058 1340 5110 seducit.
1359 5056 1394 5109 Et
1407 5055 1496 5125 magis
1511 5055 1540 5108 in
1559 5055 1655 5108 Graeco
1675 5070 1760 5124 quam

130 5156 244 5219 ptusest,
251 5152 345 5206 sciens
351 5152 464 5222 quantis
474 5149 685 5204 difficultatibus
691 5150 768 5203 illam
776 5148 922 5202 transierit
964 5146 993 5201 in
1006 5147 1106 5201 Latino
1117 5150 1230 5199 resonat
1242 5145 1298 5200 ista
1312 5145 1456 5199 distantia.
1474 5143 1579 5198 Prioris
1600 5142 1759 5198 distinctio·

129 5247 241 5295 autern.
260 5240 290 5295 Si
306 5240 368 5311 quis
379 5257 430 5311 pro
444 5240 566 5294 nominis
580 5239 753 5293 consessione
769 5238 919 5304 eruciatus,
962 5235 1006 5289 nis
1021 5236 1066 5289 hic
1082 5252 1180 5288 sensus
1195 5240 1238 5289 est
1259 5252 1264 5286 :
1288 5234 1341 5299 Qui
1355 5252 1385 5288 se
1406 5234 1512 5306 aliquid
1531 5231 1674 5287 existimat
1688 5251 1758 5303 esse,
1817 5296 1819 5301 ¹

129 5328 206 5384 aliurn
219 5330 249 5384 in
263 5329 414 5384 tormentis
429 5329 530 5383 riderit
544 5329 630 5382 fidem
643 5328 793 5398 denegare,
806 5343 920 5398 compa·
964 5330 991 5379 et
1001 5324 1070 5378 nihil
1082 5330 1133 5389 est,
1144 5325 1202 5394 ipse
1216 5340 1246 5376 se
1261 5323 1373 5395 decipit.
1395 5320 1540 5377 Secundus
1559 5338 1659 5376 sensus
1676 5323 1760 5377 altior

129 5417 208 5472 tiatnr
219 5417 385 5473 vulneribus
393 5418 544 5488 negatoris,
556 5424 585 5472 et
596 5434 651 5471 non
661 5417 809 5470 tamillum
817 5417 921 5470 rictum
963 5421 1015 5480 est,
1031 5421 1060 5467 et
1074 5413 1121 5484 qui
1136 5412 1216 5467 nobis
1230 5413 1319 5483 magis
1334 5413 1438 5485 placet:
1449 5411 1477 5466 Si
1493 5412 1557 5482 quis
1571 5410 1717 5466 existimat
1729 5429 1760 5466 se

127 5522 205 5577 quam
221 5524 253 5562 se
267 5508 368 5562 risisse
378 5508 505 5562 miretur.
516 5507 663 5562 Cautelam
674 5522 786 5578 quoque
801 5505 922 5560 scriben·
963 5520 1025 5558 esse
1039 5502 1155 5574 aliquid,
1177 5502 1205 5556 in
1231 5520 1264 5556 eo
1280 5503 1352 5574 quod
1374 5518 1404 5556 sc
1418 5506 1499 5572 putat
1514 5518 1575 5556 esse
1595 5501 1710 5571 aliquid,
1733 5506 1762 5554 et

126 5596 160 5651 tis
172 5596 322 5664 ananus,
335 5596 402 5668 quia
415 5613 472 5652 non
485 5596 589 5655 dixerit
605 5616 610 5650 :
631 5596 819 5651 Considerans
834 5600 872 5659 te,
887 5611 922 5649 ne
963 5610 1021 5651 non
1035 5609 1069 5649 es
1086 5592 1236 5647 clementia
1254 5592 1283 5646 in
1304 5591 1474 5663 proximum,
1490 5592 1538 5644 sed
1563 5607 1597 5644 ex
1610 5604 1662 5643 suo
1676 5596 1760 5658 opere
