3772 6120
119 299 168 359 dii
332 297 621 356 unumunurm
639 296 679 353 ΙΝ
698 296 775 352 ΕΡΡ.
795 295 904 351 PAULI
922 294 981 351 Lm
1000 295 1115 351 XXIIII.
1132 325 1165 348 -.
1176 295 1216 351 lu
1234 295 1346 352 emer.
1367 296 1447 353 I'ID
1464 297 1539 353 Tru.
1704 299 1758 358 630

117 431 260 498 poterunt,
285 427 404 481 multam
424 441 489 479 vero
513 421 698 495 perditionem
718 419 864 491 provident
884 419 1757 492 illlmigrareetuecessitateinopiecoarctatamdaborioum

117 516 149 571 lis
169 515 219 586 qui
245 516 334 569 semel
354 514 480 585 occupati
507 513 613 567 luerint
640 527 737 564 eorum
756 509 914 571 desideri03
958 526 990 563 ac
1005 509 1193 563 miserabilem
1214 510 1318 581 absque
1333 510 1391 565 ullo
1405 511 1529 582 profectu
1553 512 1760 586 vitamJugiter

118 610 144 661 et
163 605 229 674 quis
254 604 427 659 sufficienter
450 603 551 673 poterit
578 601 671 654 dicere
693 599 741 654 illa
763 599 837 653 mela
855 615 917 669 que
958 598 1154 663 toleraturum,
1173 599 1286 670 inopem
1304 616 1334 653 se
1350 616 1462 671 qnoque
1476 619 1635 672 semperac
1649 604 1757 659 nudum

118 710 148 750 ex
168 693 314 747 desiderio
331 693 424 746 solent
444 691 607 744 divitiarum
626 688 760 742 adnasci!
781 688 861 741 Unde
888 695 917 742 et
957 687 1755 759 nousiueimproperioalienasubsteutiesustentandum.

117 782 210 852 adjicit
226 800 232 834 :
251 800 266 835 e
284 781 372 835 Radix
394 781 470 834 enim
496 778 621 833 omnium
644 778 783 831 malorum
798 783 841 830 est
854 793 917 830 ave·
959 777 1025 830 «Tu
1039 782 1144 841 eutem,
1155 777 1468 850 homoDei,hercfuge.r
1478 782 1758 853 llinbr.lhpterisus

119 871 223 929 rutis.
236 889 250 923 r
264 871 299 925 Et
318 878 348 924 ut
372 868 579 939 compendiose,
597 867 698 936 iuquit,
724 866 826 927 dicam,
846 865 916 919 nihil
957 870 1001 919 est
1015 881 1079 919 eum
1090 866 1363 931 exhortassc,utista
1372 867 1758 938 fugiathominemillumdi-

117 960 257 1026 indecens,
277 960 382 1013 malum
406 958 515 1012 nullum
531 966 583 1019 est,
600 956 673 1026 quod
697 972 755 1009 nou
776 972 828 1025 per
849 971 915 1009 cou—
957 954 1757 1028 ceuscssellei:aptumenimesteiquitalisestutabomni

116 1049 319 1120 cupisceutiam
347 1046 514 1101 admittatur
541 1045 736 1117 pecuniarum.
768 1045 802 1098 Et
824 1050 916 1098 osten·
957 1044 1533 1111 melosesecustodiatlieiudescribitei,
1547 1050 1758 1120 utpotecharis·

116 1138 182 1193 dens
220 1138 356 1208 quoniam
384 1136 575 1207 experimento
614 1135 713 1187 doctus
741 1134 787 1187 sit.
824 1134 916 1187 sciens
956 1131 1347 1203 sirnodiscipulo,iusiuueus
1365 1151 1505 1206 quaecum
1520 1145 1753 1208 egereoporteat

117 1228 219 1282 malms
238 1227 325 1298 lirisse
351 1243 384 1279 ex
407 1226 469 1296 ipsa
491 1223 715 1294 coucupiscentia
740 1239 796 1276 nou
820 1222 916 1276 leuiter
995 1221 1213 1276 «Sectarevero
1223 1223 1373 1292 justitium,
1391 1224 1533 1295 pietatem,
1551 1227 1646 1291 fldem,
1661 1228 1755 1282 cbari-

117 1316 254 1387 dsceptos,
271 1315 370 1384 adjicit
385 1335 390 1368 :
408 1314 522 1377 «Quam
538 1313 652 1383 qnidam
668 1318 831 1383 appetentes
841 1327 915 1365 erra·
956 1316 1053 1371 tatem
1083 1311 1259 1381 patientiam,
1286 1314 1541 1369 mansuetudinem.
1569 1334 1580 1367 a
1603 1316 1676 1387 lnge
1702 1317 1758 1371 ista

120 1413 278 1460 ‹reruntu
297 1405 363 1469 lide,
383 1409 412 1456 et
431 1403 613 1457 inseruerunt
626 1418 657 1455 se
678 1401 820 1455 doloribus
845 1401 915 1455 mul·
956 1399 1294 1471 sollicitudiuem,iuquit,
1306 1402 1757 1475 expende,etquouiamlaboreet

121 1494 224 1548 rtis.»
253 1494 293 1547 Ex
321 1493 382 1553 hac,
412 1492 514 1562 iuquit,
543 1490 770 1561 coucupiscentia
790 1489 871 1543 multi
897 1508 914 1543 u
956 1489 1128 1543 necessarius
1142 1489 1200 1543 illis
1218 1489 1265 1560 qui
1289 1490 1422 1545 virtutem
1441 1494 1555 1563 exsequi
1578 1494 1755 1562 adnituntur,

122 1582 168 1636 ide
182 1582 319 1636 cecidisse
333 1581 473 1654 ridentur,
491 1587 522 1633 nt
545 1596 596 1633 uec
616 1579 770 1633 secuudum
790 1594 913 1650 praeseu-
955 1577 1068 1647 adjicit:
1083 1598 1094 1629 r
1110 1578 1193 1631 Certa
1203 1578 1471 1634 bouumcertemeu.
1484 1600 1496 1631 r
1509 1582 1587 1637 Fidei
1597 1585 1755 1638 necessario

122 1678 170 1726 tem
193 1672 278 1725 vitam
307 1671 337 1724 iu
366 1669 529 1724 melioribus
549 1669 693 1738 potuerint
707 1667 834 1731 inueniri,
865 1668 913 1725 sed
955 1665 1052 1734 adjicit
1066 1665 1170 1720 bonum
1182 1672 1325 1722 certamen
1340 1669 1383 1722 rol
1398 1672 1627 1739 ugonem,uthoc
1642 1672 1754 1727 locorel

128 1759 427 1814 econtrariodetleutes
437 1775 470 1812 ac
478 1758 604 1811 dolentes
615 1757 788 1826 perstiterint
799 1773 848 1827 pro
857 1757 913 1811 illis
923 1749 947 1809 B
958 1755 1078 1809 inarime
1088 1757 1226 1815 ostendat,
1250 1758 1324 1827 quod
1338 1759 1513 1814 necessarius
1531 1760 1568 1819 sit
1586 1760 1666 1815 labor
1678 1762 1752 1822 telis,

129 1848 242 1919 quesibi
268 1865 300 1901 ex
321 1848 364 1901 his
386 1848 549 1901 acciderunt
572 1845 706 1901 tristitiis.
720 1846 825 1916 (dire.)
842 1846 913 1900 Hinc
954 1844 1060 1914 quipro
1068 1844 1166 1899 multis
1175 1845 1544 1916 expenditurbouis.Deinde
1552 1849 1656 1904 laboris
1665 1850 1753 1922 ipsius

132 1954 225 2009 queque
244 1935 492 2007 deprecatoribus
516 1951 565 2007 per
585 1935 698 1989 beatum
717 1935 769 1989 lob
787 1934 911 1989 dicitur:
954 1933 1750 2006 lucrepandensadjicit:«Apprehendciitamaeteruam.»

135 2026 234 2081 illedix
246 2026 442 2096 juniperorum
458 2032 519 2079 erut
533 2023 610 2078 cibus
621 2040 719 2078 oerum
731 2026 795 2089 uon
805 2028 883 2092 xxx).
900 2043 912 2075 r
954 2022 1146 2076 Certamiuum
1164 2025 1310 2077 antemrel
1320 2040 1444 2094 agonum
1460 2026 1560 2080 horum
1578 2043 1686 2083 merces
1696 2028 1754 2082 vita

135 2115 190 2179 Quid
201 2132 266 2169 rero
280 2132 331 2185 per
350 2116 473 2168 radicem
494 2114 618 2184 juniperi
637 2113 691 2166 nisi
710 2113 828 2166 avaritie
843 2113 915 2167 desi-
955 2116 1059 2166 eterna
1072 2118 1123 2177 est,
1141 2111 1244 2183 quibus
1258 2112 1363 2182 poterit
1377 2130 1440 2175 earu
1455 2115 1576 2185 assequi,
1594 2116 1753 2175 etsuadeus

137 2212 227 2275 matur.
244 2220 278 2257 ex
293 2220 350 2275 qua
365 2210 541 2274 peccatorum
558 2202 683 2256 omnium
706 2202 793 2273 spinae
808 2203 913 2272 produ·
955 2201 980 2254 ei
995 2205 1028 2255 ut
1041 2201 1076 2254 de
1086 2201 1130 2255 his
1140 2201 1264 2255 studiose
1279 2206 1354 2271 aget,
1375 2203 1429 2257 riu
1442 2220 1506 2274 qua,
1529 2203 1578 2265 ait,
1594 2210 1708 2259 vocatus
1722 2222 1753 2263 es

139 2293 233 2349 untur?
256 2293 292 2347 de
314 2310 368 2363 quo
388 2302 417 2347 et
439 2308 489 2363 per
507 2292 625 2346 Paulum
648 2291 772 2345 dicitur:
792 2308 805 2343 e
822 2292 913 2346 Radix
954 2296 983 2343 et
1001 2290 1142 2344 coufessus
1166 2289 1268 2345 bonam
1290 2291 1501 2355 consessionem,
1519 2292 1553 2347 ob
1574 2294 1647 2347 hauc
1675 2294 1750 2348 euim

141 2383 241 2437 smmum
261 2383 401 2435 malorum
425 2381 574 2451 cupiditas,
593 2400 604 2431 r
630 2380 691 2451 ipsa
705 2380 808 2451 qnippe
822 2382 913 2435 lateu-
954 2385 983 2433 et
992 2378 1167 2432 credidisti.»
1183 2380 1241 2433 linc
1256 2379 1332 2433 euim
1345 2380 1434 2434 dicit:
1453 2382 1510 2436 «lu
1521 2388 1701 2452 quavocatns
1711 2400 1751 2439 es.

142 2472 264 2525 teroritnr
277 2472 307 2525 iu
330 2475 434 2533 mente,
452 2470 500 2523 sed
524 2469 690 2541 punctiones
711 2470 837 2525 ninnium
852 2486 914 2540 pec·
955 2471 1132 2522 etcoulessus
1145 2467 1248 2522 bonam
1263 2469 1502 2525 contessionem.»
1523 2469 1566 2525 Ob
1581 2471 1750 2526 hanamee-

143 2566 240 2614 rstorum
258 2568 390 2632 patenter
403 2559 532 2629 producit
547 2559 575 2612 iu
590 2574 684 2629 opere,
702 2575 772 2629 quas
786 2558 915 2613 videficet
953 2557 1059 2613 tionem
1073 2557 1215 2611 consessus
1228 2574 1258 2611 es
1271 2558 1415 2628 pietatem,
1424 2560 1691 2631 dedicatquoniam
1701 2576 1752 2632 pro

145 2650 282 2717 punctiones
299 2648 335 2703 ab
350 2649 402 2703 hac
416 2649 509 2702 radice
528 2655 676 2717 surgentes
698 2648 793 2702 stetim
813 2648 913 2719 praedi-
955 2647 1007 2699 hac
1020 2662 1119 2717 passus
1130 2662 1168 2700 cs.
1185 2647 1257 2703 Nam
1274 2647 1348 2717 quod
1358 2648 1429 2702 dixit
1445 2668 1457 2700 r
1473 2649 1616 2703 coufessus
1627 2666 1666 2714 es,
1677 2667 1690 2705 a
1700 2650 1753 2704 hoc

145 2742 201 2790 utor
216 2738 344 2808 egregius
369 2738 495 2792 insinuet
513 2754 577 2791 cum
597 2736 700 2798 subdit,
719 2757 729 2788 r
747 2754 830 2807 quem
851 2738 913 2808 qui·
955 2740 1114 2805 est‚passus
1128 2735 1337 2799 es,dicit.Uude
1349 2741 1377 2790 et
1389 2738 1452 2807 plus
1463 2754 1527 2792 eum
1541 2738 1704 2805 adhortam,
1722 2744 1754 2793 ut

150 2826 224 2880 «dam
251 2833 417 2899 appetentes
440 2833 605 2881 erraverunt
623 2843 640 2880 a
655 2827 718 2890 lide,
743 2833 772 2880 et
791 2827 914 2881 iuserue·
955 2840 1005 2895 pro
1021 2823 1097 2878 hisce
1108 2823 1193 2878 rebus
1208 2825 1347 2880 sustineat
1356 2825 1490 2892 laborem,
1506 2827 1612 2898 adjicit,
1629 2846 1641 2880 r
1658 2843 1753 2882 eorem

147 2920 195 2968 mut
205 2933 229 2969 sc
240 2915 383 2970 doloribus
398 2916 503 2971 multis.
523 2935 536 2967 a
553 2916 606 2979 Qui
624 2916 699 2969 euim
716 2917 819 2970 multos
834 2916 913 2970 dolo·
954 2913 1169 2967 multisnllulti
1180 2914 1254 2967 euim
1265 2914 1753 2986 erautqnisciebautbeatum'llmo-

145 3004 251 3069 nedixit,
269 3005 350 3075 quusi
374 3010 521 3058 nascentes
545 3005 667 3058 innotuit
691 3021 724 3057 ex
747 3005 799 3058 hac
819 3005 912 3060 radice
953 3002 1752 3078 tbeumadjunctumtuissePaulocontcmpletiouepiete·

148 3094 288 3157 punctiones.
318 3095 349 3147 lu
370 3093 510 3164 juniperis
535 3109 601 3162 ergo
627 3099 749 3163 peccata,
773 3093 804 3147 iu
819 3072 1000 3153 radirefltis,
1017 3099 1102 3162 atque
1116 3091 1141 3145 is
1163 3108 1262 3162 pessus
1275 3092 1368 3148 fixerat
1380 3111 1437 3149 nou
1457 3110 1556 3179 peuce.
1581 3095 1680 3167 ltaque
1697 3095 1750 3150 tibi

146 3192 189 3233 uro
205 3183 396 3253 juniperorum
418 3183 484 3253 quid
506 3182 582 3235 aliud
607 3198 691 3252 quam
710 3182 867 3245 avaritiam,
883 3184 911 3237 id
953 3181 1261 3251 necessariumiuquit,
1269 3187 1320 3242 est.
1334 3183 1450 3237 utomni
1460 3200 1493 3237 ex
1503 3189 1752 3256 parteproesterne

145 3271 319 3325 sturmium
343 3272 529 3341 intelligimus
543 3271 744 3341 peccatorum?
765 3272 909 3340 (Cassian.)
952 3269 1010 3323 rita
1022 3269 1149 3324 laborem
1164 3271 1312 3331 sustineas,
1322 3287 1372 3341 pro
1387 3288 1443 3343 qua
1452 3278 1481 3326 et
1490 3273 1675 3340 credidisti,et
1688 3290 1753 3329 con·

145 3352 301 3416 lunanum
317 3360 387 3413 uulli
411 3360 473 3413 vilis
498 3361 702 3431 despectusque
720 3360 849 3414 videatur
867 3360 912 3414 hic
952 3358 1041 3413 lessus
1052 3375 1082 3412 es
1095 3359 1239 3430 pietatem,
1256 3360 1388 3430 periculis
1399 3361 1561 3433 frequenter
1573 3363 1748 3434 adjectetns:

146 3446 238 3516 norbus,
253 3451 302 3520 qni
319 3450 393 3503 sicut
412 3454 504 3520 potest
522 3449 652 3519 perfacile
670 3449 814 3513 declinari,
829 3449 870 3503 ita
888 3449 911 3503 si
949 3448 1059 3517 justum
1074 3448 1178 3502 etenim
1193 3454 1245 3514 est,
1262 3454 1293 3503 ut
1307 3449 1423 3503 minime
1437 3466 1470 3504 ex
1484 3452 1632 3522 posteriori
1642 3451 1750 3506 desidia

145 3546 284 3608 usuquem
311 3538 476 3609 possederit,
507 3538 542 3590 nd
569 3537 697 3591 sanitatis
723 3538 848 3592 remedie
867 3539 912 3592 iix
952 3536 1001 3590 ille
1022 3537 1251 3603 exterminentur,
1273 3554 1335 3608 qure
1353 3538 1491 3610 imprimis
1510 3545 1577 3594 suut
1600 3540 1748 3611 acquisita.

146 3626 260 3687 peruenire
275 3627 411 3681 concedit.
430 3627 646 3696 Receptaculum
668 3642 789 3697 nemque
808 3634 851 3681 est
874 3628 911 3681 ri·
952 3625 1059 3680 Deinde
1073 3629 1102 3678 et
1114 3625 1177 3695 plus
1191 3642 1256 3685 eum
1273 3626 1439 3681 adhortatus
1459 3627 1570 3681 subdit:
1585 3645 1600 3680 r
1615 3629 1749 3700 Praecipio

144 3707 218 3768 fiotum
250 3717 400 3780 malorum,
430 3732 492 3785 quse
525 3715 651 3769 omnium
676 3715 754 3768 radix
777 3721 806 3770 et
832 3716 910 3770 inex·
955 3714 1012 3767 riu
1026 3719 1174 3784 conspectu
1186 3714 1246 3777 Dei,
1259 3715 1307 3785 qui
1330 3715 1451 3770 vivificat
1469 3716 1573 3775 omnia,
1592 3722 1621 3770 et
1634 3716 1748 3772 Ghristo

145 3799 249 3859 mutilis
259 3804 391 3875 nequitiae
403 3804 491 3857 lomes
498 3804 627 3865 efficitur,
636 3804 746 3857 dicente
756 3804 889 3875 Apostnlo
902 3824 907 3858 :
955 3823 967 3853 r
982 3804 1058 3863 lesu,
1075 3803 1324 3874 quitestimnuinm
1336 3803 1459 3865 reddidit
1469 3803 1522 3858 sub
1536 3804 1636 3859 Pontio
1646 3804 1748 3869 Pilato,

146 3888 232 3947 nuce
259 3893 388 3947 omniurn
406 3894 546 3946 melorum
566 3911 579 3947 r
600 3893 782 3964 philargyria,
808 3893 836 3947 id
859 3900 910 3959 est,
955 3891 1084 3946 «bonam
1103 3891 1314 3957 contessionem,
1339 3899 1372 3946 nt
1391 3908 1484 3946 serres
1503 3893 1669 3948 mandatum
1689 3894 1749 3948 siue

145 3989 199 4033 mor
221 3983 357 4054 pecuniae.
380 3982 445 4036 llaec
472 3982 559 4051 igitur
583 3998 646 4036 cum
674 3982 820 4036 remissam
844 3983 914 4053 tepi-
954 3981 1100 4045 «macula,
1115 3980 1361 4053 irreprehensibile
1376 3997 1466 4052 usque
1481 3983 1517 4036 cd
1531 3982 1750 4037 adventumllo-

144 4062 236 4141 imque
247 4071 404 4143 possederit
412 4071 534 4124 hominis
554 4077 687 4135 mentem,
702 4071 833 4142 primitus
847 4088 912 4126 eum
955 4089 968 4121 r
985 4069 1053 4123 mini
1063 4070 1151 4124 nostri
1161 4071 1227 4123 Iesu
1237 4070 1748 4135 Christi.»Rstmeudetummtdicat,

143 4150 265 4229 bagae
288 4175 402 4214 summa
432 4160 595 4224 sollicitans,
609 4161 701 4229 justos
726 4160 862 4230 quosdam
884 4167 913 4214 et
952 4158 1072 4229 illaqure
1081 4157 1750 4232 mandavitibi.Rene[moustrat]hociulocoob

143 4245 197 4301 'dut
207 4248 385 4304 rationabiles
400 4249 426 4301 ei
437 4249 555 4308 colores,
570 4248 606 4303 ob
620 4264 691 4319 quos
710 4250 752 4303 vel
768 4264 912 4303 reservare
953 4262 1037 4318 quem
1048 4248 1199 4303 remetiem
1209 4249 1751 4320 etinagoueprotidecertoreeumprte·

142 4332 285 4410 abaliquo}
301 4338 427 4409 pecuuiae
447 4337 557 4401 debeat,
574 4338 616 4390 vel
641 4353 750 4407 parare,
767 4338 909 4392 describit.
952 4336 1082 4408 cipiebut.
1099 4337 1178 4392 Unde
1193 4344 1222 4391 et
1237 4342 1462 4393 memoretusest
1476 4338 1580 4393 Christi
1599 4338 1750 4392 adveutum

142 4419 224 4482 linet
238 4445 343 4499 eaqnae
359 4426 520 4497 prebcutur
545 4426 574 4479 iu
593 4426 764 4480 monasterio
785 4427 912 4497 queritur
952 4426 1132 4489 confirmans,
1140 4432 1224 4496 etque
1232 4425 1387 4491 stabiliens,
1399 4427 1473 4497 quod
1484 4427 1643 4481 necessario
1652 4426 1750 4496 utique

141 4524 181 4567 nou
194 4532 247 4571 erse
270 4516 449 4581 sufficieutia,
468 4521 497 4569 et
520 4531 589 4568 sano
605 4514 776 4586 robustoque
795 4531 911 4586 corpore
952 4515 1015 4580 erit,
1025 4515 1134 4585 adjicit:
1145 4515 1255 4579 «Quem
1263 4514 1500 4585 suistemporibus
1509 4513 1746 4569 osteudetbeatus

140 4598 245 4672 'lipom
256 4605 387 4669 tolerari,
400 4604 468 4674 quid
479 4604 647 4667 iaciendum,
660 4604 684 4657 si
695 4603 825 4658 valetudo
836 4604 912 4658 mela
954 4621 967 4655 u
983 4609 1012 4658 et
1030 4605 1106 4657 solus
1119 4609 1218 4674 potens
1226 4603 1286 4658 Rex
1297 4619 1405 4674 regum,
1415 4608 1443 4657 et
1457 4603 1593 4658 Dominus
1600 4603 1750 4658 dominen-

139 4691 208 4747 eutr
221 4693 375 4757 emerserit,
392 4699 421 4746 et
434 4693 609 4747 reconditum
630 4708 686 4746 uon
701 4692 785 4747 fuerit
804 4693 911 4764 aliquid
954 4692 1064 4751 etium,
1079 4690 1127 4761 qui
1142 4691 1313 4746 solushabet
1326 4691 1579 4758 immortalitatem,
1596 4693 1687 4748 lucem
1701 4692 1752 4747 he·

139 4779 260 4844 pultare,
268 4798 325 4854 quo
336 4787 511 4835 sustentetur
523 4781 692 4835 iufirmitas?
702 4781 911 4852 praestationem
953 4778 1069 4835 cbitaus
1078 4779 1307 4839 inaccessibilem,
1315 4796 1399 4851 quem
1408 4781 1555 4837 hominum
1565 4781 1747 4847 vidituullus,

138 4871 272 4925 monaterii
295 4888 357 4925 esse
376 4876 552 4941 pertenuem,
568 4875 597 4923 et
619 4870 819 4939 negligentiam
843 4886 911 4940 ergo
953 4888 966 4922 c
982 4884 1033 4923 uec
1044 4869 1138 4922 ridere
1152 4873 1254 4939 potest,
1266 4869 1311 4923 cui
1329 4870 1419 4925 honor
1433 4875 1462 4924 et
1477 4871 1628 4943 imperlum
1643 4870 1748 4943 sempi-

137 4962 278 5024 manans
303 4960 470 5013 maximam:
487 4960 510 5013 si
542 4960 685 5030 proprium
718 4959 824 5030 aliquid
853 4975 910 5017 uon
953 4964 1104 5012 «ternum.
1119 4959 1220 5012 Amen.
1237 4959 1616 5028 »Exmaguitudiuediviuae
1628 4965 1745 5024 uaturae,

136 5040 208 5103 buit,
228 5066 280 5120 quo
301 5066 370 5103 cura
393 5049 502 5119 corpori
532 5050 624 5103 valeat
646 5048 783 5112 adhiberi,
807 5049 909 5102 misere
950 5054 979 5102 et
991 5047 1041 5101 illu
1055 5063 1116 5118 quse
1135 5063 1203 5116 erge
1217 5062 1279 5101 eam
1295 5048 1436 5102 habentur
1449 5048 1625 5103 coadunavit
1637 5047 1743 5114 futura,

135 5146 182 5187 esre
193 5139 363 5193 moriendum
373 5138 466 5205 larue3
488 5139 580 5208 ipsum
600 5140 686 5192 etiam
709 5137 909 5191 vestimentum
950 5137 1024 5192 unde
1035 5143 1063 5190 et
1074 5136 1196 5207 isteque
1205 5152 1274 5206 erga
1283 5136 1373 5192 Deum
1383 5142 1450 5191 suut
1459 5136 1555 5208 posuit
1564 5136 1593 5191 in
1602 5137 1743 5207 presenti,

134 5236 177 5277 uun
187 5228 308 5282 sullicero
322 5228 398 5298 quod
409 5227 559 5299 praebetur,
567 5228 620 5282 uisi
632 5226 822 5298 procuraverit
836 5227 910 5280 unda
951 5224 1746 5297 quecoutlrmetiouemquamdamtuturorumhaberepo·

132 5310 173 5364 sibi
185 5316 253 5371 aliud
271 5318 365 5371 velent
387 5316 525 5371 exhiberi:
542 5323 684 5387 postremo
698 5332 749 5370 nec
764 5315 811 5370 diu
829 5332 910 5385 posse
951 5319 1054 5368 terent.
1075 5314 1135 5368 lloc
1152 5314 1244 5384 ipsum
1259 5319 1354 5369 autem
1369 5320 1399 5369 et
1411 5315 1493 5369 initio
1508 5314 1633 5386 epistole
1647 5314 1746 5370 secisse

129 5398 252 5459 incudem
267 5407 327 5460 loco
343 5407 387 5460 vel
406 5407 577 5460 monasterio
598 5405 765 5461 commorari
782 5424 787 5459 :
810 5412 839 5457 et
857 5405 910 5458 uisi
952 5403 1062 5457 videtur
1075 5401 1122 5457 ubi
1138 5403 1206 5457 dicit
1222 5421 1228 5456 z
1246 5402 1340 5474 rRegi
1353 5408 1448 5458 antem
1463 5403 1639 5471 seculorum,
1654 5405 1746 5460 incor-

128 5495 252 5559 ptrarerit
266 5495 320 5549 eibi
334 5496 427 5552 sintici
448 5501 578 5566 sumptus
597 5494 802 5565 evectionisque
822 5500 912 5549 trans·
952 5499 1044 5563 rupte,
1060 5492 1262 5557 invisibili,an
1276 5493 1335 5547 Deo
1346 5493 1444 5560 honor,
1460 5499 1489 5548 et
1503 5494 1595 5565 glorta
1607 5494 1747 5551 lusoeenla

125 5582 228 5640 nerine
241 5585 411 5650 mercedem,
428 5600 484 5639 nou
501 5600 583 5655 posse
600 5599 664 5639 cum
688 5583 809 5645 voluerit
822 5588 913 5637 usus·
952 5581 1129 5638 mulorum.
1146 5582 1246 5639 Amen.
1265 5598 1279 5634 r
1304 5580 1384 5638 Unde
1407 5582 1494 5639 etism
1514 5588 1546 5639 et
1562 5583 1593 5639 iu
1616 5583 1747 5639 hocloco
