3772 6120
119 305 191 366 saco
418 259 928 366 anammuanaiaacurar.
948 301 1110 361 uocum.
1131 297 1460 359 ornauuransm.
1694 298 1760 356 ram

117 431 256 501 ricordiae,
267 447 329 506 qua
339 432 424 500 Deus,
435 432 521 489 nullis
530 448 628 488 eorum
639 431 747 487 meritis
758 429 1000 503 macedan-Alta
1018 428 1160 484 definierit
1176 430 1209 482 ut
1227 427 1387 499 quicunque
1405 440 1463 481 non
1478 423 1609 489 credam,
1628 422 1760 495 exipsius

118 522 206 590 tibus,
219 522 293 579 eruit
302 522 337 577 de
346 527 486 594 potestate
495 520 688 586 tenebrarum,
699 525 728 574 et
737 519 882 574 transtulit
891 518 920 573 in
961 518 1160 573 constitutione
1173 533 1229 572 non
1239 516 1364 578 credant,
1383 531 1441 569 non
1459 518 1502 569 est
1511 512 1678 569 catholicus.
1688 512 1761 568 Sicut

120 627 241 683 regnum
263 611 327 667 Filii
351 611 509 667 dilectionis
530 626 597 665 suae.
617 629 627 660 r
653 610 724 664 ltem
746 609 830 680 (Seni.
849 606 895 673 11))
913 627 919 662 :
961 607 1036 662 enim
1049 607 1128 673 tides,
1147 624 1208 678 qum
1223 622 1273 677 per
1285 604 1464 658 dilectionem
1480 608 1627 674 operatur,
1647 601 1699 656 Dei
1717 602 1761 657 do·

122 716 136 753 a
152 699 207 765 Qui
219 699 288 754 dicit
302 699 376 771 qnod
390 699 557 772 quibusdam
572 697 714 770 Evangelii
731 697 890 769 praedicatio
904 714 921 751 a
961 714 1030 753 num
1043 703 1095 761 est,
1108 696 1148 750 ita
1161 695 1311 750 infidelitas
1321 693 1485 747 constitutio
1500 691 1552 747 Dei
1562 707 1622 746 non
1636 695 1688 757 est,
1699 690 1762 763 quia

120 788 242 846 Domino
255 788 447 854 subtrahatur,
465 805 501 844 ne
512 793 644 861 percepta
658 787 801 857 Evangelii
819 787 921 859 praedi-
961 787 1036 841 Deus
1051 801 1147 857 poenas
1167 783 1315 838 criminum
1334 782 1410 836 norit
1431 781 1576 845 ordinare,
1598 796 1657 834 non
1675 779 1762 835 crimi-

121 877 232 932 catione
251 877 403 943 salventur,
419 876 518 949 'potest
537 875 701 948 objectionis
720 875 853 930 invidiam
875 876 922 929 de
962 891 1007 930 na.
1023 876 1081 930 Nec
1099 889 1272 944 consequens
1286 876 1372 925 estut
1385 870 1460 942 quod
1471 886 1530 924 non
1544 868 1696 934 remiserit,
1706 868 1762 940 ipse

121 965 228 1021 eliaam
242 965 399 1038 patmcinio
414 966 502 1038 ipsius
517 965 678 1031 salvatoris,
688 965 735 1036 qui
750 965 825 1036 apud
840 980 922 1036 quos-
962 962 1142 1020 commiserit.
1155 961 1373 1016 Praedestinatus
1383 960 1481 1029 itaque
1503 958 1573 1012 vivit
1593 957 1623 1012 in
1641 958 1695 1012 tide
1712 956 1763 1014 sibi

122 1054 198 1121 dam,
215 1068 285 1127 qnos
299 1054 340 1109 ait
352 1053 439 1110 fuisse
454 1054 620 1120 credituros,
637 1054 661 1108 si
676 1053 846 1109 mirabilium
859 1055 921 1124 ejus
961 1053 1065 1107 donata
1081 1071 1087 1106 :
1104 1068 1160 1106 non
1175 1050 1389 1122 predestinatus
1401 1049 1477 1119 perit
1490 1047 1663 1101 infidelitate
1676 1047 1764 1102 volun·

121 1140 205 1214 signa
218 1141 363 1209 vidissent,
384 1142 475 1198 noluit
492 1143 602 1214 operari
619 1162 624 1196 :
642 1147 671 1196 et
686 1141 852 1213 quibusdam
870 1158 921 1213 po·
961 1142 1045 1207 tatia,
1066 1157 1121 1196 non
1141 1147 1247 1194 coacte.
1269 1156 1281 1191 a
1304 1139 1374 1193 ltem
1395 1137 1480 1206 rSeat.
1501 1135 1543 1204 15)
1564 1155 1570 1189 :
1595 1155 1608 1186 a
1630 1135 1684 1200 Qui
1700 1136 1764 1191 dicit

121 1229 197 1306 pulis
210 1230 301 1286 vetuit
313 1232 454 1303 apostolos
468 1230 668 1303 evangelizare,
684 1235 713 1285 et
725 1247 800 1285 nunc
812 1230 921 1302 aliquas
963 1231 1037 1303 quod
1052 1230 1128 1284 idem
1143 1229 1181 1284 sit
1195 1227 1371 1301 praescientia
1394 1225 1469 1297 quod
1493 1224 1714 1297 praedestinatio,
1735 1225 1763 1281 ia

121 1318 511 1391 adhucgentespatiturextra
517 1319 639 1392 gratiam
645 1320 845 1391 suamdegere3
856 1336 922 1375 cum
961 1317 1043 1374 bonis
1052 1317 1204 1373 sinedubio
1214 1315 1344 1389 operibus
1354 1315 1457 1370 nostris
1467 1314 1525 1369 duo
1534 1314 1595 1368 ista
1609 1313 1762 1386 permiscet.

122 1412 218 1464 nmen
231 1408 457 1464 constantissima
470 1409 525 1464 fide
534 1414 696 1481 perceptum
711 1408 874 1475 habeamus,
892 1407 922 1464 in
963 1408 1030 1474 Quae
1042 1407 1117 1462 enim
1132 1424 1164 1461 ex
1179 1406 1353 1461 Deimunere
1364 1403 1514 1468 habemus,
1526 1408 1557 1457 et
1566 1419 1631 1474 qua
1642 1402 1765 1475 prestita

121 1512 220 1552 omnes
240 1497 339 1553 mundi
360 1503 456 1569 partes
482 1497 634 1552 Ecclesiam
656 1497 839 1564 dilatandam,
871 1513 923 1552 nec
962 1497 1104 1562 dicuntur,
1122 1512 1180 1550 non
1197 1499 1316 1566 possunt
1332 1510 1388 1548 non
1414 1510 1477 1547 osse
1504 1491 1723 1564 praedestinata:
1739 1496 1765 1547 et

122 1591 189 1642 anta
201 1586 325 1641 essehoc
335 1586 468 1641 seculum
479 1585 635 1642 finiendum
645 1602 730 1658 qnam
739 1587 767 1640 in
777 1586 922 1641 universos
963 1602 1024 1658 quae
1033 1585 1233 1658 predestinata
1243 1583 1430 1656 appellantur,
1443 1598 1501 1636 non
1512 1585 1637 1653 possunt
1644 1596 1701 1635 non
1709 1597 1765 1636 essa

121 1674 193 1729 tinea
206 1678 289 1729 terrae
302 1673 484 1745 Evangelium
498 1674 647 1746 dirigatur,
668 1680 698 1730 et
714 1674 806 1731 omnis
826 1675 923 1746 lingua
933 1674 1101 1771 Bpraescita.
1117 1675 1150 1729 ln
1162 1673 1244 1728 malis
1258 1676 1351 1727 autem
1366 1669 1499 1744 operibus
1511 1669 1623 1725 nostris
1635 1669 1766 1742 solapne·

122 1762 291 1818 confiteatur
304 1763 437 1834 quoniam
454 1763 590 1818 Dominus
610 1764 692 1819 Jesns
711 1764 741 1819 in
760 1764 850 1835 gloria
871 1764 923 1820 Dei
964 1762 1082 1818 scientia
1095 1762 1147 1817 Dei
1162 1761 1344 1832 intelligenda
1358 1765 1422 1815 est:
1444 1759 1515 1831 quia
1536 1758 1615 1813 sient
1635 1758 1767 1831 prescivit

121 1850 215 1906 Patris
226 1856 278 1906 est.
297 1870 309 1903 a
327 1851 398 1907 ltem
412 1852 498 1917 (Sani.
512 1852 557 1922 ll)
572 1871 578 1906 :
593 1869 607 1904 a
624 1852 679 1918 Qui
698 1852 767 1908 dicit
785 1853 859 1924 quod
873 1869 924 1926 per
963 1857 993 1908 et
1007 1851 1217 1924 pradestinavit
1235 1866 1296 1922 quae
1316 1849 1376 1922 ipse
1399 1848 1476 1915 lacit,
1502 1853 1533 1902 et
1559 1853 1595 1903 ut
1616 1847 1766 1903 faceremus

49 1986 51 1991 ⁴
121 1939 277 2013 potentiam
291 1939 366 1996 Deus
381 1939 509 1996 homines
523 1941 553 1997 io
567 1945 682 2013 peccata
691 1941 850 2014 compellat,
865 1958 923 1998 me·
963 1941 1062 1997 dedit:
1078 1935 1768 2013 itapraescirittantummonetiampmdestina·

120 2028 177 2084 rito
190 2028 417 2102 reprehenditur.
435 2030 495 2086 Nec
511 2029 586 2085 enim
601 2030 745 2102 Dens,qni
758 2031 875 2101 justitiae
889 2047 922 2086 ac
962 2030 1010 2099 vit,
1027 2046 1088 2101 quae
1103 2029 1229 2101 necipsa
1242 2027 1317 2094 iecit,
1333 2044 1385 2083 nec
1400 2033 1433 2082 ut
1451 2026 1616 2081 taceremus
1639 2024 1765 2098 exegit·

120 2114 254 2172 bonitatis
262 2121 363 2173 auctor
376 2123 428 2185 est,
443 2123 473 2173 et
486 2119 568 2189 cujus
577 2119 673 2175 omnia
683 2123 790 2174 statuta
802 2125 832 2175 et
845 2135 923 2174 man·
962 2119 1014 2175 llis
1027 2135 1094 2189 ergo
1108 2116 1240 2172 omnibua
1254 2117 1294 2172 ita
1309 2133 1342 2171 ex
1357 2115 1446 2171 sacris
1460 2114 1630 2170 domabas
1649 2113 1765 2187 probatis

120 2205 187 2262 data
199 2212 298 2262 contra
311 2211 456 2279 peccatum
475 2211 551 2274 sunt,
574 2223 744 2280 quemqnam
767 2208 803 2262 ad
827 2223 923 2280 pecca·
962 2213 1047 2280 atque
1061 2208 1090 2262 in
1106 2205 1224 2262 dirersis
1236 2204 1377 2279 opusculis
1390 2204 1450 2260 suis
1472 2203 1589 2260 diverso
1608 2204 1694 2276 stylo,
1715 2219 1765 2260 nan

120 2298 182 2350 mm
197 2311 306 2367 cogere,
323 2301 353 2351 et
364 2294 399 2350 ab
419 2295 580 2351 innocentia
600 2296 629 2352 in
650 2296 776 2353 facinora
799 2297 923 2370 precipi-
963 2297 1073 2352 diversa
1086 2296 1151 2362 ssde,
1167 2293 1303 2367 probatis,
1319 2293 1424 2351 bonum
1441 2293 1512 2348 mibi
1535 2293 1653 2348 videtur
1674 2298 1708 2348 ut
1723 2309 1766 2349 no

121 2390 183 2440 tare
196 2384 352 2440 credendus
364 2389 416 2440 est.
431 2383 461 2440 Si
475 2384 522 2456 qui
536 2389 632 2440 autem
645 2385 855 2458 tamprot'undae
868 2387 921 2442 im·
962 2385 1025 2441 velli
1040 2385 1169 2440 doctores
1188 2388 1347 2440 sanctorum
1371 2384 1489 2438 Petrum
1514 2388 1547 2438 et
1570 2382 1765 2438 catholicomm

121 2472 324 2548 pietatissunt,
340 2478 373 2528 nt
386 2478 466 2528 extra
487 2473 644 2528 remedium
668 2474 852 2547 correptionis
875 2475 923 2530 ha·
963 2475 1108 2531 doctorum
1120 2478 1276 2545 sequantur
1297 2473 1422 2543 vestigia,
1444 2488 1502 2527 non
1527 2488 1547 2526 a
1566 2477 1647 2527 recto
1659 2473 1765 2527 tramite

119 2558 250 2628 beantur,
278 2578 335 2616 non
357 2578 375 2616 a
394 2561 452 2617 Deo
474 2560 649 2618 incrementa
671 2562 829 2635 iniquitatis
854 2563 923 2619 acci-
963 2579 1062 2618 eorum
1078 2562 1239 2618 traditionis
1252 2561 1281 2617 in
1296 2562 1401 2617 erroris
1419 2561 1503 2615 deria
1523 2561 1692 2617 secedentes
1715 2577 1765 2616 car-

121 2649 213 2723 piunt,
228 2649 278 2705 sed
296 2666 348 2722 per
359 2650 525 2722 semetipsos
543 2651 697 2707 deteriores
715 2653 797 2720 liunt,
814 2652 862 2724 qui
876 2669 923 2708 re·
963 2656 1050 2707 ruant
1070 2669 1077 2706 ε
1101 2651 1177 2723 quia,
1201 2667 1280 2706 sacra
1303 2651 1449 2722 Scriptura
1476 2649 1602 2716 dicente,
1630 2650 1677 2705 ria
1697 2650 1767 2720 regia

120 2737 212 2811 linqui
225 2754 242 2794 a
256 2738 325 2807 Deo,
338 2744 367 2795 et
378 2738 432 2794 sibi
446 2755 479 2794 ac
493 2739 689 2812 deceptoribus
703 2741 762 2797 suis
773 2741 847 2797 tradi
860 2758 923 2814 pro·
962 2740 1149 2813 gradiendum
1171 2745 1214 2795 est
1235 2739 1279 2796 his
1303 2740 1351 2812 qui
1378 2741 1413 2794 ad
1438 2740 1529 2794 vitam
1558 2740 1660 2795 uolunt
1680 2755 1766 2812 parre·

122 2831 187 2899 pter
199 2827 385 2900 praecedentia
398 2833 514 2899 peccata
528 2835 703 2898 meruerunt,
720 2836 753 2886 nt
773 2831 813 2886 eis
827 2846 924 2904 pecca-
963 2830 1025 2885 nire
1038 2835 1182 2896 aternam,
1199 2846 1289 2902 oeque
1305 2830 1340 2884 ad
1355 2830 1510 2894 dexteram,
1528 2846 1626 2902 neque
1650 2829 1686 2884 ad
1708 2828 1766 2884 sini

120 2920 183 2971 mm
194 2916 232 2971 sit
246 2916 309 2989 ipsa
322 2916 408 2972 etiam
417 2933 500 2989 paena
511 2919 627 2990 peccati.
641 2920 736 2975 sltem
749 2919 834 2987 (Sent.
853 2918 896 2989 12)
914 2939 920 2973 :
964 2924 1052 2974 stmm
1067 2935 1084 2973 a
1097 2935 1239 2991 quoquam
1253 2927 1359 2974 temere
1374 2919 1578 2973 declinandum
1597 2936 1604 2970 :
1622 2918 1690 2990 qnia
1703 2918 1765 2973 sicut

122 3002 206 3067 «Qui
218 3003 376 3076 dicitquod
390 3004 681 3076 quibusdamvooatia,
695 3007 1008 3097 etpieJ'ustequecvia
1028 3013 1105 3063 recta
1129 3008 1206 3063 ducit
1233 3008 1269 3063 ad
1290 3008 1386 3075 vitam,
1412 3007 1452 3062 sic
1474 3008 1561 3062 deria
1583 3024 1715 3063 errorum
1735 3007 1764 3062 ad

121 3090 287 3158 viventibus,
308 3091 468 3148 obedientia
483 3093 666 3150 subtrahatur
688 3101 720 3151 ut
742 3094 855 3152 obedire
876 3098 922 3152 de·
963 3103 1084 3153 mortem
1099 3097 1220 3153 tendunt
1233 3104 1408 3170 perpetuam.
1427 3096 1507 3151 Unde
1524 3098 1670 3169 propheta
1683 3097 1765 3153 Domi·

122 3179 233 3249 aiatant,
249 3181 323 3237 male
337 3182 470 3254 opinatur
484 3183 520 3237 cle
533 3181 659 3239 bonitate
673 3184 723 3240 Dei
737 3190 822 3256 atque
840 3186 922 3257 justi·
963 3202 1031 3243 num
1047 3192 1179 3260 precatur
1191 3187 1306 3242 dicens:
1326 3205 1338 3236 a
1355 3185 1450 3240 Deduc
1464 3202 1523 3251 me,
1540 3186 1677 3253 Domine,
1688 3187 1716 3242 in
1727 3186 1766 3241 a'a

122 3267 172 3335 tia,
189 3274 222 3324 ut
234 3269 363 3326 videatur
376 3270 412 3326 ad
426 3270 600 3343 impietatem
610 3272 671 3346 pios
681 3290 790 3345 cogere,
806 3274 923 3330 etinno·
965 3281 1048 3343 «tua,
1066 3282 1095 3331 et
1109 3275 1259 3331 ambulabo
1274 3275 1433 3330 inveritate
1455 3281 1517 3329 tua.
1539 3294 1551 3327 s
1572 3279 1659 3339 (Psal.
1677 3291 1763 3340 uma,

122 3357 245 3415 cantiam
257 3358 338 3414 bonis
353 3359 487 3428 adimere,
503 3377 567 3417 cum
582 3361 642 3434 ipse
657 3362 695 3418 sit
708 3362 821 3435 pietatis
839 3369 924 3435 atque
966 3365 1020 3429 11.)
1038 3366 1073 3421 Et
1084 3366 1152 3420 item
1170 3384 1175 3418 :
1195 3364 1319 3419 «Deduc
1333 3380 1388 3429 me,
1408 3364 1540 3428 Domine,
1557 3365 1589 3419 in
1610 3365 1712 3420 sernita
1730 3380 1766 3419 rc·

120 3445 288 3504 innocentia
301 3448 419 3520 largitor
432 3455 461 3504 et
474 3455 578 3506 custos.
595 3452 649 3516 Qui
670 3469 737 3523 ergo
756 3452 813 3507 Deo
833 3453 925 3508 adbre-
970 3461 1055 3522 acta,
1072 3459 1187 3527 propter
1204 3452 1332 3508 inimicos
1356 3470 1443 3507 meos.
1470 3471 1484 3502 s
1510 3455 1598 3519 (Paci.
1622 3469 1695 3521 narr,
1719 3453 1766 3519 11.)

122 3542 175 3604 ret,
190 3537 297 3610 Spiritu
309 3537 360 3593 Dei
375 3537 488 3609 agitur:
510 3539 558 3612 qui
575 3547 670 3595 autem
690 3558 708 3596 a
726 3542 783 3596 Deo
807 3542 922 3609 recedit,
965 3543 997 3597 Et
1019 3542 1086 3596 item
1103 3560 1109 3595 :
1127 3563 1138 3593 ι
1154 3541 1236 3597 Viam
1249 3541 1407 3613 iniquitatis
1423 3557 1551 3596 amores
1564 3559 1614 3598 me
1629 3548 1659 3598 et
1671 3543 1699 3598 in
1712 3543 1765 3613 lege

40 3692 44 3697 Ι
120 3626 236 3699 propria
255 3626 400 3682 voluntate
423 3627 537 3683 obedire
564 3629 684 3685 desistit.
707 3648 721 3685 s
745 3631 816 3687 ltem
837 3630 921 3700 {Sena
968 3637 1046 3686 etna
1059 3632 1192 3686 miserere
1212 3631 1277 3685 mei.
1298 3630 1381 3685 Viam
1405 3631 1535 3686 veritatis
1558 3632 1647 3704 elegi,
1670 3631 1766 3703 judicia

122 3712 166 3784 13)
185 3732 191 3768 :
210 3715 294 3781 «Qui
305 3716 373 3771 dicit
386 3716 461 3788 quod
477 3717 749 3790 quidambominum
760 3735 817 3775 non
829 3720 924 3776 adhoc
970 3744 978 3769 ι
994 3726 1045 3775 tua
1059 3736 1115 3774 non
1127 3737 1191 3775 suro
1206 3719 1317 3774 oblitus.
1336 3739 1349 3771 n
1369 3718 1454 3788 (Psoi.
1471 3734 1552 3785 xrrrr,
1570 3720 1619 3788 29,
1635 3720 1692 3790 30.)
1706 3721 1764 3786 Qua

123 3804 213 3860 aDeo
227 3804 315 3860 creati
324 3810 392 3860 sunt
409 3811 442 3860 ut
459 3805 545 3861 vitam
565 3806 756 3881 adipiscantur
776 3814 920 3875 aternam,
964 3808 1002 3864 sit
1016 3815 1111 3864 autem
1127 3809 1185 3864 haec
1197 3809 1242 3864 via
1256 3815 1341 3873 recta,
1359 3814 1387 3862 et
1401 3808 1447 3862 ria
1461 3809 1605 3876 veritatis,
1622 3811 1684 3883 ipsa
1696 3809 1764 3864 Veri·

122 3891 172 3948 aad
186 3896 219 3948 ut
232 3892 360 3950 habitum
374 3895 570 3950 tantummodo
580 3897 674 3953 saculi
684 3900 829 3970 praesentis
843 3915 923 3953 orna-
964 3903 1008 3953 tas
1019 3898 1047 3953 in
1064 3898 1213 3969 Evangelio
1228 3897 1352 3952 ostendit
1365 3897 1461 3952 dicens
1474 3915 1480 3950 ι
1494 3917 1507 3950 a
1524 3899 1586 3970 ligo
1602 3899 1730 3964 sumnia,
1740 3904 1765 3953 et

122 3986 195 4048 rent,
217 3987 246 4037 et
263 3981 299 4036 ad
312 3982 464 4038 utilitatem
478 3992 663 4042 nascerentur
676 3987 806 4054 aliorum,
823 3988 923 4043 melius
967 3987 1108 4054 cavositas,
1125 3993 1153 4041 et
1167 3986 1224 4041 vita
1236 3988 1323 4056 (locri.
1340 4003 1393 4052 xiv,
1403 3985 1440 4055 6).
1458 4003 1472 4039 a
1488 4007 1499 4037 ι
1516 3987 1574 4052 Qui
1589 3989 1718 4061 sequitu
1725 4003 1764 4042 me

50 4102 53 4108 ·
122 4068 287 4142 loqueretur
300 4070 395 4126 dicans
409 4071 482 4144 qnod
498 4073 583 4142 Deus,
605 4074 653 4145 qui
677 4081 787 4130 creator
802 4081 845 4131 est
862 4093 925 4132 om·
968 4090 1053 4131 anon
1066 4075 1193 4132 ambulat
1206 4075 1235 4130 in
1248 4074 1381 4142 tenebris,
1396 4075 1445 4151 sed
1459 4074 1581 4132 babebit
1600 4078 1764 4133 lumenritae

123 4159 212 4226 nium,
228 4175 285 4215 non
299 4159 405 4215 frustra
419 4160 505 4215 etiam
519 4178 567 4217 eos
581 4163 684 4218 condat
702 4180 772 4235 quos
798 4164 926 4237 praeridit
967 4183 981 4217 a
1000 4167 1089 4231 (Joarr.
1102 4180 1162 4229 rur,
1182 4165 1235 4232 lt).
1250 4183 1262 4215 s
1275 4164 1310 4218 Et
1319 4162 1385 4217 alibi
1402 4182 1407 4216 :
1428 4185 1438 4212 ι
1457 4164 1517 4235 Ego
1529 4181 1608 4231 sum,
1618 4166 1718 4238 inquit,
1728 4182 1765 4220 os·

121 4248 186 4305 vita
207 4253 319 4305 aeternae
346 4249 496 4322 participes
522 4267 579 4306 non
601 4252 720 4319 futuros,
749 4254 816 4324 quia
839 4254 925 4308 etiam
968 4254 1078 4308 «tium.
1095 4254 1206 4308 Parme
1221 4252 1319 4323 siquis
1333 4252 1484 4316 introierit,
1499 4253 1658 4310 sala‘abitur
1673 4243 1767 4310 :etin-

124 4338 155 4394 in
166 4338 248 4394 malis
261 4337 423 4394 hominibus
434 4339 539 4395 bonnm
548 4340 599 4395 Dei
610 4357 680 4415 opus
690 4342 923 4414 estipsanatura,
933 4351 983 4412 Dc
999 4342 1153 4413 gradietur,
1179 4347 1208 4396 et
1227 4339 1396 4412 egredietur,
1428 4346 1457 4395 et
1474 4358 1585 4412 pascua
1609 4343 1737 4398 inveniet.
1755 4362 1765 4393 a

95 4478 100 4485 .
126 4433 156 4483 et
168 4427 318 4483 laudabilis
331 4434 374 4485 est
387 4428 417 4484 in
436 4428 588 4502 impiorum
605 4429 786 4486 damnatione
803 4431 923 4503 justitia.
969 4433 1059 4497 (Joaa.
1076 4447 1103 4496 x,
1120 4429 1159 4499 9.)
1178 4430 1227 4485 llle
1243 4434 1336 4484 autem
1353 4429 1401 4500 qui
1414 4429 1493 4496 dicit,
1510 4431 1588 4486 sicut
1600 4431 1769 4505 predicanda

124 4517 188 4573 Non
208 4524 409 4590 potestantem
424 4518 525 4573 merito
537 4520 761 4593 reprehendiqui
772 4521 924 4594 dicitquod
968 4519 1067 4590 pietas,
1090 4518 1235 4591 pudicitia,
1259 4525 1288 4573 et
1306 4518 1438 4583 charitas,
1464 4525 1494 4573 ot
1514 4526 1628 4576 entem
1650 4522 1766 4584 uirtuten

124 4605 210 4662 etiam
225 4607 325 4662 talium
340 4607 630 4664 conditionemnndus
642 4615 767 4675 ornetur,
780 4617 808 4665 et
819 4612 925 4682 quodsi
967 4608 1006 4663 ita
1022 4608 1230 4680 praedestinatio
1244 4607 1423 4680 praedicanda
1437 4615 1490 4674 est,
1504 4610 1600 4681 utqui
1616 4611 1769 4666 obedienter

125 4696 174 4769 qui
183 4694 236 4751 sibi
251 4713 304 4751 sua
317 4697 466 4769 iniquitate
481 4698 602 4752 nocituri
617 4704 693 4765 sunt,
714 4699 748 4753 ad
772 4700 922 4755 utilitatem
966 4701 1024 4754 haec
1036 4699 1125 4763 audit,
1139 4716 1195 4753 non
1205 4698 1233 4752 in
1244 4699 1367 4764 homine,
1380 4715 1412 4752 ac
1423 4715 1473 4770 per
1485 4699 1537 4754 boc
1555 4717 1594 4755 nc
1614 4701 1642 4756 in
1663 4718 1692 4756 se
1705 4702 1765 4773 ipso,

125 4791 278 4844 nascautur
291 4785 421 4841 aliorum.
433 4787 531 4859 Neque
541 4787 615 4843 enim
631 4788 786 4860 quamlibet
797 4790 925 4845 innumea
966 4788 1053 4843 sedin
1068 4788 1186 4842 Domino
1198 4787 1343 4858 glorietur,
1360 4787 1431 4841 bone
1445 4788 1498 4841 boc
1515 4788 1597 4855 dicit,
1615 4790 1639 4844 si
1655 4789 1770 4845 discrete

126 4876 223 4931 rabilis
233 4874 384 4931 multitudo
395 4874 547 4947 impiorum
556 4875 687 4932 indecora
698 4882 740 4932 est
750 4879 865 4946 niundo,
876 4885 926 4934 aut
967 4882 996 4933 et
1011 4877 1164 4932 secundum
1174 4876 1334 4931 auditorum
1351 4875 1523 4946 qualitatem
1549 4878 1768 4949 pradicationem

126 4961 235 5020 inutilis
249 4964 300 5020 Dei
315 4980 412 5035 regno,
429 4979 493 5018 cum
511 4965 598 5019 etiam
620 4983 671 5037 per
687 4966 814 5038 ipsorum
833 4970 927 5024 veniat
968 4983 1048 5021 suam
1076 4972 1224 5037 temperat,
1251 4982 1286 5020 nc
1311 4965 1381 5019 sorte
1408 4965 1544 5020 infirmus
1577 4969 1693 5023 auditor
1713 4967 1767 5023 inde

126 5054 309 5126 propaginem
324 5055 520 5124 regeneranda
532 5055 687 5126 generatio,
703 5063 731 5111 ct
752 5057 781 5111 in
799 5058 839 5111 eis
860 5060 928 5113 tolo-
969 5054 1131 5110 scandalum
1157 5060 1251 5109 sumat
1273 5054 1347 5109 unde
1366 5054 1465 5109 debuit
1487 5055 1576 5110 vitam
1600 5057 1723 5111 haunre.
1741 5055 1765 5111 lo

126 5143 222 5198 randis
235 5159 269 5198 ac
283 5141 433 5214 diligendis
447 5143 629 5215 populusliei
650 5145 701 5199 liat
721 5144 866 5214 illustrior,
887 5149 927 5202 di·
969 5145 1120 5200 scrutando
1135 5150 1230 5199 autem
1258 5150 1286 5199 et
1313 5143 1476 5199 meditando
1498 5146 1664 5219 Scripturas
1686 5161 1767 5202 sacras

127 5246 207 5286 scens
220 5230 375 5287 bonitatem
391 5238 420 5287 et
433 5231 600 5305 patientiam
617 5232 651 5287 ab
666 5234 715 5289 illo
730 5235 776 5306 qui
793 5236 865 5306 pluit
880 5254 927 5292 su·
969 5240 1086 5308 oportet
1101 5235 1232 5288 lectorem
1246 5239 1326 5289 cautc
1342 5241 1370 5287 et
1382 5233 1540 5305 prudenter
1551 5253 1649 5308 agere,
1663 5236 1765 5292 neiorta

127 5334 178 5390 per
203 5321 295 5390 justos·
318 5327 347 5376 et
368 5322 497 5393 injustos,
522 5328 551 5378 et
568 5322 656 5377 solem
672 5340 754 5378 suurn
776 5325 843 5379 oriri
862 5326 928 5382 facit
971 5324 1039 5378 velit
1054 5323 1117 5395 plus
1128 5340 1226 5395 sapere
1243 5339 1325 5394 (quam
1341 5328 1452 5395 oportet
1471 5341 1584 5396 sapere,
1611 5327 1660 5382 aed
1680 5339 1765 5398 sapam

128 5423 212 5478 super
225 5409 313 5464 bonos
328 5417 357 5465 et
371 5413 469 5466 malos.
487 5431 501 5465 a
519 5413 588 5467 ltein
601 5412 688 5481 (Seni.
708 5413 751 5473 14)
768 5434 772 5466 ;
789 5435 798 5464 r
818 5415 870 5480 Qui
884 5417 927 5471 di·
971 5414 1005 5467 ad
1021 5412 1202 5466 sobrietatem
1218 5413 1411 5467 ctaacundum
1435 5414 1576 5469 rationem
1597 5416 1672 5471 fidei.
1699 5413 1764 5470 Unde

126 5494 166 5549 cit
179 5496 254 5567 quod
270 5498 319 5567 qui
335 5500 500 5570 erangelicae
514 5501 706 5571 predicationi
727 5519 783 5557 noo
798 5502 925 5568 credunt,
969 5502 1057 5557 etiarn
1072 5501 1222 5573 Sapientia
1236 5518 1286 5572 per
1303 5499 1452 5572 parabolas
1466 5501 1552 5557 docet
1565 5504 1663 5559 dicens
1674 5523 1680 5556 :
1693 5523 1705 5551 e
1719 5499 1762 5557 liei

128 5599 161 5638 ax
181 5582 231 5638 liei
248 5583 492 5656 predestinatione
507 5603 563 5643 non
578 5590 702 5657 credant,
721 5598 748 5648 et
763 5592 837 5666 quod
852 5593 926 5650 Deus
969 5589 1135 5655 «invenisti,
1154 5589 1267 5643 comede
1280 5588 1354 5660 quod
1374 5589 1479 5645 sufficit
1493 5590 1558 5658 tibi,
1583 5592 1710 5652 ne.iorte
1729 5606 1755 5644 sa
