3772 6120
132 256 216 321 tter
642 258 750 322 cista
768 260 815 317 ott
834 260 960 321 SACRIS
979 263 1184 327 contutans,
1205 262 1282 323 HG·
1711 263 1780 326 tito

132 384 644 459 propterpeccatanostradiabolus
666 392 836 455 conregnet
856 387 1070 457 superltsimus
1096 403 1208 459 semper
1236 386 1327 453 liberi,
1351 393 1379 446 et
1403 385 1438 439 ab
1467 386 1544 441 omui
1571 386 1781 458 perturbatione

134 487 214 537 n0s3
232 473 280 526 sed
295 474 382 543 ipsius
396 488 512 543 regnum
527 474 782 541 ailmniat,sicutin
795 475 943 545 Erartgelio
984 477 1085 541 securi,
1106 500 1117 523 r
1141 477 1192 529 hoc.
1211 482 1262 539 est,
1284 482 1315 530 ut
1335 476 1455 547 peccatis
1475 475 1578 529 nostris
1598 475 1730 541 dimissis,
1751 477 1781 530 in

135 562 349 633 scriptumest:
359 567 478 630 llcpmmr
488 566 535 618 Dei
546 569 621 617 intra
634 570 730 616 cereri.
778 565 838 617 l'r'et
850 567 944 619 roltm-
984 565 1115 634 praesenti
1126 565 1226 619 saeculo
1236 583 1292 619 nou
1306 565 1502 635 perturbemur
1512 565 1614 619 iterum
1623 572 1779 635 peccantes,
1832 574 1834 579 ’

136 657 186 703 tus
203 658 251 705 tae
271 656 340 706 sr'cnl
359 656 387 705 ia
413 657 473 707 carlo
495 659 519 705 ct
536 657 565 706 in
581 660 656 706 term
674 673 681 706 .·
699 654 751 706 ltoc
766 658 817 718 est,
835 658 867 706 ut
881 656 943 724 eJus
984 653 1077 707 necin
1098 654 1143 707 die
1160 653 1259 723 judicii
1277 659 1410 708 aeternam
1431 654 1571 724 patiamur
1592 653 1780 724 perturbatio-

136 741 317 794 roluntatem
336 741 408 795 sicut
422 742 472 795 illi.
492 741 539 812 qui
555 743 582 795 in
597 744 666 796 coelo
680 749 759 799 sunt,
773 742 887 801 faciunt,
904 744 943 798 ita
984 758 1058 797 netu.
1071 761 1081 789 a
1097 742 1149 794 l¹er
1160 741 1307 795 Dominum
1324 748 1486 795 nostrum.»
1505 743 1557 794 Der
1572 741 1663 813 ipsum
1674 757 1739 809 ergo
1751 742 1780 794 st·

136 838 170 883 et
186 848 247 889 nos,
263 831 310 901 qui
332 831 359 884 in
378 838 451 884 terra
475 849 581 889 sitinus,
597 832 740 885 faciamus.
756 834 841 885 Terra
862 851 878 885 a
899 839 941 886 te.-
983 829 1052 887 lium
1068 830 1117 887 Dei
1127 831 1216 886 Patris
1231 830 1440 903 otrtnipotentia
1456 830 1480 884 si
1497 830 1531 887 ud
1548 831 1631 885 citam
1647 836 1780 885 aeternam

136 919 232 989 rendo
247 919 359 985 dicitur,
377 937 409 973 eo
425 922 498 989 quod
514 920 629 991 pedibus
643 921 754 975 teritur.
775 925 872 975 laertem
897 939 942 976 no·
983 919 1128 989 pervenire
1157 920 1416 984 desideraverimus,
1447 920 1525 990 regni
1555 919 1673 973 celestis
1701 918 1781 973 nobis

136 1014 234 1060 slrrnn
256 1011 449 1076 errotidr'mmm
478 1011 513 1062 do
541 1012 616 1062 ratim
646 1012 733 1063 leodac.
759 1012 843 1064 ranis
866 1012 940 1082 apud
982 1008 1076 1061 aditus
1090 1007 1285 1078 adipiscendus
1300 1017 1350 1069 est,
1362 1008 1429 1078 quia
1440 1009 1500 1061 sine
1511 1008 1571 1079 ipso
1583 1008 1628 1062 lric
1636 1025 1778 1079 prospere.

137 1096 256 1150 (lraecos
271 1097 299 1149 in
317 1102 410 1151 nostra
420 1098 840 1171 linguaomnisiuterpretatur‚
851 1108 880 1153 et
891 1117 941 1154 tros
983 1101 1011 1150 et
1027 1097 1055 1150 in
1070 1097 1163 1150 futura
1183 1097 1239 1149 rita
1256 1097 1373 1150 feliciter
1394 1114 1458 1151 eum
1472 1098 1576 1151 sanctis
1598 1097 1705 1166 angelis
1720 1099 1781 1166 ejus

138 1193 299 1240 oramusut
310 1187 486 1258 omnipotens
497 1189 580 1245 Pater
594 1206 707 1249 omnem
718 1190 822 1247 rictum
832 1190 943 1260 spirita·
983 1202 1102 1257 rcgnaro
1121 1202 1297 1257 nequaquam
1318 1186 1473 1257 poterimus
1489 1205 1495 1239 :
1513 1187 1579 1256 quia
1594 1187 1653 1257 ipse
1668 1193 1711 1240 est
1727 1186 1780 1239 ini-

139 1274 197 1328 lem
207 1291 241 1327 ac
255 1277 397 1329 ccrtlalctn
409 1276 490 1330 ttobis
511 1278 612 1348 largire
628 1279 760 1349 dignetur
778 1279 854 1332 omni
871 1285 943 1332 tem·
984 1275 1056 1328 tium
1065 1280 1094 1327 et
1104 1275 1236 1347 perlectis
1245 1274 1332 1328 totius
1342 1274 1416 1335 lrorri,
1430 1300 1442 1325 a
1456 1275 1502 1344 qni
1517 1292 1580 1328 cum
1590 1276 1673 1328 Patre
1683 1282 1712 1329 et
1722 1274 1782 1345 Spi-

137 1378 218 1433 pore.
232 1364 264 1415 tr
276 1365 384 1416 ‹lr'nn'llc
401 1366 476 1416 nobit
490 1366 580 1418 drin'ln
596 1372 698 1427 intera,
715 1370 785 1419 n'cat
801 1373 825 1419 cl
841 1384 888 1420 arn
903 1368 944 1419 d'-
984 1364 1042 1416 ritu
1059 1370 1155 1416 sancto
1172 1363 1237 1415 ririt
1252 1370 1281 1416 et
1295 1370 1394 1431 regirat
1415 1364 1489 1418 Deus
1509 1380 1559 1433 por
1573 1363 1667 1416 omnia
1680 1363 1782 1418 saecula

140 1454 246 1504 mittini
253 1469 282 1503 nr
293 1453 458 1505 do'n'toribar
467 1458 576 1506 man-tr.
585 1455 658 1507 Nilril
670 1455 744 1508 enim
754 1456 858 1525 injuste
867 1456 940 1515 l'acit,
985 1453 1159 1505 saeculorum.
1170 1452 1266 1504 »Tunc
1277 1452 1407 1505 sacerdos
1417 1469 1513 1521 pacem
1525 1453 1626 1522 popule
1637 1453 1781 1523 postulans

139 1539 189 1608 qui
213 1539 268 1593 sibi
290 1539 403 1599 debenti
425 1541 550 1599 debitum
573 1543 713 1614 requirit:
735 1545 783 1599 sed
807 1544 832 1597 si
855 1545 944 1604 omni-
984 1539 1074 1594 dicit:
1095 1543 1151 1594 l’ur
1170 1542 1283 1594 llonn'rn'
1303 1544 1337 1593 rit
1358 1557 1461 1608 rctnpcr
1486 1543 1631 1595 rotimum.
1654 1540 1782 1595 Christus

139 1632 244 1697 potens
255 1628 331 1681 Deus
350 1646 367 1682 a
386 1629 466 1682 nobis
480 1630 574 1684 onmia
593 1631 687 1685 debita
707 1633 833 1703 requirit,
850 1633 943 1686 nullus
985 1629 1060 1681 enim
1070 1634 1112 1681 est
1127 1645 1178 1697 pax
1193 1634 1307 1685 retorna,
1320 1629 1428 1698 quinos
1444 1629 1630 1682 recemciliarit
1643 1629 1719 1682 Patri
1732 1646 1782 1699 per

139 1717 202 1771 sine
222 1716 318 1771 debito
337 1717 503 1779 invenietur,
525 1720 586 1772 ideo
613 1720 748 1775 «letemus
769 1721 941 1777 ‹lelritoribus
952 1717 973 1774 lt
981 1718 1139 1790 passionem
1159 1734 1247 1775 surana
1266 1735 1301 1769 nte
1324 1724 1437 1787 propter
1460 1723 1603 1787 pecccatum
1628 1718 1711 1788 primi
1735 1720 1782 1772 lto·

139 1806 248 1859 nostris
267 1806 361 1859 debita
374 1807 526 1869 dimittere,
544 1815 575 1862 ut
601 1809 679 1862 nobis
695 1810 878 1880 Ornnipotens
895 1828 942 1865 no·
983 1807 1067 1860 urinis
1089 1806 1240 1859 ininferna
1261 1812 1439 1859 tenerentur:
1462 1807 1506 1860 hic
1522 1813 1584 1860 orm
1602 1807 1730 1860 sacerdes
1751 1815 1783 1861 ut

138 1904 200 1947 stra
213 1894 349 1956 dimittat,
366 1896 431 1966 quia
447 1897 506 1967 ipse
520 1897 589 1950 dixit
606 1917 611 1949 :
630 1899 685 1952 «Si
706 1916 762 1955 non
777 1900 942 1954 retuiseritis
983 1896 1031 1951 illa
1044 1912 1097 1965 par
1108 1912 1170 1948 cum
1181 1896 1284 1965 populo
1301 1902 1473 1965 pemmneat,
1485 1904 1513 1948 ct
1523 1912 1620 1949 omnes
1630 1897 1782 1950 concordes

137 1983 337 2054 unusquisque
363 1984 442 2037 tratri
467 2002 517 2039 suo
541 1986 575 2039 de
602 1987 731 2042 cordibus
752 1989 868 2042 restris:
891 2006 942 2044 uec
983 1984 1074 2048 faciat,
1093 1991 1123 2038 ut
1149 1985 1261 2054 pacilice
1282 2001 1346 2037 cum
1362 1984 1472 2037 Christo
1491 2001 1649 2037 mereamur
1665 1985 1693 2038 in
1711 1986 1780 2039 coelo

136 2072 227 2125 Pater
243 2078 334 2126 restet·
350 2074 470 2126 celestis
491 2075 617 2128 remittet
631 2076 706 2129 robis
722 2084 836 2147 peccata
849 2084 942 2133 restra
982 2090 1109 2143 regnare.
1126 2074 1160 2127 Et
1182 2073 1243 2125 idco
1267 2080 1333 2126 tunc
1354 2072 1489 2126 fitciamus
1511 2090 1607 2143 pacem
1628 2079 1778 2144 antequam

136 2160 399 2227 (attitulandum).
415 2163 559 2216 ‚retaliet
577 2165 941 2237 «deferunturdnquitde
982 2179 1082 2232 corpus
1109 2169 1137 2215 et
1163 2162 1327 2231 sanguinem
1361 2161 1470 2214 Domini
1493 2179 1637 2229 sumanus,
1664 2170 1695 2215 ut
1716 2179 1779 2216 cunt

135 2265 227 2317 tegno
252 2250 313 2318 ejus
337 2251 431 2304 omnia
449 2252 580 2305 scandala
602 2255 707 2310 tllalllt.
729 2272 783 2318 xm,
806 2256 859 2317 tn.
880 2280 890 2301 n
908 2256 941 2308 Et
983 2251 1132 2304 concordia
1146 2268 1246 2320 corpus
1261 2257 1289 2303 et
1304 2250 1470 2319 sartgumem
1486 2250 1595 2304 Domini
1613 2250 1701 2304 nostri
1713 2252 1778 2304 lesu

134 2337 265 2395 iterum:
282 2338 456 2406 Sacrificima
473 2358 529 2397 nou
546 2344 719 2409 recipiturri
735 2345 941 2398 contrectandam
983 2339 1087 2395 Christi
1110 2341 1138 2394 in
1158 2357 1273 2410 corpora
1294 2345 1391 2395 nostra
1414 2339 1607 2409 suscipiamus
1632 2339 1699 2410 quia
1719 2340 1780 2393 sine

133 2430 264 2494 offertur,
296 2428 344 2481 sed
373 2436 438 2485 ante
467 2430 555 2483 altare
581 2431 685 2485 dimitti
710 2431 826 2501 jubetur
852 2449 941 2502 usque
982 2429 1131 2483 concordia
1146 2429 1289 2497 digmuon
1303 2446 1399 2483 suiuus
1413 2435 1540 2482 sanctem
1554 2428 1780 2481 communionem

134 2514 204 2571 dum
221 2515 417 2572 reconcilietur
430 2516 509 2572 fratri
525 2536 585 2584 suo,
600 2526 630 2573 et
644 2527 711 2574 tunc
726 2520 820 2575 ollerri
836 2521 940 2578 inundo
983 2518 1116 2588 accipere,
1135 2519 1201 2589 quie
1218 2535 1336 2573 munera
1351 2526 1446 2573 nostm
1460 2520 1483 2572 si
1503 2518 1671 2573 discordiam
1694 2519 1781 2572 hahe-

134 2604 233 2659 corde
260 2606 291 2657 et
321 2621 353 2658 ac
381 2624 427 2658 nos
458 2609 573 2660 inimus
602 2611 632 2663 in
660 2612 855 2673 tertianorum,-
888 2610 941 2665 hoe
982 2624 1045 2662 mus
1067 2624 1130 2662 cum
1155 2607 1287 2677 proximis
1311 2607 1423 2670 nostris,
1446 2614 1597 2678 antequam
1617 2608 1780 2662 reconcilie-

135 2700 189 2757 est,
216 2709 254 2747 ne
283 2692 420 2749 intremus
445 2695 475 2749 in
506 2696 582 2752 illam
609 2698 794 2753 tentationem
823 2699 853 2755 in
884 2715 941 2768 qua
982 2713 1055 2760 mur,
1073 2713 1091 2749 a
1105 2697 1162 2751 Deo
1176 2695 1425 2766 nonrecipiuntur.
1442 2697 1520 2751 Tunc
1534 2703 1596 2750 orat
1611 2697 1701 2751 clerus
1716 2713 1781 2751 can-

134 2781 269 2839 diabolus
295 2799 345 2838 nos
377 2790 476 2847 tentat,
510 2791 539 2837 et
571 2786 596 2839 ei
630 2803 686 2841 iton
719 2788 937 2852 consentiamus,
980 2786 1308 2854 tand0:.tpmrsl)etqm'
1323 2788 1396 2839 tollis
1410 2791 1517 2852 peceato
1533 2788 1640 2850 inuit-li,
1655 2789 1782 2839 mirerere

134 2870 183 2925 seo
200 2870 340 2929 Dominus
363 2872 421 2945 ipse
438 2890 487 2926 nos
510 2873 650 2939 defendat,
668 2891 703 2931 ne
725 2875 893 2931 inducamur
911 2877 940 2932 in
982 2877 1068 2928 tretis.
1079 2875 1136 2940 Apa
1143 2892 1173 2928 nr
1183 2873 1287 2931 dicitur
1297 2880 1411 2945 propter
1421 2874 1620 2937 innocentiam,
1635 2875 1702 2945 quia
1711 2874 1780 2927 nulli

135 2958 325 3015 tentationem
337 2960 520 3017 diabolicam:
538 2963 646 3037 quodsi
662 2980 712 3018 nos
726 2965 801 3019 Deus
811 2964 938 3029 dimittit,
981 2962 1127 3021 hominum
1141 2979 1192 3017 nec
1207 2962 1361 3019 bestiarum
1373 2969 1463 3023 necet.
1473 2963 1522 3017 sed
1533 2964 1684 3017 occisorem
1699 2979 1780 3017 suum

135 3048 235 3105 statim
260 3049 466 3105 introducimur
484 3051 513 3107 in
534 3052 664 3123 laqueum
687 3052 809 3111 diaboli;
829 3059 857 3107 et
877 3038 1045 3122 ideoflpost
1067 3052 1232 3106 occisionem
1252 3069 1332 3106 suem
1348 3052 1455 3111 reiicit:
1473 3052 1555 3106 itaet
1574 3052 1703 3106 Christus
1718 3053 1781 3106 nul-

136 3137 315 3208 postulamus
335 3144 366 3192 ut
380 3138 438 3209 ipse
460 3156 510 3193 nos
525 3140 624 3195 liberet
642 3158 659 3193 a
680 3142 764 3206 mulo,
782 3143 834 3196 hoc
850 3147 892 3197 est
906 3141 940 3197 ab
982 3141 1040 3195 lum
1057 3140 1136 3200 lesit,
1153 3140 1227 3195 sicut
1241 3143 1384 3211 apostolus¹
1408 3141 1497 3195 dixit:
1516 3161 1527 3192 ι
1544 3141 1616 3204 Quin
1637 3147 1781 3210 peccatum

136 3226 214 3284 omni
228 3225 443 3297 impugnatione
453 3228 566 3284 diaboli.
588 3232 681 3285 Libere
697 3248 754 3295 reor,
771 3248 937 3301 (pararemus,
983 3247 1038 3284 non
1052 3230 1125 3291 lecit,
1140 3246 1189 3284 nec
1204 3229 1333 3285 intentus
1348 3234 1391 3283 est
1403 3230 1484 3284 dolus
1499 3230 1528 3282 in
1543 3247 1590 3283 ore
1601 3231 1662 3299 ejus
1675 3231 1699 3293 ll
1707 3232 1779 3284 l’ctr.

139 3316 263 3379 Domine,
280 3318 455 3370 atoniacam
473 3321 553 3371 nrrt'r'r
579 3322 737 3389 prr'rxritis,
760 3323 939 3389 presentibus
982 3336 1007 3383 n,
1021 3318 1095 3386 to.»
1113 3319 1166 3373 bed
1180 3325 1244 3388 post
1262 3335 1421 3389 passionem
1436 3336 1526 3375 suain,
1547 3336 1693 3372 ttorrrersos
1715 3336 1780 3389 per·

139 3409 161 3456 rt
174 3406 297 3471 statueris:
318 3404 369 3457 hoc
387 3403 416 3460 in
436 3406 487 3459 hac
505 3424 585 3478 prece
602 3409 732 3478 postulat,
756 3414 788 3462 ut
808 3409 868 3480 ipse
890 3426 940 3465 nos
982 3414 1123 3461 secutores
1139 3424 1203 3460 suos
1220 3408 1322 3460 nndtos
1344 3423 1393 3476 per
1406 3412 1533 3461 sanctam
1554 3408 1781 3462 eorrnnunionem

140 3490 316 3549 :rhenonibus
331 3493 412 3547 malis
426 3493 533 3560 liberet,
552 3496 599 3567 qui
615 3514 664 3551 nos
680 3496 766 3551 lanios
781 3504 809 3550 et
820 3497 940 3553 mundns
981 3496 1105 3567 eorporis
1120 3501 1148 3548 ct
1169 3495 1313 3564 sttttguinie
1328 3495 1372 3551 sui
1392 3495 1488 3549 ret'ecit
1501 3502 1530 3549 et
1544 3496 1689 3549 credentes
1705 3496 1779 3549 lecit.

140 3580 255 3648 crearit,
272 3581 300 3635 in
316 3599 371 3655 quo
387 3584 495 3637 nullum
511 3592 553 3638 est
567 3586 683 3641 malum.
702 3587 847 3639 Praeterita
863 3594 937 3651 sunt,
982 3585 1043 3655 lpse
1057 3584 1122 3638 tulit
1136 3590 1248 3654 peecata
1260 3583 1366 3645 aruitdi,
1381 3583 1493 3652 ‹puttado
1508 3583 1700 3636 remissionem
1717 3601 1781 3653 pee-

142 3686 199 3741 quae
205 3671 343 3741 jamenu».
354 3679 499 3743 peccantes
508 3675 707 3729 commisinms.
720 3682 747 3729 ot
758 3675 819 3728 idem
830 3675 940 3745 flagella
981 3682 1107 3727 catorum
1119 3672 1199 3725 eteritis
1214 3672 1300 3735 dedit,
1311 3671 1377 3741 quia
1392 3677 1457 3725 ante
1468 3672 1627 3740 passionem
1642 3673 1703 3739 ejus
1710 3672 1781 3741 justi

141 3759 323 3817 sustinemus.
338 3761 488 3816 Ptmsentia
499 3771 566 3831 sulit
581 3780 641 3834 queo
657 3764 781 3835 quotidie
792 3764 941 3818 committi·
982 3768 1011 3815 et
1020 3770 1177 3832 peccatores
1186 3761 1214 3814 iu
1226 3760 1366 3815 laternum
1376 3760 1588 3813 descenderunt.
1602 3761 1634 3814 lit
1644 3759 1673 3814 in
1686 3761 1782 3814 Veteri

141 3863 210 3911 mus.
232 3849 330 3903 lutura
348 3856 413 3905 sunt
428 3868 489 3922 «puae
503 3852 593 3905 adium
610 3852 720 3906 ‹liaoolo
733 3854 870 3907 suadente
889 3854 939 3907 ad-
981 3850 1162 3907 Testamenta
1177 3849 1370 3905 remissionem
1394 3856 1572 3919 peccatorum
1587 3865 1726 3919 nusquam
1741 3850 1781 3903 le-

139 3937 234 3995 tetrice
256 3952 384 4009 possunt.
411 3940 443 3995 'e't
468 3941 530 3997 ideo
555 3959 668 3997 aramus
698 3948 729 3997 nt
750 3943 785 3997 ab
810 3942 939 3999 mnitibus
979 3939 1224 4010 gneus-,ohanne
1242 3956 1305 3992 rero
1325 3937 1667 4008 pampanianum
1691 3939 1781 3992 solum

136 4021 302 4086 liberemur.
328 4027 393 4096 quia
414 4035 479 4084 erate
500 4038 679 4100 conspectum
703 4030 753 4085 Dei
778 4032 855 4087 nulla
873 4037 940 4087 sunt
980 4029 1089 4084 reniam
1108 4035 1296 4098 peccatorum,
1309 4028 1358 4082 sed
1374 4028 1459 4083 etium
1473 4027 1608 4093 uuttdium
1624 4026 1704 4081 nobis
1719 4044 1782 4098 pro·

132 4113 284 4181 preterita
292 4130 343 4169 nec
350 4114 514 4171 suturalsed
526 4117 620 4172 orrtnia
629 4125 696 4173 eunt
704 4120 861 4190 prasentia.
873 4142 885 4174 e
898 4123 940 4177 ln·
981 4118 1058 4173 misit
1072 4118 1239 4188 angelicum,
1251 4117 1360 4173 iliceos:
1377 4140 1387 4164 υ
1402 4117 1543 4174 Gaudium
1557 4117 1716 4172 eritcorarn
1731 4132 1781 4170 an·

131 4202 299 4257 tercedontc
313 4219 362 4274 pro
378 4203 458 4259 nobis
474 4204 555 4259 binata
570 4212 598 4260 et
617 4206 741 4277 gloriosa
758 4225 870 4279 semper
883 4209 939 4266 rir-
980 4207 1049 4277 gelis
1062 4207 1113 4264 Dei
1132 4224 1216 4277 super
1230 4223 1286 4261 uuo
1299 4212 1444 4276 peccatore
1470 4206 1664 4276 poenitentiam
1680 4211 1782 4275 egerim

122 4292 200 4359 gine.
226 4291 279 4347 Dei
306 4292 441 4361 genitrice
456 4294 544 4350 Maria
564 4301 592 4348 et
608 4295 697 4351 lentis
720 4297 853 4367 apostolis
883 4299 939 4353 tuis
982 4298 1055 4361 (tac.
1073 4313 1118 4360 nr,
1136 4298 1171 4351 ii.
1193 4297 1289 4366 Ipsum
1312 4295 1466 4359 Christum,
1483 4295 1530 4365 qui
1551 4302 1594 4351 est
1614 4297 1710 4365 Agnus
1731 4294 1781 4348 Dei

127 4375 222 4434 Petro
232 4386 263 4432 et
276 4379 364 4435 Paulo
378 4386 462 4453 atque
476 4382 598 4437 Andrea.
615 4406 626 4439 r
643 4384 806 4441 lurocamus
817 4385 896 4441 nobis
911 4386 940 4441 in
952 4359 1113 4441 Dinnocens
1128 4383 1176 4455 qui
1189 4402 1288 4454 passus
1303 4392 1346 4439 est
1361 4400 1411 4454 pro
1424 4384 1515 4438 salute
1532 4383 1639 4445 mundi,
1657 4383 1780 4452 petimus

118 4466 313 4539 adjutorium
332 4469 383 4523 Dei
406 4471 580 4537 genitricem,
607 4489 668 4542 quae
696 4473 773 4543 virgo
797 4474 850 4529 t'uit
874 4480 940 4530 aitte
982 4479 1013 4529 ut
1027 4474 1194 4529 misereatur
1212 4474 1300 4528 nostri
1315 4473 1593 4527 dicentes:.llimrrc
1609 4471 1775 4524 nobinNam

119 4557 353 4629 patruini-iege
370 4558 505 4629 inportu,
521 4560 599 4629 rimo
616 4564 941 4635 postpm·tum,etbeati
983 4579 1072 4631 agnus
1090 4563 1117 4619 iu
1138 4562 1232 4617 Veteri
1252 4562 1432 4619 Testtruento
1461 4577 1511 4629 pro
1534 4559 1656 4629 peccetis
1682 4560 1777 4631 populi

115 4645 270 4721 apostoli.
287 4648 335 4717 qui
359 4646 438 4703 nobis
457 4649 514 4703 lnec
541 4649 674 4719 mysteria
693 4650 860 4709 celebranda
882 4660 940 4707 tra-
983 4651 1159 4713 ollerebatur,
1169 4656 1198 4704 et
1211 4650 1240 4707 in
1254 4651 1330 4705 Nero
1341 4651 1522 4705 Testamenta
1537 4649 1667 4703 Christus
1681 4654 1781 4704 semet

117 4731 331 4788 dicerentur
354 4734 528 4791 intercedant
552 4755 602 4809 pro
623 4737 712 4797 nolin.
729 4739 795 4809 quie
814 4756 864 4794 uos
887 4740 940 4812 ipsi
981 4740 1073 4811 ipsum
1088 4740 1189 4794 obtulit
1207 4740 1265 4793 Deo
1283 4738 1369 4797 Petri,
1389 4744 1421 4793 ut
1443 4754 1533 4806 genus
1553 4738 1709 4793 humanum
1730 4754 1780 4808 per

118 4820 216 4895 digni
236 4838 293 4879 non
313 4838 410 4879 sumus
426 4825 459 4877 dc
483 4826 632 4896 preteritis
647 4844 679 4881 oe
694 4828 878 4899 presentibus
893 4847 940 4883 ee·
982 4829 1140 4900 passionem
1151 4845 1231 4885 suain
1246 4827 1379 4907 liberaret
1393 4844 1411 4881 a
1425 4832 1547 4897 peccato.
1564 4827 1598 4881 Et
1609 4827 1671 4882 ideo
1681 4829 1778 4896 Agnus

119 4910 216 4966 niam
232 4913 397 4982 promereri,
415 4930 522 4970 necnon
544 4916 578 4971 de
597 4915 699 4972 futuris
718 4918 867 4982 cautelam,
884 4918 938 4973 nisi
981 4917 1031 4973 Dei
1046 4925 1113 4975 tunc
1128 4917 1247 4981 canitur,
1260 4917 1371 4987 quando
1385 4932 1485 4987 corpus
1496 4922 1523 4970 et
1538 4916 1652 4983 centenis
1668 4916 1779 4970 Domini

121 4999 220 5054 nobis
231 5017 329 5057 eorum
344 5001 471 5059 oratione
486 5004 614 5061 donetur.
627 5007 689 5061 lam
704 5007 845 5061 oravimus
860 5014 892 5062 ut
905 5008 938 5061 li·
981 5007 1143 5079 paercipitur,
1166 5013 1198 5061 ut
1225 5024 1323 5061 omnes
1343 5006 1490 5061 credamus
1510 5005 1577 5075 quia
1599 5004 1687 5075 ipsius
1707 5004 1781 5073 Agni

124 5082 301 5145 beremura
316 5090 407 5153 malis,
425 5109 497 5148 nunc
522 5110 645 5157 oramus,
662 5101 693 5149 ut
714 5096 855 5166 praedictis
873 5114 939 5153 san·
982 5113 1082 5168 corpus
1096 5104 1125 5151 et
1140 5096 1255 5166 sanguis
1268 5104 1334 5150 tuuc
1349 5095 1479 5153 sumitur.
1492 5093 1539 5164 qui
1555 5099 1669 5164 peccam
1683 5093 1781 5147 mundi

127 5177 190 5232 ctis
210 5178 460 5237 interveniorum:
471 5182 529 5256 ipso
544 5183 628 5239 donet
639 5200 771 5254 praeeunt
791 5186 831 5241 De
845 5186 940 5258 prepi·
982 5186 1048 5240 tulit
1068 5185 1220 5241 moriende.
1246 5185 1280 5241 tt
1305 5184 1389 5238 ritem
1410 5190 1543 5238 aeternum
1564 5181 1644 5238 nobis
1666 5182 1782 5236 donarit

131 5266 197 5320 tius
213 5284 310 5337 pacem
324 5267 354 5321 in
369 5268 467 5322 dietas
482 5273 594 5337 nostris,
608 5296 616 5320 ι
631 5274 678 5347 qui
688 5280 787 5349 potens
798 5293 827 5332 es
838 5294 855 5330 a
867 5276 942 5331 malo
983 5274 1163 5345 resurgendo.
1188 5274 1268 5333 iesus
1295 5273 1423 5328 Christus
1448 5272 1583 5327 Dominus
1606 5275 1711 5336 noster,
1732 5272 1782 5342 qui

134 5367 192 5408 nos
208 5354 338 5420 liberare,
351 5374 447 5428 pacem
458 5359 539 5413 nobis
554 5361 590 5414 da
600 5379 617 5414 a
629 5363 709 5417 malis
724 5364 893 5428 hominibus,
906 5381 941 5418 ne
983 5381 1046 5421 cum
1059 5364 1141 5418 Patre
1164 5364 1192 5416 'm
1215 5361 1323 5419 unium
1342 5361 1462 5431 Spiritus
1487 5361 1576 5417 sancti
1604 5360 1670 5415 ririt
1688 5366 1717 5415 et
1736 5377 1781 5415 re·

137 5444 285 5514 patiamur
299 5447 410 5517 tlagella
426 5465 533 5503 eorum.
547 5471 557 5500 i
570 5451 607 5504 Ut
616 5469 667 5523 ope
679 5453 877 5509 misericordiae
887 5460 942 5509 ture
982 5460 1053 5525 gnat
1067 5453 1141 5509 Deus
1156 5469 1205 5527 per
1220 5450 1314 5505 omnia
1327 5450 1429 5505 saecula
1443 5450 1619 5515 surculorum,
1636 5467 1729 5507 ntueu.
1747 5451 1782 5504 Et

141 5532 248 5602 adjuta
264 5552 278 5588 r
290 5534 343 5589 hoc
353 5542 405 5600 est,
414 5543 445 5592 ut
458 5538 505 5592 Dei
511 5537 652 5607 adjutorio
664 5539 754 5610 adjuti
761 5559 769 5606 ;
780 5559 817 5594 aa
831 5548 943 5612 peccato
985 5547 1048 5614 post
1062 5540 1176 5595 missam
1192 5541 1312 5608 smitam,
1328 5537 1397 5595 dicit
1410 5539 1544 5594 diaconus
1567 5540 1601 5595 ad
1621 5541 1755 5612 populum
1773 5557 1779 5593 :
