3772 6120
915 260 922 283 t

118 342 148 394 ll
415 338 445 390 Β.
466 334 602 390 RABANI
621 329 737 386 MAURI
755 329 924 385 ARCHIEP.
944 328 1106 385 nouum.
1128 326 1277 383 Orraon
1295 324 1388 383 PARS
1407 325 1456 382 Ill.
1719 324 1754 381 72

118 465 203 519 sciret
215 464 306 518 adhuc
319 466 446 530 tempera
462 473 617 528 superesse,
633 457 681 511 sed
696 458 779 511 aliter
793 456 945 516 scriberet
955 454 1366 517 aniurunrattoller·e‚uttamen
1373 467 1519 523 nunquam
1527 451 1638 504 desinat
1644 466 1756 505 summa

119 570 174 609 ηοη
190 553 288 608 debuit
301 557 414 622 propter
429 548 489 611 hes,
507 546 553 617 qui
574 546 672 600 leet-uri
692 546 749 599 brec
769 552 834 599 sunt
849 553 916 599 tunc
956 544 1116 608 formidare,
1137 542 1183 596 ubi
1204 549 1269 613 epte
1287 542 1371 613 paulo
1391 547 1454 612 post
1468 539 1592 594 subdidit
1607 558 1612 590 :
1629 541 1756 593 Praetem't

118 661 183 698 cum
191 641 323 713 perbreve
329 636 593 708 supereritternpus.
601 651 636 688 ne
642 635 825 705 semperdum
833 634 916 703 longe
956 636 1030 687 raim
1045 636 1136 700 sipara
1147 633 1231 700 lirrjrts
1242 633 1352 697 terrendi,
1359 648 1391 684 ac
1398 631 1421 683 si
1429 637 1525 700 aperte
1537 628 1652 694 diceret,
1663 628 1756 682 Nolite

119 750 179 786 esse
194 734 340 801 putaretur
357 726 417 780 dics
434 724 542 794 judicii.
555 729 604 776 aut
620 740 676 777 nan
691 724 849 782 timeretur,
867 727 916 776 aut
956 726 1117 775 constanter
1137 720 1274 773 reundum
1294 718 1549 790 dilige1·e‚quando
1570 725 1600 772 et
1620 718 1679 788 ipse
1700 734 1756 770 nou

119 821 219 874 falsum
235 835 295 871 esse
313 815 509 870 estimaretur.
528 812 599 866 illud
614 819 709 865 auteur
727 812 800 882 quod
814 811 917 865 dicitur
957 816 1049 879 potest
1063 817 1137 862 stare
1152 825 1235 878 (luem
1248 808 1374 877 diligitis,
1392 808 1591 862 incussurncor
1604 807 1685 877 quasi
1700 822 1758 859 ma-

119 925 181 962 cum
203 907 294 960 adhuc
322 905 403 973 longe
419 903 464 961 sit,
480 900 627 954 imminere
648 901 768 953 multum
787 900 914 970 proticit;
957 898 1035 951 nenti
1056 898 1150 967 regitis,
1168 898 1235 951 dum
1255 897 1328 967 tagit
1346 898 1407 968 ipse
1428 914 1511 967 quem
1526 896 1637 950 amatis.
1654 897 1689 950 Et
1709 898 1759 963 prii

119 1005 256 1051 terrorem
270 993 345 1047 enim
358 991 460 1045 incutit
471 991 506 1043 ad
518 989 663 1042 meliorem
678 989 763 1041 sitnm
778 989 916 1057 agendam
956 991 1022 1057 fleat
1038 993 1172 1055 tortarium
1185 1003 1240 1040 iren
1253 990 1357 1056 flenter.
1371 985 1624 1053 (Arubr.)Scientcs
1639 984 1715 1037 enim
1730 984 1760 1037 in

119 1083 288 1139 horninibus.
306 1080 431 1150 Denique
450 1079 495 1131 liic
514 1077 688 1148 inpraesenti
704 1094 788 1147 quam
805 1076 915 1130 solliciti
958 1075 1084 1144 proximo
1104 1077 1189 1128 tinem
1213 1074 1311 1128 muudi
1335 1090 1399 1127 uror
1419 1073 1639 1127 corisolationem
1660 1088 1760 1126 eorum

119 1179 186 1229 sunt
203 1172 242 1238 hi,
259 1171 306 1241 qui
325 1169 400 1239 apud
416 1167 525 1237 judices
542 1165 722 1236 habeantque
741 1171 835 1234 rigant,
853 1181 917 1218 cum
957 1163 1091 1225 futuram,
1107 1163 1154 1233 qui
1175 1179 1224 1233 pro
1239 1162 1289 1217 Dei
1302 1163 1414 1232 justitia
1428 1163 1499 1216 sorte
1512 1167 1690 1233 premuntur,
1706 1161 1759 1215 hec

120 1257 428 1316 actorumdiesdicitur
439 1254 606 1309 imminere?
621 1253 916 1324 liocsonathiaquod
958 1267 1007 1322 spe
1025 1252 1100 1305 inter
1114 1268 1161 1306 eos
1181 1252 1360 1305 consolentur
1377 1268 1416 1316 se,
1436 1252 1470 1306 Ut
1483 1255 1533 1319 prii
1550 1253 1671 1317 pandent
1694 1255 1758 1303 taa-

120 1351 176 1406 alio
187 1351 216 1404 in
229 1350 288 1402 loeo
299 1346 379 1400 dicit:
390 1344 638 1407 l'tscductore.r,srd
647 1342 860 1407 rerercstlltlor.
869 1344 914 1410 rr).
958 1357 1042 1408 quom
1059 1357 1113 1394 noa
1128 1343 1283 1407 policrates.
1297 1341 1330 1394 In
1342 1340 1474 1411 presenti
1485 1340 1560 1395 enim
1575 1340 1623 1410 qui
1633 1339 1760 1410 gaudent

159 1441 189 1494 Ut
203 1440 288 1505 etqui
301 1437 399 1489 halent
416 1449 521 1496 ratores,
537 1436 576 1486 ito
592 1435 649 1485 sint
662 1448 695 1485 ec
708 1435 733 1485 si
749 1448 803 1485 aon
819 1432 918 1484 hoben-
959 1429 1048 1483 sciant
1077 1446 1140 1482 mor
1162 1430 1269 1483 luctum
1293 1433 1456 1491 maturum,
1485 1429 1525 1483 ois
1554 1428 1683 1482 ride-licet
1710 1427 1759 1498 qui

122 1535 167 1583 ter.
183 1527 255 1592 (luia
269 1525 345 1578 cuim
360 1522 457 1577 mundi
472 1522 536 1575 finis
551 1521 580 1574 in
594 1520 721 1590 proximo
737 1526 787 1583 est,
799 1536 855 1573 non
869 1520 918 1572 de·
960 1518 1064 1572 mundo
1078 1519 1210 1588 gaudent,
1227 1518 1401 1587 ambigentes
1416 1518 1450 1571 dc
1469 1518 1519 1572 Dei
1531 1518 1647 1588 judicio.
1665 1518 1698 1570 Et
1710 1518 1760 1584 qai

121 1616 187 1670 bere
202 1616 234 1669 ad
251 1612 444 1685 generandum
460 1627 520 1663 csse
531 1609 673 1675 sollicitos,
686 1625 776 1678 usque
790 1608 825 1661 ad
836 1624 920 1661 usum
960 1612 1055 1661 eruant
1067 1613 1200 1675 terronam.
1216 1623 1272 1661 non
1276 1609 1450 1676 possidentes.
1461 1608 1613 1661 Credentes
1624 1605 1701 1659 enim
1711 1603 1759 1676 qui

121 1706 214 1776 ipsum
229 1703 348 1761 deditos,
359 1706 391 1754 ut
402 1699 597 1770 propensiores
607 1704 636 1751 et
646 1697 802 1767 vigilantes,
815 1697 844 1750 in
853 1696 921 1750 diri·
962 1701 1059 1749 emunt
1069 1712 1185 1765 parvum
1200 1701 1312 1766 tempus
1322 1712 1469 1767 superesse
1479 1696 1593 1760 mundo,
1605 1695 1646 1748 sic
1659 1699 1758 1764 agunt.

122 1794 165 1847 nis
179 1792 309 1863 operibus
324 1789 468 1844 exercitati
478 1788 551 1841 eirca
561 1803 657 1841 euram
672 1787 741 1855 legis
755 1778 952 1839 inunincnteB
961 1790 993 1838 ut
1008 1802 1063 1839 non
1074 1802 1185 1838 omnem
1196 1785 1329 1839 curamin
1342 1785 1436 1838 recito
1448 1785 1574 1855 paritura
1584 1784 1759 1854 impendant,

122 1881 217 1952 prelio
227 1884 393 1951 repugnent.
401 1879 542 1931 Pressura»
553 1875 628 1929 enim
639 1880 731 1940 eraut,
744 1874 840 1945 ‹puales
850 1890 920 1927 uuu-
960 1873 1050 1941 nragis
1060 1880 1154 1927 autem
1165 1890 1261 1927 curam
1273 1873 1374 1928 anima
1389 1891 1446 1928 suec
1459 1880 1560 1943 gerant
1569 1889 1653 1943 quem
1669 1872 1763 1926 sciunt

123 1986 207 2041 quam
223 1969 345 2030 fuerunt,
361 1973 390 2020 et
402 1965 483 2019 multi
497 1964 588 2018 casuri
599 1963 703 2017 suntin
711 1962 844 2032 laqueum
858 1963 919 2016 dia-
960 1968 1104 2016 aeternam.
1119 1964 1151 2015 Et
1166 1965 1216 2031 qui
1232 1968 1356 2016 otiantur
1370 1965 1419 2017 troc
1430 1966 1537 2027 seculo,
1554 1968 1689 2031 torinnam
1705 1978 1761 2015 ηοη

122 2059 188 2114 boli.
201 2057 328 2127 Denique
339 2056 432 2109 nullus
446 2061 574 2107 nostrum
588 2053 647 2105 ralt
660 2057 788 2121 tempore
802 2067 852 2105 suo
863 2052 920 2105 liaeo
962 2056 1090 2104 uteretur.
1109 2052 1215 2118 (Greia.)
1231 2051 1261 2105 Id
1277 2057 1328 2113 est,
1344 2058 1377 2105 ut
1398 2068 1454 2105 nou
1473 2056 1645 2122 praesumant
1657 2051 1693 2104 de
1708 2067 1761 2104 usu

123 2146 277 2217 provenire
290 2145 393 2198 timens
405 2142 568 2213 predicatus
583 2157 600 2193 a
613 2141 750 2194 salvatore
765 2156 918 2210 pressuras.
962 2138 1022 2204 hoc,
1036 2139 1083 2210 qui
1099 2140 1153 2193 cito
1169 2138 1270 2210 peribit
1284 2146 1431 2194 corruente
1443 2141 1563 2206 mundo;
1575 2140 1645 2193 emit
1654 2144 1760 2205 autem,

124 2237 189 2290 ideo
202 2235 275 2288 sicut
287 2232 368 2287 nobis
382 2237 522 2301 optamus,
537 2230 716 2283 consulamus
730 2235 758 2281 et
772 2228 843 2282 aliis,
860 2235 891 2282 ut
904 2245 922 2282 a
962 2229 1009 2282 sed
1025 2229 1105 2298 quasi
1128 2246 1184 2283 non
1207 2229 1361 2299 possidens,
1379 2229 1426 2299 qui
1445 2236 1474 2282 et
1493 2229 1528 2282 ad
1548 2245 1630 2283 usum
1649 2235 1764 2282 terrena

123 2316 921 2395 generationenossrliorummultorumabstinearnusplus
963 2324 1110 2389 praeparat,
1122 2323 1256 2372 ettamen
1267 2323 1350 2371 cauta
1365 2317 1534 2387 cogitatione
1549 2317 1682 2388 praevidet
1690 2317 1764 2388 quod

123 2411 244 2466 ‹nationi
260 2416 289 2464 et
302 2409 352 2464 Dei
367 2407 494 2462 sern'ituti
510 2406 637 2476 sabjecti,
653 2406 837 2476 prandentes
846 2405 922 2459 diem
963 2406 1021 2460 heec
1035 2406 1117 2459 citius
1131 2406 1287 2477 relinquat3
1305 2407 1388 2460 morlo
1403 2423 1513 2477 quoque
1528 2404 1764 2476 utitursedquasi

122 2501 230 2571 Judicii,
258 2516 293 2553 ue
317 2504 346 2552 et
371 2513 421 2551 nos
445 2496 533 2550 simus
563 2495 704 2565 imparati,
730 2511 780 2564 per
801 2493 922 2564 impedi·
963 2511 1018 2548 non
1034 2500 1138 2561 utatur,
1151 2495 1233 2565 quiet
1244 2495 1402 2549 neccssaria
1411 2500 1510 2548 cuncta
1522 2495 1643 2549 exterius
1653 2494 1690 2547 ad
1701 2494 1764 2548 riae

126 2595 222 2642 menta
236 2585 410 2641 necessitatis
426 2584 581 2655 presentie,
597 2592 625 2637 et
639 2583 679 2636 illi
695 2583 838 2637 incurrant
850 2582 923 2652 quod
964 2600 1021 2638 sure
1036 2583 1223 2637 ministerium
1238 2584 1350 2653 redigit.
1367 2590 1396 2638 et
1412 2591 1508 2637 tamen
1521 2584 1579 2637 brec
1592 2583 1691 2636 eadem
1707 2598 1764 2637 uon

125 2692 176 2730 nos
197 2677 340 2730 timemus.
356 2675 379 2727 Α
394 2671 478 2726 licitis
497 2688 563 2740 ergo
585 2671 671 2725 ctiam
692 2677 850 2740 temperare
866 2671 925 2724 ruit
965 2672 1032 2725 sinit
1046 2673 1133 2725 ruenti
1144 2673 1358 2737 suademinari,
1372 2678 1404 2726 ut
1413 2672 1539 2742 subjecta
1554 2672 1620 2726 foris
1629 2671 1764 2733 serrium,

126 2765 232 2827 fideles,
244 2769 276 2816 at
290 2779 346 2816 ηοη
356 2762 447 2815 solum
462 2761 634 2821 innocentes,
652 2759 701 2812 sed
717 2765 745 2811 et
758 2759 872 2828 gloriosi
887 2759 924 2812 ri·
965 2766 994 2814 et
1011 2777 1156 2831 nunquam
1175 2761 1362 2815 intentionem
1384 2761 1473 2815 animi
1494 2760 1529 2814 ad
1551 2761 1608 2815 alta
1621 2760 1767 2814 tendentis

125 2853 254 2913 deantur,
270 2868 399 2904 concessa
410 2849 486 2903 cuim
501 2848 643 2918 preterire
658 2847 770 2901 rirtutis
785 2853 828 2901 est
838 2847 923 2900 maxi·
964 2851 1103 2919 frangant.
1120 2850 1285 2920 Quicunque
1300 2850 1388 2919 igitur
1404 2850 1476 2904 tales
1493 2856 1560 2904 sunt
1581 2850 1621 2904 eis
1641 2850 1767 2920 protecto

125 2938 364 3012 mmetprohibita
374 2956 430 2992 uon
441 2937 600 2992 desiderare
611 2953 666 2990 ηοη
677 2936 758 3003 longe
768 2935 922 3004 (εοῑ.(ι1ιιῃ.)
964 2947 1076 2991 terrena
1085 2939 1189 2994 omnia.
1199 2956 1255 2993 ηοη
1266 2940 1301 2993 ad
1311 2938 1538 2993 desideriumsed
1546 2938 1582 2992 ad
1592 2955 1675 2993 usum
1687 2944 1764 2992 sunt.

126 3030 255 3084 Beatiora
265 3027 469 3096 sarreconjugia
475 3025 627 3095 judicanda
635 3030 711 3088 sunt,
722 3041 782 3095 quie
792 3024 849 3077 sire
858 3024 923 3077 tiliis
964 3027 1017 3090 Qui
1033 3027 1115 3081 rebus
1130 3027 1244 3099 quidem
1259 3027 1422 3082 necessariis
1436 3033 1564 3093 utantur,
1576 3028 1624 3081 sed
1635 3027 1706 3081 nihil
1718 3028 1766 3081 ha·

127 3118 288 3191 procreatis,
300 3117 357 3170 sire
368 3115 452 3168 etium
468 3114 522 3167 ista
536 3120 649 3167 terrena
663 3114 740 3183 prule
750 3121 919 3182 conternptm
931 3121 952 3179 C
965 3117 1028 3168 bere
1043 3132 1107 3169 cum
1131 3122 1244 3186 peccate
1262 3117 1388 3186 cupiunt.
1406 3117 1446 3171 De
1467 3116 1534 3187 ipsis
1550 3133 1660 3187 quoque
1681 3115 1766 3171 rebus

126 3207 327 3262 continentiam
345 3205 418 3258 inter
432 3220 462 3256 se
479 3202 540 3273 pari
550 3218 686 3256 consensu
701 3218 811 3255 serrare
826 3207 922 3272 potue-
963 3203 1064 3258 trahitis
1090 3204 1214 3274 quotidie
1236 3205 1379 3259 mercedes
1399 3205 1557 3276 acquirunt,
1573 3211 1602 3258 ct
1617 3205 1680 3275 plus
1693 3221 1764 3275 gau·

125 3295 200 3361 rint;
214 3295 280 3366 quia
293 3310 383 3364 neque
402 3297 499 3346 contra
513 3291 582 3344 illud
602 3296 770 3360 praeceptum
784 3290 830 3355 sit,
848 3290 921 3359 quod
962 3294 1030 3346 ‹lcut
1046 3293 1117 3347 liene
1131 3311 1214 3365 opere
1230 3311 1314 3365 quam
1335 3294 1409 3349 baua
1431 3295 1614 3365 possessione.
1638 3293 1764 3348 Preterit

126 3384 262 3439 Dominus
271 3381 375 3435 dimitti
386 3382 533 3450 conjugem
542 3385 697 3432 retat:non
708 3379 783 3431 euim
794 3377 920 3435 dimittit.
963 3385 1037 3434 mrim
1052 3386 1144 3449 ficara
1159 3383 1243 3451 lrujrrr
1261 3385 1362 3436 aruitdi
1382 3384 1482 3444 (drab.)
1499 3383 1565 3453 quia
1584 3382 1659 3436 finiri
1680 3399 1764 3437 inuu-

126 3473 173 3542 qui
191 3489 254 3527 cum
273 3488 307 3524 ea
320 3487 375 3524 nou
390 3469 540 3522 carnaliter
560 3467 609 3521 sed
624 3467 789 3537 spiritaliter
801 3466 877 3531 risit,
895 3474 922 3519 et
965 3471 1032 3526 dum
1047 3470 1116 3524 dixit
1134 3472 1256 3524 ostendit
1272 3474 1391 3541 liguram
1411 3473 1472 3541 ejus
1490 3471 1765 3541 praetermeantem

126 3562 195 3615 illud
214 3565 350 3624 serretur,
367 3559 439 3629 (ruod
461 3574 511 3627 per
528 3556 694 3626 Apostolum
709 3556 832 3610 dicitur:
851 3557 923 3609 Reli·
966 3575 1026 3612 esse
1041 3560 1136 3621 linem,
1152 3559 1180 3613 id
1194 3565 1245 3623 est,
1259 3576 1316 3613 non
1327 3560 1514 3614 substantium
1530 3561 1591 3629 ejus
1608 3561 1762 3629 praeterire.

124 3650 355 3718 qrrronestatqur'
364 3649 566 3701 lrolnmtarorar
582 3650 715 3713 tortarium.
730 3661 783 3697 iren
799 3645 925 3698 habentes
966 3647 1147 3702 sedformam.
1157 3651 1249 3716 (due.)
1257 3649 1354 3718 ltaque
1362 3648 1386 3703 si
1394 3649 1587 3703 tormamundi
1594 3648 1706 3719 peribit,
1715 3649 1764 3703 du·

125 3738 301 3807 sint.((1'rep.)
315 3738 412 3806 ltaque
421 3733 762 3789 Cluistianorumanimus
773 3733 924 3803 conjugum
967 3735 1148 3807 biumutique
1157 3753 1212 3790 non
1223 3738 1436 3808 estonaniaquae
1447 3738 1476 3791 in
1489 3738 1763 3791 mundosuntinter-

126 3835 155 3882 ct
168 3828 336 3881 infirmuset
355 3823 528 3894 tidelis‚quia
547 3828 575 3876 et
589 3822 924 3893 plenecunctatempora-
966 3824 1090 3879 ireldeo
1097 3826 1423 3897 praeteritquiaquotidie
1432 3826 1552 3880 senescit
1560 3827 1766 3896 mundus:per-

125 3916 165 3970 lia
174 3917 316 3987 despicere
331 3931 386 3968 non
402 3914 483 3971 valet,
497 3918 633 3965 ettamen
648 3911 760 3965 aeternis
770 3928 800 3964 se
809 3912 924 3979 conjun·
964 3920 1026 3967 ηοω
1041 3915 1144 3986 quippe
1157 3915 1263 3984 Judicio
1277 3922 1345 3969 tunc
1359 3932 1419 3968 esse
1436 3915 1546 3968 desinet
1559 3915 1611 3969 boc
1620 3916 1722 3969 celum
1737 3924 1766 3970 et

124 4021 191 4075 gere
211 4020 262 4074 per
283 4001 454 4056 desiderium
475 4000 556 4061 valet,
575 4000 702 4070 quamvis
723 4000 753 4053 in
773 3999 922 4052 dilectione
964 4002 1022 4057 trac
1036 4009 1120 4067 ten-a,
1143 4004 1254 4074 quando
1274 4003 1389 4074 incipiet
1407 4020 1467 4057 esse
1489 4004 1590 4057 coelum
1613 4020 1717 4058 norum
1736 4011 1766 4059 et

125 4092 217 4146 carnis
236 4090 350 4144 interim
357 4090 441 4157 jacet,
452 4104 580 4158 superne
594 4088 652 4157 spei
662 4088 813 4141 resectione
827 4103 924 4140 corrra·
964 4095 1041 4144 terra
1047 4108 1127 4146 nora.
1136 4092 1291 4146 Mutatioue
1299 4108 1420 4162 uanique
1431 4109 1526 4146 rerum
1533 4108 1590 4145 ηοη
1601 4093 1765 4147 omnimodo

125 4179 213 4242 lesen,
230 4185 258 4232 et
276 4178 299 4231 si
315 4176 473 4246 habetque
489 4175 587 4229 mundi
602 4180 668 4229 sunt
686 4176 715 4229 in
736 4174 921 4241 menineris,
964 4178 1080 4233 interitu
1103 4180 1235 4234 transibit
1261 4180 1306 4234 hic
1335 4181 1466 4235 mundus.
1493 4183 1572 4236 Unde
1600 4187 1628 4235 et
1649 4190 1763 4253 aposto-

124 4272 220 4340 sperat
243 4282 304 4336 quae
325 4264 375 4318 Dei
396 4270 463 4318 sunt
489 4263 630 4317 infructu
652 4264 850 4334 perventionis,
872 4279 923 4317 nec
964 4268 1008 4321 lus
1021 4268 1104 4322 dicit:
1117 4270 1325 4323 Preteritenr‘m
1338 4271 1764 4338 fiperobujasnnmdr',rotoras

124 4364 215 4412 totum
229 4373 259 4409 se
273 4355 308 4408 ad
322 4354 383 4420 hoc,
394 4353 467 4423 quod
482 4352 541 4421 agit
555 4351 687 4412 conferat,
701 4369 736 4407 ne
751 4352 785 4405 ab
800 4369 833 4406 eo
849 4352 922 4423 quod
963 4360 1022 4411 sine
1049 4359 1236 4412 sollieitudine
1255 4375 1316 4411 ease.
1335 4358 1439 4428 Figura
1462 4375 1528 4428 ergo
1552 4358 1686 4429 preterit,
1707 4375 1763 4413 non

127 4446 239 4501 robuste
257 4459 370 4516 sperate
391 4441 497 4504 debuit,
513 4441 640 4495 funditus
654 4439 744 4495 cadat·
761 4442 840 4505 Quod
856 4429 1065 4500 beneDnatura
1078 4464 1083 4498 :
1092 4445 1225 4516 iudicatis
1240 4446 1342 4516 quippe
1357 4447 1401 4499 his
1416 4448 1463 4518 qui
1478 4447 1574 4519 scripti
1588 4463 1645 4501 ηοη
1658 4447 1764 4502 suntin

124 4553 156 4590 ac
170 4535 292 4588 breiiter
300 4533 402 4588 Paulus
410 4530 541 4602 exprimit
552 4529 663 4584 dicens:
678 4531 730 4597 Qui
744 4531 842 4584 taam
858 4546 923 4583 aro·
964 4534 1034 4588 libro
1047 4535 1111 4589 vitre
1127 4541 1156 4589 et
1172 4535 1201 4589 in
1215 4543 1352 4589 aeternum
1366 4535 1461 4605 ignem
1474 4536 1577 4599 missis,
1589 4541 1656 4590 tunc
1672 4538 1763 4607 figura

124 4641 167 4677 res
180 4629 314 4690 tanquam
329 4637 384 4674 ηοη
394 4622 521 4676 trabentes
533 4622 598 4683 sint,
612 4624 637 4673 rt
650 4622 700 4687 qm·
708 4624 773 4687 flent
788 4626 922 4687 torinnam
963 4623 1047 4693 huius
1065 4623 1164 4677 mundi
1185 4624 1392 4678 mundanorum
1421 4624 1528 4691 ignium
1542 4625 1763 4694 conflagratione

126 4728 179 4765 uoti
190 4714 290 4780 tleirtcs,
308 4714 333 4762 ot
346 4712 395 4775 qni
409 4711 529 4776 recalent
546 4713 680 4777 torrqaom
697 4725 752 4763 noa
762 4710 920 4776 arridentes.
963 4712 1126 4782 praeteribit,
1142 4712 1214 4766 sicut
1226 4713 1330 4766 tactum
1344 4718 1387 4767 est
1400 4713 1608 4767 mundanarum
1623 4730 1763 4783 aquarum

125 4801 244 4854 Uxorem
259 4796 362 4867 quippe
381 4797 460 4865 quasi
480 4797 608 4851 habendo
630 4814 686 4851 nou
709 4796 803 4862 habet,
820 4797 867 4867 qui
883 4797 923 4850 sic
963 4800 1146 4854 inundatione
1157 4801 1303 4855 diluvium.
1316 4802 1366 4856 llla
1377 4801 1763 4873 iaqueutdixtcouuagra-

125 4904 175 4959 per
199 4887 277 4940 illam
300 4883 403 4938 carnali
429 4885 617 4940 consolatione
644 4886 742 4952 utitur,
768 4892 799 4940 ut
826 4892 922 4940 tamen
963 4890 1760 4962 tionemundanaelementorumcorruptibiliumqualita·

124 4992 268 5047 uunquam
283 4973 317 5027 ad
333 4988 418 5042 prava
432 4988 517 5043 opera
531 4990 548 5026 a
563 4975 686 5028 melioris
703 4975 866 5029 intentionis
880 4992 922 5028 re·
963 4984 1006 5032 tes
1022 4996 1082 5049 queo
1097 4979 1259 5049 corporibus
1278 4980 1382 5033 nostris
1392 4979 1618 5050 corruptibilibus
1629 4996 1759 5050 corrgrue·

123 5065 260 5121 ctitudine
285 5064 347 5132 eius
366 5077 462 5115 amore
481 5061 619 5115 flectatur.
635 5063 756 5118 Uxorem
771 5065 850 5135 quasi
865 5080 922 5119 uon
962 5067 1467 5139 bantardendopenitusinteribunt;
1478 5068 1765 5139 atqueipsasubstan·

125 5153 253 5208 habendo
267 5151 361 5216 habet,
377 5148 425 5220 qui
440 5149 603 5204 transitorie
622 5167 683 5206 csse
697 5159 798 5207 cuncta
810 5154 921 5224 conspi-
963 5157 1003 5210 tia
1013 5173 1060 5210 eas
1070 5156 1220 5227 qualitates
1229 5155 1416 5227 lrabcbitquoe
1426 5158 1589 5227 corporibus
1598 5156 1765 5210 immertali-

124 5243 200 5297 ciens
211 5242 308 5296 curam
321 5238 454 5295 carnisex
466 5238 807 5307 necessitatetoleratsed
816 5248 923 5298 aterna
962 5244 1015 5299 bus
1025 5245 1147 5299 mirabili
1162 5245 1318 5300 mutatione
1334 5247 1510 5300 conveniant.
1523 5248 1560 5302 Ut
1569 5246 1676 5301 scilicet
1685 5263 1765 5300 mun·

123 5330 227 5403 gaudia
245 5329 365 5400 Spiritus
384 5344 417 5381 ex
438 5326 576 5381 desiderio
587 5335 737 5398 exspectat.
753 5347 810 5386 non
828 5331 922 5386 tiendo
963 5333 1052 5388 dusin
1060 5334 1159 5389 melius
1168 5334 1317 5389 innovatus
1324 5341 1389 5405 apte
1401 5335 1636 5395 accommodetur,
1645 5334 1765 5388 honuni-

124 5425 219 5475 autem
234 5419 302 5472 llere
318 5422 369 5481 est,
383 5416 423 5470 sic
437 5415 576 5470 exteriora
594 5416 711 5471 adversa
732 5420 874 5490 plangere,
889 5426 922 5475 ut
962 5421 1014 5476 bus
1034 5422 1120 5477 etiam
1134 5422 1261 5476 camein
1281 5423 1382 5477 melius
1398 5423 1546 5477 innovatis.
1570 5425 1627 5478 Volo
1646 5440 1691 5477 ros
1705 5426 1766 5477 sirio

124 5515 220 5562 tamon
233 5504 342 5560 noverit
355 5508 466 5557 eternae
480 5503 539 5574 spei
553 5505 742 5561 consolatione
749 5509 882 5579 gaudere,
892 5517 922 5564 et
961 5513 1148 5565 sollicitudine
1163 5528 1224 5565 esse.
1239 5510 1358 5579 (Amor.)
1375 5511 1522 5565 Diminuta
1537 5512 1612 5565 enim
1628 5511 1764 5565 sollicitu-

125 5612 237 5652 mrsum
255 5610 311 5649 non
330 5591 478 5664 gaudendo
496 5592 619 5664 gaudere
637 5600 689 5651 est.
708 5595 748 5651 sic
766 5597 801 5651 de
813 5597 919 5653 intimis
962 5599 1027 5654 dine
1042 5598 1145 5664 seculi,
1162 5599 1191 5653 in
1207 5599 1257 5655 Dei
1273 5599 1357 5656 rebus
1370 5599 1537 5671 propensius
1551 5599 1693 5671 vigilatur.
1712 5600 1766 5666 Oai
