3772 6120
195 246 246 304 3‘27
488 248 519 302 B.
540 248 676 303 RABANI
700 249 816 305 MAURI
835 248 1003 306 nnuman.
1024 252 1187 308 MOGUNT.
1210 252 1358 308 OPERUM
1377 253 1470 307 PARS
1488 252 1538 308 111.
1782 251 1835 311 328

195 369 310 438 Christi,
322 379 355 427 ut
365 375 425 444 jam
434 375 745 429 nonmoveanturomni
758 376 989 432 ventadoctrinae.
999 380 1114 438 Acabis.
1129 379 1183 434 Sed
1192 380 1246 449 cgo'
1255 378 1375 433 blandus
1388 379 1495 433 etlenis
1505 378 1554 449 qui
1567 377 1605 432 ad
1622 392 1672 431 vos
1686 376 1769 448 quasi
1783 393 1835 448 pa-

195 462 259 517 Non
284 479 350 532 ergo
372 467 486 533 propter
507 462 621 518 initium
639 463 714 528 fidei,
732 482 787 535 quo
818 467 876 520 nati
903 472 992 534 erant,
1034 472 1079 521 ter
1093 468 1202 522 locutus
1217 485 1278 522 sum
1288 485 1338 539 pro
1352 484 1386 521 ea
1395 468 1532 522 charitate
1540 465 1674 537 quasslios
1684 482 1763 521 meos
1773 483 1836 537 per·

195 550 243 606 sed
258 557 372 622 propter
385 550 509 605 roburet
523 551 722 622 perfectionem
736 554 843 609 dictum
858 561 909 621 est,
930 573 995 626 pii-os
1035 556 1155 611 irenen
1179 556 1280 628 patior,
1307 562 1336 610 et
1358 573 1453 610 errare
1480 560 1625 627 perpetuo,
1641 553 1744 608 vellem
1760 570 1837 610 nunc

198 644 298 694 iterum
310 643 451 708 parturio,
467 641 550 694 donec
564 640 688 695 Gluistus
702 645 841 709 formetur
859 648 891 698 ia
911 647 993 699 vobis.
1036 661 1159 715 praesens
1170 661 1240 710 esse,
1252 645 1275 699 si
1289 644 1470 699 confessionis
1480 660 1526 698 me
1541 641 1652 697 vincula
1671 658 1729 697 non
1742 649 1836 699 arem·

197 729 275 782 Hanc
285 727 501 798 parturitionem
510 729 573 782 aliis
583 729 673 783 verbis
683 731 769 784 etiam
777 730 843 785 alibi
856 749 996 787 commen·
1036 739 1108 799 rent,
1126 738 1155 787 et
1170 732 1302 788 blandam
1322 749 1417 786 vocem
1436 732 1466 786 in
1480 731 1657 802 objurgantis
1675 730 1762 786 verba
1775 748 1837 787 mu·

195 817 244 870 dat
256 816 303 871 ubi
319 816 386 871 dicit
396 818 437 882 (M
449 819 510 872 Cor.
523 821 560 886 x1)
574 837 582 872 .·
595 819 728 872 lucianus
746 823 777 873 ia
793 838 835 873 rae
854 824 994 889 quotidia-
1035 827 1104 876 tare.
1117 823 1175 876 Nec
1184 821 1305 876 levitatis
1318 827 1361 875 est
1371 821 1395 875 si
1403 837 1478 875 nunc
1484 820 1623 886 blandiar,
1633 819 1832 876 nuncirascar:

196 922 258 972 aas,
272 908 427 960 sollicitudo
441 910 568 960 astartium
578 908 774 961 Ecclesiarum.
785 909 886 977 (Hier.)
899 910 994 974 Quan-
1034 911 1155 982 impellit
1167 927 1212 965 me
1222 910 1354 975 charitas,
1368 910 1540 981 impellitme
1553 909 1633 964 dolor
1639 909 1758 964 dirersis
1770 910 1836 964 aile-

195 994 448 1050 tisdifsicultatibus
458 995 668 1049 ctdolorefetus
684 1003 850 1067 promantur
859 1015 892 1052 ex
901 1003 992 1065 utero,
1034 999 1124 1053 ctibus
1138 1000 1232 1071 loqui:
1250 999 1344 1055 nescio
1354 998 1429 1053 enim
1438 998 1467 1052 in
1478 1016 1539 1069 quae
1549 997 1673 1069 primum
1681 997 1836 1071 rerbapro-

196 1083 354 1138 maledictio
365 1083 456 1155 prima
469 1083 593 1138 declarat
602 1084 713 1138 dicens:
727 1088 761 1140 Iu
772 1089 888 1140 tristitia
901 1093 994 1161 paries
1034 1105 1172 1160 rumpam,
1190 1095 1219 1143 et
1234 1105 1289 1159 quo
1311 1104 1360 1141 vos
1375 1087 1492 1142 debeam
1511 1103 1612 1142 sanare
1635 1086 1833 1154 medicamine,

196 1176 266 1240 filios
285 1173 359 1240 (Gen.
374 1178 428 1242 111);
450 1173 545 1227 volens
556 1172 643 1243 igitur
654 1173 758 1228 Paulus
771 1176 918 1230 ostendere
933 1193 993 1230 ma·
1034 1177 1100 1247 quia
1109 1176 1263 1232 confundor
1277 1177 1307 1232 in
1321 1176 1408 1231 vobis.

195 1262 349 1332 gistrorum
364 1279 415 1333 pro
423 1261 567 1333 discipulis
575 1262 800 1330 sollicitudinem,
809 1281 878 1336 quos
884 1265 994 1336 patian-
1070 1267 1156 1320 Dx'citc
1170 1267 1252 1331 mihi,
1264 1269 1313 1335 qui
1326 1267 1376 1320 sub
1391 1267 1537 1334 tcpcualtis
1551 1269 1707 1334 madenam
1715 1281 1834 1319 nonau-

197 1356 244 1405 tur
258 1352 374 1405 allectus
383 1367 418 1404 ne
428 1356 581 1405 sectatores
591 1351 633 1405 sui
649 1352 778 1407 excidant
791 1371 807 1407 a
826 1354 925 1418 salute,
943 1354 991 1421 ait,
1034 1356 1240 1423 distisltHicr.)
1256 1355 1417 1410 Notandum
1426 1354 1516 1424 legem
1523 1353 1568 1407 hio
1582 1353 1688 1408 dictam
1702 1369 1765 1407 esse
1779 1353 1835 1408 Ge·

196 1441 994 1508 Filiolimci,quesiterampartu-rio.Quieniminalioloco
1035 1459 1134 1498 naseos
1149 1443 1307 1507 historiam,
1321 1459 1377 1497 non
1391 1449 1423 1496 ut
1444 1443 1526 1512 vulgo
1544 1442 1688 1497 aestimant
1711 1458 1775 1513 que
1792 1441 1835 1496 ia-

197 1529 278 1600 quasi
289 1529 374 1582 Pater
384 1528 493 1582 dixerat
504 1529 530 1595 (i
542 1530 602 1583 Cor.
617 1529 657 1600 iv)
671 1530 719 1586 :Si
732 1532 821 1584 decern
832 1534 925 1587 millia
939 1548 995 1601 pe·
1035 1533 1135 1586 cienda
1158 1531 1223 1596 sint,
1249 1549 1344 1603 quaeve
1366 1530 1488 1596 vitanda,
1513 1531 1562 1585 sed
1582 1535 1676 1585 totum
1699 1530 1776 1602 quod
1800 1531 1836 1585 de

197 1619 366 1686 depoporam
382 1617 504 1671 trabeatis
516 1621 547 1671 in
562 1618 678 1684 Christo,
700 1621 746 1672 sed
760 1636 816 1673 aon
831 1623 932 1674 maltos
942 1638 994 1689 pa·
1035 1620 1177 1674 Abraham
1187 1629 1216 1674 et
1229 1623 1291 1692 ejus
1304 1619 1446 1686 uxoribus,
1459 1618 1611 1689 liberisque
1624 1619 1787 1674 contexitur
1799 1618 1836 1674 le·

198 1711 264 1770 tres;
271 1708 340 1776 jam,
349 1723 405 1761 non
416 1705 496 1777 quasi
502 1712 591 1776 pater,
601 1706 649 1759 sed
663 1713 695 1760 ut
711 1713 811 1772 mater,
825 1708 950 1779 loquitur
963 1709 992 1764 in
1002 1700 1025 1760 Β
1034 1726 1098 1779 gem
1113 1709 1292 1780 appellatam.
1304 1709 1436 1779 Legimus
1443 1709 1511 1763 etin
1522 1708 1577 1762 alio
1594 1708 1665 1775 loco,
1682 1707 1836 1780 prophetas

197 1794 317 1860 Christo,
331 1802 364 1849 ut
379 1794 525 1866 utriusque
540 1794 710 1849 anxietatem
729 1801 758 1849 et
773 1796 907 1866 pietatem
921 1797 950 1852 in
965 1814 995 1852 se
1036 1814 1146 1869 quoque
1160 1798 1251 1868 legem
1266 1797 1368 1852 vocari.
1385 1797 1473 1851 Audit
1493 1813 1560 1867 ergo
1575 1796 1677 1867 legem,
1695 1796 1745 1867 qui
1756 1796 1837 1868 juxta

196 1884 321 1954 parentis
328 1890 489 1955 agnoscant.
499 1883 567 1937 Tale
577 1883 643 1954 quid
650 1890 679 1937 et
684 1885 794 1954 Moyses
801 1884 835 1938 de
843 1886 945 1957 populo
956 1887 995 1940 lo·
1035 1887 1154 1941 Paulum
1162 1903 1218 1941 non
1227 1887 1403 1958 superficiem
1414 1886 1463 1939 sed
1471 1885 1624 1940 medullam
1632 1885 1695 1955 ejus
1703 1885 1836 1956 introspi-

196 1972 349 2042 qucbetur:
363 1973 588 2042 Narrqaidcpoiu
599 1978 676 2026 utero
689 1976 780 2042 accepi
789 1974 919 2044 [concepi]
935 1992 994 2029 orn·
1035 1975 1090 2029 cit:
1103 1992 1159 2030 non
1174 1975 1253 2029 audit
1260 1976 1360 2046 legem,
1372 1974 1419 2046 qui
1430 1974 1530 2029 similis
1544 1973 1652 2029 Galatis
1667 1973 1835 2029 exteriorem

197 2061 994 2133 rerripopulamistamMaium.xx.)Quis,putas,nostrum
1034 2061 1836 2134 tantumcorticemsequitur.(Arrrbr.)ilocinGenesiha·

197 2149 238 2203 ita
251 2149 285 2202 de
298 2148 498 2221 discipulorum
513 2149 611 2204 anxius
626 2156 670 2204 cst
679 2151 779 2215 salute,
795 2157 890 2206 utnon
898 2152 994 2223 paucis
1035 2152 1126 2219 betur,
1139 2152 1205 2223 quia
1214 2169 1277 2207 cum
1290 2153 1360 2206 Sara
1365 2168 1501 2223 generare
1512 2167 1568 2205 non
1573 2155 1670 2222 posset
1681 2152 1754 2218 [erat
1760 2150 1835 2204 enim

197 2238 273 2293 horis
288 2244 338 2293 aut
356 2245 388 2293 ut
403 2240 525 2293 multum
541 2238 623 2293 biduo
639 2239 775 2305 triduove,
793 2240 842 2294 sed
857 2246 916 2294 toto
931 2241 993 2295 vita
1035 2241 1239 2311 sterilisi,dgar
1246 2240 1376 2294 ancillam
1383 2257 1463 2295 suam
1474 2238 1574 2295 obtulit
1586 2239 1644 2293 viro
1654 2255 1707 2294 suo
1715 2237 1836 2294 Abrahae

197 2344 254 2383 suae
260 2333 560 2399 ternporetorqueatur
573 2329 661 2382 donec
674 2328 803 2383 Christus
815 2328 953 2384 formetur
965 2330 994 2384 in
1035 2331 1064 2385 in
1079 2329 1272 2394 concubinam,
1289 2335 1322 2383 ut
1334 2330 1408 2401 quod
1422 2333 1594 2400 generasset,
1611 2329 1763 2399 adoptaret
1783 2325 1835 2382 sibi

197 2417 412 2471 eisiFormatur
425 2416 991 2488 quoqueChristusincordccredentium,
1032 2419 1110 2489 (Gerr.
1127 2422 1190 2481 xx1l.
1205 2419 1250 2473 Sic
1272 2418 1443 2484 factumest,
1463 2423 1496 2472 ut
1515 2418 1550 2471 de
1572 2418 1649 2487 Agar
1670 2422 1837 2471 nasceretur

197 2522 261 2559 cum
275 2507 371 2560 omnia
382 2506 437 2560 illis
451 2512 628 2560 sacramenta
642 2507 813 2576 panduntur,
839 2513 868 2560 et
887 2524 920 2560 ea
934 2524 995 2577 qua·
1036 2509 1147 2562 ismael.
1160 2509 1331 2562 Postautem
1338 2512 1409 2561 nutu
1423 2507 1475 2560 Dei
1489 2506 1645 2577 promissus
1659 2509 1704 2559 est
1716 2504 1836 2560 abraha

197 2593 316 2648 obscura
329 2594 495 2648 ridebantur
506 2594 654 2665 perspicua
667 2595 747 2648 fiunt.
761 2595 815 2648 Sed
826 2601 854 2649 et
869 2595 936 2649 illud
952 2601 995 2650 cst
1036 2597 1109 2651 silius
1123 2597 1158 2650 de
1168 2597 1237 2651 Sara
1252 2613 1337 2650 uxore
1352 2597 1489 2666 ejusque
1505 2599 1568 2649 erat
1580 2593 1694 2661 sterilis,
1709 2593 1770 2649 haec
1785 2610 1834 2666 pe·

153 2696 157 2707 ¹
197 2682 374 2749 intuendum,
392 2683 465 2753 quod
477 2682 525 2753 qui
539 2698 590 2753 per
614 2688 758 2752 peccatum
787 2683 994 2753 quodammodo
1035 2685 1331 2756 pcritAbrahaelsaac,
1348 2690 1415 2738 tunc
1430 2684 1514 2753 coepit
1529 2682 1600 2738 duos
1614 2680 1761 2737 Abraham
1784 2682 1837 2736 ha·

198 2771 281 2824 homo
304 2788 365 2825 esse
387 2769 519 2835 desierat,
535 2787 586 2841 per
599 2770 793 2841 paenitentiam
808 2770 995 2841 concipitura
1034 2773 1100 2828 bere
1122 2774 1202 2838 filios,
1228 2790 1315 2828 unum
1337 2773 1372 2827 de
1390 2771 1491 2826 ancilla
1514 2776 1650 2825 etenum
1670 2770 1706 2826 de
1722 2769 1812 2826 libera
1827 2790 1835 2839 ;

198 2860 378 2930 magistraet
391 2876 504 2914 rursum
514 2859 544 2913 in
552 2875 584 2913 eo
595 2859 699 2913 Christi
711 2859 840 2914 formatio
848 2860 994 2930 repromit·
1035 2862 1087 2918 Sed
1101 2861 1224 2932 quidem,
1239 2865 1290 2930 qui
1303 2863 1335 2914 de
1348 2863 1454 2915 ancilla
1476 2860 1626 2914 secandum
1645 2874 1760 2914 carnem
1784 2875 1839 2913 aa·

199 2949 278 3002 titur.
294 2949 353 3003 Hoc
367 2949 515 3003 adversum
531 2948 703 3002 Novatianos
718 2948 819 3019 estqui
834 2949 934 3003 nolunt
949 2965 994 3002 re·
1036 2957 1078 3005 tas
1094 2956 1140 3016 est,
1162 2953 1211 3019 qai
1224 2955 1316 3004 arctam
1330 2966 1362 3003 ce
1391 2949 1478 3003 libera
1495 2964 1544 3017 per
1569 2950 1812 3017 repromissionem
1828 2967 1837 3002 .·

198 3037 378 3105 formaticos,
394 3055 464 3108 quos
477 3038 564 3091 semel
580 3042 692 3108 peccata
704 3037 895 3092 contriverint.
1034 3044 1171 3108 praesunt
1184 3055 1234 3108 per
1249 3041 1414 3106 allegoriam
1423 3039 1506 3091 dicta.
1516 3036 1618 3092 Ismael
1631 3036 1680 3108 qui
1690 3053 1724 3090 ex
1734 3035 1838 3091 ancilla

240 3128 632 3195 Vellematctcmesscapadcos
642 3128 730 3189 modo,
743 3132 767 3180 ct
786 3132 895 3180 irridere
905 3144 994 3181 uocem
1034 3129 1111 3198 Agar
1122 3133 1206 3181 natus
1222 3133 1273 3188 est,
1290 3126 1443 3180 secundum
1458 3141 1571 3179 carnem
1586 3130 1742 3192 natusest3
1759 3125 1839 3180 Isaac

198 3219 370 3284 siccariaqnia
381 3217 535 3283 confundor
545 3218 576 3268 iu
586 3216 668 3268 codis.
680 3213 782 3285 (Hier.)
793 3214 937 3286 Scriptura
950 3216 994 3270 di·
1035 3233 1100 3270 vero
1115 3233 1171 3270 non
1186 3215 1340 3270 secundum
1355 3214 1596 3280 consuetudinem,
1611 3214 1661 3268 sed
1680 3214 1838 3269 secundum

198 3305 262 3358 vina
276 3304 394 3358 aedificat
408 3311 436 3357 et
449 3304 530 3369 lecta,
547 3303 596 3357 sed
608 3304 696 3357 multo
713 3303 776 3374 plus
790 3304 904 3374 prodest
923 3305 945 3358 si
960 3305 995 3358 de
1036 3305 1249 3376 procidentiam,
1257 3304 1307 3357 Dei
1319 3303 1421 3357 virtute
1428 3307 1511 3356 natus
1521 3307 1573 3366 est,
1582 3302 1686 3373 quippe
1693 3318 1760 3357 cum
1768 3302 1840 3358 Sara

197 3393 298 3447 litteris
309 3397 435 3446 vertatur
449 3392 593 3457 invocem,
612 3397 644 3445 ut
659 3408 709 3462 per
722 3392 769 3462 qui
781 3392 933 3462 Epistulam
948 3394 995 3447 do·
1036 3400 1065 3448 et
1079 3410 1149 3448 anus
1164 3398 1238 3447 esset
1250 3399 1279 3446 et
1290 3391 1403 3446 sterilis.
1415 3393 1446 3447 In
1456 3396 1556 3463 typum
1575 3391 1651 3445 enim
1661 3391 1770 3445 Christi
1785 3408 1838 3446 na-

197 3488 303 3549 cuerat,
320 3497 442 3552 praesens
454 3481 575 3535 instruat
590 3480 746 3535 audientes.
759 3481 891 3551 Magnam
906 3481 994 3552 siqui·
1036 3489 1082 3537 tus
1095 3487 1139 3536 est
1148 3482 1235 3548 isaac,
1254 3481 1317 3536 ideo
1328 3480 1385 3535 baec
1393 3497 1443 3552 per
1452 3479 1616 3550 allegoriam
1630 3479 1734 3534 asserit
1749 3479 1835 3545 dicta,

196 3572 260 3625 dem
275 3571 331 3624 iim
345 3569 431 3625 habet
443 3587 494 3624 vox
507 3569 577 3636 viva,
595 3586 646 3622 vox
660 3569 695 3624 de
708 3569 880 3624 auctorissui
890 3587 938 3625 ore
948 3588 993 3624 re·
1034 3577 1067 3626 ut
1079 3571 1155 3625 aliud
1171 3587 1203 3624 ex
1217 3570 1272 3624 alio
1284 3569 1443 3639 significent
1452 3584 1577 3640 personae
1586 3569 1726 3623 Ismaelet
1737 3569 1834 3624 Isaac:

196 3677 309 3724 sonans,
324 3677 385 3731 qua
395 3659 444 3713 illa
452 3657 680 3730 pronuntiatione
696 3658 925 3730 proferturatque
936 3659 993 3713 dis·
1035 3660 1137 3715 Ismael
1150 3660 1225 3713 enim
1243 3658 1404 3712 Judaeorum
1424 3657 1562 3728 significat
1582 3655 1772 3724 nativitatem,
1793 3658 1838 3712 vel

196 3749 345 3820 tinguitur,
362 3765 418 3820 qua
436 3747 465 3802 in
489 3747 610 3802 hominis
624 3747 667 3802 sui
681 3748 764 3803 conlo
781 3753 917 3817 generata
939 3754 991 3802 est.
1035 3764 1132 3802 eorum
1147 3747 1195 3818 qui
1208 3747 1280 3801 servi
1293 3746 1401 3818 peccati
1414 3750 1481 3800 sunt
1496 3764 1502 3798 :
1521 3745 1598 3800 Isaac
1613 3761 1680 3799 vero
1694 3743 1835 3800 Christia-

196 3838 693 3909 SciensitaqucApostolusmajorem
706 3836 761 3890 vim
769 3836 873 3890 habere
887 3853 994 3892 sermo·
1035 3853 1146 3903 norum,
1171 3837 1236 3907 quia
1259 3835 1288 3890 in
1314 3834 1443 3889 libe1tate
1464 3840 1628 3888 nascuntur.
1653 3832 1739 3888 Liber
1759 3833 1836 3888 enim

195 3928 318 3998 namqui
332 3927 368 3980 ad
378 3942 502 3997 praesens
517 3927 576 3991 ilat,
594 3926 671 3997 cupit
684 3942 780 3979 vocem
793 3925 992 3996 Apostolicam,
1034 3925 1076 3991 nt,
1092 3925 1140 3996 qui
1153 3924 1254 3997 accipit
1272 3924 1466 3979 remissionem
1485 3929 1674 3994 peccatorum.
1690 3922 1836 3993 Scriptum

184 4032 290 4070 .vocem
308 4014 409 4068 litteris
426 4014 656 4084 comprehensam
672 4013 701 4068 in
724 4014 902 4084 presentiam
916 4031 994 4068 com·
1035 4020 1073 4068 est
1085 4017 1169 4078 enirn,
1184 4017 1253 4083 qaia
1267 4013 1408 4069 Abraham
1423 4013 1490 4066 daos
1504 4014 1575 4079 lilios
1588 4011 1836 4076 habuitanamdc

196 4108 316 4169 mutare,
327 4109 355 4156 et
369 4102 502 4172 quiahoc
517 4101 606 4172 magis
620 4101 784 4172 expediebat
793 4102 836 4156 his
846 4102 894 4173 qui
903 4102 932 4156 in
949 4119 994 4156 er·
1035 4105 1141 4157 ancilla
1154 4108 1178 4156 ct
1193 4103 1322 4156 anaiade
1338 4103 1433 4155 libera.
1449 4099 1501 4154 Sed
1513 4103 1563 4169 qui
1576 4101 1836 4165 debucinemu-

196 4208 289 4246 rorem
300 4191 413 4245 fuerant
426 4189 579 4260 depravati,
597 4190 658 4244 vivo
668 4207 716 4244 eos
734 4176 770 4244 ad
785 4191 933 4246 veritatem
948 4207 993 4246 re·
1034 4192 1102 4247 dum
1113 4207 1228 4246 caraem
1243 4195 1387 4255 natusest,
1405 4191 1455 4259 qai
1466 4194 1559 4244 autam
1569 4190 1601 4242 de
1616 4189 1715 4256 libera,
1724 4205 1776 4259 per
1791 4205 1835 4243 re-

195 4281 308 4335 trahere
322 4294 460 4343 sermone,
473 4278 526 4332 hoc
536 4284 630 4332 autem
641 4278 713 4344 ideo,
729 4278 795 4349 quia
807 4278 1025 4380 confundaturD
1031 4282 1252 4348 prontissionem.
1267 4281 1328 4335 Hac
1340 4295 1415 4334 enim
1428 4283 1495 4332 sant
1512 4279 1566 4330 duo
1585 4281 1835 4346 testamentaque
1877 4286 1880 4294 ⁴

194 4369 223 4424 in
238 4370 308 4436 illis;
325 4367 527 4440 quodquidam
541 4367 635 4422 Graece
649 4367 738 4437 magis
748 4367 860 4438 proprie
871 4367 991 4433 dicitur3
1034 4373 1100 4423 sarit
1112 4384 1162 4437 per
1177 4371 1340 4436 allegoriam
1356 4369 1439 4422 dicta.
1448 4367 1558 4438 Moyses
1570 4365 1710 4436 accipiens
1717 4365 1834 4437 sangui-

195 4465 345 4540 ἀποροῦμαι
356 4457 432 4513 enim
446 4473 502 4511 non
513 4464 572 4510 tam
586 4454 777 4511 confusionem
794 4473 855 4527 quae
869 4457 944 4527 apud
958 4456 992 4510 il·
1034 4474 1098 4511 nem
1120 4457 1199 4511 vituli
1217 4457 1247 4511 in
1263 4463 1382 4522 cratera,
1404 4455 1524 4527 aspersit
1545 4455 1682 4525 populum
1709 4454 1805 4510 dicens
1825 4472 1832 4508 :

195 4549 237 4602 los
254 4548 365 4626 αἰσχύνη
381 4547 438 4601 sive
452 4546 578 4625 σύγχυσις
587 4545 753 4616 appellatur,
769 4561 854 4616 quam
868 4544 994 4614 indigen·
1034 4547 1085 4600 Hic
1094 4549 1250 4615 estsaapais
1261 4548 1416 4600 testamenti
1426 4545 1498 4613 qaod
1507 4545 1640 4613 disposuit
1654 4544 1727 4598 Deus
1739 4544 1776 4598 ad
1789 4559 1835 4598 uos
1860 4556 1866 4566 “

194 4635 263 4689 tiam
278 4641 307 4689 et
320 4635 445 4705 inopiam
458 4639 549 4688 sonat.
563 4634 667 4687 Sensus
679 4633 774 4704 itaque
789 4633 843 4687 iste
857 4640 909 4699 est,
926 4633 992 4687 Vel·
1035 4635 1128 4701 (and.
1146 4635 1312 4703 (xx1v).Hoc
1326 4639 1370 4688 est
1383 4634 1457 4704 quod
1467 4632 1538 4686 dixit
1552 4650 1558 4685 :
1576 4632 1668 4686 linum
1683 4632 1796 4700 quidem
1816 4647 1835 4686 a

195 4724 250 4777 lem
262 4723 391 4793 apudvos
406 4739 480 4776 nunc
494 4723 601 4789 adesse,
611 4729 640 4777 ct
654 4722 813 4778 litterarum
824 4739 995 4793 vocemprae-
1034 4729 1127 4777 monta
1142 4722 1213 4777 Sina
1237 4728 1269 4778 in
1291 4725 1449 4777 servitutem
1473 4737 1607 4790 pancratis
1618 4726 1726 4788 quaest
1746 4721 1833 4788 Aper.

195 4811 537 4882 sensipseproierre,quia
552 4811 664 4882 indigeo
673 4811 702 4866 in
712 4811 800 4866 vobis.
817 4813 880 4865 Non
892 4811 994 4883 quippe
1035 4812 1092 4866 Lex
1102 4812 1215 4866 enimin
1226 4817 1321 4866 monte
1332 4810 1401 4866 Sina
1416 4810 1484 4864 data
1497 4815 1549 4876 est,
1567 4824 1652 4880 quam
1665 4808 1779 4880 Moyses
1792 4825 1837 4865 re·

195 4900 283 4954 habeo
298 4900 767 4971 fructusquossolentdediscipulis
778 4899 881 4955 babere
896 4900 993 4955 docta·
1035 4900 1125 4955 citans
1141 4901 1243 4972 populo
1254 4899 1357 4954 librum
1367 4899 1441 4952 hunc
1450 4897 1623 4953 Testamenti
1634 4897 1796 4968 appellavit,
1807 4903 1836 4953 et

196 5007 250 5056 res,
267 4995 295 5042 et
307 4989 368 5043 sine
382 5004 467 5042 causa
486 5004 581 5042 semen
592 4989 701 5057 jactum
724 4995 767 5043 est
788 4989 989 5054 doctrinarum,
1034 4995 1101 5044 tunc
1115 4989 1235 5059 aspersit
1245 4989 1381 5060 populum
1390 4987 1537 5058 sanguine,
1550 4986 1623 5040 sicut
1632 4985 1700 5040 dixi.
1710 4986 1776 5041 Hac
1791 4987 1836 5042 lex

195 5077 416 5150 cumpemtusin
425 5075 502 5130 robis
518 5077 611 5146 patiar
620 5083 775 5148 egestatem
791 5078 850 5132 :ita
864 5077 932 5132 utin
945 5079 992 5132 Je-
1033 5094 1096 5133 reos
1109 5079 1202 5134 tenuit
1211 5082 1379 5149 peccatores,
1390 5080 1638 5148 etcoeperuntesse
1647 5075 1837 5147 servipecoati

195 5167 290 5223 remia
298 5167 402 5240 possim
415 5181 510 5220 vocem
527 5181 709 5237 prorumpere
720 5183 726 5219 :
739 5168 800 5221 Mon
817 5168 924 5236 profui,
944 5184 992 5222 aa·
1032 5165 1455 5239 factitiliillgar‚quasiancillae.
1473 5165 1646 5221 Sinaauam
1663 5161 1836 5220 momestia

195 5258 357 5324 quaprosait
367 5256 438 5310 inibi
446 5254 668 5324 qaisquamtlar.
685 5255 993 5324 v11).Potestautemet
1033 5255 1205 5326 Arabiaque
1215 5256 1470 5325 conjunpitarhaic
1481 5270 1539 5323 qua
1554 5269 1629 5307 nanc
1650 5253 1835 5308 cstHicmsa·

196 5343 349 5415 simplicius
358 5342 491 5414 intelligi:
510 5341 624 5396 Blandis
640 5344 715 5414 apud
727 5360 776 5399 vos
800 5345 883 5399 modo
898 5344 992 5400 verbis
1034 5348 1293 5410 tcm,scroicascum
1302 5346 1369 5412 filiis
1380 5347 1447 5398 sais.
1459 5344 1580 5398 Causam
1587 5343 1663 5412 Agar
1673 5340 1835 5412 significare

196 5449 265 5488 usus
279 5447 342 5485 sum
355 5432 450 5487 dicens
466 5449 471 5484 :
490 5433 609 5495 Fratres,
626 5432 730 5485 obsecro
748 5449 807 5498 vos,
830 5439 858 5487 et
874 5453 882 5487 :
898 5435 993 5489 Filioli
1032 5432 1102 5487 dicit
1120 5432 1295 5488 Hierusalem
1311 5438 1464 5498 terrenam,
1475 5432 1565 5496 idest,
1577 5446 1753 5502 synagogam
1769 5446 1834 5501 quaa

198 5525 322 5591 iaciqaos
331 5519 578 5594 itcricmparturro,
590 5521 947 5590 doaeadhristasformctar
959 5525 992 5577 ia
1032 5521 1063 5577 iu
1072 5523 1235 5578 servitutem
1248 5527 1374 5592 generat,
1387 5537 1457 5596 quos
1470 5519 1547 5582 enim
1563 5524 1683 5591 generat
1696 5518 1750 5576 sub
1763 5534 1830 5592 pec-
