3772 6120
114 250 169 307 489
313 252 604 311 ENARRATIONUM
620 255 660 311 IN
677 255 755 312 ΕΡΡ.
775 254 883 313 PAULI
902 254 971 312 ΜΒ.
991 254 1066 313 xlx.
1086 285 1120 299 -
1141 257 1182 312 IN
1200 255 1312 312 EPIST.
1331 255 1381 312 An
1399 254 1558 318 numme.
1698 258 1752 317 tto

115 374 212 445 (Auo.)
222 376 345 433 Habitus
352 379 425 435 inea
435 396 465 434 re
479 379 584 434 dicitur
598 397 660 451 quae
672 380 753 435 nobis
767 386 799 437 ut
813 379 1019 446 habes-Abum
1030 379 1207 453 susceptione
1220 378 1352 445 bominis,
1371 379 1454 434 sicuti
1469 395 1522 435 nec
1534 380 1661 438 membra
1675 389 1752 440 veste

114 468 165 519 mr
173 466 277 520 accidit
290 486 297 534 ;
312 473 499 523 verumtatem
506 468 560 523 boc
567 469 694 535 interest,
704 471 777 540 quod
787 471 916 542 quadam
956 469 1056 525 induta
1073 475 1229 524 mutantur.
1246 469 1317 524 Cum
1334 469 1396 539 ejus
1410 468 1599 526 obedientiam
1613 487 1702 544 usque
1717 474 1753 529 ad

115 569 214 608 eorum
230 572 295 627 quae
308 557 439 612 accidunt
451 557 541 623 nobis,
558 563 591 612 ut
600 557 727 613 habiturn
742 559 847 621 saciant
860 577 917 615 non
957 564 1077 613 mortem
1091 559 1195 615 factam
1209 558 1420 613 commendaret
1427 559 1587 629 Apostolus,
1603 561 1755 632 parumilli

116 648 265 698 mutantur
279 661 298 698 a
311 644 409 701 nobis:
423 646 472 700 sed
487 646 548 716 ipss
561 663 613 701 nos
627 651 739 702 mutant
758 648 788 702 in
810 665 841 702 sc
856 649 919 720 ipsa
957 645 1012 702 tuit
1025 647 1127 714 dicere,
1146 649 1236 716 sactus
1250 648 1374 703 obediens
1393 649 1528 718 usquead
1546 654 1682 704 mortem.-
1698 667 1754 705 non

117 730 230 803 integra
239 738 269 788 et
277 733 594 790 inconcussamanentia
605 754 611 802 ;
623 735 918 807 sicutisapientiacum
958 735 1034 791 enim
1050 736 1274 808 qualemcunque
1289 742 1419 797 mortem,
1436 737 1485 791 sed
1499 736 1617 803 addidit,
1638 744 1754 795 morum

117 820 219 876 accidit
228 821 404 877 homininon
415 823 475 895 ipsa
486 829 621 889 mutatur,
639 825 688 878 sed
702 823 845 879 hominem
858 843 920 880 rnu-
958 831 1050 879 autem
1063 828 1163 891 cruens,
1179 824 1228 879 illa
1242 831 1332 879 morte
1343 826 1423 896 pejus
1438 825 1510 880 nihil
1517 826 1571 881 fuit
1579 825 1654 882 inter
1663 828 1757 884 omnia

118 913 160 963 tat
172 926 260 981 quem
280 912 316 966 de
338 913 426 966 stulto
446 912 703 984 supienteml'ecit3
724 913 852 984 quaedam
879 915 919 969 sic
958 930 1065 983 genera
1078 913 1231 980 mortiun1;
1247 914 1369 984 denique
1382 913 1430 969 ubi
1445 915 1555 969 dolores
1570 916 1700 972 acerrimi
1714 934 1759 972 ex-

118 999 261 1067 aocidunt,
275 1006 310 1055 ut
323 1006 352 1055 et
365 1005 478 1056 mutent
489 1007 518 1056 et
532 1007 679 1057 mutentur
690 1002 773 1057 sicuti
787 1002 876 1071 cibus,
891 1008 921 1058 et
960 1001 1078 1073 agitant,
1095 1003 1236 1058 cruciatus
1250 1008 1374 1067 vocetur,
1385 1020 1403 1057 a
1412 1020 1494 1058 cruce
1506 1005 1677 1072 nominatus,
1688 1024 1758 1080 pen·

119 1088 178 1161 ipse
193 1089 332 1144 amittens
341 1090 462 1161 speciem
472 1090 591 1146 suumin
601 1107 702 1162 corpus
716 1097 843 1147 nostrum
857 1108 920 1146 ver-
960 1089 1059 1145 dentes
1076 1090 1152 1147 enim
1168 1090 1198 1145 in
1212 1091 1289 1162 ligno
1307 1091 1432 1146 crucitixi
1453 1092 1576 1148 clavibus
1600 1094 1636 1149 ad
1650 1093 1759 1167 Ηεηῑιῐη

119 1174 199 1243 titur,
207 1181 296 1233 etnos
305 1178 402 1233 refecti
413 1178 474 1234 cibo
483 1179 739 1251 abexilitatestqne
754 1180 920 1252 elanguere
960 1178 1761 1252 pedibusmanibusqueoonlixiproductamortenecabsn·

119 1264 149 1320 in
160 1264 253 1321 robur
266 1274 354 1339 atque
362 1268 733 1325 salentiarncommutamur.
741 1269 867 1326 Tertium
873 1286 921 1340 ge-
961 1273 1010 1322 tur
1020 1268 1087 1335 ,diu
1096 1267 1276 1324 vivebaturin
1287 1286 1443 1336 cruce,non
1455 1271 1520 1342 quia
1530 1271 1640 1343 longior
1647 1272 1704 1327 vita
1712 1273 1761 1328 eli·

120 1359 224 1409 nusest
233 1355 369 1428 cumipse
378 1374 440 1428 quae
453 1357 584 1413 accidunt
591 1363 739 1413 mutantur
752 1363 781 1413 ct
793 1357 921 1413 habitum
961 1356 1090 1426 gebatur,
1097 1358 1146 1412 sed
1158 1358 1224 1429 quie
1232 1374 1309 1413 mors
1327 1357 1389 1430 ipsa
1397 1359 1628 1430 protendebatur,
1637 1378 1672 1417 ne
1681 1361 1762 1416 dolor

122 1442 236 1509 iaciunt,
248 1450 278 1499 ct
287 1445 493 1516 quodammodo
504 1453 651 1501 mutantur
663 1446 697 1501 ab
708 1447 743 1501 iis
753 1446 855 1519 quibus
869 1447 921 1502 ha·
962 1444 1188 1501 citiusliniretur.
1200 1447 1623 1520 Morinoluitpronobisparum
1630 1450 1760 1519 dicimus,

123 1531 211 1587 bitum
224 1533 336 1589 faciunt
348 1534 421 1589 sicut
444 1541 486 1591 est
508 1535 593 1590 vestis
609 1553 615 1589 ε
631 1552 696 1590 nam
710 1536 810 1591 induta
823 1536 925 1608 accipit
963 1535 1088 1606 cruciligi
1102 1535 1234 1607 dignatus
1252 1536 1287 1591 de
1302 1542 1393 1591 morte
1403 1537 1636 1608 pessimaoccidit
1648 1556 1762 1595 omnem

124 1620 240 1677 lormam
255 1623 920 1696 quamnonhabebatexuta,cumipsamembra,
964 1629 1084 1678 mortem
1101 1643 1108 1677 :
1125 1626 1248 1695 pessima
1258 1625 1334 1680 enim
1347 1631 1474 1681 erstnon
1484 1626 1706 1698 intelligentibus
1716 1630 1763 1685 lu·

119 1708 153 1766 'et
170 1728 235 1767 cum
254 1712 421 1780 induuntur,
438 1719 467 1768 et
483 1729 549 1768 cum
567 1719 717 1780 exuuntur,
738 1714 767 1768 in
782 1729 832 1768 suo
847 1709 954 1769 statuB
964 1711 1040 1777 doris,
1051 1729 1142 1767 name
1152 1713 1271 1769 Domino
1282 1715 1372 1769 electe
1385 1721 1457 1781 erat,
1466 1715 1557 1788 ipsam
1566 1717 1641 1772 enim
1650 1734 1763 1773 crucem

128 1806 267 1856 maneant.
283 1801 382 1856 Potest
392 1819 454 1856 esse
468 1803 555 1857 etiam
567 1808 700 1873 quartum
711 1818 811 1872 genus,
819 1818 883 1857 cum
889 1818 923 1856 ea
962 1817 1044 1855 suam
1059 1800 1173 1872 signum
1186 1801 1334 1858 habiturus
1349 1808 1420 1870 eret,
1436 1804 1526 1876 ipsam
1537 1822 1649 1861 crucem
1662 1807 1764 1862 dedia-

130 1905 184 1961 qn'e
197 1889 331 1944 accidunt
351 1891 387 1944 ad
405 1890 564 1945 faciendum
586 1890 724 1957 habitum,
741 1907 792 1945 nec
811 1896 924 1945 mutant
962 1888 1762 1964 bolosuperatotonqusmtropaeuminfronubusfldelium

130 1977 221 2049 quibus
234 1978 748 2051 acciduntnecabeisipsamutautur,
756 1979 924 2035 sicutannu·
963 1978 1115 2050 positurus,
1127 1979 1441 2052 utdieeretApostolus:
1453 1983 1763 2054 llibicutemabsitplo·

131 2066 168 2121 lus
179 2067 277 2138 digito.
290 2067 365 2122 Cum
379 2068 467 2137 igitur
480 2067 633 2140 Apostolus
647 2068 682 2122 de
703 2067 849 2139 unigenito
872 2069 924 2124 Dei
963 2069 1525 2135 stertuntincrocelloou'ninostrilesus
1534 2073 1761 2141 Glrristiffiolar).

134 2155 502 2228 filioloqneretur,quantum
509 2156 856 2228 pcrtinetaddivinitatem
862 2158 924 2228 ejus
998 2159 1168 2212 Humiliooit
1182 2159 1357 2226 semtipsum
1384 2159 1474 2226 sactus
1487 2160 1612 2214 obediens
1629 2164 1765 2231 usquead

136 2244 276 2299 mundum
291 2244 321 2298 id
332 2246 407 2316 quod
415 2245 560 2307 serissime
569 2246 845 2317 Deusest,aequalem
853 2245 924 2300 dixit
964 2251 1089 2310 nwrtem,
1102 2252 1218 2300 mortem
1231 2251 1326 2300 autem
1336 2249 1436 2300 crucis.
1451 2245 1573 2317 (Ambrd
1586 2248 1762 2317 Humiliavit,

138 2347 185 2387 esse
197 2332 285 2399 Patri,
303 2332 379 2405 quod
394 2350 450 2389 non
460 2334 486 2388 ei
500 2334 699 2405 luittanquam
714 2334 823 2407 rapine,
833 2334 862 2388 id
881 2340 925 2389 est
964 2332 1065 2404 inquit,
1073 2333 1211 2404 seipsum:
1222 2332 1346 2404 usquein
1354 2334 1589 2401 bonolocum,illa
1595 2336 1764 2407 quadisinae

140 2421 202 2491 qussi
215 2422 343 2477 alienum
363 2429 506 2495 appetere,
522 2424 546 2478 si
564 2440 676 2494 semper
698 2440 815 2478 manens
838 2424 868 2478 in
891 2441 925 2478 ea
964 2428 1072 2477 natnrae
1085 2421 1413 2477 condecebantvisusest
1426 2423 1538 2490 dixisse,
1553 2423 1765 2497 insubsequen-

142 2509 282 2582 equalitate
293 2512 383 2566 nollet
396 2512 540 2567 hominem
553 2512 671 2567 induere
684 2518 713 2566 et
724 2512 884 2568 bominibus
893 2519 926 2568 ut
965 2509 1040 2564 tibus
1050 2527 1115 2565 vero
1126 2511 1162 2565 ed
1172 2510 1222 2565 illa
1228 2511 1332 2565 transit
1340 2529 1401 2583 qua
1406 2512 1536 2567 humente
1542 2518 1660 2584 possunt
1670 2515 1763 2587 aptari

143 2597 210 2654 bomo
223 2616 374 2673 apparere,
386 2601 627 2673 sedsemetipsum
636 2601 798 2669 exinanivit,
809 2602 925 2656 nontor-
965 2604 1082 2655 naturae.
1100 2601 1197 2654 doctas
1217 2601 1343 2655 obediens
1358 2603 1493 2669 usquead
1507 2607 1623 2657 mortem
1646 2609 1763 2658 mortem

145 2701 202 2744 mam
215 2704 297 2745 suam
312 2695 438 2755 mutans,
458 2691 507 2745 sed
528 2690 646 2745 sormam
668 2690 740 2744 servi
760 2689 899 2762 accipiens
915 2708 921 2744 :
964 2694 1058 2743 autem
1073 2690 1172 2743 muru.
1189 2688 1229 2743 lle
1249 2688 1365 2743 homine
1380 2688 1493 2760 quidem
1508 2690 1641 2746 condecet
1664 2697 1695 2746 ut
1707 2692 1763 2746 ists

146 2790 216 2848 noque
241 2795 394 2834 conversus
416 2785 466 2833 ant
493 2783 700 2834 transmutatus
726 2778 756 2832 in
782 2778 925 2833 hominem
965 2776 1104 2843 dicantur,
1120 2776 1220 2832 divinae
1235 2782 1331 2832 autem
1346 2782 1453 2832 naturae
1469 2794 1647 2851 nequaquam
1672 2781 1765 2852 aptari

83 2858 85 2929 Ξ
147 2865 468 2923 missaincommutabili
482 2867 647 2935 stabilitate,
658 2868 707 2923 sed
715 2884 925 2939 quanquamve-
966 2870 1083 2937 possunt
1095 2865 1150 2920 ista
1167 2884 1173 2919 :
1189 2882 1240 2920 nec
1255 2866 1331 2921 enim
1343 2872 1463 2922 mortem
1473 2867 1533 2939 pati
1542 2874 1646 2923 natura
1659 2869 1765 2942 illspo-

83 2944 87 2967 '¹
148 2967 193 3009 mn
202 2956 346 3012 bominem
360 2956 536 3029 suscipiendo
551 2957 610 3029 ipse
625 2962 770 3028 susceptor
781 2957 811 3010 in
825 2956 924 3010 simili·
965 2959 1030 3021 test,
1043 2972 1104 3026 quae
1119 2961 1148 3009 ct
1161 2960 1307 3010 mortuum
1319 2955 1455 3011 suscitare
1469 2957 1608 3027 promisit,
1620 2957 1765 3013 evidenter

149 3042 252 3101 wreus
265 3046 415 3101 bominum
423 3045 574 3101 lactnsnon
583 3045 646 3112 sibi,
659 3045 707 3100 sed
723 3045 763 3099 eis
782 3044 882 3116 quibus
894 3044 924 3099 in
934 3052 956 3113 c
966 3043 1085 3098 Domino
1099 3044 1160 3115 ipso
1173 3043 1301 3099 dicente:
1314 3045 1415 3100 Solvite
1425 3048 1557 3115 templum
1566 3046 1624 3114 boc,
1635 3048 1763 3103 intritus

151 3129 239 3190 bone
248 3135 392 3207 apparuit,
401 3142 430 3190 et
441 3134 539 3190 habitu
550 3135 679 3190 inventus
693 3139 726 3188 ut
736 3133 830 3199 bomo,
844 3134 872 3188 id
882 3138 927 3188 est
965 3133 1059 3187 diebus
1069 3135 1233 3188 resuscitabo
1246 3134 1321 3188 illud
1331 3135 1421 3203 (loon.
1434 3137 1474 3202 n),
1483 3139 1512 3189 et
1520 3134 1689 3190 solutionem
1698 3136 1761 3207 qui-

151 3218 253 3279 latendo
263 3223 420 3292 hominem,
428 3224 558 3279 inventus
566 3229 599 3278 ut
606 3222 690 3277 homo
707 3227 759 3276 cst.
772 3222 835 3277 Non
849 3223 924 3277 enim
965 3221 1030 3276 dem
1037 3222 1264 3294 templosptsvit,
1275 3222 1490 3277 resurrectionis
1498 3239 1563 3277 vero
1571 3224 1763 3295 operationem

151 3313 367 3377 polemtinrenrri
376 3319 409 3368 ut
418 3313 502 3367 homo
511 3312 547 3367 ab
560 3312 604 3367 bis
618 3311 666 3383 qui
687 3328 735 3367 oor
748 3312 925 3366 immundum
966 3309 1020 3364 sibi
1028 3309 1143 3380 aptavit,
1154 3311 1251 3366 statim
1261 3310 1290 3366 in
1300 3311 1361 3383 ipso
1371 3312 1508 3384 principio
1516 3312 1666 3368 dicens21n
1681 3313 1763 3369 cun-

152 3394 277 3469 bbebant,
289 3401 441 3457 etrerbum
451 3401 526 3473 apud
544 3402 658 3456 Patrem
671 3401 765 3456 videre
775 3416 831 3455 non
845 3406 925 3473 pots·
966 3405 1010 3454 sto
1023 3399 1090 3453 lesu
1109 3398 1299 3470 singulariter,
1318 3406 1347 3454 et
1360 3406 1392 3455 ut
1407 3400 1493 3456 moris
1507 3406 1570 3456 erat
1582 3401 1617 3456 de
1632 3418 1690 3457 una
1702 3419 1764 3475 per-

153 3496 205 3555 mit
218 3490 273 3546 nisi
287 3490 343 3545 hoc
360 3490 538 3563 suscipiendo
557 3491 631 3562 quod
649 3489 759 3561 possint
781 3489 882 3556 sidere,
898 3495 927 3543 et
966 3504 1036 3542 sona
1047 3487 1153 3551 dicens,
1163 3487 1284 3541 duarum
1297 3492 1326 3541 et
1336 3488 1474 3543 rationem
1485 3495 1659 3546 memoratus
1669 3497 1722 3553 est.
1734 3497 1764 3546 et

152 3580 267 3651 nequod
281 3580 317 3634 ad
328 3579 399 3634 illud
412 3580 508 3635 lumen
530 3579 649 3633 interius
675 3579 855 3634 ducerentur.
869 3579 926 3633 iste
966 3582 1098 3630 naturam
1110 3575 1215 3639 dicens,
1231 3577 1281 3644 qui
1296 3578 1327 3629 in
1346 3576 1439 3643 [orote
1447 3578 1495 3631 Ile:
1518 3583 1627 3632 centens
1640 3580 1763 3646 formem

151 3666 348 3723 mensebius
360 3684 418 3723 non
431 3672 475 3722 est
488 3683 522 3722 ex
528 3667 619 3739 primo
631 3683 735 3738 genere
748 3685 754 3719 :
780 3667 927 3722 nonenim
966 3666 1038 3718 servi
1050 3665 1160 3732 occepit,
1178 3663 1322 3717 evidenter
1339 3663 1415 3717 eliud
1430 3664 1504 3734 quod
1525 3665 1619 3720 dicens
1639 3666 1690 3721 Dei
1704 3667 1761 3722 ior-

151 3767 247 3811 muens
260 3760 367 3811 namra
379 3755 501 3811 hominis
515 3760 647 3810 naturam
661 3755 713 3810 Dei
732 3755 924 3810 commutavit.
967 3768 1053 3817 unam,
1069 3751 1145 3805 aliud
1156 3751 1243 3806 etiam
1252 3751 1325 3805 servi
1337 3751 1422 3805 :illud
1436 3751 1550 3822 quidem
1564 3761 1709 3825 sumptum
1722 3755 1762 3809 di·

150 3839 229 3915 lleque
242 3843 926 3911 exsecund0,nonenimimmutaritbomolleum
967 3856 1042 3907 cens,
1058 3840 1133 3895 hunc
1147 3856 1212 3894 vero
1234 3843 1403 3894 sumentem.
1427 3840 1464 3894 Ut
1477 3845 1573 3895 antem
1587 3840 1687 3897 divisio
1704 3843 1763 3898 hnc
1862 3840 1868 3855 ¹

149 3936 300 3989 etmutatus
314 3933 351 3988 ab
374 3933 423 3989 illo
438 3939 489 3988 est.
506 3933 604 4005 Neque
618 3949 652 3988 ex
662 3937 764 4005 quarte
780 3932 927 3988 nonenim
967 3929 1106 3984 dictomm
1127 3945 1183 3983 non
1197 3929 1319 3983 alterum
1333 3928 1457 3999 aliquem
1473 3930 1640 4002 adplenum
1662 3937 1763 4003 prseter

146 4018 179 4073 sic
190 4028 349 4094 numptus
368 4022 524 4088 esthemo,
547 4027 580 4077 ut
599 4037 690 4095 neque
716 4021 776 4093 ipse
804 4026 927 4076 mutaret
969 4016 1111 4074 Christum
1132 4017 1217 4073 iaciat
1239 4016 1368 4088 intelligi,
1389 4017 1461 4072 servi
1481 4018 1764 4093 formamunicuique

145 4106 230 4180 ileum,
238 4110 337 4167 neceb
351 4111 400 4166 illo
414 4116 581 4178 mutaretur,
594 4110 643 4166 sed
658 4111 752 4183 potius
773 4127 805 4164 ex
819 4110 903 4165 tertio
918 4127 924 4163 :
968 4107 1099 4162 reddidit.
1112 4107 1272 4162 Secundum
1278 4111 1310 4161 ut
1320 4105 1385 4161 etin
1394 4113 1525 4180 promptu
1535 4109 1655 4182 perspici
1665 4111 1762 4182 possit,

144 4196 250 4255 fl'tenim
256 4204 733 4272 assumptusestutcommutaretur
739 4197 925 4265 ineffabiliter,
967 4196 1038 4251 illud
1052 4196 1166 4270 quidem
1180 4196 1254 4266 quod
1268 4195 1340 4249 dixit
1354 4195 1402 4266 qui
1412 4196 1442 4251 in
1455 4196 1546 4253 forma
1555 4198 1678 4254 existens
1688 4205 1766 4255 etre-

83 4350 85 4355 ,
145 4288 354 4345 slexoellentius
363 4294 448 4361 atque
462 4288 648 4360 conjunctius,
664 4288 732 4360 quis
741 4287 826 4343 vestis
835 4286 871 4341 ab
879 4286 928 4342 ho·
968 4285 1150 4356 liquaomnia
1163 4285 1212 4339 illa
1230 4284 1302 4339 dixit
1315 4301 1376 4356 quse
1391 4284 1420 4339 iu
1435 4302 1555 4356 persona
1569 4287 1765 4358 intelliguntur

143 4375 285 4433 minecum
303 4377 442 4443 induitur,
457 4376 577 4432 sormam
596 4376 718 4432 hominis
741 4375 852 4448 accipit.
869 4362 1071 4430 HocDOhristi
1088 4393 1093 4427 :
1111 4373 1230 4429 sormam
1254 4390 1320 4428 vero
1342 4374 1415 4428 servi
1433 4390 1468 4430 ne
1486 4374 1563 4430 aliud
1582 4375 1650 4445 quid
1665 4384 1767 4448 praeter

144 4479 201 4537 ego
220 4466 335 4523 nomine
352 4466 466 4522 habitus
486 4466 556 4522 satis
583 4465 751 4537 significavit
778 4465 929 4537 Apostolus
969 4463 1113 4518 Christum
1128 4479 1188 4518 csse
1199 4463 1377 4518 existimetur
1391 4468 1545 4533 reputasse,
1560 4479 1594 4517 eo
1605 4463 1680 4534 quod
1694 4463 1766 4519 etab
1855 4468 1874 4483 ‘

144 4555 371 4625 quemadmodum
377 4555 487 4623 dixerit,
496 4559 528 4610 in
537 4555 928 4622 sirnilitudincltominumso·
969 4568 1002 4607 eo
1016 4551 1054 4606 sit
1067 4558 1190 4624 accepta,
1207 4552 1302 4607 dicens
1317 4568 1382 4606 vero
1400 4567 1573 4622 quacunque
1587 4551 1764 4622 oportebant,

145 4646 203 4712 sus,
212 4645 279 4718 qma
286 4660 345 4700 non
354 4643 602 4714 transfiguratione
611 4641 801 4709 inhominem,
815 4642 863 4697 sed
877 4641 928 4696 ha·
970 4641 1005 4695 de
1019 4640 1114 4695 divina
1127 4640 1196 4695 dicit
1215 4646 1326 4705 natura,
1347 4639 1383 4693 ad
1397 4639 1565 4694 humilitatis
1582 4647 1768 4711 augmentum

146 4727 196 4787 Em
206 4733 296 4789 factus
309 4738 354 4788 est
369 4749 433 4788 cum
448 4732 562 4787 indutus
576 4737 620 4786 est
634 4730 756 4798 homine,
774 4747 858 4803 quem
876 4728 929 4785 sibi
970 4728 1208 4800 conjunxitetills
1218 4745 1279 4801 qnae
1289 4727 1546 4783 humanitatissunt
1555 4729 1768 4802 propriainuna

146 4818 930 4894 micmquodsmmodoatqueoonlormamimmortslitsti
970 4817 1124 4888 eademque
1142 4833 1262 4888 persona
1281 4816 1377 4870 dicens
1392 4815 1473 4871 illum
1486 4817 1622 4874 honorem
1638 4821 1687 4891 qui
1700 4838 1769 4893 erga

83 4942 85 4949 =
146 4910 339 4983 nemusque
351 4909 489 4977 sociarat;
500 4909 550 4965 sed
560 4909 639 4965 illum
647 4908 832 4980 habitumqui
842 4914 885 4963 cst
899 4907 929 4962 in
971 4922 1037 4961 eum
1049 4910 1113 4977 post
1121 4905 1280 4976 passionem
1288 4904 1391 4971 existit,
1401 4905 1513 4977 adiecit,
1522 4911 1655 4977 qnoniom
1676 4911 1769 4965 Bomi-

83 5066 85 5073 .
146 4999 312 5071 perceptione
325 4998 473 5070 sapientise
487 5004 516 5053 et
529 4998 683 5069 disciplina
693 4996 782 5052 Graeci
797 4996 873 5051 nizin
884 5012 930 5050 vo·
971 4997 1109 5050 austerus
1121 4996 1255 5059 Christus,
1264 4994 1408 5049 euidenter
1413 4996 1563 5052 ostendens
1569 4997 1701 5068 quonism
1711 5014 1768 5053 non

83 5076 85 5085 '
146 5087 297 5155 mtlsuuo
310 5087 569 5143 sutemsecundum
577 5103 661 5159 quem
669 5085 788 5141 dicimus
797 5084 929 5140 vestinum
972 5083 1295 5155 aliumaliqncmpraeter
1304 5082 1448 5139 Christum
1457 5085 1599 5141 existimat
1607 5102 1668 5140 esse
1678 5102 1770 5143 susee-

147 5173 328 5233 mmmm
339 5175 456 5232 schema
469 5175 563 5248 potius
571 5175 724 5247 appellant,
735 5192 769 5230 ex
780 5190 835 5248 quo
850 5173 932 5229 intel·
972 5177 1053 5245 ptum
1067 5172 1247 5228 bominemct
1255 5172 1389 5228 virtutem
1399 5172 1522 5240 illorum,
1539 5190 1601 5245 que
1610 5173 1770 5246 significan·

145 5260 248 5336 &mus
260 5264 296 5321 de
309 5264 366 5321 isto
377 5281 483 5338 genere
495 5263 608 5321 habitus
619 5263 744 5320 locutum
753 5264 931 5336 Apostolum,
973 5268 1021 5319 tur
1043 5267 1209 5317 naturarum
1229 5260 1417 5318 differentiam
1435 5261 1567 5317 ostendit.
1587 5263 1660 5318 Nam
1674 5280 1709 5320 ex
1721 5264 1770 5322 illo

145 5352 393 5427 miamquidem
402 5352 754 5425 inGraecisexemplaribns
765 5357 856 5425 σκῆμα
866 5352 934 5408 scri-
975 5366 1030 5424 quo
1044 5348 1138 5404 divina
1147 5366 1269 5421 persons
1278 5350 1374 5406 omnia
1386 5349 1464 5414 dixit,
1475 5349 1682 5421 copulationem
1690 5352 1771 5409 suffl-

144 5447 219 5513 pum
236 5448 293 5509 est,
307 5441 383 5515 quod
398 5458 450 5497 nos
465 5441 497 5497 in
517 5442 625 5499 Latinis
639 5441 767 5497 habitum
786 5439 932 5496 habemus.
975 5437 1219 5495 cienterostendit.
1228 5438 1331 5493 Omnia
1337 5438 1452 5510 quidem
1458 5437 1553 5492 inloco
1559 5437 1607 5494 ubi
1614 5441 1649 5495 de
1657 5441 1770 5497 Christo

145 5526 200 5597 Quo
210 5530 331 5589 nominc
341 5530 580 5606 oportetintelligi
588 5547 646 5587 non
654 5536 796 5588 mutatum
806 5544 936 5587 esserer·
976 5528 1103 5603 disputst
1112 5526 1192 5600 qussi
1206 5527 1242 5583 de
1252 5542 1311 5584 nna
1322 5542 1443 5600 persona
1457 5525 1588 5584 universa
1599 5528 1676 5597 dicit,
1683 5534 1713 5584 et
1722 5528 1772 5583 illa

340 5630 568 5696 Peraeatlxll
1578 5628 1616 5689 te
