3772 6120
55 287 130 347 tals
545 287 592 342 DE
611 285 719 342 VITIIS
738 283 782 341 ET
801 280 1027 339 VIRTUTIBUS.
1046 312 1078 323 -
1098 282 1166 337 ΗΒ.
1188 282 1240 343 111.
1625 276 1695 339 late

53 414 153 481 tertia,
166 414 215 487 qui
229 414 345 486 propria
360 430 416 470 non
433 413 595 483 intelligunt
609 412 720 477 delicta,
737 410 888 482 quorumA
897 406 1104 463 duritiacordis
1118 407 1331 479 impenitentis,
1350 423 1411 479 qum
1421 413 1465 464 est
1479 406 1655 481 blasphemia
1664 408 1694 465 in

55 519 140 559 mens
150 510 193 559 est
206 520 350 576 percussa,
367 502 478 558 animus
490 519 587 556 aniona
593 508 728 557 etsensus
735 500 854 565 alienus,
899 497 1179 569 Spiritumsanctunr,
1187 503 1219 551 ut
1226 498 1285 568 jam
1297 497 1462 565 dictumest,
1475 498 1629 554 secundum
1641 498 1696 555 Do·

55 591 857 665 quibusiracstDeinonintelligeredelictarresequantur
898 585 967 641 rnini
982 586 1134 642 Salvatoris
1153 587 1324 642 sententiam
1338 588 1499 655 damnatus,
1517 587 1623 661 absque
1636 588 1696 643 nlla

55 683 272 755 paenitentiam
296 683 369 737 sicut
384 681 578 755 scriptumest
596 699 602 733 :
620 697 634 734 a
650 682 686 735 Et
702 680 780 734 dedit
801 678 857 733 illis
898 676 1063 731 remissione
1072 677 1185 731 existat.
1197 678 1318 745 (stirps.)
1332 677 1449 732 Nullum
1462 682 1506 732 est
1519 677 1596 733 enim
1603 676 1695 733 scelus

54 772 275 845 Densspiritum
284 771 533 843 transpunctionis,
552 786 587 826 nc
602 767 858 825 revertanturscili·
898 770 927 819 et
935 765 1162 837 nulluiniquitas,
1170 782 1233 836 que
1243 781 1300 821 non
1310 766 1515 822 medicamento
1524 766 1696 838 penitentie

54 866 112 929 aet,
131 883 142 911 ι
157 866 329 917 etcarentur
342 865 371 916 et
384 859 628 932 deprecationibus
642 875 675 915 ac
689 857 858 913 satisfactio·
898 860 1024 921 sanetur,
1034 854 1058 910 si
1071 853 1268 911 tantummodo
1279 855 1401 911 contrito
1419 855 1604 911 cthumiliatc
1612 855 1696 912 corde

54 949 231 1021 nibusjustis
241 956 306 1021 post
315 956 430 1022 peccata
439 955 585 1005 sanentur.
598 948 703 1003 Paulus
715 947 859 1020 apostolus
898 959 963 999 cum
972 944 1114 1015 lacrymis,
1128 943 1289 1016 gemitibus,
1302 943 1414 1016 sigiliis,
1424 944 1610 1014 orationibus,
1619 945 1697 1018 jeju·

56 1038 90 1097 in
107 1039 234 1111 Epistola
248 1056 301 1095 sua
314 1039 428 1110 exponit
438 1045 466 1094 et
479 1039 564 1093 dicit:
582 1056 595 1091 ι
608 1037 746 1094 Delictum
757 1037 859 1092 uerita·
898 1032 964 1100 niis,
972 1032 1224 1105 eleemosynisque,
1234 1034 1388 1090 secundum
1401 1034 1698 1107 viriumsuarumpos·

55 1122 96 1181 tis
109 1122 453 1180 uonlrabueruntutsalvi
466 1126 577 1191 tierent,
588 1138 621 1179 ac
633 1126 783 1195 propterea
792 1121 858 1176 mit·
898 1120 1063 1179 nihilitatem
1075 1122 1111 1177 sd
1125 1123 1226 1191 Deum,
1243 1139 1261 1179 a
1276 1140 1331 1195 quo
1345 1124 1485 1195 pemando
1495 1123 1633 1193 discessit,
1649 1138 1697 1181 m·

55 1216 101 1269 tet
115 1212 172 1268 illis
185 1213 261 1269 Deus
275 1212 467 1286 operationem
482 1212 600 1268 errroris
614 1218 647 1267 ut
659 1212 859 1267 credantmen·
898 1210 982 1268 dest:
998 1210 1110 1283 scripsit
1123 1211 1198 1267 enim
1211 1212 1440 1283 preclarissimus
1452 1212 1551 1269 doctor
1563 1215 1695 1281 loannes,

56 1300 151 1369 dacio,
160 1308 192 1357 ut
200 1302 363 1374 indicentur
372 1317 469 1358 ornnes
484 1302 598 1373 quinon
606 1301 777 1357 crediderint
789 1299 860 1355 veri·
900 1300 1215 1371 constantinopolitane
1237 1301 1365 1357 Ecclesia
1389 1302 1545 1375 episcopus,
1557 1303 1697 1375 optimum

55 1390 123 1457 tati,
133 1390 242 1447 sedsibi
250 1392 362 1464 placent
375 1392 405 1447 in
420 1391 562 1463 injustitia
580 1392 619 1459 (ll
640 1390 827 1461 Tlrer.1r,101.
844 1408 858 1442 s
899 1390 980 1445 valde
988 1389 1090 1445 librum
1099 1389 1134 1445 de
1153 1391 1330 1461 reparatione
1344 1392 1415 1461 lapsi
1430 1407 1481 1464 per
1501 1391 1697 1464 poenirentiam

56 1478 174 1537 Primus
187 1480 328 1536 felicitatis
341 1482 446 1553 gradus
454 1487 498 1536 est
510 1497 567 1536 non
577 1480 751 1552 delinquere,
762 1495 861 1535 secun·
901 1495 985 1553 quem
1000 1479 1160 1551 quicunque
1171 1484 1302 1551 peccator
1318 1480 1428 1552 legerit,
1442 1485 1511 1557 puto
1526 1480 1600 1553 qued
1610 1481 1697 1551 ultra,

56 1568 222 1625 dnsdelieta
230 1586 411 1642 cognoscere;
426 1569 862 1641 illiccurritinnocentiaintegra
901 1568 1025 1625 donante
1036 1568 1104 1635 Deo,
1119 1584 1170 1640 pro
1182 1568 1385 1625 numerositate
1398 1575 1698 1641 peecstemmsuornm

56 1664 89 1715 et
99 1658 292 1731 illibataque
306 1668 412 1728 seruet,
426 1660 731 1726 hicsncoeditmedela,
741 1676 802 1730 que
815 1675 861 1715 sa-
902 1656 1051 1730 dasperare
1066 1673 1123 1713 nen
1134 1658 1249 1730 poterit.
1265 1658 1320 1715 Sed
1335 1664 1365 1715 et
1378 1659 1572 1716 sanctissimus
1589 1664 1700 1731 martyr

55 1746 211 1803 net.Porro
217 1754 284 1803 sunt
293 1748 408 1819 quidam
414 1748 694 1820 quimagnitudinem
700 1752 727 1803 et
734 1747 894 1822 innume-13
902 1746 1059 1820 Cyprianus
1072 1746 1203 1819 delapsis
1213 1748 1453 1819 elegantissimum
1463 1748 1574 1822 scripsit
1584 1748 1698 1817 librnm;

56 1835 210 1891 nouitatem
225 1836 720 1908 suorumcoxis-iderantpeccatcrum,
730 1836 863 1891 ctobhoc
902 1837 1151 1908 quorumduorum
1159 1842 1306 1893 anctorum
1317 1836 1701 1909 quisquisanimarummsdi·

55 1924 245 1999 desperantes
260 1924 294 1979 de
304 1924 438 1979 inellabili
446 1930 476 1980 et
489 1925 764 1998 incomprehensibili
773 1926 862 1981 emni-
901 1941 951 1981 cus
965 1924 1105 1993 habuerit,
1122 1931 1151 1981 et
1168 1925 1339 1981 intellexerit
1352 1925 1438 1981 libros
1449 1942 1581 1998 conane,
1598 1927 1629 1983 in
1641 1943 1701 1983 om·

56 2013 250 2087 potentisDei
265 2014 863 2083 misericordiadillidunt,etidcirconolunt
902 2013 985 2071 nibus
1007 2015 1167 2069 animarum
1189 2014 1359 2081 vulneribus,
1371 2016 1489 2086 jurante
1512 2015 1643 2088 Deo,qui
1657 2022 1701 2073 est

54 2103 861 2175 agerepropeccatisetsceleribussuispmnitentiam,sed
902 2103 1204 2159 medicusmedicorum
1212 2104 1701 2176 salutiferampeteritapponersne·

55 2192 272 2265 impenitentes
293 2193 376 2248 corde
392 2193 421 2247 in
436 2193 518 2248 malis
532 2193 591 2248 suis
605 2193 735 2249 obdurati
748 2208 860 2265 perma·
901 2192 1095 2249 dicinam.llec
1110 2192 1179 2249 illud
1193 2193 1223 2247 in
1233 2193 1365 2265 praesenti
1372 2193 1550 2266 excerptione
1559 2198 1629 2265 puto
1638 2209 1700 2249 esse

55 2286 140 2347 nent,
156 2286 186 2335 et
201 2280 318 2336 rebelles
331 2287 430 2337 contra
438 2280 560 2352 Spiritus
574 2282 663 2337 sancti
674 2282 795 2352 gratiam
814 2282 859 2336 in·
901 2280 1087 2349 musandum,
1103 2281 1177 2353 quod
1193 2281 1291 2337 beatus
1301 2282 1475 2351 Augustinus
1489 2282 1518 2337 in
1528 2281 1700 2338 librodsCi·

55 2370 182 2427 feliciter
196 2370 330 2435 existunt,
341 2370 376 2424 dc
386 2370 488 2442 quibus
499 2370 541 2426 ait
549 2371 717 2441 Apostolus:
736 2390 747 2421 x
763 2370 860 2425 Nescis
901 2371 988 2427 ritate
1002 2371 1053 2426 Dei
1067 2374 1169 2444 quarto
1189 2370 1298 2425 decimo
1317 2369 1353 2426 de
1374 2370 1502 2442 superbis
1526 2371 1569 2425 vel
1591 2370 1700 2427 occulte

54 2458 622 2534 quiapatientiaDeiadpoenitentiamte
631 2458 860 2515 adducitltuan·
900 2458 1493 2532 peccantibus,inqnit:Utileestinaliqnod
1505 2464 1701 2533 apertnmms·

53 2554 118 2605 tem
133 2547 287 2603 secundum
301 2548 436 2604 duritiam
451 2553 530 2604 tuam
557 2553 586 2602 et
606 2564 655 2602 cor
667 2547 858 2619 impaenitens,
899 2548 1088 2621 nilestumque
1101 2553 1246 2621 peccatum
1260 2549 1361 2605 cadere
1374 2549 1449 2606 unde
1463 2549 1518 2605 sibi
1533 2549 1701 2621 displiceant

56 2635 236 2711 thesaurisas
255 2636 307 2690 tibi
317 2636 390 2691 iram
403 2636 432 2690 in
447 2636 548 2692 dieire
563 2641 592 2691 et
605 2635 783 2691 revelationis
788 2634 860 2707 justi
901 2638 950 2711 qui
972 2638 1033 2709 jam
1055 2637 1108 2693 sibi
1131 2638 1267 2709 placendo
1279 2638 1448 2694 ceciderant.
1460 2638 1606 2694 salubrius
1620 2637 1697 2694 enim

54 2724 160 2797 jndieli
169 2724 221 2779 Dei
241 2726 324 2795 (lteris.
340 2742 367 2793 ιι,
385 2723 445 2795 bi.»
461 2726 527 2781 llaec
548 2730 644 2781 autem
654 2724 759 2781 duritia
769 2724 860 2781 cordis
901 2726 1002 2783 Petrus
1016 2726 1070 2783 sibi
1083 2727 1227 2800 displicuit
1241 2727 1354 2799 quando
1370 2727 1455 2794 llerit,
1471 2743 1557 2800 quam
1565 2726 1618 2783 sibi
1633 2726 1701 2799 pla·

55 2813 267 2886 impoenitentis
278 2813 502 2886 blaspherniaest
510 2814 541 2870 in
551 2814 658 2886 Spiritu
672 2820 779 2881 sancti,
798 2830 860 2887 quae
901 2815 1085 2889 cuitqnando
1099 2816 1300 2889 presumpsit:
1331 2816 1384 2872 hoc
1406 2816 1475 2871 dicit
1486 2815 1700 2873 etsacerPsal·

57 2918 122 2959 non
137 2903 297 2958 remittetur
305 2902 355 2958 ulli
365 2903 482 2959 homini.
499 2902 862 2960 UndeDominusinllvan·
902 2920 967 2961 mus
984 2923 989 2959 :
1007 2924 1020 2958 s
1037 2905 1126 2978 lmple
1136 2904 1222 2961 iacies
1236 2921 1334 2961 eorum
1350 2904 1515 2977 ignominia,
1531 2910 1561 2961 et
1574 2910 1703 2976 querant

58 2992 139 3065 gallo
150 2990 212 3047 ait:
232 3010 246 3045 ι
261 2991 315 3056 Qui
336 2992 439 3047 dixerit
451 2990 656 3064 blasphemiam
669 2992 700 3048 in
726 2991 862 3065 Spiritum
904 3009 1008 3051 nomen
1021 2999 1113 3061 tuum,
1129 2994 1248 3052 Domine
1259 2996 1353 3065 ((Ριαι.
1364 2994 1534 3065 exuuii),
1551 2993 1604 3049 sid
1614 2997 1703 3061 estut

59 3072 266 3145 smcsumnnm
275 3080 437 3137 remittetur
448 3080 474 3136 ei
491 3082 586 3149 (llere.
604 3098 642 3148 nr,
654 3078 710 3151 ιθ).
728 3101 740 3133 ι
756 3081 796 3136 De
807 3096 863 3151 qua
902 3092 935 3141 tu
949 3084 990 3139 eis
1004 3084 1116 3155 placeas
1131 3083 1321 3156 querentibus
1331 3098 1435 3139 nomen
1448 3090 1540 3150 tuum,
1551 3083 1627 3155 quod
1648 3082 1702 3139 sibi

59 3168 863 3243 blasphemiamutissimusacprmclarissimusdoctorllu·
903 3173 1068 3246 placuerant
1089 3173 1241 3245 querendo
1258 3188 1351 3228 snum.
1368 3172 1423 3227 Sed
1437 3178 1481 3227 est
1494 3174 1574 3245 pejor
1587 3173 1705 3228 damna·

59 3259 863 3333 gentinus,cumdeirremissibiliblasphemiainSpiritum
902 3261 1179 3334 biliorquesuperbia
1191 3262 1376 3334 querentium
1385 3261 1540 3333 inpeccatis
1548 3261 1704 3318 manifestis

60 3354 358 3404 sanctumsermoncm
373 3349 670 3422 laceretadpopulum,
679 3349 864 3405 intercaetera
904 3352 1069 3423 suffragium
1084 3351 1282 3417 excusationis,
1293 3350 1469 3422 inquirentes
1483 3350 1557 3405 sicut
1568 3350 1609 3405 illi
1618 3350 1703 3422 primi

60 3436 118 3493 ait:
137 3437 540 3511 ilaecomninoimpoenitentia
553 3455 610 3494 non
624 3438 710 3494 habet
722 3438 862 3494 remissio·
904 3439 1042 3504 hemines,
1060 3455 1181 3510 qnorum
1206 3443 1235 3493 et
1248 3438 1297 3492 illa
1311 3438 1405 3493 dixit:
1424 3456 1437 3492 s
1453 3440 1575 3510 Serpens
1592 3437 1704 3493 seduxit

62 3542 141 3595 nem,
156 3543 249 3599 neque
273 3528 302 3583 in
326 3528 379 3584 hoc
400 3530 510 3597 saeculo,
526 3545 618 3600 neque
632 3529 662 3584 lu
675 3528 780 3596 tuturo,
796 3528 865 3600 quia
903 3544 958 3595 me,
975 3535 1003 3582 et
1016 3526 1182 3583 manducavi
1197 3528 1273 3595 (Gerr.
1288 3543 1316 3591 ιι,
1332 3525 1389 3593 tt),
1407 3531 1436 3581 et
1444 3526 1492 3581 ille
1505 3525 1593 3581 dixit:
1611 3544 1624 3579 s
1639 3525 1703 3582 llu-

62 3614 371 3689 poenitentiaimpetrat
377 3617 569 3673 remissionem
575 3618 606 3673 in
619 3618 672 3673 lroc
681 3618 791 3683 saeculo,
802 3633 864 3689 que
905 3616 957 3673 lier
969 3632 1054 3689 quam
1069 3616 1171 3671 dedisti
1185 3616 1299 3681 sociam,
1311 3614 1372 3686 ipsa
1381 3614 1451 3669 mibi
1460 3614 1580 3670 deditds
1589 3613 1666 3687 ligno
1674 3618 1704 3671 et

62 3706 158 3761 valcat
170 3704 318 3773 insuturo;
335 3706 384 3762 sed
408 3707 463 3762 ista
480 3706 686 3779 impoenitentia
700 3707 743 3763 rel
755 3722 803 3762 cor
813 3705 865 3761 im·
906 3705 1024 3760 roncdi.
1043 3726 1055 3755 s
1076 3706 1222 3775 Nusquam
1240 3705 1284 3758 bic
1308 3709 1391 3759 sonet
1405 3703 1505 3775 petitio
1517 3704 1615 3771 reniae,
1634 3720 1704 3760 nus·

61 3793 214 3867 penitens,
225 3796 360 3867 «quamdiu
375 3797 493 3868 quisquc
509 3796 538 3851 iu
553 3797 606 3852 hac
618 3812 702 3853 carne
716 3796 792 3863 visit,
809 3813 865 3849 non
907 3814 991 3867 qnam
1005 3794 1165 3865 imploratio
1173 3792 1386 3849 medicinseSed
1399 3798 1428 3848 et
1440 3791 1508 3847 illud
1517 3808 1572 3847 nun
1583 3798 1626 3847 cst
1635 3808 1705 3863 pre·

62 3882 339 3957 potesrjudtcori,de
349 3884 426 3939 nullo
436 3883 867 3956 enimdesperandumestquan·
906 3883 1167 3954 urcundnmqnon
1182 3882 1256 3939 idem
1268 3886 1382 3937 sanctus
1395 3881 1569 3953 Augustinus
1578 3881 1658 3938 sitin
1672 3881 1705 3939 li·

62 3970 112 4029 diu
125 3971 265 4043 patientia
278 3972 328 4027 Dei
339 3973 375 4028 ad
398 3972 594 4045 penitentiam
618 3972 705 4029 ducit.
718 3975 790 4029 Item
803 3976 868 4045 post
906 3972 958 4030 bro
971 3973 1007 4029 de
1019 3974 1087 4029 lide
1101 3978 1131 4028 et
1145 3972 1293 4045 Operibus,
1310 3973 1345 4027 de
1367 3972 1412 4027 his
1427 3972 1475 4045 qui
1489 3972 1618 4028 homines
1631 3971 1705 4027 mals

62 4076 156 4133 pauca
167 4060 209 4115 ait
225 4077 232 4114 :
249 4061 339 4116 Omne
353 4079 469 4135 prorsus
489 4066 636 4135 peccatum
650 4068 679 4117 et
692 4062 868 4134 blasphemie
907 4078 1021 4119 secnms
1029 4062 1143 4129 sadans,
1160 4068 1193 4118 ut
1207 4068 1323 4134 propter
1337 4068 1445 4118 rectam
1455 4062 1540 4117 tidem
1550 4061 1661 4118 etimnsi
1674 4060 1705 4117 in

62 4150 229 4207 remittetur
241 4149 411 4219 hominibus,
421 4151 470 4206 ubi
483 4152 536 4207 hec
550 4158 696 4223 peccatum
711 4168 768 4207 non
781 4152 868 4207 luerit
906 4152 1070 4209 criminibus
1079 4151 1704 4224 permanserintnondamnentur.0areamus,

64 4238 158 4297 cordis
173 4238 377 4312 impenitentis
391 4246 490 4297 contra
505 4241 642 4313 Spiritum
656 4248 794 4308 sanctum,
811 4257 866 4313 quo
907 4242 1009 4314 inquit,
1019 4242 1169 4314 diligenter
1180 4242 1209 4297 in
1220 4240 1538 4313 adjutorlonominiuei
1548 4240 1639 4296 nostri
1648 4255 1707 4297 non

64 4327 232 4397 inEcclesia
241 4340 356 4401 peccata
366 4331 521 4397 solvuntur,
538 4336 641 4387 cuncta
654 4331 711 4387 alie
721 4331 867 4387 dimittun·
907 4331 999 4388 lacere
1013 4332 1141 4388 homines
1165 4332 1238 4387 male
1260 4347 1382 4389 muros.
1399 4329 1578 4385 dicentescis
1592 4325 1706 4400 quodsi

64 4424 132 4475 tur:
150 4421 291 4493 quomodo
306 4426 401 4477 autem
423 4421 475 4476 boc
500 4422 670 4489 remittetur,
685 4421 760 4493 quod
779 4402 1051 4479 etiamDiuerintin
1065 4422 1177 4477 christo
1191 4420 1334 4491 baptisati,
1351 4416 1561 4490 quomodolibet
1569 4416 1598 4473 in
1608 4416 1706 4474 aalide

63 4506 263 4565 remissionem
272 4508 389 4579 impedit
400 4510 712 4581 aliorum.0mniaergo
721 4510 869 4567 dimittnn·
910 4512 1028 4567 vixerint
1042 4527 1089 4567 eos
1099 4512 1135 4567 ad
1149 4510 1270 4565 salntem
1282 4516 1416 4564 eternam
1429 4524 1490 4564 esse
1504 4512 1647 4563 venturos.
1660 4506 1707 4562 la·

64 4602 113 4653 tur
123 4596 166 4651 eis
180 4595 210 4651 in
225 4596 326 4667 quibus
340 4598 393 4653 lroc
415 4616 472 4654 non
491 4606 535 4655 est
551 4601 626 4672 quod
656 4617 802 4672 nunquam
824 4600 867 4655 di·
908 4601 994 4659 cobus
1007 4602 1081 4657 enim
1094 4599 1237 4671 apostolus
1251 4597 1310 4652 ait:
1328 4596 1453 4669 «Siquis
1466 4595 1551 4653 tidem
1564 4595 1707 4653 dixeritne

64 4686 208 4747 mittetur.
231 4685 374 4757 lnquibus
389 4692 484 4743 autern
503 4694 556 4756 est,
571 4690 704 4761 quoniam
718 4690 772 4747 hoc
794 4708 868 4747 nun·
910 4691 1118 4762 liabere,ope1a
1131 4693 1227 4743 autem
1241 4701 1299 4743 non
1313 4683 1640 4756 babeatnunquidlldes
1652 4684 1707 4742 sal·

63 4790 154 4849 quam
168 4772 338 4843 dimittetur,
346 4792 397 4831 nec
408 4776 464 4831 alia
472 4776 657 4835 dimittuntur
666 4780 734 4849 quia
741 4780 869 4835 omnium
909 4797 974 4835 sare
988 4778 1094 4853 poterit
1103 4776 1190 4833 euml
1202 4774 1285 4831 Fides
1295 4774 1371 4830 enim
1385 4772 1586 4847 sineoperibns
1594 4779 1707 4832 mortim

62 4862 867 4940 remissiorinculoistiusirnpeditur.1)equablaspbemia,
908 4876 953 4925 est
963 4872 1031 4935 (loc.
1039 4884 1070 4934 ιι,
1083 4866 1138 4937 l-l).
1150 4886 1162 4918 s
1178 4865 1257 4921 Sient
1267 4864 1344 4921 enim
1353 4864 1423 4919 lldes
1430 4861 1706 4936 rectsabsqnsbonis

61 4950 675 5028 idestimpoenitentiarelcorimpoenitens,
691 4958 870 5030 supradictus
909 4956 1120 5030 operibusnihil
1132 4954 1265 5028 cuiqnam
1279 4954 1403 5026 prodest,
1420 4953 1460 5008 itu
1470 4951 1636 5026 operabona
1645 4950 1707 5009 sins

63 5040 335 5113 petcrllugustinus
345 5043 712 5117 enucleatissimevaldeque
722 5046 828 5118 prolixe
840 5046 870 5101 in
910 5046 965 5102 fide
979 5046 1112 5117 prodesse
1132 5044 1217 5101 alicui
1244 5059 1300 5099 non
1323 5047 1451 5116 possunt,
1476 5044 1708 5098 mentesanus

63 5143 200 5187 sermone
215 5129 251 5183 ad
260 5130 395 5202 populum
409 5148 487 5189 more
500 5132 583 5189 solito
597 5134 753 5189 secundum
763 5140 871 5191 sancta·
911 5135 1056 5209 Scriptura
1071 5152 1077 5187 :
1092 5150 1107 5187 a
1122 5134 1189 5191 Sine
1204 5132 1260 5188 tlde
1269 5132 1346 5188 enim
1360 5129 1533 5204 impossibile
1544 5129 1708 5203 estplaeets

65 5234 133 5275 rum
149 5217 361 5289 Scripturarum
379 5221 597 5279 ullirmttionem
611 5222 754 5280 disseruit.
781 5225 870 5281 Nemo
910 5224 969 5280 Deo
983 5225 1058 5291 (llct.
1070 5239 1107 5291 ιι,
1122 5224 1161 5294 6).
1177 5242 1190 5276 ι
1207 5223 1245 5279 Ut
1258 5218 1708 5292 enimsrdesrectasineoperibus

66 5322 138 5381 ergo
147 5323 200 5380 pro
214 5306 396 5367 multitudiue
403 5316 432 5365 et
440 5312 609 5369 enormitate
615 5329 732 5369 suorum
741 5313 871 5385 desperet
910 5312 991 5370 bouis
1000 5312 1108 5369 salvare
1117 5327 1287 5386 quemquam
1297 5316 1429 5383 nequeat,
1450 5310 1525 5365 idem
1535 5308 1708 5365 elarimimns

44 5388 51 5397 '
66 5400 262 5473 peccatorum,
278 5398 328 5453 sed
341 5400 435 5472 potius
454 5402 599 5457 confidens
621 5403 656 5457 de
679 5402 871 5459 misericordia
911 5404 1009 5459 doctor
1022 5402 1198 5474 Augustinus
1211 5402 1240 5458 in
1255 5400 1327 5456 libro
1341 5400 1377 5455 de
1391 5399 1536 5471 Baptismo
1549 5402 1650 5470 quarto
1663 5397 1709 5453 di·

68 5484 124 5557 liei
137 5491 261 5558 agatpro
275 5488 406 5561 peccatis,
418 5489 486 5545 dnm
501 5491 595 5551 inhoc
608 5491 805 5563 corporevivit,
815 5508 872 5564 pos·
911 5487 1628 5549 smismtestimoniiscontestandoalllrmatdicens:
1638 5488 1711 5545 Gon·

72 5572 236 5645 nitentium,
252 5576 429 5635 neinluturo
444 5579 542 5636 eterni
558 5579 662 5651 judicis
680 5580 807 5637 examine
820 5598 872 5654 pro
912 5583 1063 5639 sbtuamus
1072 5581 1195 5654 aliquem
1209 5579 1417 5649 seminatorem,
1428 5578 1618 5650 immundum,
1629 5577 1709 5637 luxa·
