3772 6120
148 331 217 386 11149
681 336 901 394 1111111.-
922 343 1048 398 suenio
1068 345 1104 400 11.
1120 345 1248 401 iilum.

181 455 325 513 Assistuiit
338 455 409 509 votis
423 462 508 526 atquc
522 457 576 528 piis
590 459 728 530 precibus.
950 469 976 529 Α
1317 473 1447 530 CXLVII.

146 547 203 602 Hos
217 546 293 600 iuter
301 550 414 600 sanctos
428 545 535 600 Cosmus
550 547 635 602 simul
650 565 682 604 ac
696 551 835 620 Damiaui,

180 635 307 701 Quorum
316 634 569 697 hodieestsestum,
578 643 878 715 sacramanentspolia
887 645 941 702 hic.

143 727 195 781 Ast
207 724 281 780 tales
295 723 394 788 socios,
411 723 457 778 hic
472 741 591 795 quarum
603 728 729 784 membra
740 732 897 802 quiescunt,
982 772 1005 827 C

983 593 1078 665 Agnes
1092 610 1158 649 nam
1172 594 1249 667 iirgo
1265 597 1337 651 hanc
1353 614 1432 652 uram
1446 599 1557 656 dedicat
1571 603 1655 670 alma,

1018 684 1130 754 Agrium
1144 702 1205 756 quae
1215 686 1358 742 Christum
1372 705 1475 760 sponsa
1487 691 1537 745 Dei
1552 692 1689 765 sequitur.

1008 789 1055 828 um
1068 790 1124 844 qua
1139 774 1243 829 Cecilia
1260 781 1370 848 martyr
1381 783 1410 831 et
1423 784 1521 833 sancta
1534 780 1629 853 virago
1684 840 1687 847 ,

177 815 286 887 Nempe
300 818 399 868 tenent
413 813 502 868 ”⁰⁰5
515 815 765 888 mart-mmm·
1018 862 1132 918 Assistit
1146 864 1274 935 precibus
1290 865 1343 920 rite
1355 867 1479 936 juvando
1495 868 1564 940 pios.

141 903 221 958 Unde
234 919 303 974 rogo
319 908 351 958 ut
360 908 454 956 tantos
466 904 598 974 queraris
608 905 662 960 rite
679 912 813 977 patronos

176 992 231 1058 Qui
245 990 323 1047 iobis
337 991 478 1064 placidum
493 993 578 1048 vultis
593 994 696 1051 habere
706 996 805 1053 Deum.
1309 1010 1454 1066 CXLVIII.

487 1101 509 1154 C
558 1101 591 1155 V.

139 1189 198 1244 lloc
213 1188 303 1243 aliare
318 1188 412 1243 dicant
425 1101 692 1264 comitVsLtestesquc
706 1193 841 1251 Tonantis

175 1279 314 1334 0111811183
331 1277 440 1333 11811111
454 1283 539 1351 at‘1¹¹0
553 1282 641 1336 ⁸²¹⁰si⁸
655 1283 794 1353 111θῦ111113·
980 1307 1054 1372 Quos
1070 1308 1176 1379 pariter
1186 1310 1314 1365 Christus
1329 1314 1471 1370 coelestem
1485 1316 1557 1372 dixit
1569 1317 1605 1372 ad
1615 1334 1707 1375 arcein

138 1367 288 1423 Matthaeus
302 1374 331 1422 et
345 1367 452 1434 Simon,
467 1368 589 1424 Thomas
603 1387 636 1426 ac
649 1371 881 1437 Bartholomaeus,
1013 1397 1111 1452 Claros
1125 1398 1261 1471 marmio
1270 1401 1377 1456 actibus
1392 1408 1478 1475 ,tque
1490 1404 1580 1460 bonis,

174 1456 331 1520 Cornelius,
343 1455 446 1524 3111111
460 1457 576 1529 Sergius
591 1466 675 1533 111111θ
684 1463 803 1518 3101111·
977 1486 1047 1540 Ecce
1059 1487 1150 1542 locum
1167 1487 1306 1559 insignem
1319 1490 1423 1546 retinet
1438 1492 1512 1548 hunc
1527 1500 1636 1567 martyr
1652 1498 1773 1568 Agatha.

477 1565 594 1622 CXLVI.
1013 1575 1253 1649 Commendatquc
1267 1577 1395 1651 suisipsa
1408 1580 1463 1652 piis
1478 1583 1596 1639 meritis.

135 1653 216 1708 lianc
229 1652 402 1709 confessores
416 1670 505 1715 arain.
522 1661 605 1711 castae
621 1663 649 1711 et
661 1659 793 1715 mulieres
976 1664 1063 1720 Lucra
1073 1682 1157 1737 quem
1167 1668 1256 1738 virgo,
1272 1668 1377 1724 Christi
1393 1674 1422 1725 et
1433 1669 1594 1727 dulcissima
1608 1689 1720 1745 sponse,

171 1742 345 1798 Consecrant
359 1743 488 1814 precibus
502 1744 676 1816 atquebonis
691 1748 807 1804 meritis.
1012 1754 1076 1809 Rite
1089 1755 1156 1809 colit
1170 1756 1300 1811 habitans
1309 1758 1424 1829 adjuvat
1437 1765 1466 1814 et
1480 1759 1619 1832 precibus.

134 1831 188 1887 Hic
201 1831 386 1902 Augustinus,
399 1833 589 1906 Hieronymus
599 1834 779 1908 Hilariusque
787 1846 839 1906 est,
1286 1903 1291 1913 ,
1322 1903 1328 1914 ,

170 1921 268 1976 praxis
282 1898 448 1993 [pmgdish
466 1923 578 1990 cecina,
592 1924 679 1979 Lucia
692 1933 721 1980 et
735 1927 869 1998 Eugenia'
993 1897 1155 1953 exhim-
1172 1900 1266 1954 lei-sna
1279 1906 1325 1956 isti
1341 1908 1406 1956 sunt
1420 1906 1519 1973 scripti
1532 1907 1564 1959 i'n
1577 1921 1631 1960 ora
1642 1909 1760 1977 capella.

132 2009 187 2065 1111
199 2010 339 2066 Fabianus
348 2012 437 2077 adest,
454 2019 483 2067 et
496 2029 548 2068 sua
559 2014 678 2085 pignora
688 2023 789 2084 serrat,
976 2022 1110 2095 Expansis
1126 2022 1256 2079 nianibus
1271 2025 1313 2078 sic
1322 2030 1413 2080 totuin
1427 2028 1608 2099 amplectitur
1621 2029 1718 2086 orbem

167 2099 293 2154 Antiates
307 2117 435 2155 summus
449 2109 560 2175 martyr
574 2104 671 2176 etipse
684 2120 771 2159 sacer.
1009 2112 1040 2169 ln
1056 2128 1136 2167 cruce
1151 2113 1275 2168 conilxus
1285 2115 1412 2169 Chi-istus
1423 2116 1452 2169 in
1467 2132 1530 2171 arce
1542 2118 1626 2174 Deua.

131 2190 204 2244 Cum
219 2206 274 2261 quo
284 2196 397 2245 saumas
406 2197 479 2258 orat,
491 2192 636 2265 spoliaque
647 2193 691 2248 hic
701 2194 776 2249 alma
792 2197 929 2265 recondit,
972 2199 1111 2256 Exstinxit
1123 2207 1253 2269 mortem,
1270 2204 1408 2275 confregit
1421 2210 1531 2277 sceptra
1542 2210 1656 2278 tyranni

167 2278 217 2333 Vir
230 2278 333 2334 virtute
343 2284 442 2352 potens
454 2281 514 2354 ipsc
524 2281 717 2349 Sebastianus,
1009 2290 1154 2346 AEternam
1168 2293 1295 2363 requiem
1306 2294 1429 2349 reddidit
1442 2295 1503 2367 ipse
1518 2294 1585 2350 suis.

142 2412 1760 2443 -------------.-.....-.......-,,,,,-,,,.

496 2535 709 2611 SECTIO
745 2538 1034 2614 SECUNDA.
1074 2583 1121 2593 -
1162 2541 1355 2616 HYMNI
1386 2549 1411 2616 ².

820 2722 1069 2741 ψ

982 1129 1022 1184 En
1037 1130 1125 1184 altare
1140 1136 1217 1186 tenet
1227 1132 1278 1187 hoc
1292 1134 1471 1191 Marcellinus
1485 1137 1601 1193 honeste

1016 1220 1087 1273 Cum
1102 1219 1185 1274 Petro
1199 1221 1273 1276 socio
1288 1229 1431 1280 consecrat
1446 1231 1475 1280 et
1489 1227 1607 1284 meritis.

124 2819 210 2880 1.-
235 2833 357 2880 uranus
385 2832 424 2878 ns
449 2833 620 2881 csaairara
646 2820 759 2897 (uerno
782 2836 926 2883 serenico
1003 2820 1041 2876 Ut
1053 2821 1206 2876 salumias
1220 2822 1266 2895 pie
1280 2822 1465 2895 predicarent

251 2914 366 2960 sacros
379 2913 582 2960 esuriamus
597 2899 791 2980 normico).
1144 2909 1281 2981 Dogmata
1296 2911 1450 2968 christum.

161 3004 281 3072 hitales,
293 3019 483 3075 magnumque
492 3004 607 3073 bonum,
615 3005 726 3062 salubre
1002 2996 1121 3068 Haecque
1135 2998 1190 3054 huc
1204 2999 1373 3056 descendere
1384 3001 1450 3057 fecit
1462 3000 1556 3073 ipsum

162 3094 263 3149 liunus
277 3109 310 3148 ex
323 3093 380 3148 alto
393 3093 518 3160 veniens,
532 3110 686 3166 supernum
935 3103 958 3162 (1
1001 3090 1103 3145 Filium
1115 3093 1219 3148 sumini
1234 3094 1326 3149 Patris
1340 3095 1376 3149 ad
1385 3095 1534 3164 medelam,

161 3186 321 3242 Conditoris
334 3186 454 3241 maxime
462 3188 510 3258 jus
519 3189 642 3259 potentis
1000 3181 1037 3236 Ut
1046 3198 1196 3254 supernam
1214 3184 1436 3257 terriginaniquc
1444 3184 1554 3258 plebem

303 3276 361 3331 Lux
376 3276 424 3348 pia
439 3276 546 3331 mundi.
1140 3273 1276 3343 iungeret
1289 3280 1395 3329 auctor.

160 3364 290 3420 Charitas
303 3365 437 3436 praeclara
450 3364 594 3433 Tonantis,
611 3372 695 3439 atque
999 3360 1069 3415 llaec.
1078 3360 1137 3432 pati
1151 3362 1295 3418 Christum
1309 3380 1400 3430 cruce,
1416 3364 1475 3419 hac
1490 3365 1610 3435 ilagella,

160 3453 252 3509 Ardor
265 3459 295 3508 et
309 3454 468 3509 communio
482 3454 627 3511 Trinitatis
999 3449 1097 3520 Spute,
1114 3450 1219 3522 spinas,
1236 3450 1310 3504 ferre
1323 3450 1401 3505 dedit
1414 3452 1574 3522 sepulcrum

161 3544 270 3598 Cuncta
284 3542 371 3597 virtus
386 3543 439 3597 rite
454 3558 555 3614 regens
568 3549 669 3617 potens
684 3545 725 3600 lex
998 3540 1089 3609 Atque
1104 3539 1235 3594 victorem
1250 3539 1320 3601 iore,
1335 3538 1425 3610 deque
1439 3546 1529 3595 morte

297 3632 418 3702 Agmina
431 3632 504 3687 caeli.
1142 3627 1264 3698 Surgere
1278 3627 1352 3682 fecii.

160 3725 226 3779 liaec
245 3727 381 3777 creature
395 3721 449 3776 suit
460 3721 535 3776 alma
544 3721 633 3793 origo,
996 3718 1062 3772 llaec
1076 3715 1156 3770 Pauli
1174 3732 1292 3787 regnum
1308 3715 1386 3772 dedit
1400 3733 1461 3772 esse
1473 3723 1613 3790 apertum,

158 3814 231 3868 Nam
247 3828 297 3884 per
312 3811 386 3865 hanc
395 3810 520 3866 coelestia
533 3810 646 3866 condita
660 3819 779 3869 exstant.
997 3805 1127 3860 Christus
1141 3821 1174 3859 ex
1188 3821 1244 3876 quo
1259 3806 1335 3861 celsa
1342 3805 1423 3878 petit,
1436 3813 1596 3879 sequentes,

159 3903 192 3957 Et
205 3901 293 3956 maris
304 3906 441 3971 terraeque
455 3900 540 3955 simul
552 3906 665 3973 reperta
996 3895 1063 3966 Ejus
1078 3901 1107 3949 et
1121 3895 1238 3965 vestigia
1252 3895 1317 3950 iecit
1330 3912 1426 3950 omnes

300 3989 434 4045 Germina
452 3995 591 4045 constant.
1138 3984 1277 4038 Scandere
1290 3985 1401 4039 coelum.

158 4079 223 4135 llaec
237 4079 327 4133 Adam
342 4078 464 4150 primuni
477 4076 555 4132 dedit
564 4077 593 4132 iii
608 4093 638 4131 se
648 4076 760 4140 habere,
996 4073 1132 4145 Spiritum
1143 4079 1271 4129 sanctum
1283 4073 1362 4128 dedit
1376 4075 1434 4130 haro
1445 4073 1553 4131 abarce

158 4169 200 4224 En
212 4168 263 4223 Dei
278 4167 430 4239 exemplar,
440 4166 576 4236 fieretque
590 4165 684 4236 imago
996 4162 1184 4228 PentecostcS,
1201 4161 1296 4236 sicque
1310 4164 1430 4219 sacrarit

157 4257 327 4323 ConditoriS,
339 4253 545 4328 praeposuitque
557 4260 616 4310 toto
632 4255 706 4310 huuc
996 4251 1182 4318 Priinitiium,
1197 4268 1262 4308 cum
1276 4253 1438 4308 Paracletus
1452 4270 1564 4324 agmen.

301 4346 420 4401 Condito
432 4342 501 4397 orbi.
927 4387 952 4446 D
1138 4340 1325 4396 Visitatorbe.

157 4437 224 4492 llaec
231 4436 385 4520 prophotas
399 4440 429 4488 et
440 4431 514 4506 patri
528 4429 593 4486 fecit
602 4429 701 4486 archas
996 4429 1061 4484 Hier
1074 4429 1214 4484 salubrem
1224 4429 1320 4500 dirigit
1332 4435 1360 4483 et
1371 4429 1524 4496 cohortem,

157 4526 230 4582 Cum
244 4541 323 4581 sacru
335 4522 494 4599 Spirainine
509 4537 557 4576 eos
569 4519 694 4592 replevit,
995 4518 1129 4574 Prirnitus
1139 4519 1243 4575 Christi
1257 4518 1373 4573 comites
1386 4519 1542 4589 dehincque

617 4651 773 4706 SCHOLIA
790 4649 1059 4705 ciiiiisropiioiti
1079 4649 1260 4705 BROWERI.

156 4756 240 4811 Libro
254 4773 273 4812 ii
285 4756 320 4811 de
335 4757 516 4814 Institutione
529 4759 705 4823 clericorum,
727 4776 750 4812 c.
773 4757 817 4823 iil,
839 4758 919 4831 hym·
959 4757 1036 4811 diurn
1053 4762 1226 4828 quantopere
1237 4755 1372 4811 Rabanus
1390 4755 1543 4811 insuorum
1556 4757 1757 4830 discipulorum

118 4842 171 4881 nos
179 4826 234 4880 dici
247 4828 306 4881 vult
320 4827 576 4902 Rabanusquaecun
597 4847 632 4884 uc
643 4830 673 4884 in
684 4829 796 4884 laudem
803 4829 919 4884 Deicau·
959 4828 1062 4882 animis
1075 4827 1212 4893 excitarit,
1226 4832 1254 4882 et
1265 4827 1292 4881 in
1305 4834 1407 4881 1111111
1418 4828 1588 4882 monasteria
1598 4827 1757 4899 exemplum

117 4898 198 4954 mina
212 4898 360 4965 dicuntur;
374 4848 919 4972 111111111111111111111111
960 4899 1102 4964 derivarit,
1110 4900 1212 4955 docent
1219 4898 1504 4982 liymniantiquorum
1516 4898 1697 4980 Vatrum.qui
1707 4914 1757 4953 nu-

118 4970 248 5039 eaemplo
262 4973 489 5028 commendatum
502 4992 509 5033 3
525 4980 554 5027 et
569 4974 662 5028 valere
676 4971 789 5044 quidem
805 4972 840 5025 ail
861 4988 919 5026 mo·
960 4987 1010 5043 per
1025 4988 1058 5023 eii
1073 4971 1247 5041 sangallensi
1263 4969 1430 5035 bibliotheca
1444 4969 1617 5052 prodierunt,
1639 4976 1707 5052 toni:
1723 4969 1757 5052 V

117 5040 242 5096 seudum
277 5041 303 5097 ie
313 5042 450 5109 animuin,
462 5053 491 5098 ct
499 5043 732 5100 inflammandum
743 5042 845 5097 divinia
853 5043 920 5098 dile·
960 5041 1055 5113 Antiq.
1070 5042 1145 5096 hcet.
1166 5042 1253 5097 Porro
1267 5042 1387 5112 hymnos
1410 5041 1560 5096 nonnullos
1578 5040 1623 5094 hic
1646 5054 1757 5122 repinri

116 5110 221 5166 ctionis
233 5058 377 5168 affectum:
389 5115 563 5170 aliosailiatu
574 5131 704 5187 superno,
716 5114 786 5169 alios
796 5115 919 5169 humano
961 5114 1009 5186 qui
1022 5113 1202 5196 scriptoribus
1216 5112 1279 5167 aliis
1300 5112 1435 5168 vindicari
1454 5112 1572 5184 possint,
1588 5111 1760 5195 1111111111·

116 5182 919 5258 ingeniotactosAuctoresbynimorumEcclesiamhabere
960 5190 1035 5252 tear,
1052 5182 1452 5257 etquiasetuataemembianae
1462 5199 1547 5264 inanu
1558 5189 1758 5266 1111111111-

117 5256 293 5325 praecipuos:
310 5256 338 5311 in
349 5257 500 5313 occidentis
512 5258 643 5322 Ecclesia,
655 5262 766 5312 sanctos
781 5256 919 5312 Hilarium
960 5257 1033 5311 sima
1046 5255 1320 5313 nonnullosinaertos
1329 5254 1546 5337 observavimus,
1559 5254 1759 5336 1111111111-

116 5329 148 5379 et
161 5327 351 5382 Anibi-osium.
364 5330 506 5384 Hactenus
520 5347 553 5383 ex
568 5329 692 5394 Raliano,
704 5327 752 5399 qui
767 5326 818 5382 hos
833 5326 918 5382 alios·
959 5343 1024 5382 men
1038 5326 1194 5383 faciendum
1202 5326 1559 5408 asteriscisinsigniiimus:
1572 5326 1759 5398 reliquosple·

117 5399 340 5467 queaemulatus,
355 5400 537 5473 hymnodiam
546 5406 694 5457 contexere
706 5414 854 5470 aggressus
863 5404 917 5465 est,
959 5414 1071 5469 rosque,
1087 5398 1153 5470 quia
1166 5398 1264 5453 codem
1288 5398 1448 5453 charactere
1471 5402 1500 5450 ei
1523 5396 1606 5454 titulo
1624 5412 1757 5455 vanuum

117 5483 225 5548 exque
239 5485 295 5523 non
312 5486 401 5540 pauca
415 5472 542 5527 connino
556 5472 585 5526 iii
609 5473 679 5525 hanc
698 5469 772 5524 diem
795 5469 919 5524 Ecclesia
960 5469 1069 5524 Rabuni
1083 5468 1236 5550 praescripti
1247 5475 1322 5550 sunt:
1339 5467 1430 5521 cidem
1451 5483 1501 5521 seu
1526 5468 1612 5539 prolis
1625 5466 1758 5538 legitimae

117 5553 184 5592 usia
192 5539 302 5610 publico
313 5558 488 5608 consecrare,
499 5551 573 5598 aute
585 5540 740 5613 maioribus
751 5546 866 5612 accepta
876 5556 920 5597 re·
959 5540 1082 5611 parenti,
1093 5538 1278 5595 transcribere
1294 5539 1333 5595 nil
1348 5554 1485 5592 veremur.

117 5609 211 5664 tinere
225 5612 365 5668 soluitlit
374 5614 554 5685 hymmorum
564 5620 639 5671 certe
653 5611 844 5668 canendorum
859 5618 919 5666 stu-
