3772 6120
121 278 175 338 385
274 246 286 265 ἱ
338 274 687 338 nummulariorum
705 276 781 335 EPP.
802 280 910 337 PAULI
929 283 998 337 ldB.
1019 282 1091 337 XVI.
1112 314 1144 323 -
1166 284 1204 338 ΙΝ
1224 284 1334 339 EPlS'l'.
1355 285 1404 338 hh
1423 274 1550 342 timer.
1713 288 1765 344 366

120 406 162 460 ita
185 406 242 460 duc
265 421 330 476 quse
349 409 515 476 sequuntur,
540 404 577 456 ad
605 403 661 458 duo
689 405 834 475 superiora
862 406 1056 476 pos—Acordis
1071 406 1220 461 dilectione
1238 409 1355 470 accedis,
1379 409 1427 461 sed
1449 409 1522 464 inter
1542 413 1681 483 agendum
1698 414 1765 469 sub-

116 506 183 549 sunt
197 494 368 565 singillatim
389 492 509 547 referri:
532 493 652 558 hortare,
676 509 740 546 cum
764 494 924 564 importune
965 496 1085 565 repserit
1098 496 1213 566 aliquid,
1239 497 1306 549 dum
1329 497 1379 550 tihi
1404 498 1554 563 resistitur,
1572 502 1648 571 quod
1667 512 1696 556 te
1718 520 1766 557 aa·
1807 503 1813 517 “

117 583 228 637 instas:
256 586 381 652 increpo,
406 598 471 636 cum
494 582 655 652 importune
677 582 794 651 arguis3
822 583 923 637 deinde
965 583 1037 638 ferat
1053 584 1088 638 ab
1103 585 1225 638 hominis
1240 586 1306 638 vitio
1329 588 1522 656 persequendo
1545 596 1573 642 et
1588 590 1641 660 ipsi
1659 591 1767 646 homini

120 680 222 727 oeoera
252 672 310 726 duo
334 668 473 737 similiter,
504 671 552 725 sed
578 687 710 725 converso
734 672 832 726 ordine
855 672 924 726 refe
964 672 1048 727 saciat
1069 673 1203 727 infestum
1226 680 1324 745 postca
1342 681 1370 727 te
1394 675 1525 745 lacrymis
1547 677 1686 732 lavantem
1711 681 1765 733 hu·

120 766 233 827 rantur,
247 777 315 815 earn
325 763 403 815 mani
418 763 629 828 longanimitate
639 761 674 815 ad
690 761 868 814 sustinendas
883 761 925 814 in·
962 762 1086 831 jusmodi
1098 763 1251 832 pulverem,
1264 764 1351 816 multo
1363 763 1503 817 salubrius
1514 767 1677 821 meminisse
1688 785 1770 838 opor·

118 850 301 920 dignationes
322 864 430 915 eoram,
448 864 518 919 quos
538 848 669 912 destruis,
691 855 715 902 et
741 852 868 903 doctrina
888 850 924 903 ad
964 848 1044 914 tebit,
1062 851 1196 921 quianon
1212 851 1364 905 debeamus
1379 868 1464 923 super
1486 854 1606 908 aliorum
1621 856 1767 926 superbire

119 939 287 993 instruenda
305 954 404 993 eorum
426 937 531 1001 studia,
558 953 628 1008 quos
651 932 770 992 rediiicas
796 957 801 991 ε
829 945 924 993 tamen
966 947 1088 1010 peccata,
1112 940 1223 1010 quando
1245 941 1272 994 in
1296 941 1358 1011 ipsa
1379 957 1476 995 eorum
1492 942 1687 1014 objurgatione
1708 961 1769 1016 pec-

121 1027 233 1083 etiamsi
248 1028 298 1081 illo
312 1027 459 1085 usitatiore
475 1026 558 1081 modo
576 1026 775 1096 distinguntur.
795 1031 868 1081 iusta
883 1044 926 1096 op·
968 1042 1073 1086 camus,
1092 1044 1156 1081 cum
1171 1027 1279 1083 facilius
1294 1045 1345 1082 nos
1357 1029 1400 1082 ira
1415 1032 1555 1100 peccantis
1575 1033 1670 1093 iratos,
1684 1049 1774 1104 quam·
1824 1102 1827 1109 Ι

120 1123 249 1187 porturis,
276 1117 395 1187 quodsi
423 1114 477 1169 hoc
498 1115 580 1169 modo
599 1130 654 1171 nen
679 1116 799 1186 prcsscis,
821 1120 926 1185 impor-
968 1117 1082 1170 miseria
1110 1117 1304 1171 misericordes
1324 1118 1400 1172 lacit.
1423 1119 1531 1189 (Greg.)
1559 1123 1645 1183 Alter,
1667 1123 1769 1193 inquit,

125 1212 197 1271 tuae,
222 1206 266 1259 ita
283 1203 499 1275 intelligendum
517 1210 568 1267 est,
585 1210 618 1258 ut
638 1209 668 1257 tu
688 1205 927 1276 opportunitatem
968 1207 1770 1274 alteriusoaeruportate.QuiaVeteris'l'cstamenticusto-

125 1293 241 1348 omnino
256 1309 315 1348 non
337 1295 461 1359 deseras,
478 1298 507 1346 et
527 1293 567 1346 sic
587 1293 716 1364 accipies,
733 1294 806 1364 qnod
821 1294 926 1348 dictum
969 1293 1016 1347 dia
1029 1294 1159 1347 timorem
1175 1294 1286 1361 habeat,
1302 1312 1358 1349 non
1371 1297 1463 1366 potnit
1477 1299 1601 1367 apertius
1615 1299 1769 1369 signritlceri

126 1391 174 1445 est,
201 1387 373 1451 importune,
397 1389 429 1437 ut
452 1382 491 1435 illi
515 1382 634 1436 ridearis
660 1383 847 1453 importunus,
879 1384 927 1453 qui
970 1384 1039 1437 Novi
1054 1384 1225 1437 Testamenti
1237 1385 1342 1438 donum
1353 1402 1414 1438 esse
1428 1386 1604 1452 clraritatcrn,
1617 1404 1702 1458 quam
1718 1390 1770 1443 hoc

127 1488 179 1527 non
202 1471 333 1526 libenter
347 1472 428 1525 audit
450 1487 511 1541 quoe
533 1470 665 1525 dicuntur
687 1471 715 1525 in
731 1488 805 1527 eum.
821 1473 863 1526 Tu
883 1477 926 1524 ta·
970 1473 1038 1538 loco,
1051 1472 1098 1525 ubi
1112 1474 1261 1543 Apostolus
1273 1474 1340 1527 dicit
1353 1494 1358 1526 ε
1372 1476 1492 1530 Invicem
1503 1492 1588 1530 orrrua
1603 1484 1691 1531 restro
1702 1464 1769 1547 por-

126 1578 185 1615 meu
201 1561 276 1614 scias
286 1561 340 1615 hoc
355 1560 397 1614 illi
412 1576 473 1614 esse
487 1565 686 1631 opportunum,
704 1566 733 1614 et
747 1561 927 1615 dilectionem
971 1567 1032 1627 tutr,
1044 1567 1068 1614 rt
1082 1565 1121 1614 sic
1131 1564 1318 1630 adhrrpirhih's
1331 1567 1414 1629 leprrn
1425 1565 1537 1617 Christi.
1554 1565 1633 1619 Hanc
1647 1565 1723 1620 enim
1733 1567 1769 1620 le-

126 1666 277 1721 ruramque
292 1649 423 1704 sanitatis
440 1651 501 1718 ejus
516 1649 610 1703 enimn
624 1655 722 1704 teneas
737 1656 884 1705 mansueto
900 1655 929 1703 ct
968 1666 1033 1719 gem
1049 1650 1152 1704 Christi
1174 1650 1265 1705 dicere
1285 1651 1461 1721 intelligitur,
1484 1668 1540 1723 qua
1560 1654 1619 1724 ipse
1635 1655 1774 1710 Dominus

127 1739 250 1794 modeste
274 1743 305 1793 et
324 1738 459 1792 fraterno.
482 1738 563 1792 Multi
587 1739 662 1792 enim
687 1744 783 1809 postea
802 1732 1110 1810 cogitan·Bpraeccpit,
1127 1745 1159 1793 ut
1172 1740 1289 1794 invicem
1302 1740 1471 1810 diligamus:
1487 1747 1598 1796 tentum
1613 1743 1642 1796 in
1658 1760 1692 1797 ea
1706 1760 1770 1798 sen·

130 1836 176 1889 tes,
191 1845 257 1899 quae
282 1827 436 1891 audierint,
452 1833 482 1881 et
498 1843 582 1898 quam
602 1828 679 1897 justa
703 1827 854 1893 audierint,
875 1828 933 1898 ipsi¹
970 1829 1060 1883 tentia
1074 1829 1203 1899 praerepti
1220 1829 1328 1899 pondus
1344 1831 1527 1896 constituens,
1540 1838 1572 1885 ut
1592 1833 1698 1886 diceret
1714 1851 1719 1885 :
1736 1835 1770 1887 Ia

132 1934 159 1971 se
169 1917 284 1988 gravius
307 1922 336 1971 et
349 1916 474 1971 severius
490 1922 653 1987 arguerunt.
672 1917 707 1971 Et
727 1918 854 1988 quamvis
868 1933 930 1988 per·
970 1917 1018 1973 hoc
1034 1921 1214 1985 superunitur,
1236 1922 1369 1986 quorrinm.
1385 1920 1517 1987 discipuli
1534 1924 1673 1985 irretortis,
1689 1926 1714 1976 si
1728 1939 1774 1975 cos

132 2005 299 2061 turbatiores
314 2024 332 2060 a
356 2005 641 2060 medicuridcrentur
660 2005 819 2066 abscedere,
836 2007 930 2077 paula·
971 2007 1196 2076 diiipotistiourr.
1215 2011 1282 2071 sur).
1299 2007 1392 2076 Hujus
1412 2014 1507 2061 autem
1527 2009 1685 2063 dilectionis
1710 1998 1772 2064 offi-

133 2095 177 2149 tirn
197 2094 277 2149 verbi
299 2095 397 2166 rigore
418 2094 449 2147 in
476 2094 613 2149 medullas
639 2100 818 2165 penetrante,
838 2095 930 2149 sanati
973 2094 1048 2148 cium
1063 2099 1114 2157 est,
1126 2098 1243 2149 irrcicerrr
1255 2111 1339 2149 orrero
1353 2102 1442 2149 resno
1451 2102 1566 2163 portate.
1580 2098 1633 2151 Sed
1649 2098 1701 2151 hoe
1715 2098 1774 2151 oili·

135 2192 192 2238 runt
215 2204 221 2237 :
241 2183 320 2255 quod
343 2198 400 2239 uon
420 2185 508 2250 tieret,
528 2184 551 2237 si
573 2200 684 2254 semper
706 2190 931 2256 exspectaremus
972 2183 1046 2237 cium
1058 2200 1113 2237 non
1126 2192 1169 2236 est
1183 2184 1386 2253 sempiternum
1402 2203 1407 2236 :
1425 2182 1558 2253 perducet
1573 2202 1641 2239 sane
1656 2187 1692 2239 ad
1706 2186 1772 2240 bea-

137 2269 573 2344 periclitantem'putrescentibus
583 2272 726 2337 membris,
739 2273 851 2344 quando
866 2288 931 2327 eum
972 2271 1122 2325 titudinem
1139 2271 1349 2342 sempiternam,
1366 2272 1395 2325 in
1415 2288 1470 2342 qua
1488 2274 1566 2326 nulla
1585 2282 1671 2327 erunt
1690 2291 1776 2329 onera

138 2361 227 2416 liberet
236 2367 290 2416 aut
299 2362 345 2416 uri
355 2367 405 2415 aut
414 2360 501 2416 secari
512 2380 518 2428 ;
530 2361 604 2432 quod
616 2378 666 2415 nec
676 2362 730 2433 ipsi
741 2362 865 2433 corporis
877 2379 933 2416 me·
973 2368 1079 2427 nostra,
1099 2378 1160 2431 quar
1174 2361 1292 2414 invicem
1311 2367 1424 2430 portare
1435 2360 1577 2430 jubemur.
1597 2363 1654 2417 Les
1669 2364 1773 2417 etenim

139 2449 358 2513 emmenum,
370 2449 419 2522 qui
428 2456 547 2504 terrenae
557 2450 693 2505 mercedis
706 2450 810 2504 intuitu
820 2457 930 2505 curant.
974 2450 1088 2516 Christi,
1106 2450 1171 2519 quid
1188 2449 1388 2518 congruentius
1413 2450 1531 2519 intelligi
1548 2467 1630 2520 quarn
1652 2452 1775 2506 charitas

139 2538 237 2602 Quotus
250 2540 330 2593 enim
345 2539 465 2610 quisque
482 2530 632 2610 reperitur,
653 2539 701 2610 qui
715 2539 821 2593 serrum
835 2556 932 2593 sonim
976 2544 1077 2608 potest,
1096 2554 1180 2609 quam
1200 2543 1267 2592 tunc
1290 2555 1355 2592 rere
1377 2539 1547 2609 perticimus,
1564 2554 1627 2593 eum
1651 2540 1776 2596 fraterna

140 2629 284 2699 autignenr
294 2644 352 2683 non
362 2629 466 2699 ligatus
476 2635 606 2700 expertus
617 2626 673 2681 siti
684 2644 747 2682 cum
758 2635 787 2682 et
796 2628 837 2682 illi
848 2628 934 2683 carrio·
975 2643 1061 2680 onera
1071 2643 1103 2680 err
1113 2643 1208 2680 arnore
1219 2627 1392 2681 toleramus?
1403 2628 1455 2681 Scd
1469 2628 1526 2682 haec
1536 2629 1634 2681 ruulem
1647 2630 1690 2682 lex
1701 2631 1774 2683 mul-

139 2733 174 2771 res
191 2718 260 2779 sint,
282 2717 331 2788 qui
352 2718 477 2771 volentes
495 2717 575 2787 ligati
593 2717 706 2771 suerint.
734 2718 832 2770 Plures
857 2717 933 2770 enim
974 2716 1059 2787 tiplex
1071 2716 1182 2777 dicitur,
1192 2716 1258 2786 qnia
1267 2716 1393 2770 studiosa
1406 2716 1594 2770 sollicitudine
1604 2718 1728 2772 charitas
1739 2720 1774 2773 ad

142 2807 305 2868 resistentes,
329 2812 359 2859 et
387 2806 458 2860 mori
486 2822 515 2859 se
543 2806 627 2860 malle
655 2807 817 2873 clamantes,
847 2822 932 2877 quarn
973 2811 1074 2858 cuncta
1084 2805 1219 2860 virtutum
1229 2805 1303 2858 laeta
1318 2805 1544 2876 dilatatumque
1559 2823 1576 2859 a
1592 2807 1701 2860 duobus
1715 2809 1775 2878 qui·

142 2894 179 2949 illo
196 2895 293 2950 curari
313 2894 467 2960 medatis
484 2895 767 2965 linguaipsaeorum
781 2894 878 2948 relicta
896 2895 931 2948 li·
973 2893 1037 2947 dem
1052 2894 1198 2964 praeceptis
1208 2894 1314 2964 incipit,
1328 2894 1376 2947 sed
1392 2912 1453 2948 sese
1466 2895 1501 2949 ad
1519 2895 1669 2950 innumera
1681 2902 1775 2953 exten·

142 2982 197 3039 bera
209 2980 345 3038 omnibus
360 2982 494 3037 membris
511 2988 730 3038 construxerunt·
748 2983 930 3053 [corretrinre
972 2981 1022 3035 dit.
1040 2983 1131 3051 liujus
1145 2999 1267 3053 namque
1281 2983 1350 3053 legis
1365 2983 1478 3036 initium
1493 2985 1605 3041 dileetio
1619 2986 1669 3039 Dei
1684 2992 1727 3039 est
1742 3003 1775 3040 ao
1865 3030 1873 3051 ,

141 3072 205 3144 nrt]
220 3093 227 3139 3
245 3088 341 3143 neque
356 3072 392 3126 nd
406 3086 499 3138 suum,
516 3088 607 3142 neque
628 3072 663 3126 nd
685 3072 859 3137 reluctantis,
881 3059 1081 3126 sedCdilectio
1096 3071 1225 3142 pmximi.
1239 3071 1292 3126 Sed
1307 3072 1359 3126 [lei
1373 3072 1484 3126 dileetio
1494 3089 1545 3143 per
1555 3074 1611 3127 tria
1626 3074 1773 3143 distingui-

139 3162 265 3234 adipsins
280 3160 352 3215 artis
371 3160 519 3215 arbitrium
537 3179 542 3213 2
566 3176 687 3232 quorum
704 3167 800 3215 tamen
817 3161 931 3214 vocibus
971 3166 1018 3214 tur
1034 3177 1109 3231 :qua
1122 3177 1155 3214 ex
1169 3167 1229 3215 toto
1242 3161 1326 3215 come
1338 3164 1413 3217 etiex
1427 3168 1487 3215 teta
1503 3163 1607 3228 anima,
1624 3171 1652 3216 ct
1667 3179 1699 3216 ex
1713 3170 1774 3218 tota

138 3250 316 3322 conviciisque
339 3249 495 3304 dolentium
517 3265 568 3304 nee
590 3257 783 3304 commoretur
806 3250 931 3304 curantis
971 3248 1135 3303 fortitudine
1146 3249 1226 3319 diligi
1240 3248 1367 3303 conditor
1379 3249 1504 3319 jubetur.
1518 3251 1580 3316 Qua
1589 3252 1617 3305 in
1633 3267 1664 3305 re
1675 3258 1774 3306 notan·

139 3340 249 3405 animus,
266 3355 320 3393 nec
340 3339 461 3410 quiescit
476 3354 585 3393 manus.
600 3339 745 3393 Medicinae
764 3344 860 3392 autem
875 3355 931 3393 coe-
974 3339 1041 3393 dum
1052 3344 1104 3404 est,
1117 3339 1191 3409 quod
1201 3338 1310 3392 divinus
1322 3354 1423 3401 sermo,
1436 3355 1500 3392 curn
1512 3340 1602 3395 Deum
1612 3340 1690 3411 diligi
1702 3357 1772 3412 prrae-

139 3428 206 3483 lestis
231 3428 368 3489 ministri,
394 3432 446 3481 aut
468 3443 517 3498 per
538 3428 666 3482 odiorum
689 3427 798 3481 trabem
820 3444 934 3481 cernere
975 3427 1052 3499 cipit,
1068 3444 1124 3481 non
1139 3428 1229 3481 solum
1245 3434 1343 3481 narrat
1357 3444 1390 3482 ex
1405 3444 1469 3498 quo,
1481 3429 1627 3483 sedetiam
1642 3430 1776 3485 informat

140 3517 264 3589 stipulam
286 3518 315 3570 in
340 3516 420 3570 oculo
444 3516 538 3571 fratris
559 3517 664 3581 volunt,
686 3523 735 3571 aut
760 3516 935 3571 tolerabilius
976 3533 1008 3569 ex
1018 3522 1133 3587 quanto,
1144 3516 1290 3586 subjungit
1299 3532 1332 3569 er
1342 3522 1411 3576 toto,
1421 3517 1589 3571 utridelieet
1599 3518 1644 3587 qui
1652 3519 1775 3589 perfecte

142 3614 254 3661 mortem
268 3606 365 3660 ridere
380 3605 529 3676 peccantis,
543 3621 627 3677 quarn
637 3605 752 3659 verbum
764 3606 936 3676 indignantis
977 3606 1034 3659 Deo
1044 3606 1154 3675 placere
1164 3605 1314 3665 desiderat,
1325 3605 1437 3658 sibimet
1449 3606 1484 3658 de
1499 3623 1530 3658 se
1540 3606 1610 3659 nibil
1621 3606 1771 3677 relinquat.

141 3696 231 3750 audire
253 3714 259 3748 ε
282 3694 358 3765 quod
380 3710 436 3749 non
458 3695 498 3748 ita
519 3695 675 3757 accidisset,
698 3695 721 3748 si
751 3701 810 3748 tam
835 3711 936 3749 sanum
976 3693 1099 3747 Proximi
1115 3700 1209 3746 autem
1223 3692 1335 3746 dilectio
1350 3693 1385 3746 ad
1399 3693 1454 3746 duo
1469 3700 1608 3764 praecepta
1622 3695 1773 3759 derivatur,

141 3785 261 3840 animum
271 3783 398 3838 curando
407 3783 624 3838 alberiusanimo
633 3783 839 3850 adhiberemus,
850 3800 943 3855 quam·
976 3789 1131 3852 curnetper
1140 3781 1289 3852 quemdem
1297 3782 1406 3850 justum
1416 3781 1530 3834 dicitur:
1540 3783 1776 3849 erodohutiutibt

141 3875 210 3928 unis
226 3873 361 3928 manibus
376 3872 416 3927 illi
437 3873 536 3926 medici
559 3872 652 3927 allona
673 3872 799 3927 membra
825 3878 935 3943 pertru-
976 3874 1116 3938 satisfieri,
1133 3872 1195 3927 eide
1211 3887 1242 3923 ne
1257 3876 1288 3923 tu
1299 3873 1383 3923 alteri
1391 3872 1478 3937 facias
1491 3871 1565 3929 rure.
1580 3874 1659 3935 ittet
1674 3888 1774 3941 perse-

141 3970 219 4017 ctant.
246 3964 400 4034 Nunquam
422 3962 517 4032 itaque
539 3962 624 4016 alieni
644 3963 757 4033 peccati·
769 3960 935 4033 objurgandi
976 3959 1125 4031 metipsam
1135 3958 1246 4013 Veritas
1261 3958 1343 4012 dicit:
1363 3960 1426 4025 Qua
1440 3962 1524 4012 cultis
1537 3965 1568 4012 ut
1580 3961 1687 4027 faciant
1703 3964 1775 4015 robis

140 4051 345 4124 mesipiendum
355 4055 399 4104 est
411 4051 566 4121 negotium,
578 4051 706 4105 nisicum
717 4050 835 4105 internis
849 4051 936 4105 inter
976 4051 1109 4115 leontina-s,
1125 4054 1149 4102 ct
1163 4064 1207 4102 ror
1221 4049 1304 4115 facite
1320 4051 1377 4100 illis
1392 4048 1464 4115 three.
1481 4051 1528 4105 ml.
1545 4048 1652 4112 Quibus
1666 4049 1783 4105 duobus·

141 4141 329 4211 mgnu'onibus
340 4139 533 4194 examinantes
547 4146 672 4194 nostram
683 4141 892 4205 conscientiam,
904 4139 936 4193 li·
977 4136 1409 4208 scilicetutriusquel'estamenti
1420 4137 1560 4191 mandatis
1566 4153 1710 4208 perunum
1719 4153 1777 4193 ma·

141 4230 218 4299 quido
232 4229 316 4283 nobis
335 4244 430 4283 eoram
450 4229 508 4282 Deo
526 4229 763 4299 responderimus,
787 4229 935 4283 dilectione
977 4228 1038 4281 litia
1051 4226 1246 4298 compescitur,
1263 4242 1312 4296 per
1327 4225 1402 4279 aliud
1418 4224 1576 4291 benignitas
1590 4236 1773 4298 prerogatus,

142 4319 300 4372 rosbare.
320 4316 400 4381 Quod
414 4316 608 4370 eiconricium
622 4318 773 4379 vermina,
790 4318 833 4371 rel
848 4318 935 4371 ctiam
977 4323 1009 4369 ut
1035 4317 1151 4379 malurn,
1174 4316 1247 4386 quod
1271 4315 1329 4386 pati
1352 4329 1408 4368 non
1433 4315 1492 4368 ruli
1517 4315 1634 4385 quisque
1658 4332 1714 4370 non
1734 4318 1775 4370 fa·

142 4407 345 4476 mancationes
355 4408 425 4477 ejus,
437 4420 520 4476 quem
531 4384 966 4476 argueris,laceraveruntani·D
977 4405 1062 4469 ciens,
1078 4412 1169 4459 cesset
1189 4422 1205 4458 a
1222 4404 1338 4458 nocendi
1359 4418 1461 4473 opere;
1480 4408 1508 4456 ct
1526 4418 1639 4457 rursum
1660 4403 1773 4471 bonum,

143 4511 213 4561 num,
229 4496 255 4550 si
272 4495 427 4549 adhucillo.
447 4510 498 4565 per
515 4500 544 4548 te
567 4495 661 4548 senari
679 4512 761 4566 posse
783 4493 933 4558 ridebitur,
977 4494 1051 4565 quod
1067 4494 1118 4549 sibi
1134 4494 1195 4547 lieri
1216 4493 1324 4563 appetit
1344 4491 1517 4561 impendens,
1537 4507 1605 4561 erga
1624 4492 1776 4549 utilitatem

144 4584 387 4656 nihiltrespondeas
406 4585 494 4638 donec
507 4584 615 4638 saneris
634 4583 719 4654 prior,
737 4601 773 4638 ne
786 4585 859 4638 forte
873 4600 935 4637 car-
977 4600 1008 4636 se
1028 4583 1147 4654 prorn'mi
1170 4587 1298 4635 exerceat
1321 4597 1354 4632 ex
1375 4579 1556 4648 benignitate.
1579 4580 1632 4634 Sed
1651 4581 1710 4636 haec
1731 4584 1776 4637 ni·

143 4673 247 4729 mutus
267 4672 393 4728 motibus
411 4673 469 4727 tuis
489 4672 524 4726 ad
544 4672 701 4728 nocendum
724 4673 937 4735 consentisset
978 4672 1082 4725 mirum
1106 4672 1171 4731 duo,
1195 4670 1262 4724 dum
1286 4667 1407 4722 sollicita
1428 4668 1585 4722 intentione
1605 4671 1774 4740 rogitantur,

145 4763 267 4818 exhibeas
288 4763 416 4834 linguam
435 4768 514 4817 tuam
535 4778 615 4816 arma
636 4760 796 4833 iniquitatis
811 4767 933 4832 peccato,
978 4761 1073 4814 carad
1090 4761 1238 4815 innumera
1255 4759 1392 4810 virtutum
1412 4755 1570 4811 ministeria
1589 4759 1725 4826 tenditur,
1741 4777 1777 4816 ne

146 4852 365 4909 udraddendum
388 4852 495 4907 malum
509 4867 561 4923 pro
582 4852 667 4912 malo,
683 4858 733 4905 aut
755 4851 936 4905 maledictum
977 4850 1019 4903 vel
1043 4850 1078 4903 ad
1108 4848 1255 4903 inferenda
1276 4861 1338 4917 quae
1367 4862 1423 4898 non
1451 4845 1535 4901 debet
1562 4848 1708 4903 desideriis
1736 4851 1778 4904 in·

147 4956 189 5011 pru
209 4941 370 4997 maledieto.
388 4941 531 5012 Quidquid
554 4940 630 4995 enirn
650 4940 881 4994 laceratoanimo
896 4940 937 4992 di·
978 4939 1074 5010 quieta
1103 4954 1182 4991 mens
1210 4936 1355 5001 inferveat,
1381 4935 1423 4988 rel
1447 4951 1515 5005 erga
1538 4937 1695 4992 exhibenda
1716 4956 1777 5009 quse

146 5032 218 5098 ruia,
240 5031 387 5103 punientis
407 5036 451 5084 est
468 5030 601 5101 impetus,
627 5046 690 5084 nen·
703 5029 827 5083 charitas
849 5029 936 5082 corri-
978 5027 1061 5082 debet
1080 5028 1137 5080 otio
1152 5027 1442 5095 resalutatorpescat.
1465 5026 1537 5079 Nam
1557 5043 1621 5080 cum
1637 5033 1715 5080 cavet
1735 5029 1777 5082 al-

145 5121 237 5189 renus
254 5120 350 5191 Dilige
368 5118 661 5190 etdicquodrroles:
684 5118 860 5172 nullomodo
880 5134 938 5171 rna·
977 5117 1030 5170 teri
1060 5116 1150 5170 lacere
1175 5115 1249 5185 quod
1273 5129 1452 5185 nequaquam
1472 5115 1533 5167 rult
1555 5114 1590 5166 ab
1609 5115 1697 5168 altero
1716 5116 1779 5186 ipsa

146 5207 269 5264 lelictum
292 5209 349 5263 erit
372 5207 447 5279 quod
472 5208 564 5279 specie
590 5207 730 5262 maledicti
754 5207 889 5267 sonuerit,
913 5205 938 5259 si
979 5207 1108 5267 tolerare,
1138 5204 1258 5258 sollicita
1279 5222 1308 5257 sc
1334 5204 1490 5258 intentione
1518 5203 1713 5274 circumspicit,
1743 5223 1779 5260 ne

146 5298 300 5353 memineris
324 5296 504 5366 senserisque
525 5303 553 5350 te
572 5297 601 5350 in
623 5296 718 5367 gladio
739 5295 815 5349 verbi
834 5295 884 5349 Dei
905 5295 938 5348 li·
980 5295 1311 5366 superbiaeleretusque
1323 5293 1530 5362 addespecturn
1544 5292 1662 5361 proximi
1678 5296 1778 5348 etaui-

146 5385 294 5442 beratorem
319 5385 445 5440 bominis
463 5400 524 5440 essc
542 5385 612 5439 velle
633 5386 668 5440 ab
690 5385 835 5439 aleidione
858 5384 939 5438 vitio*
981 5402 1058 5438 rnurn
1073 5383 1207 5453 dejiciens
1229 5383 1332 5436 exaltet
1354 5401 1359 5434 :
1381 5398 1417 5435 ne
1438 5379 1555 5433 ambitio
1579 5382 1779 5452 cogitationem

145 5490 211 5531 rum«
235 5476 326 5542 Quod'
342 5475 368 5531 si
387 5474 469 5539 torta,
494 5480 527 5527 ut
547 5473 713 5546 plerumque
733 5474 844 5533 accidit,
871 5473 942 5527 dile—
984 5472 1080 5536 lsniet,
1096 5486 1216 5542 cumque
1232 5471 1304 5538 lianc
1322 5470 1358 5523 ad
1380 5468 1540 5540 appetenda
1557 5469 1651 5525 aliena
1667 5471 1776 5529 dilatat.
1874 5518 1879 5523 .

104 5634 107 5645 ³
143 5563 471 5640 efleeeaneern’retem
485 5563 757 5636 suscipisactionem
777 5569 807 5617 et
823 5563 859 5617 ed
880 5578 946 5617 eam
984 5565 1143 5629 angustet:
1168 5574 1278 5613 necor
1297 5558 1408 5613 luxuria
1431 5557 1546 5626 polluat.
1572 5564 1601 5610 et
1623 5559 1781 5627 subiectum
