3786 6128
200 269 251 330 tlt
429 307 432 313 .
496 271 528 326 B.
548 267 685 324 niente
703 264 819 322 uxum
837 263 1006 329 ARCHIRP.
1026 264 1360 322 necennensium
1377 264 1470 322 PARS
1488 265 1538 323 111.
1789 267 1842 324 als

201 401 267 454 lum
276 398 390 452 auditus
398 397 455 454 lici,
466 396 619 463 suscepistis
632 409 690 448 non
703 395 774 446 sicut
786 392 899 445 uerbum
909 392 999 444 inme
1006 393 1031 452 Α
1040 390 1160 462 cupierit
1172 409 1221 447 eos
1231 391 1436 446 iterumvidsre
1446 409 1530 464 super
1540 395 1648 462 omnia3
1662 395 1736 467 quod
1748 410 1843 464 segve-

129 482 131 486 ⁴
200 504 280 550 num,
291 487 336 539 scd
347 487 418 537 sicut
428 488 465 537 est
474 499 534 537 ocrc
544 483 656 536 verbum
665 484 723 546 lici,
738 484 787 549 qai
796 485 958 549 cleperelur
967 482 999 534 ln
1038 486 1137 550 gatum
1152 482 1227 535 seed
1239 481 1327 535 instar
1337 482 1527 552 orphanorum
1538 483 1616 549 dixit,
1626 485 1747 539 multum
1756 499 1842 538 suum

200 577 273 629 vobis
289 577 340 643 qvlt
356 574 520 626 credidistis.
538 572 574 626 Et
587 571 708 625 aliormn
723 570 835 641 quidem
852 575 932 623 erent
947 585 999 623 ne·
1040 569 1170 623 ellectum
1185 570 1317 633 ostendit,
1335 577 1363 623 et
1383 572 1496 641 quidem
1512 571 1542 626 in
1556 572 1748 644 superioribus
1763 572 1843 626 dixe-

100 690 105 696 ·
198 670 258 717 stra
272 679 280 713 :
296 678 352 716 non
368 661 485 715 deerant
499 667 594 715 autem
608 667 636 714 et
655 660 704 714 illa
719 676 782 731 quae
798 676 815 712 a
829 658 906 712 vobis
921 663 996 713 sunt.
1041 665 1085 712 rat
1100 659 1233 729 quonism
1248 659 1321 713 sicut
1334 667 1650 732 pateranumquemque
1660 669 1786 716 vestrum
1796 661 1846 716 ob-

199 751 277 806 Unde
293 758 321 804 et
335 749 441 820 gratias
457 767 541 819 agere
550 751 608 803 Deo
621 765 671 819 pro
686 747 764 802 vobis
779 764 835 802 non
846 763 998 801 cessamus.
1041 747 1194 807 secrabam,
1207 749 1256 802 sed
1270 747 1308 802 ibi
1320 749 1434 819 quidem
1447 756 1565 819 paterna
1575 751 1844 822 imagoaptataesse

198 839 333 911 quoniam
343 838 527 909 suscipientes
538 837 643 892 anobis
654 837 705 890 Dei
720 837 877 891 doctrinam
885 852 942 890 non
950 836 1001 890 sie·
1041 836 1197 902 videbatur,
1216 837 1245 890 in
1259 837 1368 891 absenti
1383 855 1448 892 sero
1468 839 1652 909 exquisitione
1675 840 1745 894 illud
1768 839 1845 910 quod

199 934 231 982 ut
244 927 404 985 hominibus
418 927 496 981 vobis
511 926 688 998 loquentibus
702 925 873 996 suscepistis,
888 925 936 978 sed
946 925 1000 978 sic·
1043 925 1151 980 dixerat
1164 933 1326 996 separatum
1341 944 1371 980 se
1386 927 1421 981 ed
1446 927 1536 981 instar
1552 929 1753 1000 orphanorum.
1770 929 1844 983 Nam

199 1030 232 1079 ut
245 1024 413 1079 conveniens
428 1029 490 1077 eret
505 1024 647 1093 suscipere
660 1039 708 1076 sos
723 1022 771 1093 qui
782 1022 906 1075 divinam
917 1021 1002 1075 susei-
1042 1014 1203 1084 hujusmodi
1215 1016 1256 1069 vel
1267 1016 1388 1069 maxime
1399 1015 1527 1071 absentia
1541 1018 1627 1072 etiam
1641 1019 1676 1072 ad
1692 1018 1785 1089 ipsam
1797 1034 1846 1072 ne·

197 1113 312 1184 piabant
336 1113 503 1172 doctnnam,
532 1130 594 1183 que
613 1113 700 1166 etiam
724 1116 753 1165 et
772 1111 841 1181 ipsis
868 1109 1000 1181 operibus
1041 1103 1201 1158 cessitatem
1216 1111 1384 1168 coarctatur,
1402 1111 1435 1160 ut
1450 1113 1560 1176 patrem
1575 1107 1625 1160 lilii
1639 1107 1847 1178 requirenti}

199 1202 426 1257 ostendituresse
434 1202 509 1272 apud
518 1218 575 1265 vos,
584 1207 613 1255 et
621 1200 857 1272 quemadmodum
869 1200 899 1252 in
910 1199 1000 1270 operi·
1042 1209 1103 1262 quae
1113 1193 1482 1264 esthujusconeupiscentiae
1491 1195 1636 1266 probatio?
1644 1195 1845 1268 propterquod

198 1291 251 1346 bns
266 1291 432 1345 ostendatur
446 1290 515 1344 dicit
532 1308 537 1342 ς
1040 1284 1177 1335 voluimus
1187 1286 1280 1336 venire
1290 1285 1326 1337 ed
1337 1300 1389 1336 coe.
1403 1284 1438 1338 Et
1447 1284 1512 1354 quia
1522 1284 1592 1338 dixit
1601 1289 1741 1339 snlnivnus
1751 1285 1845 1356 plura·

240 1382 294 1445 Vos,
303 1379 404 1451 inquit,
417 1383 568 1433 imitatores
579 1380 646 1445 secli
662 1381 733 1439 estis,
746 1379 857 1444 scutras.
871 1377 1001 1433 Ecclesia-
1041 1369 1115 1435 liter,
1132 1370 1167 1424 de
1181 1388 1211 1424 se
1224 1371 1320 1426 dicens
1335 1372 1440 1442 adjicit,
1458 1374 1512 1441 Epo
1522 1376 1631 1441 quiden
1647 1377 1753 1428 Paulas
1768 1380 1793 1427 et
1806 1390 1844 1428 ss-

199 1485 266 1522 rum
277 1470 527 1536 llct‚qnusuntin
544 1469 639 1521 tetrice
656 1466 850 1530 Cleristolesu,
867 1468 1000 1535 quoniam
1044 1462 1095 1513 illel
1106 1461 1186 1525 cibit,
1195 1465 1223 1512 et
1234 1461 1300 1531 quid
1312 1460 1439 1514 obstitit?
1449 1464 1644 1531 scds'vnpcdv'sit
1654 1480 1701 1516 isos
1710 1463 1840 1527 Satanas,
1867 1460 1875 1483 '

199 1559 372 1625 cedcvvtposst
384 1560 446 1610 estis
457 1563 480 1609 cl
495 1558 692 1623 eosapropriis
704 1556 917 1619 colvlribulibns,
929 1557 1001 1619 sicut
1043 1564 1075 1601 eo
1090 1548 1164 1618 qued
1180 1554 1261 1602 erant
1276 1548 1428 1618 adjuvandi
1442 1551 1706 1606 Thessalonicenses
1730 1568 1765 1605 ex
1783 1553 1842 1621 ejus

164 1672 166 1677 ·
199 1651 224 1699 ct
239 1649 292 1714 ipsi
303 1647 440 1699 etnicis.
458 1644 577 1709 Similia,
591 1643 692 1713 inquit,
713 1642 786 1713 pessi
804 1643 872 1696 estis
888 1642 1000 1696 illorum
1043 1637 1208 1706 praesentie;
1225 1654 1291 1707 ergo
1302 1639 1459 1693 necessarie
1475 1656 1587 1713 omnem
1604 1640 1786 1711 necjvitatem
1797 1639 1842 1694 Ss-

201 1733 292 1804 quiin
307 1732 596 1787 Judaeaeredideruns
609 1731 737 1798 Christ03
756 1731 827 1785 sicut
844 1731 920 1785 enim
934 1730 973 1783 illi
983 1713 1114 1784 afilani?
1134 1726 1272 1798 ascripsit,
1287 1733 1315 1780 ei
1330 1728 1462 1798 quoniam
1479 1743 1535 1781 1¹0ss
1551 1745 1620 1783 vane
1633 1729 1664 1783 in
1680 1745 1780 1783 eorum
1793 1728 1841 1783 ht·

200 1821 303 1877 Judaeis
317 1823 407 1876 multa
421 1826 488 1875 sunt
502 1821 627 1892 perpessi
642 1821 725 1885 mala,
737 1820 777 1873 sie
791 1825 820 1873 et
836 1837 884 1874 vos
902 1837 919 1873 a
934 1836 1000 1890 pro·
1041 1813 1156 1868 beretur
1174 1814 1275 1869 affectu
1290 1815 1422 1869 ostendit.
1441 1818 1503 1883 Qua
1518 1823 1555 1870 est
1569 1821 1645 1870 enim
1664 1834 1722 1886 spes
1739 1822 1839 1883 nestra,

201 1910 269 1981 priis
285 1909 488 1965 contribulibus
506 1916 539 1964 ut
556 1909 632 1963 dieat
647 1908 788 1980 gentibus.
813 1909 887 1963 Bene
905 1913 1000 1962 autem
1041 1908 1091 1957 sut
1104 1905 1251 1970 nundinet,
1262 1909 1310 1957 aet
1325 1920 1426 1959 corone
1441 1904 1584 1973 plectendi
1595 1924 1603 1958 .·
1614 1921 1707 1960 nonne
1722 1922 1768 1960 aas
1782 1911 1841 1960 ena

200 2016 248 2055 eos
258 2006 302 2055 est
316 2000 482 2054 adhortatus
496 1999 794 2052 commemoransillos
806 1996 893 2068 quiin
905 1997 1002 2052 Judaea
1042 1992 1193 2043 Dominum
1212 1996 1337 2044 nicarum
1352 1994 1444 2046 lesum
1459 1993 1598 2046 diuisioni
1611 1997 1674 2051 aslis
1686 1995 1840 2048 insiliente

200 2088 379 2142 crediderunt
391 2095 424 2142 ut
440 2088 598 2142 sustineant
616 2093 644 2140 et
658 2087 711 2157 ipsi
730 2086 948 2156 magnanimiter
962 2086 1002 2139 la·
1042 2083 1100 2147 ejus
1111 2085 1123 2132 i
1135 2096 1180 2134 vot
1194 2083 1269 2133 ellim
1285 2083 1347 2134 estis
1365 2084 1457 2149 qlort'tl
1481 2087 1575 2135 ttosll'tt
1596 2088 1621 2137 cl
1639 2084 1792 2149 nandium.
1811 2082 1840 2137 Β

200 2176 306 2243 berem,
325 2176 463 2247 siquidem
481 2193 537 2229 non
557 2175 610 2229 soli
632 2175 867 2246 contemplatione
887 2175 1001 2245 pietatis
1042 2183 1125 2222 ⁰an
1133 2167 1269 2239 quidquid
1278 2167 1342 2222 boni
1351 2169 1381 2222 iss
1391 2169 1487 2224 sutum
1496 2171 1837 2242 exspectamusdie‚mnb

201 2266 355 2336 patiuntur.
368 2266 440 2319 Nam
452 2270 480 2319 et
495 2265 623 2319 Ecclesiae
634 2265 760 2333 integris,
772 2281 833 2335 quse
848 2280 899 2334 par
912 2269 1000 2318 totam
1042 2257 1155 2326 quando
1171 2257 1300 2310 adveniet
1313 2258 1448 2312 Dominus
1463 2265 1559 2313 noster
1573 2261 1654 2317 lesus
1663 2261 1797 2315 Christus
1809 2259 1840 2315 ad

200 2361 267 2409 sunt
281 2356 295 2408 J
298 2355 416 2419 udaeam,
437 2353 553 2408 diversis
573 2352 783 2407 fluctuabantur
797 2352 1001 2424 persecutioni·
1042 2345 1227 2399 examinanda
1241 2346 1380 2411 univeisa,
1392 2354 1458 2401 illssc
1472 2347 1507 2402 ⁰¹)
1519 2349 1581 2402 illos
1591 2348 1704 2403 labores
1714 2366 1786 2420 quos
1795 2365 1840 2421 pro

202 2443 261 2497 bus.
280 2443 360 2498 Unde
376 2449 403 2497 et
419 2443 503 2496 isitius
519 2442 679 2497 ludaeorum
696 2441 836 2512 explicans
852 2441 999 2507 malitiam,
1042 2434 1119 2487 vobis
1135 2435 1316 2501 susiissssfflusse
1329 2437 1487 2490 mercedem
1497 2436 1577 2491 nobis
1592 2437 1627 2491 ab
1638 2439 1741 2492 eodem
1751 2438 1840 2492 veniit

202 2531 326 2585 ostendit
340 2531 406 2584 hinc
420 2537 527 2601 quante
539 2534 568 2584 et
583 2530 678 2600 qualia
691 2528 872 2600 patiebantur
890 2529 925 2583 ab
946 2529 1001 2583 illis
1043 2530 1244 2594 exspectamus.
1257 2524 1361 2595 blegne
1372 2525 1464 2595 gloria
1477 2532 1520 2580 est
1534 2527 1689 2581 sacerdotis
1702 2526 1839 2581 rectitudo

203 2619 252 2688 qui
266 2619 341 2671 inter
355 2619 417 2672 illos
433 2617 605 2672 habitabant.
620 2621 674 2684 (lui
687 2623 712 2671 ct
727 2619 881 2682 docelinum,
898 2617 999 2688 inquit,
1042 2611 1228 2666 subditotum.
1243 2613 1342 2683 ibren.)
1354 2614 1433 2669 Unde
1448 2613 1518 2668 bene
1536 2616 1667 2685 egregius
1677 2616 1841 2687 praedieator

208 2708 366 2761 occiderunt
378 2709 470 2762 lesum
489 2712 512 2760 cl
532 2723 585 2769 eos,
601 2708 744 2774 propbetas
762 2711 786 2759 ct
803 2722 851 2760 nos
868 2709 1002 2774 persecuti
1042 2701 1185 2772 discipulis
1200 2701 1277 2766 dicit,
1289 2719 1349 2770 que
1359 2708 1397 2756 cst
1412 2710 1506 2757 nosne
1516 2720 1574 2773 spes
1584 2711 1634 2759 eut
1643 2707 1786 2770 quamam
1794 2708 1841 2757 aut

201 2800 278 2848 sient.
298 2795 372 2848 Bene
391 2795 421 2848 in
445 2794 537 2848 medio
557 2791 649 2864 posuit
669 2795 822 2862 propbetas,
842 2811 877 2848 ex
901 2795 1001 2865 quibus
1042 2805 1143 2843 corone
1156 2794 1260 2857 plecte,
1278 2807 1369 2845 amnne
1385 2809 1429 2848 stus
1443 2799 1507 2846 ante
1524 2793 1696 2847 horrescam?
1709 2794 1765 2848 Sed
1781 2809 1842 2849 cusu

199 2882 399 2954 comprobatur
413 2884 487 2954 quod
516 2890 545 2936 es
564 2883 714 2937 Dovninum
737 2883 797 2936 sole
821 2883 929 2937 malitia
956 2885 1000 2938 in·
1042 2878 1200 2932 sacerdotes
1214 2880 1300 2933 vitam
1314 2879 1515 2951 discipulorum
1529 2882 1842 2952 negliguntetnullun

199 2972 332 3026 terimeve
351 2978 566 3043 usurpaverunt,
587 2977 615 3025 et
629 2972 768 3042 apostolos
790 2989 795 3023 :
817 2972 955 3042 siquidem
972 2978 1001 3027 et
1041 2967 1076 3020 (le
1087 2983 1184 3021 eorum
1195 2968 1364 3038 profectibus
1373 2975 1438 3023 ante
1446 2971 1597 3024 Dominum
1608 2971 1842 3037 huctumserunt,

199 3076 339 3129 ergasuos
350 3062 501 3131 prophetas
510 3061 582 3114 tales
591 3059 730 3114 exstitisse
737 3059 877 3121 videntur,
887 3067 916 3114 et
925 3034 1029 3132 quodC
1040 3055 1108 3125 quid
1118 3056 1193 3110 aliud
1205 3074 1288 3128 quam
1298 3058 1411 3128 inglorii
1422 3059 1573 3123 ducuntur,
1592 3060 1640 3131 qui
1655 3067 1722 3114 ante
1747 3061 1844 3115 distei-

198 3149 242 3203 his
256 3151 348 3220 majus
363 3155 417 3204 cst:
436 3151 468 3203 El
485 3166 540 3203 ivon
557 3151 609 3203 ilco
629 3153 749 3218 placent,
767 3153 791 3202 et
812 3152 940 3203 ovantius
955 3151 1000 3203 bo
1040 3145 1248 3214 ctumjudicem
1259 3147 1393 3201 nimirum
1406 3149 1525 3217 gloriam
1536 3155 1603 3203 tunc
1614 3165 1670 3202 nen
1685 3149 1843 3213 invenient,

201 3240 324 3292 tvttnibns
338 3240 530 3301 adstersentur,
544 3239 715 3306 prohibentes
726 3254 774 3291 nm
787 3239 913 3306 pentibus
924 3241 1000 3306 loqui
1041 3249 1126 3303 quam
1136 3234 1219 3287 modo
1234 3236 1263 3288 in
1278 3235 1453 3290 subditorum
1468 3254 1583 3291 suorum
1598 3237 1724 3291 xuoribus
1739 3238 1845 3309 preadi-

199 3331 231 3378 et
252 3330 333 3380 salac
351 3329 430 3394 flant.
460 3328 490 3381 tlt
515 3330 651 3395 impleant
672 3331 781 3394 pecccata
804 3343 856 3381 suc
877 3344 997 3396 sesttpcr;
1041 3322 1329 3378 cationisstudionon
1343 3325 1511 3395 exquirunt?
1526 3327 1601 3380 Bene
1616 3333 1712 3380 autem
1726 3327 1845 3394 dicitur,

197 3418 322 3482 persenit
332 3418 407 3469 cnivis
424 3418 468 3468 ire
481 3416 528 3469 liei
536 3431 618 3483 super
628 3418 690 3469 illos
703 3432 784 3483 nsque
798 3419 828 3468 in
843 3418 935 3483 dicein.
953 3416 1000 3470 Ni·
1042 3430 1055 3461 a
1068 3417 1095 3464 et
1105 3412 1255 3481 optimates
1265 3413 1436 3485 supplantet,
1447 3415 1733 3485 atiniacummcntem
1744 3432 1846 3487 regau·

199 3502 248 3565 hil,
269 3503 369 3574 inquit,
387 3504 489 3557 mirum
504 3503 699 3574 quodcumque
715 3503 805 3557 tacere
819 3504 996 3571 adnituntur,
1039 3499 1111 3554 tium
1119 3502 1196 3570 justo
1204 3501 1310 3571 judicio
1321 3502 1433 3569 deserit,
1446 3504 1504 3557 haec
1516 3504 1658 3558 internum
1675 3505 1846 3560 retributio-

199 3697 249 3751 pro
259 3679 360 3752 quibus
368 3686 457 3751 egunt
467 3697 578 3752 poenam
587 3680 623 3734 ab
632 3686 737 3735 esterno
744 3680 840 3750 judice
850 3682 996 3752 accipiant.
1040 3676 1155 3744 fallitur,
1166 3687 1197 3732 ut
1206 3666 1256 3749 pro
1266 3681 1469 3750 reternagloria
1477 3682 1512 3735 de
1522 3683 1680 3754 principatu
1689 3683 1844 3754 temporali

199 3768 263 3823 Haec
273 3775 368 3824 autem
378 3770 473 3824 omnia
482 3769 627 3839 conjunxit
637 3769 666 3824 in
675 3784 823 3839 personam
837 3771 998 3824 Judaeorum
1038 3767 1197 3836 gratuletur
1212 3787 1217 3820 ε
1234 3771 1397 3840 supplantat
1412 3771 1498 3840 igitur
1512 3772 1672 3842 optimates,
1689 3772 1758 3843 quia
1773 3773 1845 3829 dum

197 3858 373 3929 maximeque
389 3875 436 3912 eos
448 3859 527 3928 juste
541 3858 649 3912 ratione
668 3874 814 3926 accusans;
841 3860 997 3913 necessario
1037 3856 1134 3910 futura
1147 3856 1267 3911 ooelestis
1282 3859 1379 3928 patriae
1393 3859 1544 3930 predicere
1563 3862 1711 3932 negligunt
1735 3862 1767 3915 iu
1783 3862 1844 3916 suis

198 3962 262 3999 vero
275 3947 304 4000 in
319 3946 451 4017 praesenti
461 3946 627 4001 memoriam
639 3963 737 4000 eorum
750 3946 854 4001 iaciens
864 3948 957 4011 simul,
969 3952 999 4003 et
1038 3944 1084 3998 hic
1098 3945 1287 4001 voluntatibus
1301 3948 1413 4001 cedunt.

198 4038 230 4087 ut
244 4035 374 4087 ostendet
389 4041 495 4104 quanta
507 4034 654 4104 patiuntur
663 4035 769 4099 fideles,
777 4035 825 4105 qui
836 4042 902 4089 sunt
912 4037 941 4089 in
951 4038 997 4090 lu·

197 4121 266 4186 daee,
282 4122 375 4191 quiin
392 4121 547 4176 certamine
571 4123 652 4192 quasi
676 4123 768 4177 medio
790 4130 995 4195 conversantes,
1343 4091 1459 4146 CAPUT
1477 4070 1529 4147 ΠΥ·

196 4208 310 4273 scilicet,
325 4215 358 4262 ut
370 4209 500 4263 ostendat
510 4210 772 4265 Thessalonicenses
787 4212 857 4265 nihil
867 4217 927 4266 tam
942 4213 996 4267 du·
1036 4214 1177 4280 episstola-s
1192 4217 1278 4267 eniltit
1290 4216 1459 4268 Timotheum
1469 4217 1506 4269 ad
1515 4218 1714 4271 cumulandum
1730 4218 1843 4273 rtem

196 4313 259 4351 rum
275 4314 293 4351 a
306 4297 436 4368 gentibus
450 4297 625 4362 sustinuisse,
646 4298 669 4351 si
684 4304 780 4353 tamen
799 4300 847 4354 illa
867 4317 930 4371 ques
949 4319 997 4372 pa·
1072 4286 1219 4339 ‘mimmii
1235 4288 1374 4355 :ponitur
1391 4288 1500 4341 “infiat
1522 4290 1686 4343 imbibit
1703 4291 1842 4358 ‘imiimi

196 4386 306 4443 tiunbsr
319 4387 450 4442 cumillis
462 4403 523 4457 quae
538 4386 567 4440 in
576 4386 673 4441 ludaea
684 4393 823 4458 geruntur
832 4354 1028 4460 compararen
1074 4359 1127 4409 etc·

195 4475 343 4533 voluerint.
373 4475 439 4531 Hice
463 4475 551 4546 igitur
579 4477 674 4530 omnia
704 4477 739 4530 ad
773 4478 995 4534 exhortationem
1072 4480 1185 4548 Propter
1215 4483 1286 4549 quod
1314 4497 1371 4545 non
1394 4485 1558 4536 sustinentes
1576 4485 1709 4551 crepitus,
1726 4486 1842 4552 placuit

194 4563 484 4621 thessalonicensium
495 4563 608 4636 posuit:
625 4565 758 4636 quoniam
773 4583 838 4620 vere
854 4567 929 4621 inter
941 4583 995 4622 cae·
1036 4569 1111 4621 elsim
1121 4558 1469 4624 nobisrcmencrcdlbcnis
1478 4573 1552 4635 solis,
1565 4576 1589 4624 et
1601 4573 1729 4625 neisttnus
1747 4572 1842 4631 Timo·

194 4655 256 4705 ters
270 4652 380 4707 dixerat
393 4652 428 4706 de
442 4669 493 4707 suo
509 4654 545 4706 ed
560 4669 608 4707 eos
622 4654 753 4720 adventu,
765 4655 831 4710 hinc
840 4656 937 4727 incipit
946 4656 996 4711 illa
1036 4656 1841 4729 dicumfretrcmnostrumctinsistislrsnnllciinEsunpclio

195 4746 328 4810 quapost
338 4741 536 4810 protectionem
547 4748 614 4796 suut
623 4742 877 4815 dicerepublicans
888 4746 996 4817 pariter
1036 4745 1148 4798 illinisti.
1166 4744 1270 4814 (Amb.)
1287 4746 1345 4800 Hoc
1361 4747 1396 4800 ed
1418 4747 1487 4801 illud
1509 4748 1639 4811 reddidit,
1656 4748 1731 4819 qued
1755 4748 1840 4804 addi·

194 4827 223 4880 iu
238 4827 282 4881 his
297 4827 381 4882 etiam
394 4845 477 4883 suum
492 4831 631 4893 allectum,
644 4849 728 4903 quem
740 4833 824 4888 habet
837 4851 905 4904 erga
920 4834 992 4889 illos.
1035 4841 1122 4900 xerat,
1138 4838 1215 4890 colui
1229 4838 1322 4889 oeisirc
1334 4838 1370 4890 cd
1384 4853 1437 4902 uos,
1453 4836 1587 4907 queniam
1601 4853 1667 4908 ergo
1688 4837 1760 4892 illud
1782 4838 1839 4893 im·

194 4916 257 4983 Nos,
272 4918 383 4984 trulias,
398 4919 512 4972 desolati
526 4935 543 4971 a
559 4923 632 4974 uobis
646 4923 682 4976 ad
692 4924 785 4976 instar
802 4924 992 4992 ortilsonornm
1034 4922 1110 4993 plere
1124 4923 1241 4977 minime
1255 4925 1343 4993 potui,
1363 4925 1434 4994 elegi
1444 4925 1566 4997 relinqui
1581 4925 1641 4997 ipse
1654 4927 1732 4980 solus
1749 4927 1840 4983 Athe-

193 5007 230 5059 ocl
238 5010 342 5074 tenipus
352 5005 424 5059 berc
435 5006 513 5072 secie,
528 5023 584 5062 non
594 5011 682 5076 corde,
694 5010 885 5065 clareduntius
896 5016 993 5067 accele-
1034 5011 1086 5078 nis,
1101 5018 1130 5065 et
1146 5012 1258 5066 mittere
1272 5013 1451 5068 Timotheum
1465 5015 1501 5068 ad
1522 5032 1569 5069 vos
1586 5035 1591 5068 :
1609 5032 1665 5086 qua
1679 5031 1711 5069 ex
1725 5014 1839 5070 musal

193 5097 319 5149 rameses
332 5094 432 5160 semein
447 5099 565 5148 vestram
579 5099 670 5151 sidere
687 5101 719 5152 in
738 5103 825 5153 eissille
846 5101 989 5167 dissidente,
1032 5102 1074 5154 dd
1083 5104 1338 5169 covlfirmondoscos
1349 5109 1371 5156 cl
1383 5106 1558 5157 celnolondos
1566 5120 1619 5172 pro
1628 5107 1790 5172 tidereslra,
1803 5110 1837 5159 ut

193 5185 621 5250 quoiviomvolnimesocns'read
631 5189 992 5255 vos,epoqaidcnsl’aulesel
1034 5205 1113 5243 nemo
1129 5195 1269 5244 ncovteetur
1289 5193 1320 5244 tn
1336 5194 1563 5246 tribulationibus
1579 5196 1640 5247 istis
1657 5212 1665 5246 :
1682 5193 1722 5246 its
1738 5200 1773 5249 ut
1787 5210 1837 5249 vos

192 5273 273 5323 scinci
287 5275 312 5324 cl
328 5272 490 5340 iterumpcd
499 5272 641 5340 impedivit
655 5290 704 5328 nos
717 5274 845 5330 Selenes.
858 5277 932 5331 Bene
942 5293 992 5349 per
1032 5279 1180 5332 confirmet
1188 5279 1381 5334 exhortatione
1390 5297 1504 5334 suorum
1516 5280 1837 5347 verbormu,etanimss·

193 5357 288 5409 omnia
301 5358 410 5412 auxisse
425 5359 500 5414 visus
512 5350 556 5412 ebt
566 5376 648 5414 suum
659 5379 727 5433 erga
736 5363 799 5418 illos
810 5365 949 5431 allectum,
961 5366 991 5420 iu
1032 5367 1145 5437 quiores
1160 5384 1212 5422 sua
1226 5368 1475 5439 prasentiaiecint,
1490 5375 1521 5424 ut
1530 5387 1587 5424 nou
1597 5370 1704 5425 cedatis
1714 5371 1835 5427 hibuit·

194 5444 315 5514 eoquod
334 5445 412 5513 dixit,
429 5463 486 5502 non
495 5447 579 5503 eorde
602 5466 621 5502 a
638 5450 715 5505 vobis
733 5453 923 5521 discessimus,
941 5455 990 5509 sed
1032 5456 1154 5511 tionibus
1163 5457 1238 5521 victi,
1248 5458 1416 5511 commoveri
1432 5459 1506 5512 enim
1517 5458 1585 5513 dicit
1599 5459 1659 5514 cedi
1671 5477 1677 5514 :
1689 5464 1719 5515 et
1732 5467 1833 5515 osten-

193 5529 272 5599 tacie,
287 5538 317 5588 et
330 5534 405 5607 quod
419 5535 455 5590 sd
469 5540 582 5610 tempus
594 5536 631 5591 ab
643 5538 699 5594 illis
713 5544 990 5615 segregatas,stetim
1030 5545 1100 5600 dens
1109 5546 1243 5618 quoniam
1249 5544 1465 5620 justasuutqua
1472 5547 1541 5603 dicit
1551 5566 1557 5603 ε
1568 5549 1830 5624 instantemque,
