3786 6128
145 198 197 256 839
441 201 473 254 Β.
490 199 627 254 RABANI
645 199 762 254 MAURI
780 199 947 255 ARGlllEP.
968 200 1132 257 MOGUN'l'.
1153 199 1302 257 OPERUM
1319 201 1413 257 PARS
1431 200 1482 256 111.
1624 212 1629 221 “
1731 202 1783 259 840

144 325 181 378 ad
187 323 520 379 colossensesl'ortassis
526 323 650 395 ipserum
661 323 807 394 episeopus
816 329 940 383 erataut
949 328 972 386 Α
982 326 1017 380 Et
1030 325 1087 379 alia
1101 325 1191 379 multa
1203 325 1233 379 in
1247 326 1319 380 hanc
1331 323 1510 389 sententiam,
1520 321 1556 377 ad
1569 338 1633 395 quae
1646 322 1782 379 lectam

143 395 220 450 alind
234 395 349 449 sortitus
364 395 552 449 ministerium
566 395 726 448 animarum
740 413 745 461 ς
768 401 797 448 et
810 396 940 450 similiter
981 397 1167 451 remittemus.

144 467 202 519 fere
220 466 454 537 Theophylactus.
470 466 502 520 In
525 466 671 529 Primusio,
689 466 717 519 id
736 472 780 520 est
799 467 940 537 peculiare
1019 487 1030 517 a
1047 469 1072 521 A
1085 468 1143 522 lJeo
1155 468 1239 521 Patre
1254 473 1360 521 nostro.
1375 471 1404 519 et
1418 465 1537 521 Domino
1548 465 1614 520 Jesu
1629 464 1780 520 Christo.»

144 538 215 607 quod
233 546 282 589 aut.
297 538 467 607 episcopum,
485 542 534 590 aut
551 537 701 590 diaconum
720 537 804 591 fuisse
819 538 903 592 dicat.
981 540 1014 593 ln
1029 539 1153 593 hocloco
1168 535 1425 592 estadvertendum
1440 536 1515 618 quod
1534 552 1590 591 non
1609 536 1715 591 dixerit
1733 553 1783 608 per

180 626 193 658 a
214 608 248 660 Et
272 607 400 661 Ecclesiae
415 624 475 678 quae
495 607 523 660 in
549 608 632 661 domo
646 614 696 661 tua
718 614 769 661 est.
789 628 801 660 n
819 608 870 662 Hic
883 610 940 664 lere
981 611 1077 664 Jesum
1092 609 1244 672 Christum,
1265 608 1373 662 utalibi
1393 607 1551 662 subindicat
1565 606 1782 677 intelligendum

142 679 407 749 constanter-legunt
416 688 474 732 tarn
485 678 581 732 Graeca
591 696 675 749 quam
691 680 791 733 Latina
799 682 940 751 exempla·
981 680 1288 751 Hieronymnsquando
1297 680 1326 734 in
1337 679 1475 750 Epistolas
1486 679 1521 732 ad
1532 679 1625 733 Galat.
1634 684 1665 732 et
1679 679 1781 749 Ephes.

142 749 193 802 ria:
202 748 364 803 Arabrosius
375 751 483 803 rerosic
494 749 937 823 legit,etsimiliterllieronyrnus:
982 769 1078 823 pacem
1087 750 1174 806 tribui
1186 751 1255 805 dicit
1264 751 1344 813 Filio,
1361 750 1429 822 quia
1442 751 1502 822 ipse
1515 749 1655 804 mediator
1664 757 1718 815 est,
1732 751 1782 805 sed

144 841 156 871 o
173 822 208 875 Et
221 821 381 875 ‹loinesticm
396 821 456 890 ejus
471 821 637 886 Ecclesiae»
662 821 718 874 sive
754 821 840 875 uaein
857 823 940 877 domo
980 823 1074 894 potius
1087 823 1139 877 hoc
1154 822 1246 883 modo,
1259 829 1290 876 nt
1305 821 1470 875 ostendatur
1483 837 1541 874 una
1554 821 1618 875 Filii
1633 821 1710 874 Patr'
1748 838 1783 877 ue

142 893 265 962 ejusest:
279 909 438 963 quanquam
449 899 544 945 autem
553 892 640 945 etiam
650 838 802 946 secundum
814 900 939 947 nostram
980 911 1041 947 esse
1055 900 1166 953 natura,
1178 910 1242 947 eum
1258 893 1285 946 id
1294 892 1482 964 potestFilius
1496 898 1630 962 prestare
1644 839 1782 973 quodda-

141 962 501 1033 leetiorrern,rnagismrnen
517 963 669 1017 secundum
684 962 761 1017 illam
776 963 939 1032 ambiguum
980 971 1033 1030 ter,
1050 965 1190 1018 etdieitur
1207 963 1235 1017 id
1258 964 1343 1018 Pater
1364 968 1496 1034 praestare
1515 962 1589 1033 quod
1614 962 1722 1030 Pihus3
1742 964 1782 1018 sic

142 1039 186 1087 est
200 1042 295 1089 utrum
312 1034 439 1088 Ecclesia
453 1033 558 1087 scribat
580 1051 641 1104 quae
658 1034 686 1087 in
707 1034 789 1088 domo
805 1035 938 1107 Archippi
980 1037 1055 1091 enim
1071 1035 1156 1090 etiam
1172 1035 1299 1089 hocloco
1319 1034 1515 1116 Hieronymus.
1527 1034 1740 1088 Advertendum
1753 1044 1783 1090 et

142 1112 194 1168 est,
212 1122 248 1160 an
263 1107 288 1159 ei
304 1122 364 1176 quae
376 1105 405 1158 in
420 1106 502 1158 dorne
518 1104 697 1159 Philemonis.
716 1106 810 1159 Placet
825 1105 938 1160 interim
980 1107 1025 1161 hic
1039 1107 1184 1178 proprium
1197 1106 1354 1177 epithetum
1369 1105 1473 1159 Christi
1488 1105 1562 1175 apud
1585 1105 1708 1160 Paulum
1720 1122 1781 1161 esse

141 1177 312 1236 llieronrmo
328 1175 428 1246 magis,
444 1177 621 1229 referendum
638 1192 698 1230 esse
715 1177 749 1229 ad
765 1177 937 1232 Philemonis
978 1180 1124 1244 berctinus,
1140 1177 1262 1248 eoquod
1278 1176 1457 1233 atrramride
1474 1176 1579 1230 diaboli
1594 1192 1646 1247 per
1660 1184 1781 1232 mortem

140 1236 299 1371 personam,
310 1248 354 1301 eui
366 1249 426 1327 ipsa
436 1264 546 1318 quoque
557 1247 681 1318 Epistola
690 1247 851 1318 deputatur.
864 1249 936 1303 Nam
977 1265 1058 1303 suam
1078 1265 1128 1303 nos
1138 1255 1282 1319 exemptos
1293 1236 1345 1301 sibi
1360 1247 1522 1301 asseruerit.

154 1318 207 1373 icet
220 1320 325 1390 pariter
333 1318 456 1372 scribant
466 1319 569 1372 Paulus
586 1326 614 1372 et
625 1319 788 1373 Timotheus
798 1319 833 1372 ad
846 1320 936 1373 Phile·
1013 1342 1026 1367 n
1043 1320 1154 1373 Gratias
1169 1335 1222 1389 ago
1246 1320 1304 1374 Deo
1328 1335 1401 1380 meo,
1422 1334 1534 1389 semper
1555 1318 1726 1373 memoriam
1739 1320 1781 1374 tui

139 1407 260 1453 hrainein.
278 1390 407 1462 Appiam,
422 1389 643 1460 Ar·cl1ippunr,et
658 1390 807 1443 Ecclesiam
819 1408 825 1455 ς
838 1397 934 1445 tumen
978 1410 990 1439 ι
1008 1391 1111 1444 faciens
1125 1390 1153 1443 in
1169 1389 1343 1444 orationibus
1358 1390 1436 1443 meis,
1452 1410 1463 1435 υ
1476 1390 1534 1443 lloc
1543 1406 1595 1443 suo
1610 1405 1692 1444 more
1702 1390 1777 1455 dicio

140 1460 357 1533 insequentibus
371 1461 543 1531 approbatur
552 1461 671 1514 Paulum
680 1466 791 1514 tantum
800 1462 834 1514 ad
844 1461 934 1516 Phile·
975 1461 1004 1515 in
1019 1462 1132 1516 exordio
1147 1461 1223 1515 enim
1238 1461 1426 1542 Epistolarum
1444 1460 1503 1514 lere
1516 1461 1627 1515 orditur
1642 1478 1661 1514 a
1673 1462 1777 1532 gratia·

140 1548 250 1586 monem
266 1532 396 1593 scribere,
421 1538 450 1584 et
475 1547 561 1585 unum
585 1548 649 1585 cum
670 1548 725 1585 uno
740 1532 931 1599 sermocinari,
975 1548 1038 1586 rum
1053 1531 1570 1598 aetione‚inaliisstatimcommendat
1599 1532 1705 1586 ratiam
1716 1533 1775 1588 Dei.

139 1619 204 1656 cum
217 1604 290 1657 infra
303 1603 386 1656 dicit:
407 1622 417 1650 ι
434 1604 551 1673 Semper
565 1602 730 1656 memoriam
743 1602 785 1656 tui
799 1602 931 1657 facienes
975 1604 1142 1658 Haecautem
1150 1605 1210 1674 jam
1220 1620 1276 1657 non
1289 1610 1321 1657 ut
1332 1603 1435 1657 Paulus
1449 1608 1478 1655 et
1490 1603 1570 1656 Timo
1604 1619 1666 1669 eus,
1683 1603 1776 1659 Phile·

139 1675 245 1728 lllorem
256 1675 331 1728 enim
347 1673 659 1744 huncscribcndi,quod
669 1690 733 1726 curn
748 1674 841 1744 plures
856 1680 885 1729 et
897 1675 933 1728 ad
944 1684 967 1743 Β
977 1675 1052 1729 moni
1068 1683 1096 1728 et
1109 1674 1190 1739 aliis3
1206 1673 1255 1728 sed
1268 1680 1300 1728 ut
1314 1675 1389 1728 solus
1404 1674 1508 1727 Paulus
1529 1673 1565 1727 ad
1582 1674 1777 1730 Philemonem

139 1746 233 1815 plures
251 1746 277 1798 in
289 1745 450 1816 praelatione
460 1751 590 1815 ponatur,
603 1751 700 1815 postea
711 1750 860 1815 pertotum
875 1762 935 1799 eor·
976 1745 1109 1816 loquitur.
1126 1744 1264 1814 Ambigua
1278 1761 1343 1798 rero
1366 1744 1470 1798 dictum
1486 1750 1538 1810 est,
1558 1752 1658 1799 utrum
1672 1746 1778 1816 gratias

139 1833 192 1886 pus
202 1817 331 1887 Epistola
341 1833 413 1870 unus
429 1816 575 1886 disputans
584 1815 787 1881 introducatur,
805 1816 890 1870 etiam
903 1818 932 1871 in
976 1822 1043 1885 agat
1056 1818 1114 1870 Deo
1128 1833 1178 1870 suo
1194 1833 1314 1886 semper,
1333 1832 1368 1870 an
1383 1815 1548 1870 memoriam
1568 1817 1631 1887 ejus
1657 1816 1777 1873 satiatio

139 1887 202 1941 aliis
216 1888 359 1942 norrnullis
373 1887 503 1958 Epistolis
517 1887 689 1940 observatur.
702 1888 733 1940 ln
747 1904 809 1940 eam
824 1893 936 1942 senten·
976 1887 1149 1941 orationibus
1163 1887 1221 1941 suis
1232 1903 1357 1957 semper·;
1368 1892 1459 1957 potest
1472 1892 1568 1940 autem
1575 1893 1731 1959 utrumque
1738 1889 1778 1944 in·

139 1958 207 2012 tiam
219 1959 353 2030 proclives
363 1965 429 2011 sunt
439 1969 467 2011 et
477 1958 575 2012 Greci.
585 1958 730 2022 Ecclesiae,
742 1958 934 2029 inquitTheo·
975 1959 1074 2029 telligi,
1091 1964 1123 2012 nt
1138 1965 1189 2012 aut
1201 1958 1239 2012 sit
1252 1974 1367 2012 sensus:
1389 1959 1421 2012 ln
1437 1958 1488 2011 hoc
1499 1957 1609 2027 gratias
1624 1974 1690 2029 ago,
1703 1960 1775 2030 quod

139 2029 286 2100 phylactns
306 2046 404 2083 omnes
424 2029 501 2092 dicit,
527 2030 574 2100 qui
599 2029 628 2083 in
657 2029 829 2083 Philemonis
852 2030 935 2084 domo
976 2046 1086 2100 semper
1096 2029 1138 2083 tui
1154 2029 1319 2083 memoriam
1341 2029 1440 2082 laciam
1463 2028 1491 2082 in
1507 2028 1686 2084 orationibus
1699 2031 1776 2097 meis,

139 2100 621 2165 erantlidelesetliberos,etserros.
632 2099 935 2181 Adverteigitnrquam
976 2101 1129 2154 secundum
1144 2100 1213 2154 illud
1229 2101 1240 2154 l
1256 2100 1291 2153 ad
1303 2100 1375 2154 Tim.
1391 2118 1414 2153 r:
1428 2121 1440 2147 ι
1456 2099 1567 2153 Gratias
1577 2116 1631 2171 ago
1643 2101 1702 2156 Deo
1717 2119 1778 2157 meo

139 2173 298 2242 praesrl'erat
312 2172 501 2225 humilitatem
520 2171 679 2242 Apostolus,
696 2177 727 2225 ut
740 2178 825 2225 etiam
841 2188 935 2226 serres
976 2171 1118 2243 quodsinc
1129 2171 1336 2225 intermissione
1346 2170 1464 2225 habeam
1472 2170 1513 2224 tui
1528 2171 1698 2226 memoriam
1710 2192 1717 2240 ;
1729 2180 1778 2229 aut

138 2249 359 2314 comprecatores
374 2243 513 2297 adhibeat.
524 2241 635 2297 Sciebat
649 2242 724 2296 enim
740 2259 812 2313 saepe
828 2242 888 2296 lieri
902 2249 934 2298 nt
975 2241 1026 2296 iste
1044 2261 1049 2294 :
1068 2244 1186 2313 Semper
1193 2241 1300 2312 gratias
1315 2258 1368 2312 ago
1392 2243 1449 2296 Deo
1464 2258 1536 2303 meo,
1553 2243 1778 2317 quandocunque

139 2331 283 2368 seruorum
298 2314 381 2368 rerba
395 2313 501 2368 domini
515 2313 684 2367 sententiam
698 2314 934 2377 immutarentid-
974 2330 1038 2367 sum
1052 2329 1160 2367 memor
1175 2313 1226 2379 tui,
1241 2333 1252 2364 ι
1265 2312 1419 2368 secundum
1434 2313 1507 2382 quod
1527 2313 1587 2383 ipse
1599 2313 1666 2368 aliis
1675 2332 1777 2386 praeee-

139 2402 193 2468 que
205 2393 273 2440 tune
287 2385 416 2451 maxime,
432 2402 496 2439 cum
512 2402 562 2455 pro
576 2400 655 2439 servo
673 2392 797 2454 rogatur,
815 2401 878 2438 cum
893 2385 934 2440 illi
974 2384 1025 2455 pit,
1043 2391 1075 2439 ut
1086 2385 1115 2438 in
1130 2384 1259 2438 omnibus
1268 2384 1374 2454 gratias
1385 2388 1502 2454 agerent
1517 2385 1584 2438 Deo.
1601 2384 1670 2439 ldeo
1684 2393 1777 2442 autem

138 2457 264 2511 tortassis
288 2457 367 2510 initio
382 2461 479 2510 contra
502 2473 566 2509 eum
581 2455 759 2509 incitaverint
777 2455 931 2511 dominum.
975 2472 1086 2527 semper
1100 2473 1131 2509 se
1146 2455 1215 2510 dicit
1227 2454 1333 2526 gratias
1348 2471 1441 2524 agero,
1466 2461 1496 2513 et
1510 2471 1623 2527 semper
1648 2473 1699 2528 pro
1717 2457 1777 2530 ipso

138 2526 709 2598 l'ideurrteniquantausussitprudentia,
721 2526 936 2581 utillosmemo·
975 2543 1065 2592 orare,
1078 2526 1144 2597 quia
1158 2527 1235 2580 nullo
1261 2542 1384 2596 unquam
1406 2526 1451 2580 die
1474 2526 1685 2582 intermittebat
1701 2536 1776 2584 certa

138 2599 226 2651 rando
237 2600 275 2651 ita
284 2599 443 2663 honoraret,
452 2604 483 2651 ut
495 2598 626 2651 dominus
645 2597 714 2651 nihil
726 2595 842 2651 haberet
860 2599 934 2669 quod
974 2603 1103 2668 tempora
1117 2597 1225 2651 orandi.
1235 2597 1280 2652 Sic
1296 2596 1470 2667 Augustinus
1483 2597 1517 2650 de
1533 2597 1703 2664 llreresibus,
1719 2600 1774 2656 ba·

138 2685 301 2723 succensere
316 2674 417 2740 posset.
443 2670 570 2740 Namque
588 2683 644 2722 non
663 2668 731 2721 sinit
746 2669 873 2723 Ecclesiae
887 2686 934 2723 no·
976 2669 1031 2722 resi
1043 2669 1247 2723 bl.Estautenr
1265 2668 1400 2721 mirabilis
1420 2667 1499 2722 Pauli
1511 2668 1637 2735 allectus,
1650 2670 1717 2740 quia
1732 2671 1773 2725 iu-

138 2740 213 2793 mine
229 2740 369 2810 indrgnari
382 2739 520 2803 dominos,
536 2738 559 2792 si
575 2738 662 2793 servis
676 2747 931 2808 connumerentur3
975 2745 1019 2792 ter
1028 2745 1071 2793 tot
1084 2740 1231 2794 conciones
1238 2745 1267 2792 et
1274 2738 1469 2810 occupationes
1477 2739 1563 2793 etiam
1598 2756 1630 2794 ro
1645 2741 1773 2797 omnibus

139 2827 194 2863 non
219 2811 293 2864 enim
308 2811 386 2864 norit
401 2810 524 2864 Ecclesia
543 2809 649 2863 domini
667 2825 699 2862 ac
714 2810 785 2863 servi
801 2809 933 2865 dilleren-
975 2827 1026 2864 suo
1041 2817 1167 2881 tempore
1191 2810 1298 2864 orabat.
1316 2810 1365 2864 Est
1390 2816 1486 2864 autem
1506 2816 1535 2863 et
1557 2810 1566 2863 i
1606 2813 1769 2879 notandum,

138 2881 224 2934 tiam:
244 2906 255 2932 o
274 2882 305 2935 ln
319 2881 517 2935 Christocnim
532 2881 598 2935 Jcsu
617 2896 826 2951 nequeamus,
843 2898 933 2953 neque
974 2882 1197 2952 ernpbasimesse
1208 2882 1238 2935 in
1249 2881 1298 2935 illa
1311 2898 1376 2935 uoce
1388 2899 1394 2934 :
1406 2900 1418 2931 r
1430 2881 1488 2935 Deo
1504 2897 1603 2946 meo,»
1620 2898 1706 2964 quem
1720 2885 1770 2939 sci·

138 2952 217 3017 liber,
237 2972 247 3002 i
267 2953 357 3023 inquit
383 2953 457 3006 idem
481 2952 631 3021 Apostolus
652 2951 687 3004 ad
715 2952 777 3004 Gal.
804 2968 839 3005 nr.
872 2953 933 3008 Col·
973 2950 1038 3006 lieet
1053 2952 1230 3023 peculiariter
1241 2969 1293 3023 ego
1311 2953 1389 3007 colo:
1407 2951 1526 3023 explicat
1538 2952 1616 3006 enim
1626 2954 1705 3009 illam
1714 2972 1769 3010 em·

138 3023 200 3087 tigit
222 3028 317 3089 zeutem
338 3023 402 3078 hinc
425 3024 640 3093 Chrysostomus
662 3022 764 3076 virtute
778 3022 863 3077 fuisse
879 3025 932 3079 mi·
973 3023 1082 3093 phasim
1095 3030 1155 3077 tum
1171 3023 1393 3078 adRomanoszn
1411 3023 1501 3087 Quem
1515 3023 1766 3106 colo‚inquiens‚ia

136 3094 252 3147 rabilem
268 3095 342 3148 hunc
355 3095 557 3155 Philemonem,
574 3110 607 3146 eo
626 3093 700 3162 quod
711 3092 811 3146 donnus
818 3110 932 3218 quoquc
942 3083 1073 3164 Cspiritu
1088 3111 1160 3161 meo,
1176 3101 1236 3148 tum
1247 3095 1273 3149 ll
1288 3094 1323 3147 ad
1338 3094 1460 3148 Timoth.
1471 3112 1476 3146 :
1486 3111 1499 3146 a
1511 3094 1563 3148 Cui
1576 3111 1668 3150 sermo
1682 3112 1765 3168 apro·

138 3171 166 3217 et
179 3165 285 3218 sirrnilia
299 3167 359 3235 ejus
370 3171 430 3219 tota
444 3164 534 3218 tidelis
547 3164 641 3230 suerit,
658 3165 782 3234 adeoque
798 3165 816 3217 li
837 3166 932 3233 elis,ut
971 3165 1146 3235 genitoribus
1161 3165 1232 3219 ineis
1247 3165 1276 3218 in
1290 3164 1460 3219 conscientia
1473 3181 1554 3235 pura.
1575 3186 1585 3215 ι

137 3235 261 3289 Ecclesia
274 3236 309 3289 ab
320 3239 342 3290 A
363 3237 451 3290 ostolo
462 3240 648 3306 nuncupetur.
1009 3254 1022 3288 ‹
1039 3236 1164 3291 Audiens
1183 3237 1347 3290 charitatem
1367 3243 1445 3289 tuam
1467 3243 1552 3306 atque
1567 3237 1663 3292 sidem.
1683 3239 1759 3294 staur

173 3324 187 3360 ι
204 3254 394 3361 Gratiarobis.
411 3328 423 3359 n
440 3306 539 3361 Adhuc
551 3323 569 3359 a
581 3306 690 3360 duobus
705 3306 740 3359 ad
755 3307 849 3377 plures
864 3308 930 3361 seri·
971 3305 1065 3361 subdit
1079 3324 1166 3377 quare
1184 3307 1291 3376 gratias
1307 3313 1373 3376 agat
1388 3308 1445 3360 Deo
1458 3323 1579 3378 semper,
1596 3309 1757 3380 quotiescun
1769 3348 1807 3371 x

136 3376 220 3439 bitur,
236 3384 264 3431 et
274 3379 303 3432 in
311 3378 440 3432 omnibus
455 3394 525 3449 pene
538 3377 669 3448 Epistolis
677 3377 768 3431 simile
779 3377 843 3432 huic
854 3379 929 3449 prin·
989 3379 1099 3448 noejus
1117 3377 1286 3443 meminerit,
1299 3394 1331 3432 eo
1341 3378 1415 3448 quod
1439 3378 1562 3443 audiam,
1575 3378 1677 3451 inquit,
1693 3390 1773 3443 tutan

135 3448 240 3519 cipium
254 3455 305 3504 est.
323 3451 489 3520 Quarrquam
510 3455 604 3503 autem
625 3451 718 3515 proteu
734 3450 865 3519 generale
880 3467 929 3503 no·
968 3449 1144 3514 caritatem,
1161 3466 1222 3521 quae
1245 3449 1297 3503 nisi
1317 3449 1439 3503 maxima
1460 3455 1597 3505 essetne
1618 3466 1789 3523 uaquanQ

134 3520 256 3580 triennit,
267 3522 318 3574 hoc
332 3522 391 3575 loco
406 3537 456 3591 pro
465 3520 629 3574 remissione
640 3525 818 3590 peecatorum
830 3520 929 3591 accipi·
969 3520 1216 3601 Phrpgiallomam
1231 3536 1319 3591 usque
1328 3519 1586 3591 pertingerctsama
1598 3468 1686 3577 illius.
1705 3523 1773 3583 Nou

134 3597 182 3645 tur
197 3610 202 3643 :
219 3592 351 3662 generale
365 3592 438 3644 enim
454 3608 557 3646 nemen
574 3608 623 3661 pro
638 3590 751 3661 speciali
771 3592 925 3661 usurpavit.
968 3595 1165 3645 statrmautem
1174 3592 1209 3645 ab
1222 3591 1334 3645 exordio
1344 3591 1465 3661 gratiam
1480 3608 1530 3662 pro
1545 3591 1681 3648 Onesimo
1691 3591 1760 3663 llagi·

135 3662 179 3716 Sic
191 3663 329 3717 enimtam
340 3663 384 3716 hic
395 3679 479 3734 quam
490 3663 517 3716 in
529 3662 591 3716 aliis
602 3661 732 3732 Epistolis
742 3661 928 3733 interpretan-
968 3666 1019 3728 tat,
1041 3661 1089 3716 sod
1110 3669 1195 3716 antea
1215 3663 1306 3715 virum
1329 3662 1494 3723 admiratus,
1509 3663 1630 3734 ejusque
1652 3669 1766 3720 viratas

134 3739 181 3787 tur
195 3741 444 3789 commentatores:
464 3734 498 3787 de
514 3749 568 3805 qua
584 3733 745 3804 acceptione
757 3733 856 3801 gratia
868 3739 927 3787 tra·
968 3739 1132 3802 prosecutus
1147 3733 1285 3798 laudibus,
1302 3749 1366 3786 cum
1387 3739 1416 3786 et
1439 3732 1467 3786 in
1484 3732 1525 3786 eis
1548 3750 1607 3789 sure
1620 3730 1767 3791 coenata

134 3811 192 3859 ctat
203 3806 378 3876 Augustinus
390 3805 461 3859 libr
483 3805 618 3868 Retract,
640 3820 664 3856 c.
682 3803 714 3858 tl
733 3808 762 3857 et
779 3804 819 3858 lb.
837 3804 927 3858 Simili
968 3818 1024 3857 non
1053 3820 1151 3858 arvum
1161 3804 1314 3858 addidisset
1332 3804 1521 3874 rotum,quod
1538 3807 1695 3877 semperin
1710 3814 1772 3859 on·

134 3876 217 3930 modo
231 3876 333 3931 dicitur
347 3876 435 3930 alibi:
455 3894 468 3926 a
493 3876 549 3929 Lex
568 3880 596 3929 et
609 3875 760 3945 prophetas,
778 3894 791 3925 n
808 3891 871 3929 cum
886 3882 926 3930 ta-
967 3821 1090 3929 tionibus
1114 3875 1172 3929 suis
1196 3876 1258 3945 ejus
1284 3874 1467 3940 meminisset,
1493 3874 1680 3948 dixissetque,
1695 3865 1782 3950 quel

133 3962 198 4001 men
212 3948 297 4001 etiam
311 3948 454 4018 prophetin
469 3946 498 4000 in
509 3946 569 4016 lege
584 3946 649 4000 sint.
967 3945 1049 3999 multi
1069 3946 1098 4000 in
1116 3962 1149 4000 eo
1169 3945 1386 4017 requiescerent,
1397 3950 1458 4000 tum
1470 3946 1586 4001 demum
1604 3948 1642 4002 ad
1655 3947 1794 4022 scrop*m

171 4036 185 4068 s
201 4019 235 4072 Et
247 4035 309 4089 pax.
326 4040 338 4068 a
352 4017 463 4072 Scilicet
472 4016 518 4081 sit,
534 4017 577 4070 rel
587 4016 797 4086 multiplicetur.
808 4017 865 4070 Pax
879 4034 927 4072 au·
957 4016 1099 4087 'Epistola
1119 4016 1228 4079 transit,
1245 4033 1278 4070 eo
1303 4016 1385 4071 modo
1404 4016 1629 4073 benevolentiam
1646 4021 1711 4091 ejus
1742 4016 1800 4059 θ’

133 4093 190 4142 tem
205 4089 256 4143 hoe
278 4089 337 4141 loco
357 4096 399 4142 est
416 4087 540 4142 amicitia
554 4087 706 4141 constituta
720 4103 782 4141 cum
798 4087 865 4141 Deo.
881 4089 927 4143 Sic
966 4093 1060 4158 ptans.
1076 4087 1183 4142 Deinde
1202 4104 1237 4142 ne
1253 4087 1337 4158 hujus
1352 4093 1463 4141 tantum
1478 4087 1519 4142 rei
1537 4089 1635 4159 gratia
1648 4080 1811 4147 serim*

132 4159 307 4230 Augustinus
321 4159 350 4212 in
370 4158 486 4229 exposit.
503 4159 589 4228 Epist.
606 4159 642 4211 ad
663 4157 724 4212 Gal.
745 4164 774 4212 et
793 4159 829 4212 ad
843 4159 923 4214 Rom.
966 4158 1103 4225 videatur,
1118 4159 1199 4228 quasi
1214 4175 1270 4213 non
1284 4158 1354 4212 alias
1373 4158 1528 4229 scripturus
1543 4159 1598 4214 nisi
1618 4148 1812 4218 Onesifflt

133 4246 196 4283 cum
210 4229 278 4284 dicit
291 4246 388 4301 pacem
399 4246 468 4287 esse.
490 4245 545 4300 qua
561 4229 773 4283 reconciliamur
796 4229 863 4284 Deo.
880 4231 926 4285 Sic
966 4229 1005 4284 im
1026 4230 1132 4292 elleret,
1143 4230 1204 4284 vide
1218 4246 1303 4301 quam
1316 4228 1470 4300 prudenter
1483 4235 1513 4284 et
1525 4229 1598 4285 alias
1610 4231 1701 4304 hujus
1711 4211 1812 4290 §A

132 4301 201 4355 etD.
214 4302 402 4372 Hieronymus
413 4301 533 4354 hocloco
543 4300 616 4354 etad
627 4299 688 4354 Gal.
707 4301 757 4354 Est
765 4306 859 4354 autem
868 4301 925 4356 haec
964 4247 1044 4355 stodes
1059 4300 1162 4370 adjecit
1175 4317 1289 4368 causas3
1307 4301 1428 4373 primum
1443 4301 1557 4372 quidem
1572 4301 1665 4374 ipsius
1680 4290 1812 4371 ab&

131 4388 164 4425 ex
185 4373 266 4427 ositio
285 4372 392 4427 caeteris
410 4371 592 4442 praeferenda,
609 4377 638 4425 et
657 4370 808 4443 probabilis
834 4373 924 4442 magis
965 4376 1054 4425 tatem
1066 4371 1252 4435 insinuando;
1277 4372 1378 4425 deinde
1401 4379 1507 4442 postea,
1522 4379 1554 4426 ut
1569 4378 1599 4427 et
1613 4361 1812 4448 nospitib*

131 4389 241 4499 ridetur
256 4444 279 4498 si
296 4459 470 4498 reservamus
493 4443 561 4496 illud
581 4443 662 4498 Rom.
679 4459 717 4496 v:
737 4460 749 4494 a
774 4443 923 4497 Justilicati
934 4442 1018 4500 Dsibi
1032 4449 1121 4513 paret,
1136 4459 1192 4513 prae
1213 4442 1330 4497 iciendo.
1352 4442 1516 4513 cujusmodi
1537 4441 1658 4500 interim
1687 4432 1812 4502 laae¹

129 4514 541 4588 gratrspacemhabemuseum
553 4513 922 4581 Deo.·SimiliteretGraeoi‚
964 4512 1168 4581 bacchantes,
1201 4513 1362 4585 equaagit‚
1382 4512 1549 4578 subindicat,
1566 4531 1633 4569 cum
1650 4489 1812 4573 subd!

131 4585 177 4655 qni
193 4587 233 4641 sie
247 4588 321 4641 hunc
333 4587 555 4657 interpretantur
568 4585 669 4651 locum,
685 4601 718 4638 ac
731 4584 754 4639 si
764 4584 923 4656 dicatApo-
1002 4604 1014 4635 ι
1032 4584 1121 4648 Quam
1138 4584 1224 4639 habes
1236 4585 1272 4639 ad
1287 4584 1438 4639 Dominum
1457 4585 1566 4652 Jesum,
1582 4591 1613 4641 et
1626 4587 1659 4643 in
1671 4604 1740 4645 om:
1756 4576 1812 4631 l

129 4657 217 4712 stolus
225 4662 235 4710 ε’
248 4658 320 4728 Opto
336 4657 450 4728 quidem
469 4656 547 4710 robis
560 4656 691 4726 gratiam,
709 4661 738 4709 et
751 4671 858 4726 pacem,
874 4657 924 4710 sed
964 4661 1084 4710 sanctos.
1098 4655 1157 4710 »Ut
1171 4655 1312 4725 intelligat
1320 4655 1514 4726 unusquisque
1523 4656 1682 4727 perfectam
1692 4636 1812 4715 inl

129 4728 269 4797 quomodo
284 4729 337 4781 erit
350 4728 477 4782 remissio
493 4733 669 4798 peccaterum
684 4727 712 4781 in
727 4726 852 4792 vobis,.si
867 4744 922 4782 non
963 4726 1139 4786 charitatem,
1157 4727 1224 4797 quia
1236 4742 1292 4780 non
1306 4727 1396 4780 solum
1411 4726 1495 4789 Deus,
1511 4727 1561 4782 sed
1577 4735 1607 4784 et
1620 4721 1812 4800 proxinae'¹

129 4798 291 4853 condonetis
302 4798 573 4853 debitoribusdebita
583 4798 693 4852 vestra?
703 4798 847 4862 Quomodo
854 4797 923 4852 item
963 4797 1099 4867 diligitur,
1116 4802 1145 4851 et
1155 4796 1505 4869 potissimumcharitatem
1516 4798 1545 4852 in
1556 4799 1684 4870 hospitio
1694 4796 1812 4857 effi*

129 4885 182 4940 par
196 4886 260 4924 cum
274 4870 342 4932 Deo,
360 4870 384 4924 si
392 4887 472 4924 servo
485 4886 541 4924 non
551 4868 862 4932 reconcilieminilQua
876 4885 923 4923 oc·
982 4867 1200 4934 iendissanctis,
1219 4873 1360 4923 eteorum
1379 4868 1569 4924 subveniendo
1591 4872 1704 4928 necessi

128 4940 240 4996 ursione
253 4947 281 4995 et
295 4941 512 5012 pulcherrimam
527 4940 571 4994 hic
584 4940 678 4994 videre
692 4944 773 4994 estet
786 4940 922 5011 prolixam
962 4885 1024 5004 Eos,
1034 4945 1062 4994 et
1074 4939 1123 5005 ita,
1136 4939 1276 5012 quomodo
1291 4939 1354 5010 quis
1368 4938 1470 4994 habeat
1480 4939 1653 4997 charitatem
1665 4943 1696 4999 in
1705 4940 1812 4999 ⁸:⁷9

128 5012 321 5083 chrysostomi
335 5012 553 5083 disputationem
572 5011 606 5065 de
621 5009 797 5065 remittendis
810 5010 921 5080 injuriis
962 5016 1031 5073 ctos,
1040 5010 1216 5082 perspicuum
1226 5016 1283 5076 est,
1296 5009 1505 5081 quomodorero
1512 5011 1575 5081 quis
1582 5005 1812 5087 ndempoac

127 5085 263 5153 proximo,
274 5084 400 5155 exemplo
410 5082 481 5138 servi
494 5082 570 5136 illius
579 5082 695 5136 immitis
705 5082 866 5152 evangelici,
874 5082 921 5153 qui
962 5080 1066 5135 habere
1080 5080 1109 5135 in
1119 5087 1239 5146 sanctos,
1247 5097 1313 5135 nam
1328 5081 1461 5136 etiamad
1476 5082 1561 5137 lldem
1570 5083 1647 5138 hanc
1656 5076 1812 5212 gg:

127 5155 253 5209 remissis
266 5154 319 5210 sibi
330 5155 425 5209 decem
440 5153 563 5208 millibus
578 5154 750 5207 talentorum
764 5168 783 5206 a
796 5152 919 5220 domino,
963 5152 1060 5207 referri
1076 5158 1165 5223 putat,
1182 5152 1303 5207 multum
1317 5151 1426 5206 laborat
1445 5151 1647 5225 Hieronymus.
1707 5156 1713 5168 “
1770 5149 1812 5197 ¹

126 5230 238 5281 centum
252 5226 382 5280 denarios
395 5224 655 5306 aconserroexegit
670 5224 709 5278 im
730 5223 920 5279 ortunissime.
963 5231 1022 5277 mat
1035 5229 1130 5278 autem
1145 5223 1229 5277 sidem
1243 5223 1346 5277 habere
1359 5222 1389 5277 in
1403 5228 1515 5279 sanctos
1529 5240 1587 5280 nen
1611 5226 1692 5282 aliud
1707 5226 1812 5283 μθ

126 5294 203 5350 Inter
214 5303 317 5352 catera
325 5302 419 5352 autem
432 5296 476 5350 his
485 5295 576 5350 verbis
584 5302 689 5350 utitur:
708 5241 922 5350 dontristavitte
963 5295 1171 5365 quamcredere
1186 5294 1220 5348 iis
1236 5311 1296 5365 quae
1316 5294 1450 5349 assuetis
1464 5294 1540 5349 dicta
1552 5302 1584 5351 et
1596 5296 1676 5353 foeta
1689 5315 1730 5355 su:
1743 5289 1812 5347 ί]

125 5366 273 5437 quispiam,
286 5374 314 5423 et
328 5368 438 5450 probris
446 5384 479 5422 ae
492 5366 603 5437 injuriis
617 5366 717 5431 allecit,
731 5382 764 5420 co
784 5366 824 5420 ita
837 5382 922 5447 quam
963 5365 1199 5436 quemadmodum
1208 5381 1267 5420 una
1280 5370 1310 5419 et
1321 5365 1420 5420 eadem
1433 5365 1587 5422 credulitas
1601 5364 1812 5426 areana

124 5437 258 5492 multotu
274 5438 417 5494 similiain
432 5439 502 5493 alios
516 5444 600 5509 atque
615 5438 643 5492 in
658 5438 751 5509 ipsum
763 5383 920 5492 bominum
961 5438 1077 5508 bloysen
1104 5442 1132 5490 et
1157 5437 1187 5491 in
1214 5436 1313 5500 Deum,
1332 5442 1364 5490 ut
1378 5454 1413 5508 po
1434 5436 1497 5491 ulus
1512 5437 1561 5507 qui
1585 5438 1723 5498 credebat
1768 5428 1812 5477 5

124 5506 281 5574 admiseris,
293 5516 321 5563 et
329 5509 679 5580 erisadveniampronior.
693 5507 919 5578 consideraquid
960 5507 1121 5573 Dominum,
1137 5524 1216 5578 aeque
1230 5507 1382 5562 credidisse
1423 5507 1514 5562 icatur
1527 5515 1556 5563 ct
1576 5508 1609 5564 in
1628 5498 1812 5569 samur!

124 5593 208 5632 orans
222 5579 354 5652 loqueris,
367 5600 379 5631 ι
392 5581 517 5647 Dimitte,
532 5578 919 5650 inquis‚debitan0stra,sio·
959 5579 1044 5633 Exod.
1060 5595 1119 5639 xix,
1135 5594 1199 5632 cum
1213 5577 1337 5633 dicitur:
1358 5598 1369 5629 ι
1387 5577 1649 5651 Crediditpopulus
1662 5582 1723 5639 Deo
1793 5571 1812 5615 θ

123 5654 155 5704 ut
177 5654 270 5706 etnos
292 5669 307 5702 a
326 5655 378 5706 etc.
405 5650 606 5706 Animadverte
630 5667 685 5723 quo
712 5655 742 5705 te
758 5655 840 5722 pacto
854 5666 919 5706 con-
958 5649 1048 5723 Moysi
1066 5665 1146 5705 servo
1168 5649 1240 5720 ejus.
1256 5667 1270 5701 ι
1285 5648 1415 5706 Forsitan
1426 5664 1485 5705 non
1502 5644 1805 5735 menagius&

121 5719 260 5793 stringam
275 5720 330 5778 nisi
347 5719 484 5791 climinas,
500 5719 594 5777 diemo
607 5720 661 5778 boc
675 5725 739 5777 tato
760 5736 817 5779 non
830 5722 916 5778 valea
958 5720 1101 5778 diceretur
1111 5719 1197 5777 tidem
1213 5718 1277 5793 quis
1289 5718 1433 5777 haberein
1445 5724 1558 5777 nactos
1571 5737 1647 5795 qua,
1658 5740 1694 5781 er
1706 5714 1787 5781 ΗΕ
