3786 6128
147 277 184 335 sol
343 266 633 322 ENARRA'PIONUM
651 267 689 322 IN
710 267 786 322 EPP.
808 267 915 323 PAULI
934 268 993 321 LIB
1012 268 1110 323 XXIX.
1128 300 1160 309 -
1181 270 1221 325 ΙΝ
1238 270 1350 359 splsr.
1371 272 1420 326 AD
1438 273 1544 329 HEBR.
1710 250 1762 338 802

144 406 183 465 est,
196 393 307 457 horruit,
321 398 465 447 aversatus
480 397 531 445 est.
551 392 627 446 Coelo
644 391 746 461 quippe
765 391 918 462 proposito,
930 393 953 452 Α
963 389 1308 448 liberetDeus.Hocetiam
1316 395 1428 450 Christo
1437 396 1652 455 dixitdiabolus:
1665 404 1761 461 «Mitto

145 485 295 559 superfluum
316 488 379 535 erat
398 481 493 534 aulam
514 480 648 534 admirari
660 480 816 550 AEgyptiaci
831 480 920 550 regni.
963 485 992 533 te
1002 479 1142 534 deorsum.
1163 501 1173 532 r
1190 483 1311 536 Intueris
1327 484 1459 554 quiahoc
1479 486 1645 543 diabolicum
1661 498 1712 560 est,
1730 499 1762 548 ut

147 573 329 642 Etrirlequam
349 569 517 624 mirabiliter
532 570 601 623 illud
621 569 716 639 posuit
730 569 844 622 Paulus.
861 570 923 623 Nou
964 585 1135 639 supervacue
1156 587 1188 624 ac
1205 573 1346 642 superflue
1371 589 1400 627 se
1426 574 1574 644 quisquam
1598 577 1626 631 in
1654 581 1762 651 pericu-

148 660 344 729 oirit2majores
354 658 466 712 divitias
483 657 650 712 existimavit
659 657 800 712 thesauris
810 657 923 729 AEgypti
965 656 1023 710 lum
1036 659 1133 728 jactet,
1141 665 1251 713 tentare
1261 660 1351 714 Deum
1360 661 1383 714 si
1397 662 1502 715 salvet?
1516 664 1626 719 Etenim
1641 685 1760 738 praesse

150 752 236 811 aeluro,
251 754 280 802 et
295 764 398 818 eaquae
414 747 444 800 in
453 746 529 800 coelis
539 750 620 813 sunt;
633 747 682 800 sed
698 746 769 800 dixit
785 765 797 797 o
817 747 923 817 impro-
962 746 1023 815 jam
1039 746 1094 800 illis
1108 747 1144 800 ad
1154 748 1279 817 regimen
1290 765 1451 804 eorumnon
1466 757 1585 821 poterat,
1601 754 1760 828 itaingrate

150 839 234 915 perium
244 836 444 890 christiano
453 835 565 889 Christo
573 834 923 906 enimimpropcriumsus-
965 834 1132 889 allectisillis
1147 836 1336 906 quibustanta
1345 838 1522 908 praestiterat.
1537 842 1659 898 Stultum
1666 845 1760 917 itaque

151 930 219 985 tinere
227 925 327 978 melius
339 924 483 995 judicavit,
500 940 585 994 quam
594 924 622 976 in
635 923 741 978 deliciis
752 941 821 977 esse.
840 942 853 974 o
863 925 922 978 Ma·
964 928 1025 977 erat
1036 923 1657 996 etinsensatumpermanereillicilaecautem
1667 936 1761 990 omnia
1842 962 1847 969 ·

155 1007 311 1088 ogisehgen's
321 1012 409 1083 affligi
419 1029 482 1066 cum
489 1011 751 1083 populoDei,quanr
760 1013 923 1083 temporalis
964 1013 1288 1084 factasunt,quiareluti
1303 1015 1575 1072 vidensinvisibilem
1587 1020 1627 1074 sic
1637 1023 1759 1079 sustine-

156 1092 591 1176 epecratihaberejucunditatem.
605 1121 618 1153 o
631 1101 687 1154 Vos
700 1101 924 1173 enimprorobis
963 1099 1021 1154 bat.
1038 1102 1070 1155 In
1088 1101 1245 1156 actionibus
1264 1103 1366 1174 quippe
1382 1104 1440 1158 suis
1462 1112 1594 1160 verentur
1622 1109 1759 1181 homiues

156 1190 399 1267 ipsispatimini,illc
409 1189 687 1260 autemproalirshoc
699 1190 792 1260 elegit,
808 1195 838 1243 et
849 1191 922 1244 ultro
964 1190 1328 1260 quoscorporalitervident:
1338 1198 1367 1245 et
1376 1193 1464 1246 Deum
1473 1193 1695 1266 sibipraesentem
1704 1218 1760 1256 non

136 1306 138 1311 ·
155 1283 247 1353 seipsum
262 1280 383 1351 projecit
396 1280 425 1333 in
435 1285 514 1333 tanta
527 1279 660 1350 pericula,
677 1295 741 1353 cum
750 1279 775 1332 ei
789 1280 887 1333 liceret
895 1284 923 1333 et
963 1277 1105 1332 estimant
1114 1295 1184 1345 esse,
1196 1295 1278 1349 quem
1287 1296 1344 1335 non
1358 1281 1462 1335 rident.
1473 1282 1760 1346 Quocontrainlaude

156 1372 285 1445 placuere,
302 1373 331 1423 ct
349 1368 529 1423 soecularibus
557 1367 638 1421 bonis
663 1368 779 1439 perfrui.
795 1388 807 1419 o
838 1385 922 1439 quam
963 1366 1052 1439 Moysi
1068 1367 1179 1431 dieitur,
1197 1367 1265 1422 dum
1287 1370 1400 1440 AEgypti
1415 1387 1511 1440 regem
1526 1379 1718 1432 contemneret
1732 1385 1761 1433 et

156 1458 316 1530 mmmm,
335 1457 436 1528 inquit,
448 1456 552 1510 hahere
568 1456 894 1528 peccatijucunditatem.
907 1477 920 1509 n
963 1455 1014 1510 Dei
1028 1457 1168 1510 mandatis
1191 1456 1325 1523 obediret,
1353 1459 1419 1529 quia
1439 1459 1604 1516 invisibilem
1623 1470 1759 1536 tanquam

155 1549 272 1602 Peccatum
282 1546 353 1600 dixit
362 1547 436 1600 nollo
450 1545 536 1615 afiligi
548 1562 611 1599 cum
620 1546 682 1599 aliis
695 1565 700 1598 :
711 1546 763 1599 hoc
777 1551 922 1617 peceatum
964 1544 1060 1598 videns
1072 1545 1220 1613 sustinuit;
1233 1563 1394 1617 perversum
1405 1548 1507 1619 quippe
1518 1554 1759 1626 terraeprincipem
1864 1550 1870 1559 “

102 1696 104 1703 ,
156 1653 197 1691 sse
211 1634 319 1707 putarit.
341 1635 372 1689 Si
387 1634 474 1705 igitur
488 1635 534 1688 ille
546 1650 602 1688 non
615 1634 745 1688 alacriter
760 1635 846 1705 afiligi
859 1652 923 1689 cum
964 1632 1043 1702 quasi
1059 1649 1114 1687 non
1127 1633 1212 1698 ridet,
1229 1650 1313 1705 quem
1327 1635 1361 1689 ab
1375 1636 1461 1690 oculis
1476 1637 1519 1691 sui
1532 1639 1624 1694 cordis
1639 1642 1757 1712 abjecit:

102 1742 105 1777 ε
156 1723 234 1780 colens
245 1729 391 1795 peccatum
409 1740 469 1777 esse
482 1723 628 1793 judicarit,
645 1739 778 1792 magnum
790 1740 856 1793 ergo
871 1709 1058 1792 bo-Bregem
1075 1739 1140 1776 vero
1159 1722 1326 1776 invisibilem
1346 1729 1481 1795 tanquam
1502 1726 1598 1782 videns
1613 1730 1757 1798 sustinuit,

157 1813 375 1878 rmestalllictio,
393 1812 428 1866 ad
445 1828 569 1883 quamex
583 1811 694 1881 fastigio
704 1813 921 1883 regaliseipsum
963 1810 1029 1880 quia
1044 1809 1079 1863 ab
1094 1812 1155 1880 ejus
1169 1811 1271 1865 timore
1285 1811 1389 1866 intuitu
1402 1815 1504 1868 mentis
1517 1817 1628 1870 oculum
1645 1835 1702 1873 non
1714 1821 1760 1874 de

157 1902 251 1974 projecit.
267 1900 553 1966 Haecenimfaciebat,
570 1901 810 1972 magnaquaedam
826 1901 922 1972 praeri·
963 1897 1049 1951 ssexit.
1067 1898 1095 1952 Si
1120 1898 1206 1968 igitur
1233 1898 1359 1954 videmus
1376 1906 1470 1955 mente
1494 1920 1605 1974 semper
1619 1905 1719 1975 Deum,
1735 1909 1758 1962 si

156 1990 223 2046 lousa
235 1992 356 2061 Majores
367 1990 478 2045 divitias
484 1990 625 2044 aestimans
640 1990 922 2061 thesauroAEgyptio·
962 2002 1073 2057 semper
1086 1987 1115 2041 in
1121 1987 1312 2041 recordatione
1319 1989 1573 2059 ejusconvertimus
1579 2001 1702 2049 mentem
1710 2013 1759 2050 no-

157 2096 222 2134 rrum
234 2080 435 2152 improperium
453 2079 558 2133 Christi
569 2097 574 2131 ε
585 2078 736 2150 aspiciebat
750 2080 824 2133 enirn
836 2080 865 2132 in
875 2096 920 2133 re·
962 2079 1059 2137 stram,
1076 2075 1171 2129 omnia
1186 2076 1266 2129 nobis
1276 2075 1356 2130 facile
1370 2077 1555 2149 apparebunt,
1563 2081 1657 2136 omnia
1666 2089 1759 2154 porta-

156 2169 386 2224 «munerationem.
405 2187 417 2221 a
430 2168 502 2232 Quid
527 2174 569 2221 est
583 2167 784 2238 improperium
795 2167 921 2222 Christi?
962 2162 1140 2228 bilia,0mnia
1150 2163 1248 2217 leuiter
1257 2164 1437 2231 sustinemus,
1455 2167 1585 2221 omnibus
1599 2171 1757 2241 superiores

154 2256 193 2312 Hoc
205 2267 251 2321 est,
260 2257 432 2328 improperia
445 2255 514 2310 talia
523 2256 662 2310 sustinere
673 2257 767 2327 qualia
777 2273 918 2323 nuncvos,
961 2250 1108 2305 efficimur.
1125 2252 1154 2306 Si
1170 2252 1245 2306 enim
1260 2253 1409 2324 quisquam
1423 2254 1555 2310 dilectum
1569 2256 1654 2324 videt,
1668 2259 1758 2330 magis

156 2345 793 2416 quoleChristusetiamsustinuitimproperlum.
812 2346 920 2416 thuo-
961 2344 1056 2394 autem
1067 2340 1229 2394 recordatus
1244 2341 1328 2407 illius,
1337 2341 1421 2412 erigit
1428 2343 1551 2398 animam
1561 2350 1591 2399 et
1600 2352 1693 2400 mente
1708 2365 1756 2402 su·

154 2433 261 2505 nodopro
267 2434 379 2489 Christo
385 2433 518 2487 sustinuit
527 2433 655 2505 Moyses?
666 2434 768 2487 »Petra
777 2433 852 2487 enim
860 2438 921 2487 crat
961 2427 1055 2482 blimis
1070 2428 1199 2496 eflicitur,
1210 2436 1243 2484 ut
1255 2430 1348 2484 omnia
1357 2431 1436 2485 facile
1451 2432 1560 2499 toleret,
1576 2433 1711 2490 delicians
1725 2454 1758 2491 ex

154 2519 261 2577 Christus.
273 2542 285 2574 o
312 2523 358 2577 Sic
384 2522 458 2576 enim
474 2528 501 2575 et
515 2522 562 2575 ille
581 2522 783 2593 improperium
799 2522 920 2576 sustine·
961 2517 1249 2582 memoriailliusQui
1262 2519 1337 2573 enim
1350 2519 1380 2573 in
1394 2521 1758 2595 mentelrabucriteum,qui

152 2605 190 2676 let,
202 2612 269 2666 sicut
291 2612 494 2683 improperium
518 2596 699 2678 sustinemus,
716 2611 782 2683 quia
796 2613 921 2684 patimur
960 2622 1011 2663 nos
1026 2606 1142 2676 diligere
1158 2623 1221 2661 rore
1236 2607 1430 2678 dignatusest,
1455 2615 1483 2662 et
1497 2611 1660 2666 recordatus
1673 2612 1758 2668 fuerit

151 2698 204 2753 mals
224 2706 420 2754 concurrentes
440 2699 474 2752 ad
499 2699 598 2753 Deum.
629 2700 674 2753 Sic
698 2700 784 2753 ctiam
803 2700 850 2753 ille
865 2699 919 2754 im·
960 2695 1758 2766 ejus,nonpoteritaliquamsentiretristitiam,autterri·

150 2789 282 2860 properium
299 2787 465 2851 sustinebat,
477 2787 589 2858 quando
602 2788 752 2842 audiebat:
768 2808 780 2837 o
792 2790 818 2843 N
820 2805 874 2842 unc
887 2795 919 2843 tu
959 2781 1126 2854 bilealiquid
1133 2784 1375 2854 autpericulosum
1381 2785 1491 2840 timere.
1509 2806 1520 2839 ι
1531 2788 1598 2842 Fide
1604 2789 1756 2845 celebravit

102 2910 104 2915 .
149 2872 281 2932 interimere
295 2895 340 2932 me
351 2877 402 2942 ris,
411 2877 483 2931 sicut
489 2876 652 2931 interfecisti
658 2877 718 2931 heri
725 2877 917 2949 AEgyptiumln
963 2891 974 2919 ⁸
986 2872 1090 2942 paseha
1101 2877 1129 2925 et
1137 2873 1281 2943 sanguinis
1290 2873 1557 2946 allusionemnequi
1563 2877 1690 2932 vastabat
1697 2878 1754 2950 pri-

102 2990 105 3039 g
149 2960 919 3038 horestimpmperiumOhristi‚usqueinfinemetnovis.
961 2959 1755 3038 lmniraaangereteos.»Plurimapaulusinteripsaquae

102 3060 106 3077 '
148 3050 365 3125 monspiriturn
379 3055 437 3125 pati
448 3054 531 3117 mala,
549 3054 622 3107 sicut
637 3054 722 3107 etiam
737 3053 796 3124 ipse
811 3023 948 3125 irnpro-C
959 3048 1084 3119 loquitur
1092 3051 1753 3120 soletargumentari,etdensusestinsententiis.

147 3142 203 3208 pao
214 3142 371 3198 sustinebat
378 3148 406 3196 et
418 3141 563 3196 audiebat:
581 3160 593 3194 a
606 3141 634 3195 Si
644 3141 732 3195 Filius
744 3141 795 3195 Dei
803 3159 840 3206 es,
861 3161 872 3192 ι
891 3147 920 3196 et
959 3137 1144 3209 Talisquippc
1158 3145 1201 3192 est
1213 3139 1334 3210 Spiritus
1344 3140 1433 3193 sancti
1444 3141 1545 3211 gratia,
1557 3159 1613 3197 non
1626 3144 1656 3198 in
1664 3144 1754 3199 abuu-

147 3226 212 3287 alea
221 3231 362 3296 audiebat,
383 3249 433 3302 pro
447 3230 548 3301 quibus
564 3228 789 3299 crucifigebatur,
803 3229 830 3283 id
844 3236 886 3284 est
902 3247 919 3284 a
960 3226 1057 3280 dantia
1071 3227 1218 3281 verborum
1227 3244 1331 3299 paucas
1341 3229 1466 3283 eontinet
1480 3231 1643 3298 sententias,
1661 3233 1709 3287 sed
1725 3233 1754 3287 in

145 3318 328 3373 multatibus.
339 3319 447 3372 Hocest
460 3316 661 3388 improperium
675 3316 788 3381 Christi,
807 3317 917 3387 quando
959 3313 1248 3370 brevitateverhorum
1254 3333 1387 3387 magnum
1393 3318 1510 3372 habetet
1516 3319 1668 3390 plurimum
1677 3321 1757 3376 intel-

143 3405 268 3479 quisquam
282 3426 300 3462 a
319 3406 489 3469 domesticis,
515 3405 626 3476 quando
643 3405 791 3476 quisquam
812 3406 847 3459 ab
863 3405 916 3472 his,
960 3403 1194 3458 lectumlntuere
1208 3405 1294 3474 igitur
1306 3407 1446 3476 quomodo
1459 3407 1511 3460 sub
1525 3409 1672 3463 occasione
1691 3410 1754 3464 hor·

142 3495 398 3563 quibusbeneficium
414 3495 553 3567 preastitit,
567 3494 688 3548 sustinet
697 3495 897 3565 improperium
911 3513 917 3546 r
959 3492 1074 3546 tationis
1085 3498 1113 3546 et
1127 3493 1161 3546 de
1175 3493 1231 3546 fide
1249 3493 1406 3564 disputans,
1423 3497 1503 3564 eujus
1509 3512 1556 3549 eos
1566 3497 1626 3567 typi
1634 3514 1754 3552 comme-

139 3584 223 3639 &mm
235 3585 283 3640 ille
299 3602 410 3656 quoque
426 3602 477 3656 pro
493 3583 627 3638 beneficio
644 3599 695 3637 suo
716 3584 775 3637 haec
791 3583 918 3653 patieba·
959 3581 1200 3652 morat,ctquanti
1208 3581 1344 3652 mysterii,
1356 3583 1578 3652 cujushabemus
1594 3585 1750 3640 veritatem.

136 3668 181 3727 lor.
194 3675 244 3729 llic
259 3692 307 3729 eos
322 3673 460 3736 excitarit,
488 3673 638 3727 ostendens
652 3672 719 3742 quia
742 3680 770 3725 et
789 3672 918 3726 Christus
960 3669 1425 3740 «Fide,inquit‚celebravitpascha
1436 3671 1754 3744 etellusionemsangui-

111 3804 116 3811 .
132 3762 218 3817 fldem
231 3780 332 3835 passus
351 3769 394 3817 cst
408 3768 437 3815 et
446 3763 565 3833 Moyses,
582 3762 643 3815 dum
659 3778 784 3832 personae
795 3761 876 3815 clarae
890 3767 919 3815 et
959 3757 1012 3824 nis,
1020 3775 1055 3812 ne
1063 3757 1244 3829 quirastabat
1252 3759 1403 3830 primitiva,
1415 3764 1544 3830 tangeret
1555 3778 1611 3815 eos.
1621 3780 1635 3815 a
1651 3762 1754 3817 Eliusio

126 3842 407 3922 dirugataerroinde
422 3851 526 3905 Christi
537 3850 627 3920 magis
640 3849 766 3904 cstistud
781 3849 919 3920 imprope-
959 3846 1105 3917 sanguinis
1120 3847 1186 3918 agni
1207 3846 1418 3902 sacrificabatur
1439 3847 1468 3902 in
1493 3849 1585 3915 domo,
1603 3854 1631 3903 et
1645 3850 1674 3903 in
1688 3867 1754 3905 san·

122 3926 203 4007 num,
213 3958 299 4012 quam
319 3940 419 4011 Moysi.
442 3939 575 4010 quoniam
590 3956 607 3992 a
621 3938 741 4010 propriis
756 3938 810 3992 ista
820 3955 918 4009 passus
958 3934 1043 4005 guine
1052 3935 1281 4006 perungebantur
1291 3941 1394 4007 postes,
1413 3942 1441 3990 et
1459 3937 1512 3990 hoc
1525 3942 1587 3992 erat
1595 3943 1723 3993 tutamen
1738 3957 1756 3995 a

117 4032 163 4084 ut
177 4029 383 4101 :improprium
396 4028 554 4084 sustinebat
567 4034 595 4081 et
610 4028 750 4099 patienter
764 4032 865 4081 cuncta
877 4028 918 4081 le·
959 4023 1115 4093 perditione
1121 4024 1261 4095 AEgyptia.
1270 4024 1298 4078 Si
1309 4024 1396 4094 igitur
1402 4025 1516 4095 sanguis
1522 4026 1641 4095 agninus
1650 4027 1679 4080 in
1694 4045 1755 4082 me-

114 4117 200 4174 rebat
213 4118 270 4172 illis
279 4118 455 4173 moventibus
467 4119 560 4189 capita
570 4133 630 4171 sua.
640 4116 919 4187 Quiaergopoterant
959 4111 1006 4166 dio
1016 4112 1211 4184 AEgyptiorum
1226 4120 1255 4167 ct
1268 4113 1298 4167 in
1307 4114 1583 4168 tantadevastatione
1592 4115 1756 4171 illaesosser·

102 4196 238 4261 'furasse
245 4206 290 4260 his
300 4206 404 4260 auditis
421 4207 581 4261 desiderare
596 4206 681 4259 etiam
696 4205 749 4275 ipsi
760 4203 919 4259 retributio-
959 4200 1042 4255 rabat
1053 4203 1067 4256 J
1071 4202 1266 4264 udaeos,multo
1272 4202 1391 4273 amphus
1397 4202 1515 4257 salvabit
1524 4220 1645 4269 cosmon
1651 4211 1754 4276 postes,

106 4298 193 4361 uem,
203 4295 342 4365 dicitquia
349 4301 378 4348 et
387 4295 550 4348 Christuset
562 4293 748 4365 Moysestalia
756 4293 830 4364 passi
841 4299 916 4347 sunt.
960 4290 1009 4344 sed
1023 4290 1133 4345 animas
1151 4296 1263 4346 nostras
1284 4291 1389 4345 Christi
1402 4292 1539 4362 sanguine
1554 4299 1753 4363 perungentes,

104 4371 241 4439 Proinde
252 4383 367 4449 deliciae,
377 4383 477 4454 inquit,
489 4388 519 4436 ct
532 4382 660 4436 remissio
675 4383 710 4436 ad
720 4377 1070 4453 partemperti·DEtenim
1082 4380 1142 4450 jam
1159 4397 1232 4434 nunc
1246 4380 1294 4450 qui
1308 4380 1436 4434 devastat
1448 4380 1477 4433 in
1489 4380 1755 4450 profundaacnocte

103 4472 487 4544 neutpeccati,improperia
500 4471 750 4527 verosustincread
762 4472 916 4525 Christum.
960 4467 1123 4534 circuit‚sed
1134 4468 1287 4523 induamur
1293 4485 1373 4522 arma
1380 4469 1507 4539 justitia,
1518 4469 1571 4522 hoc
1594 4475 1636 4523 est
1646 4469 1693 4523 illo
1712 4487 1755 4524 sa-

157 4562 252 4616 ‹l'ide
268 4562 382 4632 reliquit
396 4562 557 4632 rEgyptum,
570 4577 625 4613 non
635 4560 739 4613 veritus
757 4559 919 4614 animosita-
959 4556 1752 4629 orificio.Ellusionemsanguinisperunctionemappellat.

104 4660 129 4693 2
147 4653 204 4704 iem
214 4650 300 4720 regis,
308 4649 476 4703 invisibilem
491 4649 565 4702 enim
581 4654 717 4719 tanquam
730 4647 918 4702 videnssusti-
960 4646 998 4700 Ex
1018 4646 1137 4716 AEgypto
1152 4646 1226 4699 enirn
1238 4646 1334 4701 eduxit
1349 4663 1400 4700 nos
1411 4647 1495 4711 Deus,
1504 4646 1557 4700 hoc
1567 4651 1618 4712 cst,
1637 4652 1755 4701 extene-

106 4747 130 4781 ἰ
154 4738 239 4792 nuit.»
252 4738 326 4802 Quid
347 4738 416 4791 dicis
427 4738 493 4809 quia
503 4754 559 4791 non
569 4737 682 4791 timuit?
692 4742 721 4791 et
735 4743 831 4791 tamen
843 4738 917 4791 Scri·
958 4732 1017 4787 bris
1032 4738 1060 4787 et
1070 4733 1236 4787 idololatria.
1245 4733 1377 4798 Quamvis
1392 4735 1466 4805 quod
1482 4733 1567 4788 fiebat
1583 4734 1653 4788 nihil
1668 4740 1751 4802 esset,

102 4828 203 4888 ptum
212 4826 265 4880 hoc
279 4826 356 4892 dicit,
364 4827 431 4897 quia
444 4826 561 4880 audiens
575 4826 680 4880 veritus
696 4831 747 4891 est,
756 4831 784 4879 et
794 4831 918 4897 propter·
959 4822 1008 4876 sed
1017 4822 1090 4893 quod
1096 4822 1219 4892 perillud
1228 4822 1425 4892 perficiebatur
1441 4839 1574 4892 magnum
1585 4829 1655 4876 erat.
1673 4823 1753 4887 Quod

103 4918 162 4965 eu
172 4912 236 4985 luga
248 4915 370 4969 salutem
385 4914 532 4985 acquisivit
555 4921 613 4968 eta
631 4914 698 4984 luga
713 4931 840 4968 reversus
855 4918 915 4980 est3
959 4910 1034 4965 enim
1048 4908 1142 4974 llebat,
1152 4910 1468 4980 sanguiniseratellusio
1479 4929 1484 4963 :
1497 4911 1675 4982 quodautem
1690 4929 1753 4983 per-

102 5000 274 5057 fledlamen
290 5003 364 5074 quod
375 5020 502 5057 reversus
515 5007 558 5056 est
572 5002 778 5066 iterum,animi
789 5009 851 5055 crat
861 5003 917 5056 Deo
958 4998 1113 5060 ficiebatur,
1130 4999 1206 5052 salus
1221 5005 1250 5053 et
1274 4999 1413 5053 conclusio
1438 5005 1467 5053 et
1488 5000 1639 5070 prohibitio
1664 5001 1754 5071 perdi-

102 5092 439 5146 erommittentish’on
451 5091 525 5145 enim
535 5091 614 5156 dixit,
624 5092 697 5156 Quia
704 5096 919 5163 quaruntmcet
959 5088 1053 5144 tionis.
1073 5086 1181 5141 Timuit
1195 5087 1275 5140 illum
1295 5087 1462 5157 sanguinem
1483 5089 1599 5158 angelus
1614 5107 1619 5140 :
1636 5089 1751 5155 sciebat,

102 5180 290 5245 *erutantun
306 5198 362 5235 nou
377 5198 420 5235 mc
435 5180 522 5250 igitur
536 5180 641 5234 eisdem
650 5180 716 5250 ipsis
730 5181 914 5234 committam.
958 5176 1137 5245 enim,cujus
1152 5179 1213 5229 erat
1225 5180 1319 5247 typus,
1346 5175 1471 5247 diriguit,
1492 5176 1667 5231 Dominicam
1682 5194 1753 5231 mor·

102 5247 239 5322 proinde
250 5268 337 5322 etiarn
348 5269 422 5341 quod
437 5285 454 5322 a
468 5268 535 5339 luga
552 5285 680 5323 reversus
701 5275 752 5333 est,
768 5268 834 5322 fidei
853 5268 915 5321 luit.
958 5272 1016 5321 tem
1028 5264 1188 5335 intelligens
1204 5281 1209 5316 :
1224 5270 1435 5335 proptereanon
1449 5266 1545 5337 tetigit
1558 5271 1661 5336 postes.
1677 5266 1754 5320 Dixit

102 5337 178 5407 hi
190 5358 272 5426 crgo?
289 5359 352 5412 Non
371 5357 535 5429 permansit,
548 5357 649 5428 inquit,
662 5374 735 5411 nese
745 5358 774 5411 in
786 5362 915 5427 apertum
957 5355 1068 5428 Moyses
1086 5372 1091 5406 :
1111 5352 1223 5423 Ungite,
1244 5358 1273 5406 et
1293 5359 1443 5421 unxerunt,
1476 5359 1505 5407 et
1517 5400 1518 5403 ,
1532 5355 1651 5410 confessi
1675 5360 1751 5409 sunt.

102 5445 307 5516 'weipitaret
316 5446 484 5517 periculum:
494 5447 617 5518 quiahoc
624 5448 685 5518 J'am
692 5447 914 5511 tentantisesset‚
956 5440 1279 5513 vosautemipsiusagni
1291 5440 1426 5495 habentes
1437 5442 1604 5512 sanguinem
1619 5459 1674 5498 non
1689 5458 1754 5496 con·
1833 5451 1837 5457 “

102 5529 228 5588 marrire
242 5534 272 5588 in
280 5534 375 5589 media
387 5535 511 5606 pericula
518 5541 546 5590 et
555 5535 662 5590 dicere:
675 5535 827 5590 Videamus
842 5535 918 5589 sime
959 5533 1065 5587 fiditis?
1082 5550 1095 5584 o
1114 5531 1182 5586 Fide
1192 5530 1366 5586 transierunt
1375 5546 1453 5584 mare
1463 5529 1604 5598 Rubrum,
1617 5538 1753 5602 tanquam
