3772 6120
61 299 112 355 rm
284 300 573 359 ENARRATIONUM
591 305 630 359 ΙΝ
650 305 725 359 ΕΡΡ.
748 307 854 362 PAULI
875 307 942 362 llll.
965 306 1024 360 xri.
1047 333 1078 343 —
1100 304 1138 356 ΙΝ
1159 303 1268 356 EI‘IS'l'.
1291 304 1315 357 ll
1335 305 1383 358 ΑΙ)
1403 307 1483 363 cort.
1657 311 1706 366 lto

56 425 198 480 charitate
208 425 380 497 discrepant.
391 434 586 498 structuraque
595 429 752 493 verborum,
763 448 795 484 err
807 448 862 501 quo
869 432 895 492 Α
904 435 1006 483 nostras
1015 429 1096 498 longe
1109 428 1219 498 lateque
1233 427 1322 497 spirat
1337 429 1493 498 fragantia
1503 449 1510 484 ι
1521 432 1569 486 sed
1580 433 1705 504 quiaho-

57 514 246 585 intelligimus
278 532 329 585 pro
354 517 519 569 necessitate
543 535 638 571 reruni
663 519 779 573 dirersis
799 537 863 574 curn
905 519 995 571 nrines
1009 534 1059 572 suo
1071 516 1188 571 arbitrio
1199 516 1324 569 derelicti
1334 522 1409 573 sunt.
1419 534 1509 589 neque
1517 520 1703 578 enirnbouurn

56 619 141 656 usum
155 603 371 674 interpretibus.
388 605 461 674 Ergo
475 613 504 659 et
519 607 623 661 Paulus
641 609 783 678 apostolus
796 626 863 662 con·
905 607 1071 660 necessitate
1084 605 1199 669 iaciunt,
1216 605 1264 658 sed
1279 606 1430 665 voluntate,
1446 616 1478 660 ut
1493 609 1639 665 credentes
1657 629 1704 666 co·

55 692 190 746 tristatur·
214 695 281 764 quia
305 693 511 765 praedicationis
532 712 588 748 suae
610 697 861 767 impresentiarum
904 712 1003 749 ronam
1020 695 1167 766 accipiunt,
1184 694 1321 748 increduli
1338 695 1473 766 supplicio
1486 698 1702 770 mancipentur:

57 781 183 835 fistulam
198 799 394 854 organumque
408 800 458 853 per
468 784 541 853 quod
553 784 663 838 Christo
674 791 797 850 caneret,
806 803 862 841 non
904 783 966 837 ideo
980 784 1050 837 odor·
1063 791 1166 848 noster,
1180 783 1227 854 qui
1237 783 1418 853 persebouus
1429 791 1480 846 est,
1497 785 1703 844 rirtuteeorum

57 870 217 933 invenerat,
228 873 407 942 perrexitque
422 871 451 925 in
467 871 668 927 Macedoniarn.
685 876 862 945 Apparuerat
903 877 931 925 et
944 873 1012 927 ritio
1026 873 1074 944 qui
1087 873 1251 943 suscipiunt,
1260 872 1318 925 sire
1332 889 1388 926 non
1398 873 1562 944 suscipiunt,
1575 877 1605 931 in
1618 878 1704 932 ritanr

56 959 133 1013 enirn
147 958 173 1012 ei
191 960 234 1013 sir
248 961 372 1019 Macedo.
388 961 483 1015 dicans
500 981 505 1014 :
525 964 672 1016 Tronsicns
691 965 792 1031 uttjrrro
814 981 861 1017 nos
903 961 1015 1026 transit,
1035 968 1086 1015 aut
1107 961 1134 1014 in
1155 970 1275 1015 rnortenr
1299 981 1306 1014 :
1328 961 1425 1031 utqui
1445 963 1615 1019 crediderint
1635 966 1703 1021 salui

58 1046 127 1112 (scr.
144 1054 216 1114 xrrl,
240 1054 271 1103 ut
292 1049 332 1103 ibi
353 1049 492 1104 inveniret
510 1052 603 1105 Titum
619 1056 648 1105 et
660 1052 787 1106 visitaret
806 1052 863 1106 fra-
905 1051 982 1112 fiant,
1000 1049 1114 1120 quinon
1128 1049 1299 1103 crediderint
1313 1055 1438 1119 pereant.
1452 1053 1552 1120 (rinch.)
1569 1053 1704 1109 Odorno·
1792 1038 1794 1043 ¹

57 1144 125 1200 tres,
142 1137 187 1190 rel
202 1138 443 1208 persecutionibus
462 1138 636 1210 probaretur.
659 1141 754 1195 Potest
768 1148 796 1195 ct
812 1142 863 1195 boe
904 1137 973 1191 titire
986 1139 1037 1192 Dei
1052 1138 1080 1191 in
1096 1139 1208 1192 Christo
1226 1144 1254 1192 et
1272 1154 1322 1209 per
1345 1138 1488 1194 Christum
1510 1147 1561 1195 est.
1582 1143 1704 1198 Odorem

58 1225 142 1279 aliter
155 1226 289 1296 intelligi,
307 1233 339 1281 ut
353 1227 457 1297 (Δηώ.)
477 1229 615 1284 Troadem
637 1230 804 1300 perrexisset
827 1232 862 1285 ad
904 1231 999 1280 autem
1013 1227 1116 1280 idcirco
1130 1227 1209 1294 dixit,
1219 1226 1365 1297 quiasicut
1375 1228 1562 1297 quaedamres,
1571 1247 1633 1301 qum
1640 1249 1703 1287 cunr

58 1314 272 1385 praedicandum
288 1316 470 1386 Erarrgelrum
485 1317 598 1381 Christi,
616 1323 643 1371 et
658 1336 722 1372 eum
735 1320 864 1391 cepisset
905 1332 960 1369 non
974 1315 1132 1381 rideantur,
1149 1333 1199 1387 per
1213 1315 1328 1370 odorem
1343 1320 1437 1369 tamen
1452 1326 1667 1387 cognoscuntur,
1676 1326 1705 1376 et

59 1404 224 1474 predicare,
234 1405 409 1475 fuissentque
417 1407 723 1476 quicaperentverbum
731 1408 805 1475 fidei,
814 1409 863 1462 sed
904 1403 1037 1474 intelligis
1056 1405 1085 1458 in
1104 1405 1164 1458 loco
1183 1405 1278 1475 aliquo
1297 1422 1366 1468 esse,
1388 1405 1462 1475 quod
1482 1422 1537 1460 non
1550 1408 1643 1475 vides3
1665 1410 1705 1464 ita

60 1493 270 1564 quiasolatium
278 1494 441 1553 Titidefuit,
455 1473 638 1551 intolerabilis
646 1502 706 1551 erat
715 1496 793 1550 labor
800 1515 863 1568 per·
905 1500 934 1546 et
948 1494 1031 1559 Deus,
1048 1493 1113 1563 quia
1127 1493 1273 1547 invisibilis
1288 1500 1340 1558 est,
1350 1510 1399 1563 per
1415 1494 1558 1549 Christum
1572 1514 1603 1550 se
1619 1498 1706 1553 voluit

59 1582 249 1652 strepentium
269 1599 362 1636 causa.
387 1583 518 1646 Quamvis
536 1584 611 1639 eninr
632 1586 746 1656 quidam
766 1603 863 1640 eorum
906 1581 1034 1651 intelligi,
1049 1591 1081 1636 ut
1094 1582 1254 1652 predicatio
1268 1582 1382 1647 Christi,
1398 1599 1458 1652 quae
1474 1584 1704 1655 utiqueiurisibi·

59 1674 233 1741 aperuerant
242 1670 328 1725 corda
336 1672 790 1743 suaadrecipiendurnsermonem
801 1674 861 1740 Dei,
906 1670 979 1735 liter,
1003 1670 1077 1725 Sicut
1094 1672 1129 1725 sstl
1153 1688 1236 1725 nares
1254 1671 1333 1738 odor,
1354 1671 1393 1725 ila
1412 1672 1447 1725 ad
1465 1688 1547 1727 auses
1566 1676 1703 1745 Pervenit,

59 1767 157 1813 tamen
175 1760 355 1830 impudentia
378 1760 534 1815 infrdelium
555 1778 611 1815 non
629 1762 747 1816 minima
765 1732 994 1817 existe-BDeuru
1010 1760 1122 1813 Patrem
1136 1759 1292 1814 insinuaret
1304 1766 1449 1827 creatura,
1471 1768 1500 1815 et
1521 1762 1624 1818 Filium
1643 1766 1704 1836 ejus

60 1845 115 1911 bat,
131 1848 285 1919 insurgens
294 1849 323 1902 in
332 1849 497 1919 Apostolum
509 1851 566 1904 zelo
577 1851 762 1918 credentium,
771 1853 864 1906 ethrec
904 1847 1092 1916 unigenitum,
1108 1849 1188 1918 cuius
1203 1849 1244 1902 rei
1256 1848 1396 1918 legatione
1411 1849 1559 1919 fungentes
1573 1853 1702 1922 apostoli,

57 1936 113 1990 duo
126 1937 164 1990 ab
179 1954 237 1990 uno
254 1938 365 2009 impleri
379 1955 435 1993 non
449 1945 588 2010 poterant,
605 1945 637 1994 ut
651 1945 700 1993 aut
715 1941 810 1995 fideles
823 1941 863 1995 in·
905 1936 1490 2004 (sicutdicitllominusadDeum,Filiusad
1501 1940 1704 2004 Patrem,sicut

59 2032 192 2092 strueret,
202 2027 412 2081 autincredulis
421 2034 602 2099 repugnaret:
612 2029 729 2100 ideoque
739 2031 799 2083 vale
809 2030 862 2084 illis
904 2041 948 2079 nte
965 2026 1065 2081 misisti
1075 2027 1105 2081 in
1115 2027 1188 2081 hunc
1198 2027 1346 2092 mundum,
1359 2027 1398 2081 ita
1409 2035 1438 2082 et
1445 2044 1492 2082 eos
1500 2029 1582 2084 mitto
1590 2031 1618 2084 in
1630 2031 1704 2086 hunc

59 2115 131 2168 tacto
146 2115 194 2185 qui
209 2122 475 2186 susceperanteunr.
489 2117 628 2187 profectus
638 2124 681 2172 est
691 2119 719 2172 in
734 2119 862 2173 Macedo·
904 2116 1051 2177 mundum)
1068 2117 1182 2170 odorenr
1196 2115 1302 2170 notitiae
1314 2116 1363 2169 Dei
1373 2121 1401 2170 et
1415 2116 1518 2172 Christi
1529 2134 1579 2188 per
1588 2119 1705 2189 signact

59 2204 144 2257 niani.
904 2204 1033 2274 prodigia
1047 2204 1270 2258 manifestarent.
1280 2205 1354 2258 Vera
1367 2221 1427 2258 esse
1435 2204 1471 2258 de
1483 2205 1540 2259 Deo
1551 2212 1580 2259 et
1593 2206 1703 2261 Christo

95 2294 146 2346 beo
160 2300 257 2347 autera
271 2298 379 2361 prutina
388 2298 438 2364 qui
441 2312 545 2364 seraper
554 2297 708 2364 triumphat
716 2312 767 2365 per
779 2314 827 2352 rios
834 2300 863 2351 ia
905 2293 1065 2362 praedicatio
1079 2293 1189 2347 virtutis
1202 2293 1364 2347 testimonio
1373 2292 1517 2364 probatur,
1530 2294 1664 2364 quaeideo
1674 2294 1703 2349 in

61 2382 169 2434 Christo
177 2384 253 2435 lesu.
272 2382 325 2435 Pro
335 2398 378 2441 eo,
396 2383 470 2452 quod
487 2389 539 2448 est,
560 2384 718 2454 triumphat
737 2384 771 2439 de
784 2385 865 2441 nobis
905 2381 990 2436 odore
1001 2382 1159 2451 significata
1172 2387 1223 2445 est,
1241 2382 1307 2452 quia
1322 2399 1386 2436 cunr
1401 2382 1476 2435 Deus
1495 2399 1551 2436 non
1564 2383 1701 2451 rideatur,

60 2470 113 2523 sire
128 2470 309 2540 triumphum
325 2476 407 2525 tuum
423 2473 483 2542 agit
496 2489 614 2543 pernes,
630 2474 678 2544 qui
692 2473 722 2527 in
735 2475 791 2528 alio
803 2476 862 2529 loco
906 2488 956 2542 per
977 2472 1057 2533 hanc,
1079 2488 1140 2542 quae
1161 2470 1338 2524 irrrisibilrter
1355 2478 1497 2541 operatur,
1519 2471 1549 2526 in
1571 2473 1704 2543 apostolis

59 2559 185 2612 disemt:
202 2560 396 2627 Spectaculum
403 2563 472 2627 sacti
486 2563 700 2625 saraias-inundo,
713 2567 860 2631 etaapetr'r.
903 2576 964 2614 esse
984 2560 1151 2629 intelligitur
1169 2566 1201 2614 ut
1225 2559 1328 2614 veritas
1347 2560 1478 2615 doctrinae
1498 2560 1701 2617 manifestetur.

60 2649 270 2701 straminibus.
295 2651 366 2704 Nam
387 2667 451 2704 cam
467 2653 598 2704 venissent
616 2653 649 2705 ia
663 2653 859 2719 Macedoniarn,
903 2649 957 2713 Qui
971 2666 1037 2718 ergo
1048 2654 1123 2702 recte
1132 2649 1234 2702 asserit
1243 2648 1397 2714 Christum,
1408 2648 1575 2703 bonusodor
1583 2651 1702 2713 estDeo,

61 2739 170 2791 uultum
181 2741 304 2806 requiem
315 2739 414 2792 liabuit
424 2754 487 2792 caro
495 2742 651 2805 unarmed
661 2743 862 2795 ornnemtribu-
903 2737 985 2791 laude
993 2737 1095 2806 dignus
1108 2737 1137 2790 in
1146 2755 1179 2791 eo
1188 2737 1236 2808 qui
1244 2738 1342 2803 credit,
1355 2755 1407 2792 nec
1416 2737 1608 2809 vituperabilis
1619 2739 1647 2793 in
1656 2739 1703 2794 illo

61 2829 189 2879 lotionem
199 2830 278 2895 possi
294 2829 364 2894 soris
379 2844 487 2896 papam,
509 2831 586 2881 intus
602 2831 721 2883 timores.
745 2828 798 2883 Sed
813 2833 863 2899 qui
903 2827 950 2896 qui
965 2843 1021 2880 non
1033 2825 1135 2894 credit3
1152 2826 1199 2896 qui
1211 2843 1341 2881 veronen
1352 2833 1427 2881 recte
1437 2827 1539 2881 asserit
1547 2828 1700 2895 Christum,

60 2917 346 2970 minutatur-barrufa
356 2919 510 2971 consolatus
520 2918 691 2971 caluosllcus
701 2921 732 2971 in
742 2920 862 2972 artrcntu
903 2915 994 2969 malus
1008 2916 1078 2969 odor
1091 2922 1134 2970 cst
1148 2916 1205 2971 Deo
1220 2920 1278 2969 tarn
1293 2916 1323 2969 in
1338 2915 1381 2969 his
1395 2916 1443 2986 qui
1462 2916 1510 2969 lldi
1526 2922 1601 2981 sunt,
1617 2934 1702 2988 quarn

62 3005 114 3056 Titi
127 3024 136 3057 .·
153 3021 213 3057 nnn
223 3008 313 3058 sotum
328 3008 463 3059 arrtemr'n
478 2996 671 3074 odrcntrrejirs‚
685 3008 861 3061 sedetr'cmr'n
902 3004 932 3057 in
942 3003 1051 3074 illisqui
1061 3004 1204 3070 diffidunt3
1219 3021 1268 3075 pro
1276 3003 1405 3074 utrisque
1413 3004 1488 3058 enim
1498 3022 1562 3060 reus
1572 3005 1641 3059 erit:
1655 3005 1703 3076 qui

58 3096 153 3146 solatio
171 3094 196 3158 (1
204 3093 267 3147 Cor.
278 3109 316 3155 rr,
334 3095 361 3148 ll
376 3094 437 3149 Cor.
453 3106 511 3158 ru).
537 3095 610 3163 Ergo
632 3100 781 3166 propterea
801 3097 862 3149 vale
903 3092 1505 3159 euimdilliditidcircorideturnoncredere,
1516 3094 1702 3165 quiapemrer··

58 3179 163 3234 faciens
182 3181 324 3250 Troianis,
345 3182 402 3235 sire
423 3182 638 3248 Troadensibus,
659 3183 798 3254 profectus
820 3189 863 3237 est
903 3198 966 3235 sum
982 3185 1025 3234 est
1038 3182 1112 3252 quod
1123 3182 1211 3249 audit,
1229 3181 1313 3252 etqui
1324 3182 1423 3249 credit,
1436 3183 1702 3255 malecredit.Apo·

58 3268 85 3322 in
98 3269 307 3336 Macedoniam,
324 3276 356 3325 ut
375 3271 514 3325 inveniret
526 3270 564 3325 ibi
584 3272 679 3326 Titum
700 3278 729 3326 et
746 3272 862 3327 haberet
903 3270 991 3324 stolus
1006 3286 1073 3341 ergo
1081 3270 1219 3324 rationem
1234 3271 1423 3341 legislocutus
1431 3276 1482 3336 est,
1491 3272 1701 3343 utsicutinlege

58 3357 302 3430 interpretationis
317 3360 517 3431 Erarrgeliique
531 3360 671 3426 solatium,
684 3378 768 3432 quoru
781 3361 862 3416 intel·
903 3359 951 3429 qui
961 3359 1066 3414 hostias
1077 3358 1150 3413 bono
1160 3365 1224 3413 roto
1237 3358 1380 3425 offerebat,
1395 3359 1485 3414 bouus
1495 3361 1564 3415 odor
1574 3368 1635 3416 crat
1644 3362 1702 3416 Deo

59 3446 172 3516 ilginrus
187 3464 246 3501 non
260 3446 298 3502 ibi
314 3456 467 3520 repertum,
484 3451 533 3504 sed
551 3466 602 3521 per
620 3448 815 3504 tribulationes
834 3459 863 3505 et
903 3453 931 3502 et
945 3447 1132 3519 acceptabilis,
1144 3448 1185 3502 itu
1198 3454 1227 3502 et
1242 3465 1316 3503 nunc
1330 3448 1535 3519 praedicationis
1548 3449 1589 3503 ris
1602 3450 1703 3504 doctri·

58 3536 860 3610 persecutioncsllpostolisupervenisse.Priusergoquam
902 3553 944 3591 nte
958 3538 1072 3591 odorem
1087 3542 1202 3607 praestat
1215 3537 1386 3607 fragrantem
1402 3537 1469 3592 Deo.
1487 3537 1577 3602 Quam
1593 3537 1628 3592 ob
1638 3555 1704 3593 cau—

58 3626 164 3679 reniret
178 3624 260 3679 Titus
273 3625 365 3680 multa
377 3642 534 3697 perpessus,
548 3627 608 3697 agit
615 3626 722 3697 gratias
731 3628 860 3700 omnipo·
901 3642 961 3679 sam
976 3626 1087 3680 auxiliis
1100 3626 1159 3680 suis
1173 3631 1248 3680 totus
1264 3625 1415 3696 praestabat
1428 3627 1504 3681 Deus
1516 3627 1658 3698 apostolis,
1670 3636 1703 3683 ut

58 3715 124 3768 tenti
140 3714 212 3775 Deo,
229 3714 260 3768 in
274 3714 388 3768 Christo
401 3716 415 3769 J
419 3732 479 3781 esu,
488 3732 571 3786 quem
585 3715 716 3786 gentibus
731 3717 861 3787 predica·
900 3714 985 3768 rerba
997 3714 1164 3785 cognitionis
1181 3715 1242 3785 ejus
1252 3714 1433 3769 infunderent
1447 3714 1609 3785 patentibus
1623 3717 1700 3769 auri·

58 3800 100 3856 bat
116 3823 122 3854 z
140 3803 221 3874 quod
231 3803 350 3873 dignum
362 3820 391 3857 se
407 3805 531 3874 elegerit,
546 3804 575 3858 in
591 3821 645 3874 quo
658 3805 748 3875 egerit
761 3806 861 3860 triunr·
899 3803 962 3868 bns,
977 3803 1034 3857 sive
1052 3802 1165 3869 Judaeis,
1187 3804 1244 3856 sire
1262 3801 1402 3872 gentibus,
1425 3802 1521 3857 addim
1542 3803 1586 3857 his
1606 3820 1700 3858 sacra-

58 3891 141 3961 phum
153 3891 221 3946 Filii
232 3891 287 3946 sui.
299 3891 471 3963 Triumphus
478 3892 528 3947 Dei
538 3897 582 3948 est
590 3893 683 3964 passio
692 3899 858 3965 martyrum,
901 3898 996 3946 mento
1007 3891 1352 3946 nativitatisllominiiesu
1362 3891 1515 3945 secundum
1527 3892 1700 3947 voluntatem

57 3979 83 4036 iu
99 3980 209 4036 Christi
226 3980 341 4034 nomine
354 3981 462 4036 cruoris
471 3981 578 4048 effusio,
588 3987 618 4036 et
631 3982 705 4036 iuter
718 3988 861 4038 tornrenta
900 3980 951 4035 lici
964 3986 993 4035 ct
1005 3981 1094 4052 patris
1109 3980 1170 4050 ejus
1185 3979 1215 4034 in
1225 3980 1334 4034 unitate
1347 3980 1412 4034 fidei
1427 3981 1558 4035 salutaris
1572 3981 1608 4035 ad
1623 3981 1699 4037 salu·

57 4069 161 4135 latitia,
177 4086 245 4124 curn
260 4069 337 4123 enirn
357 4070 420 4141 quis
439 4070 540 4125 viderit
559 4076 639 4125 tanta
653 4072 860 4143 perseverantia
900 4073 958 4123 tem
970 4068 1154 4134 credentium,
1169 4075 1198 4123 et
1211 4068 1397 4139 perditionem
1411 4068 1698 4136 diffidentiumrllir's,

57 4165 126 4212 stare
143 4165 299 4230 martyres,
314 4164 399 4229 atque
418 4159 553 4230 torqueri,
570 4166 598 4213 et
611 4160 640 4214 in
655 4160 713 4214 suis
730 4160 859 4215 cruciat-i-
901 4157 1002 4230 inquit,
1018 4160 1127 4228 quidem
1148 4159 1214 4212 odor
1234 4160 1331 4212 mortis
1352 4160 1381 4212 in
1402 4164 1526 4225 mortem,
1548 4159 1601 4213 hoc
1621 4158 1697 4223 dicit,

57 4246 102 4303 bus
114 4245 248 4319 gloriari,
265 4248 335 4302 odor
349 4247 455 4303 notitia
470 4248 521 4303 Dei
535 4248 734 4303 disseminatur
747 4250 777 4303 in
790 4266 860 4319 gen·
902 4247 968 4316 quia
980 4247 1131 4302 incredulis
1141 4247 1302 4319 pradicatio
1310 4246 1399 4302 crucis
1410 4247 1515 4303 Christi
1523 4247 1592 4301 odor
1601 4248 1700 4301 mortis

55 4346 101 4399 tes,
117 4345 149 4392 et
165 4336 247 4391 subit
259 4336 346 4392 tacita
359 4337 501 4407 cogitatio,
519 4337 592 4408 quod
606 4337 661 4392 nisi
674 4355 771 4392 reruni
788 4345 892 4434 essetD
902 4343 960 4399 est;
976 4337 1123 4391 audientes
1137 4336 1213 4390 eninr
1223 4336 1339 4391 verbum
1349 4335 1400 4390 Dei
1408 4336 1448 4389 sic
1461 4335 1610 4405 accipiunt,
1618 4336 1698 4405 quasi
1784 4336 1789 4345 “

57 4424 250 4497 Erangelium,
264 4442 410 4496 nunquam
424 4426 561 4496 sanguine
574 4426 771 4482 defenderetur
785 4445 790 4479 :
809 4443 858 4481 ne·
901 4432 1019 4496 pestem,
1036 4442 1068 4478 er
1082 4441 1138 4495 qua
1151 4424 1242 4479 oritur
1253 4441 1338 4490 mors,
1354 4429 1382 4477 et
1396 4438 1508 4477 necesse
1516 4427 1559 4476 est
1574 4428 1605 4475 ut
1617 4423 1697 4491 iuxta

57 4530 103 4584 que
117 4515 198 4570 enirn
209 4514 332 4568 delicata
346 4522 375 4568 et
388 4514 493 4569 divitiis
508 4514 624 4569 studens
637 4533 669 4569 ac
683 4532 782 4570 secura
792 4532 858 4570 con·
900 4516 984 4568 lidern
996 4514 1107 4569 illorum
1123 4515 1172 4568 fiat
1182 4513 1232 4567 eis.
1243 4513 1315 4568 Aliis
1330 4517 1423 4566 cirtem
1438 4512 1504 4564 odor
1524 4512 1586 4564 rita
1604 4512 1641 4563 ud
1655 4513 1696 4564 υἰ-

56 4601 133 4658 fessio
149 4610 206 4670 cst,
218 4603 309 4657 sedin
322 4603 489 4670 carceribus,
499 4604 528 4658 in
538 4604 636 4674 plagis,
652 4604 681 4658 in
692 4605 859 4675 persecutio·
901 4609 966 4657 turn.
983 4620 1079 4657 rerum
1094 4608 1137 4656 est
1151 4603 1218 4673 quia
1234 4601 1299 4655 fidei
1318 4598 1538 4654 sernroauditus
1552 4598 1604 4653 Dei
1623 4616 1695 4654 nun·

59 4691 141 4755 nibus,
156 4690 286 4757 infame,
298 4692 470 4757 etnuditate,
483 4699 513 4747 et
527 4693 573 4747 siti
585 4693 629 4748 hie
642 4693 801 4765 triumphus
816 4699 859 4747 est
899 4691 955 4746 tius
970 4698 1013 4746 est
1026 4692 1126 4746 salutis
1144 4697 1264 4756 reternae,
1280 4694 1309 4742 et
1327 4688 1481 4742 secundum
1498 4689 1583 4743 sulem
1598 4703 1696 4743 eorum

58 4782 305 4851 apostolorumque
313 4780 494 4837 victoriaSed
501 4788 612 4852 poterat
620 4782 737 4837 audiens
745 4799 858 4854 respon·
898 4781 1042 4850 continget
1055 4780 1104 4834 eis.
1123 4779 1185 4834 Sire
1200 4795 1266 4849 crgo
1280 4778 1310 4832 iu
1325 4777 1367 4831 his
1378 4777 1426 4849 qui
1444 4784 1573 4849 pereunt,
1595 4778 1652 4832 sire
1666 4777 1695 4832 in

59 4867 124 4937 dere,
141 4867 292 4942 quomodo
304 4885 370 4940 ergo
382 4886 437 4924 non
451 4887 549 4925 omnes
562 4871 857 4942 credideruntiprius·
899 4869 942 4924 his
962 4869 1010 4940 qui
1030 4869 1098 4923 salvi
1119 4870 1200 4933 liunt,
1221 4866 1324 4922 Christi
1345 4867 1435 4922 bonus
1452 4866 1521 4922 odor
1539 4867 1598 4923 Deo
1614 4872 1696 4922 erant

60 4973 133 5027 quam
148 4975 221 5029 ergo
237 4957 393 5029 interroget
408 4957 500 5026 solvit,
516 4965 546 5014 et
556 4960 638 5029 juxta
652 4977 758 5014 morem
774 4977 855 5015 suurn
897 4958 1025 5030 apostoli,
1038 4956 1256 5029 quiasinceriter
1264 4955 1453 5028 praedicabant
1468 4975 1473 5010 :
1489 4956 1537 5028 qui
1548 4956 1624 5011 euim
1637 4972 1693 5010 non

61 5047 188 5121 quidquid
202 5046 279 5102 alius
293 5045 413 5117 objicere
432 5053 524 5119 potest
541 5055 693 5120 antequam
708 5048 857 5120 objiciatur·
897 5046 1057 5109 credebant,
1072 5045 1124 5117 ipsi
1139 5045 1191 5100 sibi
1206 5046 1337 5116 laqueum
1351 5044 1571 5100 circumdabant.
1589 5045 1648 5110 llis,
1658 5044 1682 5099 si

61 5135 191 5192 edisserit.
208 5136 245 5192 m
258 5136 368 5190 odorem
384 5140 488 5192 notitia
501 5154 557 5193 sue
570 5139 732 5206 inaniscrtat
743 5155 794 5208 prr
808 5156 856 5193 nos
897 5142 945 5191 cut
956 5135 1024 5190 dicit
1038 5134 1174 5189 Dominus
1184 5134 1220 5188 ad
1233 5133 1357 5189 Ezechiel
1371 5134 1537 5205 prophetam
1552 5151 1557 5185 :
1576 5135 1596 5188 Τ
1595 5150 1614 5187 a
1624 5148 1694 5203 pra-

63 5227 176 5281 inomni
189 5229 250 5281 loco
265 5244 274 5280 .·
291 5224 362 5292 Ouia
380 5226 466 5280 bonus
481 5225 586 5281 Christi
600 5228 666 5281 odor
681 5244 777 5282 suenrus
793 5229 853 5294 ilco,
896 5227 972 5289 dica,·
988 5229 1013 5279 si
1027 5226 1210 5287 tcaudicrr'nt,
1233 5226 1383 5279 lucrareris
1398 5225 1509 5276 oninros
1523 5226 1693 5287 ramnusia
1736 5255 1738 5259 ν
1825 5228 1831 5244 “

64 5329 84 5366 u
96 5315 140 5369 his
154 5331 207 5385 qur
222 5315 296 5367 salci
308 5315 390 5381 flaret,
411 5318 436 5368 ct
455 5317 486 5369 in
505 5315 548 5369 bis
568 5318 619 5384 qui
633 5321 758 5385 percunt.
782 5315 854 5372 aaa
896 5317 1062 5384 quominus,
1076 5315 1131 5381 ipsi
1144 5314 1198 5366 sibi
1210 5313 1340 5379 eirtcrr'nt,
1358 5317 1388 5366 tu
1408 5317 1500 5365 tomen
1519 5313 1589 5367 liber
1605 5316 1661 5367 eris
1675 5330 1693 5366 a

62 5405 161 5467 quidem
174 5404 247 5458 odor
260 5405 358 5457 inertis
366 5404 398 5457 in
406 5407 531 5468 mortem,
543 5406 610 5459 aliis
619 5411 709 5458 cirtem
720 5406 786 5458 odor
795 5407 855 5458 cita
893 5405 1047 5473 perditione
1065 5405 1189 5456 illorum.
1207 5403 1307 5469 (Grec.)
1327 5401 1404 5456 Sicut
1413 5399 1581 5455 bonusodor
1593 5402 1691 5456 ervir-

64 5490 85 5543 ir
97 5497 201 5558 ritam3
220 5492 357 5560 (Hieron.)
368 5498 398 5546 ct
411 5497 569 5558 estsensus‚
579 5492 702 5547 nominis
713 5493 817 5547 Christi
825 5492 855 5547 in
895 5497 956 5547 tute
972 5498 1023 5557 est,
1039 5490 1126 5546 Paulo
1146 5495 1297 5545 attestante
1316 5490 1363 5561 qui
1383 5489 1434 5557 ait,
1450 5489 1567 5545 odorem
1585 5490 1692 5544 notitia

10 5614 14 5669 ι,
64 5583 126 5637 mni
142 5582 216 5649 loeo,
233 5578 325 5635 bonus
339 5580 408 5636 odor
416 5596 515 5636 sumus
524 5582 592 5648 Deo,
607 5587 637 5637 et
649 5581 854 5654 predicationis
896 5598 953 5635 sure
968 5579 1130 5636 manifestat
1142 5595 1193 5650 per
1202 5596 1253 5634 nos
1267 5578 1461 5637 inomniloca
1470 5579 1517 5649 qui
1530 5577 1632 5634 Christi
1645 5577 1691 5629 ha-

171 5683 311 5744 Prraon.
327 5678 404 5742 Cxll
1552 5675 1571 5735 6
