3772 6120
68 300 117 357 301
298 301 588 357 maaunrlouuu
606 303 645 358 ΙΝ
664 304 741 359 EPP.
762 302 868 359 raum
890 302 956 357 utu.
975 302 1033 357 xv.
1051 332 1083 343 -
1103 303 1142 357 ΙΝ
1160 303 1271 357 El'lST.
1293 304 1341 359 AD
1360 303 1488 359 GALAT.
1656 306 1708 364 302

68 444 132 483 oum
146 427 225 483 enim
240 427 299 483 duo
314 426 411 497 populi
425 426 545 481 invicem
560 427 693 483 adsersus
709 445 739 482 se
752 427 869 484 dimica·
878 429 904 489 Α
913 428 974 483 tiso
983 429 1050 481 dr'eit
1061 429 1194 483 Ilrrrninru
1207 431 1385 494 ormu'poloru.
1397 429 1495 499 Neque
1506 430 1582 487 enlm
1592 432 1709 502 angelus
1735 460 1739 471 ·

68 525 131 571 rant
146 531 261 586 semper
278 514 457 577 dissidentes.
475 520 504 569 et
518 515 623 573 immisi
638 517 799 572 diversitate
818 516 868 569 do·
909 515 1034 585 quiesse
1050 515 1248 571 dictussuerat
1265 516 1292 569 in
1310 516 1457 586 propheta,
1474 534 1507 573 ex
1520 535 1572 574 sua
1590 537 1710 590 persona

68 605 175 670 winae,
197 604 327 659 Salvator
349 603 451 658 horum
476 603 583 659 arbiter
607 606 692 667 venit,
719 610 870 675 amputans
910 603 1033 659 audebat
1045 605 1139 674 loqui:
1157 606 1216 659 lire
1228 605 1296 658 droit
1313 606 1446 660 Dominus
1460 614 1640 675 oranrpoteas.
1652 610 1709 667 lla-

68 694 196 763 utrisque
210 692 323 763 populis
336 708 387 762 per
401 693 476 763 quod
488 692 695 760 discordabant,
711 702 744 749 nt
758 699 871 764 possent
911 706 980 747 num
996 692 1168 755 mediatoris,
1186 692 1343 762 potentiam
1362 699 1392 747 et
1405 693 1537 749 virtutem
1550 696 1613 765 ejus
1629 695 1710 753 debe-

68 799 128 837 esse
153 780 273 853 pacifici.
298 781 423 837 abstulit
448 797 516 851 ergo
541 782 695 852 gentilibus
720 798 870 837 nurnerum
911 797 974 835 mus
991 782 1137 852 accipere:
1155 781 1202 851 qui
1217 794 1281 837 cunr
1295 781 1449 836 seeundum
1466 782 1556 839 Deum
1571 801 1660 841 mrum
1673 788 1711 841 sit

69 870 424 934 Deomm,ettarnulatum
437 870 650 936 elementorum,
668 870 742 942 quod
756 871 871 927 seanda-
911 867 971 939 ipse
981 886 1045 924 cum
1060 870 1153 931 Patre,
1164 869 1319 925 secundum
1330 870 1493 926 mediatoris
1503 871 1626 928 officium
1637 874 1710 931 alius
1756 896 1758 901 ·

69 960 126 1015 lum
141 965 208 1013 erat
220 958 364 1024 Hebraie3
380 957 497 1013 abstulit
515 966 545 1015 et
559 959 664 1015 Judaeis
684 976 771 1031 opera
789 960 868 1030 legis.
911 956 947 1011 ab
962 975 995 1013 eo
1007 958 1183 1029 intelligitur.
1196 958 1269 1023 Quia
1282 975 1347 1013 voro
1363 959 1489 1015 lectionis
1498 962 1567 1015 ordo
1581 963 1711 1019 malaeus

69 1047 96 1103 id
109 1056 165 1113 eet,
187 1048 363 1113 neomenias,
383 1047 633 1114 circumcisionem,
654 1056 682 1103 ει
695 1064 792 1105 euram
810 1048 872 1103 sab·
912 1052 963 1111 est,
981 1053 1009 1101 et
1028 1047 1184 1119 hyperbato
1197 1047 1388 1118 perturbatur,
1405 1048 1445 1103 sie
1457 1049 1538 1105 nobis
1552 1052 1711 1109 reddendus

69 1136 137 1203 bati,
149 1146 180 1193 et
192 1137 379 1193 discretiones
389 1153 517 1193 escarum
531 1143 561 1193 et
574 1144 675 1195 naara
688 1154 750 1211 qua
762 1137 871 1193 abomi-
912 1135 1042 1191 ridetur:
1058 1137 1103 1191 lex
1117 1137 1209 1207 posita
1222 1144 1265 1191 est
1274 1153 1325 1207 per
1337 1138 1452 1207 angelos
1463 1124 1493 1192 ib
1506 1155 1592 1195 manu
1607 1142 1712 1197 media-

69 1225 213 1283 mbantm
221 1226 359 1296 gentiles,
373 1230 403 1281 et
412 1226 602 1282 siotaetisunt
611 1227 727 1297 pacitiei,
737 1227 785 1298 qui
794 1227 872 1297 prius
912 1224 991 1289 toris,
1003 1232 1118 1296 propter
1129 1225 1366 1295 transgressiones
1380 1227 1509 1282 ordinata
1522 1244 1572 1299 per
1584 1231 1708 1301 angelos,

70 1315 183 1371 brerarrt
195 1314 315 1369 inimici.
328 1314 359 1370 Si
368 1330 436 1385 ergo
450 1315 508 1369 hac
522 1314 563 1369 ita
575 1330 606 1369 se
620 1315 733 1380 habent,
749 1316 873 1387 quidest
912 1313 1001 1369 donee
1015 1315 1123 1370 veniret
1136 1330 1233 1370 semen
1246 1316 1292 1371 cui
1306 1315 1506 1386 repromissum
1521 1324 1592 1373 erat.
1608 1318 1709 1375 Samen

71 1412 101 1459 ιι
113 1404 226 1459 Galatae
241 1402 413 1459 hebetudine
428 1404 530 1458 mentis
548 1403 698 1460 arbitrium
716 1405 792 1459 istud
813 1421 873 1459 cor·
913 1410 1008 1458 autem
1018 1403 1095 1459 haud
1105 1403 1300 1474 dubiumquin
1310 1404 1667 1478 Clrristumsignitieetqui
1678 1426 1710 1463 ex

70 1499 215 1563 rumpent,
230 1490 358 1546 conversi
373 1491 409 1545 ad
425 1490 623 1545 Iudaismum?
640 1492 781 1547 iudicium
795 1508 871 1546 enim
913 1492 1037 1547 ltattbmi
1051 1508 1164 1563 quoque
1186 1493 1323 1564 principio
1341 1492 1540 1565 comprobatur
1560 1511 1622 1550 esse
1637 1497 1711 1553 lilius

69 1580 224 1637 Sdsatoris
242 1580 273 1637 in
288 1579 402 1635 irritum
425 1579 540 1644 ducunt,
557 1580 669 1651 qnando
686 1586 750 1651 post
768 1580 870 1637 factam
911 1578 1064 1645 Abraham,
1080 1581 1224 1652 Scriptura
1245 1582 1384 1637 referente
1400 1601 1407 1634 ι
1429 1583 1508 1637 Liber
1525 1587 1711 1649 uenerationis

69 1686 175 1740 pacem,
194 1669 277 1740 quasi
291 1668 460 1739 prenitentes
475 1669 510 1722 de
529 1686 573 1729 ea,
589 1669 744 1740 subjiciunt
759 1687 788 1724 se
803 1670 868 1733 illis,
910 1668 973 1723 lerrr
987 1670 1030 1724 et.
1044 1673 1090 1724 {sti
1110 1673 1165 1736 filii
1179 1672 1275 1735 David,
1290 1674 1344 1738 filit
1357 1671 1510 1728 Abrabam.
1528 1672 1710 1742 (augulare-

69 1774 127 1830 qare
141 1757 225 1829 prius
236 1758 298 1829 paci
315 1758 428 1812 fuerant
443 1757 566 1813 inimica.
577 1758 663 1813 Juxta
676 1774 791 1813 sensum
804 1749 1006 1828 erganimus
1024 1758 1100 1813 inter
1118 1756 1186 1830 quid
1206 1765 1235 1815 et
1252 1759 1320 1830 quid
1335 1760 1372 1813 sit
1387 1760 1535 1826 mediator,
1556 1761 1617 1832 ipsu
1634 1763 1711 1833 Ario·

69 1847 246 1913 Galatarum,
257 1847 388 1903 Christus
398 1846 504 1902 arbiter
513 1863 570 1903 non
580 1852 633 1913 est,
646 1846 713 1917 quia
724 1848 831 1903 inducti
841 1848 869 1902 in
910 1846 982 1899 stolo
996 1846 1107 1901 dicente
1123 1865 1129 1901 :
1155 1849 1228 1903 dirue
1242 1851 1315 1903 errinr
1338 1850 1417 1913 Deus,
1441 1864 1514 1903 rainu
1529 1855 1553 1904 et
1577 1852 1713 1906 irradiator-

69 1936 126 2007 lege
147 1936 185 1991 de
209 1935 320 1991 duobus
342 1936 452 2006 populis
472 1952 560 1991 unum
582 1936 716 2002 secarunt,
739 1937 870 1991 etunius
911 1935 960 1989 uer·
972 1941 998 1989 et
1012 1936 1157 1991 lrornr'nmu
1176 1937 1255 1991 tronm
1275 1939 1401 1991 Christus
1415 1940 1503 1992 derue.
1520 1937 1549 1993 Si
1564 1955 1621 1994 non
1633 1941 1710 2009 jace·

70 2025 166 2096 atique
180 2025 281 2096 populi
292 2024 399 2080 arbiter
409 2041 492 2079 nemo
503 2031 556 2080 est.
569 2026 651 2080 llunc
664 2024 796 2081 eumdem
809 2041 871 2080 sen·
911 2038 967 2090 res,
994 2024 1179 2079 mediatorem
1203 2026 1393 2080 neceesarium
1412 2042 1468 2080 non
1488 2026 1619 2094 baberea3
1646 2029 1711 2099 quia

70 2130 130 2169 arm
144 2113 181 2168 ad
201 2113 337 2185 Ephesios
347 2113 527 2184 prosequitur
538 2114 634 2169 dicens
652 2132 658 2166 :
673 2116 730 2182 lpse
744 2121 781 2169 cst
796 2118 871 2169 euim
912 2113 1712 2187 rerojaeesetsurgereamposta,rnedintoremquodem·

70 2206 298 2272 psannstra,qui
308 2204 497 2271 amentiaque
508 2204 872 2271 unrrrn,otrnediuruporie·
913 2200 995 2256 morlo
1013 2202 1088 2256 Dens
1107 2202 1157 2256 tibi
1172 2203 1295 2273 porrexit
1312 2202 1457 2258 lrraolrimn
1470 2219 1553 2257 snum
1570 2222 1575 2257 :
1598 2205 1630 2258 Et
1649 2206 1712 2258 bra-

71 2299 119 2345 tem
134 2294 266 2346 uroeorr'ae
282 2295 396 2352 solvent.
415 2293 581 2346 inirnr‘er'tr'ne
598 2295 630 2345 in
647 2307 731 2347 cnrrre
749 2308 815 2355 rum
833 2296 871 2345 lc·
912 2290 1007 2343 obirem
1018 2291 1138 2351 llornr'nr',
1151 2294 1198 2344 eui
1206 2294 1355 2345 submotum
1370 2296 1407 2345 tet
1418 2297 1429 2343 7
1441 2292 1515 2356 (lsai.
1536 2302 1601 2357 eru.)
1615 2291 1713 2347 Oritur

69 2396 126 2447 senc
135 2380 339 2435 errandotoram
356 2381 469 2435 decretis
483 2396 628 2444 erectiores,
645 2386 677 2435 ut
692 2382 759 2435 dnos
773 2383 872 2435 oorrdat
912 2378 1030 2448 quaetio
1043 2377 1113 2433 satis
1128 2379 1293 2433 necessaria.
1305 2379 1335 2434 Si
1350 2379 1427 2433 errirn
1441 2379 1510 2433 srdes
1520 2379 1668 2448 justitient,
1683 2388 1713 2434 et

71 2472 98 2522 ιἰι
111 2471 257 2538 rernetrpso
271 2472 303 2523 in
324 2484 413 2522 unum
428 2484 529 2523 novam
545 2471 693 2532 lronriacnr,
709 2471 814 2535 faeiem·
825 2486 873 2538 pm
913 2466 1022 2536 priores
1036 2467 1125 2521 sancti
1142 2467 1190 2537 qui
1210 2468 1285 2538 apud
1301 2468 1391 2522 Deum
1403 2467 1552 2538 justificati
1566 2475 1641 2533 sunt,
1662 2485 1712 2538 per

70 2574 120 2611 cern
132 2558 242 2625 (uptus
257 2556 295 2619 nl
314 2556 344 2612 Si
359 2557 388 2611 in
405 2573 461 2613 uno
476 2574 546 2612 novo
561 2557 675 2613 hunnine
684 2557 751 2612 fecit
764 2574 869 2629 pacem,
914 2554 1003 2625 ipsam
1019 2555 1167 2625 justilioeti
1182 2564 1256 2615 eunt,
1278 2556 1345 2627 quid
1366 2573 1436 2626 opus
1454 2563 1515 2637 erat
1531 2555 1623 2625 legem
1638 2558 1709 2611 dari.

70 2644 207 2701 ambobus
221 2646 321 2717 utique
340 2644 467 2710 abstulit,
486 2660 537 2716 per
552 2646 626 2717 qnod
642 2646 825 2713 dissidebant,
843 2654 872 2701 et
912 2642 1003 2706 Quam
1023 2645 1207 2715 quaestionarii
1221 2645 1397 2701 tractandam
1418 2646 1459 2699 sic
1477 2644 1573 2699 intulit
1591 2645 1713 2700 interro-

70 2734 119 2789 boc
132 2733 176 2789 ais
190 2734 293 2789 staunit
305 2734 374 2789 data
388 2752 441 2790 sua
459 2735 529 2805 lege,
547 2752 597 2806 par
618 2736 693 2807 quod
713 2740 807 2792 essent
820 2752 870 2807 pa·
910 2748 982 2801 gans
998 2739 1026 2785 et
1042 2732 1137 2789 dicens
1153 2752 1158 2787 :
1176 2736 1249 2801 Ouid
1262 2739 1349 2802 etue?
1365 2734 1516 2804 Hucusque
1533 2734 1610 2789 euim
1627 2734 1712 2789 iuter-

69 2823 158 2887 dtiri,
183 2823 240 2878 hoe
271 2823 378 2879 Galatea
406 2824 579 2895 irruperunt,
608 2825 734 2879 conversi
761 2825 797 2879 ad
823 2826 871 2880 Jn-
911 2821 1021 2890 rogatio
1035 2828 1079 2875 est
1099 2840 1104 2874 :
1126 2822 1227 2877 deinde
1246 2822 1366 2878 infertur
1384 2821 1539 2892 responsio,
1556 2825 1599 2877 tea
1618 2828 1711 2879 trans-

69 2912 219 2969 daismum.
234 2915 304 2967 Deus
314 2919 407 2968 autem
420 2928 495 2968 auru
509 2918 556 2968 eet.
573 2913 632 2969 Hoc
646 2913 725 2978 dicit,
742 2930 777 2969 ne
788 2913 870 2968 Chri-
911 2911 1059 2977 pruriente
1070 2915 1163 2979 probb
1177 2914 1316 2979 tJt⁰P⁰³ff⁰
1329 2916 1375 2975 ⁰⁸²»
1390 2912 1474 2966 dmm
1482 2913 1598 2977 vestim,
1608 2911 1710 2983 inquit,

68 3008 141 3055 aum
164 3000 344 3071 praedicando
364 3002 465 3066 Deum,
482 3017 567 3071 quem
585 3001 724 3057 arbitrum
736 3001 805 3058 dicit
820 3003 870 3057 uni
912 3012 1002 3053 sericea
1014 3001 1061 3052 sai
1069 3003 1239 3067 promissum
1249 3006 1295 3063 ert,
1313 3000 1477 3068 dispositam
1489 3015 1540 3068 per
1553 3003 1664 3067 onustos
1678 3004 1710 3055 tn

69 3088 134 3153 lleo,
145 3089 314 3160 praedicasse
329 3096 477 3161 putaretur
489 3095 588 3145 contra
601 3090 693 3160 legem
707 3097 737 3145 et
751 3091 871 3162 propbe-
881 3062 1000 3144 certans
1011 3089 1178 3143 trudinare.
1186 3089 1422 3143 lustrator-amem
1431 3091 1517 3143 tersius
1526 3090 1711 3155 mercaturas

69 3184 119 3230 tas.
134 3176 284 3231 Arbitrum
300 3194 367 3248 ergo
384 3162 523 3248 hunc'per
536 3179 757 3249 assumptionem
777 3180 869 3235 carnis
910 3184 1104 3236 veroaaaecst.
1114 3177 1712 3234 Madauremtesumcumtumseenndum

69 3265 189 3337 intelligi
201 3265 294 3331 docet,
313 3267 388 3321 sicut
401 3267 470 3323 dicit
486 3266 522 3322 ad
540 3267 720 3323 Timotheum
736 3287 742 3320 :
758 3270 870 3325 Arbiter
910 3268 1055 3325 bominem
1069 3267 1123 3322 dici
1138 3283 1171 3321 ex
1185 3266 1233 3321 illa
1248 3266 1376 3336 ejusdem
1391 3266 1517 3338 Apostoli
1529 3267 1712 3323 sententiatit

70 3354 116 3410 det
136 3360 163 3409 et
180 3356 329 3410 docuinam
350 3355 429 3410 tomo
450 3356 575 3412 Obrutus
593 3340 670 3413 lesus
688 3356 716 3421 (Ἰ
737 3358 807 3411 Tim.
829 3360 867 3421 n).
910 3355 1169 3427 planiusoumait:
1188 3357 1347 3410 densentur
1361 3357 1441 3420 berre,
1457 3357 1711 3412 urrrrsetmede'ator

69 3444 153 3499 iuxta
160 3450 259 3498 autem
269 3443 344 3514 qnod
358 3444 433 3501 Deus
445 3450 498 3509 est,
511 3461 528 3501 e
541 3445 625 3501 Patre
635 3446 710 3501 huno
722 3462 779 3502 non
791 3462 871 3516 sepa·
910 3448 960 3501 bet
977 3452 1001 3503 et
1021 3448 1168 3501 tronu'num
1186 3445 1265 3499 boreo
1284 3445 1410 3499 Utri-rtur
1426 3447 1513 3499 teser.
1535 3446 1562 3511 (l
1577 3447 1647 3501 Tr'm.
1669 3449 1711 3514 ιι.)

71 3532 135 3593 nri,
142 3533 194 3589 sed
201 3548 292 3587 unum
302 3549 364 3588 esse
375 3549 439 3587 arm
450 3534 547 3589 Patre:
559 3535 617 3590 sive
627 3535 703 3591 enim
709 3535 801 3600 Pater,
812 3535 870 3589 sive
911 3534 1049 3591 Mediator
1064 3550 1131 3604 ergo
1140 3533 1215 3589 inter
1228 3533 1319 3588 Deum
1328 3538 1357 3587 et
1366 3532 1455 3587 Deum
1470 3549 1531 3589 esse
1542 3548 1598 3589 non
1607 3539 1710 3605 posset

70 3620 156 3677 ursus
171 3621 249 3679 Deus
264 3638 338 3677 unus
351 3630 404 3677 est.
417 3622 491 3679 Deus
501 3624 576 3679 enlm
592 3630 700 3679 natura
710 3641 813 3679 nomen
828 3629 871 3677 est
910 3624 978 3696 quia
992 3640 1065 3679 unus
1080 3628 1123 3677 eet
1138 3622 1222 3677 Deus.
1239 3622 1373 3675 ,tlcdistor
1384 3626 1478 3675 autem
1493 3625 1580 3677 aretas
1591 3638 1648 3679 uon
1661 3630 1708 3688 ert,

69 3716 95 3765 et
104 3710 266 3781 potestatis,
277 3727 362 3781 quam
373 3711 403 3766 in
414 3711 497 3767 Patre
508 3717 537 3766 et
546 3712 617 3768 Filio
628 3713 801 3772 individuam
813 3729 871 3767 ma·
911 3712 978 3782 quia
991 3711 1065 3767 inter
1078 3710 1187 3780 aliquos
1201 3710 1310 3764 medius
1320 3715 1371 3764 est.
1383 3709 1484 3779 Angeli
1499 3726 1581 3781 porro
1595 3710 1644 3781 qni
1654 3727 1710 3767 non

69 3798 870 3871 semipsanominumrsuodoeet.(rlnr·on.rromquamob
911 3800 982 3870 lapsi
992 3808 1060 3855 sunt
1073 3816 1090 3853 a
1103 3802 1254 3868 conspectu
1270 3797 1330 3861 Dei,
1344 3797 1498 3853 mediatore
1508 3814 1565 3853 non
1580 3814 1651 3868 opus
1663 3799 1711 3855 ba-

70 3896 195 3943 aostram
204 3887 328 3943 saluum
338 3887 373 3942 de
383 3887 499 3958 virginis
509 3895 589 3944 utero
599 3889 731 3959 dignatus
741 3896 783 3944 est
794 3890 871 3945 nasci
911 3888 987 3951 bent,
996 3905 1047 3959 per
1056 3903 1141 3957 quem
1151 3885 1376 3941 reconcilientur.
1386 3887 1457 3941 Item
1465 3886 1558 3956 angeli
1568 3885 1711 3956 quantulo

68 3976 209 4031 mediator
220 3975 273 4031 Dei
286 3982 316 4030 ει
328 3976 475 4031 hominum
485 3977 569 4033 bomo
581 3977 710 4033 Christus
723 3978 814 4043 Jesus,
825 3996 871 4033 se·
911 3977 1058 4041 suadente,
1076 3981 1232 4047 spontanea
1249 3975 1477 4046 prevaricatione
1491 3974 1533 4031 sic
1549 3974 1619 4046 lapsi
1633 3982 1708 4041 sunt,

67 4072 182 4134 questu
189 4063 336 4120 aetdietus
348 4082 355 4117 ι
366 4070 519 4135 antequam
529 4082 594 4120 vero
604 4066 760 4121 humanum
769 4082 870 4137 eorpus
913 4082 963 4137 per
978 4065 1163 4121 mediatorem
1173 4078 1230 4119 non
1243 4063 1469 4119 reconciliantur.
1481 4065 1579 4121 Restat
1592 4081 1669 4136 ergo,
1680 4072 1713 4119 ut

67 4159 236 4217 enumeret,
247 4157 279 4207 et
292 4159 367 4208 esset
378 4153 454 4223 apud
470 4153 584 4209 Peusm
597 4153 626 4209 in
642 4153 780 4225 principio
796 4155 870 4210 Deus
911 4155 959 4226 qui
975 4153 1129 4209 mediatore
1150 4152 1271 4223 superbo
1289 4153 1401 4209 diabolo
1418 4153 1580 4224 superbiam
1597 4171 1712 4225 persue-

68 4240 195 4307 rerbum,
211 4240 249 4297 ad
262 4256 361 4297 omnes
374 4250 486 4298 sanems
496 4243 532 4298 ad
542 4240 715 4312 quos'iaetus
725 4248 769 4298 est
777 4258 870 4298 sermo
911 4244 995 4299 derrte
1005 4244 1131 4313 dejectus
1142 4249 1193 4302 est,
1207 4242 1365 4299 mediatore
1375 4243 1475 4297 humili
1484 4243 1607 4309 Christo,
1619 4243 1711 4299 bumi-

70 4328 870 4398 ueifiroeuvideueetuoanbrauam,irasceturque
911 4332 1021 4387 litatem
1033 4332 1230 4403 persuadente,
1241 4332 1377 4401 erigatur.
1390 4332 1462 4386 Nam
1477 4333 1500 4385 si
1515 4331 1602 4386 Filius
1617 4332 1669 4387 Dei
1681 4333 1712 4386 in

68 4424 165 4488 peasa
173 4418 293 4490 Moysen
302 4426 332 4474 et
343 4425 458 4475 cunctos
468 4420 629 4492 propbetas,
642 4437 712 4490 quos
725 4420 871 4490 Scriptura
879 4382 903 4439 D
911 4420 1034 4476 naturali
1045 4421 1204 4491 equalitate
1217 4420 1310 4475 Patris
1326 4434 1440 4473 manere
1453 4418 1545 4481 vellet,
1558 4434 1609 4472 neo
1623 4435 1653 4473 se
1662 4435 1711 4473 ex·

68 4514 281 4573 commemorat,
293 4508 354 4563 sine
365 4508 557 4564 additamento
566 4509 699 4576 bominis,
709 4526 793 4580 quern
804 4525 869 4563 nee·
910 4509 1043 4575 inaniret,
1055 4509 1175 4564 termam
1184 4508 1257 4563 cersi
1267 4506 1415 4576 accipiens,
1423 4521 1480 4559 non
1490 4512 1565 4559 esset
1573 4505 1713 4561 mediator

68 4595 135 4651 ἀειιι
148 4602 353 4667 assumpserat,
365 4597 506 4654 mediator
515 4598 712 4654 tantummodo
727 4614 869 4668 nutreupa·
910 4598 960 4653 Dei
975 4604 1005 4653 et
1019 4598 1176 4662 bominum,
1190 4597 1257 4666 quin
1271 4596 1332 4666 ipsa
1341 4592 1465 4650 Trinitas
1479 4609 1552 4650 nnus
1567 4593 1643 4649 Deus
1656 4602 1708 4656 est,

69 4690 122 4739 tar.
138 4684 222 4749 Quod
241 4690 339 4741 autem
357 4685 398 4741 ait
417 4706 424 4740 :
445 4688 497 4743 Iao
512 4688 645 4742 ordinato
661 4702 711 4756 per·
728 4690 838 4755 nemetes
859 4706 865 4738 :
909 4687 1006 4742 eedem
1026 4687 1056 4743 in
1070 4686 1170 4751 tribue,
1189 4684 1273 4739 Patre
1293 4689 1323 4737 et
1339 4681 1410 4737 Filio
1424 4690 1454 4738 et
1476 4681 1584 4753 Spiritu
1602 4690 1709 4751 saneto,

69 4771 118 4827 bec
131 4772 193 4829 suit
207 4772 338 4845 intelligi,
350 4775 425 4845 quod
440 4775 557 4832 inomni
569 4775 663 4831 Veteri
676 4775 865 4840 Testarnento,
908 4774 1022 4830 deitatis
1035 4774 1194 4831 aeternitate
1211 4777 1239 4827 et
1253 4772 1588 4842 esqualitateoonstsntm
1599 4773 1640 4829 sic
1652 4774 1707 4830 ita-

40 4904 43 4909 .
70 4860 113 4916 sbi
127 4860 251 4932 angalm
263 4862 388 4933 primum
402 4863 478 4919 risus
491 4864 620 4930 retertur,
634 4871 665 4919 et
678 4870 775 4934 postea
787 4864 867 4934 quasi
909 4879 964 4934 que
986 4864 1085 4919 unicus
1107 4861 1195 4917 Filius
1214 4861 1265 4917 Dei
1289 4860 1427 4915 mediator
1441 4862 1493 4918 Dei
1511 4870 1541 4918 et
1559 4863 1707 4919 bominum

70 4946 141 5005 uene
157 4949 279 5021 loqueris
304 4949 456 5019 inducitur,
478 4953 595 5023 angelus
613 4952 729 5024 quidem
749 4968 813 5007 rere
833 4969 867 5006 er
908 4952 1054 5017 dictasset,
1066 4948 1260 5005 eumVerbum
1269 4950 1329 5015 Dei,
1338 4950 1413 5007 Deus
1421 4951 1495 5021 apud
1506 4951 1606 5018 Deum,
1614 4959 1643 5006 et
1651 4968 1710 5007 rna·

71 5036 206 5093 ministris
218 5037 358 5108 pluribus.
374 5040 543 5112 quicumque
561 5041 599 5097 sit
612 5041 697 5107 risus,
711 5041 760 5097 sed
775 5041 804 5097 in
818 5040 867 5095 illo
905 5042 1128 5111 jestatemsuam
1138 5038 1269 5109 usquead
1280 5039 1549 5110 liumanadeposuit,
1560 5047 1589 5097 et
1598 5039 1711 5095 humili-

70 5126 207 5183 musar
219 5126 503 5199 taquamquam
518 5148 524 5182 :
541 5131 595 5198 lipo
611 5147 673 5183 sura
690 5133 758 5184 Itone
777 5132 867 5184 lbra·
908 5126 1710 5198 tatemhumanamusqueaddivinasubrerrit,ntmediator

71 5213 141 5281 torm
155 5221 181 5269 rt
201 5216 275 5271 Deru
294 5215 380 5283 Isaeo,
397 5223 422 5271 et
441 5219 512 5273 deae
531 5220 613 5273 Jacob
627 5217 723 5289 (uem.
741 5224 788 5277 nri.
810 5219 868 5273 Nec
910 5223 985 5273 esset
999 5218 1073 5273 inter
1086 5218 1177 5272 Deum
1188 5223 1217 5270 ει
1230 5216 1366 5277 homines,
1377 5216 1461 5269 bomo
1472 5231 1522 5284 per
1531 5216 1621 5270 Deum
1634 5216 1710 5271 ultra

72 5302 171 5357 auram
183 5301 211 5357 si
225 5302 304 5359 usus
317 5302 451 5375 loquatur
464 5305 494 5359 in
507 5305 625 5375 angelis,
640 5322 705 5361 curn
718 5305 805 5361 etiam
820 5323 870 5377 per
911 5307 1048 5361 homines.
1069 5307 1132 5377 lpse
1148 5305 1282 5360 ostentm
1300 5304 1441 5375 speciosus
1460 5303 1551 5357 torrnn
1571 5322 1627 5375 pree
1644 5304 1709 5359 tiliis

72 5390 181 5461 &gelos
200 5391 252 5462 qui
271 5391 302 5447 in
323 5391 487 5449 bominibus
505 5404 573 5449 sunt
594 5395 726 5466 loquatur
747 5395 822 5451 Deus
840 5396 869 5449 in
912 5396 1069 5460 borninum,
1077 5402 1110 5450 ut
1117 5401 1218 5449 unctus
1229 5394 1290 5448 oleo
1300 5390 1493 5447 exsultationis
1504 5408 1560 5461 prm
1570 5392 1711 5463 participi·

72 5478 343 5551 prophetiadioeute
349 5480 541 5539 Zacharia:dt
550 5486 715 5550 or'tanpctas
725 5487 774 5552 qut
782 5487 871 5553 loque-
912 5483 965 5539 bus
976 5484 1034 5539 suis
1046 5486 1129 5551 (Psat.
1146 5490 1230 5547 narn.
1244 5482 1340 5537 Sanati
1355 5486 1422 5533 sunt
1435 5494 1502 5549 ergo
1517 5479 1552 5535 ab
1566 5480 1711 5550 impietate.

73 5566 150 5625 tetur
164 5571 199 5627 tn
209 5586 254 5627 ore
269 5572 365 5639 dadr-
376 5588 406 5639 u,
417 5587 455 5641 ιι,
465 5574 493 5641 ι’)
506 5589 512 5639 ;
524 5571 699 5644 acdsiooeps
713 5572 868 5629 murena
912 5571 1050 5645 superbia
1063 5578 1097 5627 ιιι
1109 5569 1359 5627 reconciliaretur·
1372 5567 1431 5623 lleo
1441 5567 1609 5639 quicumque
1624 5566 1712 5621 bomi-

1602 5656 1780 5752 ,n
