3786 6128
164 317 217 374 ath
463 317 493 370 B.
515 315 650 369 RABhNi
670 313 786 368 nsum
805 313 972 368 anchise.
994 313 1155 369 MOGUNT.
1177 312 1326 369 oemunt
1345 312 1437 367 PARS
1456 312 1506 367 iii.
1757 309 1808 369 ibi

165 459 243 497 nare.
258 443 298 495 Da
314 442 365 494 hoc
378 443 439 497 locu
453 448 484 494 ut
500 441 528 494 in
548 442 670 494 leremia
685 442 888 503 extraheretur,
906 441 996 500 datii
1006 441 1174 512 prenitentes
1190 440 1264 493 iacit.
1282 441 1336 492 Per
1351 442 1447 492 ianuar
1461 444 1690 492 sustentamenta
1704 445 1812 508 tempo-

164 532 337 586 sunteinon
356 532 445 583 solum
470 530 560 594 thoes,
586 531 634 583 sed
657 538 686 582 et
710 536 817 582 veteres
843 531 928 600 pranni
944 531 964 594 ¹,
1008 531 1088 594 ralia,
1108 530 1182 585 utin
1199 529 1363 585 Ezechiele:
1386 528 1499 583 «Lenis
1513 527 1732 598 operiebamini,
1747 544 1813 596 gre·

165 619 239 689 quod
256 619 382 688 quisquis
395 635 411 673 a
424 618 569 688 profundis
582 620 666 687 hujus
680 619 777 671 retundi
796 618 917 672 miseriis
931 618 964 670 ad
1006 637 1070 689 gem
1087 624 1181 672 aretem
1200 635 1293 671 nicom
1309 635 1365 670 non
1382 616 1537 687 pascebatis
1549 617 1580 681 ¹¹¹,
1601 639 1609 662 ι
1630 616 1658 669 id
1678 623 1734 680 est,
1752 632 1819 669 sus·

165 708 270 778 gaudia
284 708 408 761 caelestia
422 708 567 778 pertenire
587 708 737 771 desiderat,
755 724 868 762 neeesse
884 707 967 760 hahet
1007 713 1182 762 tentamenta
1208 707 1376 778 temporalia
1399 723 1416 759 a
1439 705 1558 770 subditis
1578 705 1741 775 accepistis,
1767 706 1818 758 sed

164 803 199 852 ut
213 799 293 865 ianes
305 802 509 867 praeceptorum
524 797 574 850 Dei
588 798 706 850 firmiter
722 797 751 850 in
776 796 906 850 manibus
927 805 967 850 to·
1008 815 1104 853 eorum
1116 798 1297 861 salvationem
1314 813 1369 851 nort
1385 795 1562 867 praevidistis.

165 892 241 952 neat,
256 886 312 939 iliis
328 904 357 940 sa
372 887 503 952 inuoluat,
519 886 574 939 iliis
589 887 733 940 inhaereat.
746 887 800 940 Sed
813 885 968 955 quoddura
1044 890 1151 942 Lattara
1166 893 1233 944 sunt
1243 887 1337 957 jacula
1351 886 1523 949 tentationis,
1540 885 1615 938 utin
1631 883 1706 938 iob:
1727 905 1740 937 ι
1758 885 1830 940 Cio·

164 975 297 1030 vitiemur
311 992 344 1029 ea
358 993 419 1046 quae
429 976 565 1046 jubentur
591 994 596 1027 ε
622 975 763 1029 addantur
786 975 899 1030 mnibus
919 992 966 1028 ve·
1008 977 1151 1031 eumdedit
1164 993 1209 1030 me
1224 975 1326 1033 lanceis
1340 975 1398 1029 suis
1413 974 1445 1039 ¹¹,
1462 991 1475 1027 a
1491 973 1519 1027 id
1536 980 1588 1040 est,
1605 973 1833 1029 tentationibus

165 1071 241 1123 teres
263 1066 359 1136 panni,
390 1066 441 1118 hoe
466 1072 516 1129 est,
540 1065 686 1135 preceptis
708 1064 758 1118 Dei
782 1065 968 1118 adhibeantur
1009 1066 1075 1120 suia.
1101 1069 1216 1133 torrear,
1240 1064 1354 1118 fraudes
1375 1062 1584 1134 praemeditate,
1606 1067 1641 1116 ut
1658 1063 1688 1115 in
1712 1063 1826 1118 isaia:

165 1156 435 1226 exenrpiareterum
461 1157 584 1218 Patrum,
612 1156 659 1224 qui
684 1172 717 1208 ea
740 1172 824 1226 opere
848 1155 967 1224 comple-
1010 1155 1209 1215 eConllabuhi
1225 1155 1335 1211 lanceas
1351 1151 1546 1207 suasinsaleas
1557 1150 1728 1217 ²⁰,›idest,
1746 1170 1834 1226 pre-

166 1251 276 1309 verunt,
302 1260 362 1313 quas
390 1245 488 1301 auditu
513 1244 652 1297 dixerunt.
680 1245 738 1296 lioe
758 1250 853 1297 autam
883 1244 965 1297 modo
1008 1244 1266 1313 cogitatas-fraudes
1282 1243 1423 1313 abjicient,
1440 1248 1468 1296 et
1486 1240 1602 1297 utilitati
1618 1242 1837 1311 proximorum

166 1333 285 1404 quisque
300 1334 334 1390 ud
351 1333 453 1386 honam
468 1334 552 1386 vitam
567 1334 728 1396 attrahitur,
744 1333 766 1386 si
784 1333 840 1386 vita
855 1337 965 1386 sancte·
1008 1333 1146 1386 insistent.
1399 1332 1402 1339 “

166 1437 230 1476 rum
246 1427 310 1492 post
323 1428 461 1492 precepta
479 1422 589 1475 Domini
611 1423 636 1475 ei
654 1423 688 1476 ad
710 1421 965 1475 corroborationem
1044 1423 1122 1490 Lapis
1139 1421 1267 1475 Christus
1282 1418 1457 1488 intelligitur,
1470 1418 1504 1472 de
1517 1434 1572 1490 quo
1583 1419 1613 1471 in
1629 1418 1773 1482 Zacharia
1782 1420 1845 1473 le-

166 1509 308 1565 induciare
325 1529 330 1561 :
348 1527 413 1563 nam
429 1511 536 1564 i'aeilius
546 1511 664 1580 quisque
674 1510 882 1565 studetimitari
893 1511 968 1580 qued
1008 1511 1102 1581 gitur:
1120 1512 1175 1564 cln
1187 1527 1242 1572 uno
1254 1509 1346 1579 lapide
1362 1514 1471 1578 septem
1488 1507 1560 1561 oculi
1576 1515 1646 1561 sunt
1661 1507 1697 1576 ²¹,
1717 1532 1731 1559 o
1748 1510 1845 1580 quod

166 1597 202 1656 ab
226 1599 281 1652 alio
302 1599 376 1652 ridet
400 1602 470 1653 lieri.
499 1602 590 1661 laetis,
613 1600 690 1666 vitia,
717 1606 750 1653 ut
774 1600 803 1652 in
824 1599 964 1655 Psalnris:
1008 1600 1038 1653 in
1054 1600 1164 1653 Christo
1180 1597 1324 1669 plenitudo
1339 1597 1478 1651 donorum
1492 1596 1687 1666 spiritualium
1700 1595 1842 1653 habitat.

168 1705 182 1739 e
199 1688 317 1741 Salvasti
331 1706 376 1741 me
391 1706 408 1741 a
422 1689 653 1743 descendentibus
669 1691 697 1742 in
707 1690 798 1743 lacum
813 1689 834 1753 ¹,
849 1690 901 1743 sid
913 1694 965 1753 est,
977 1721 1001 1787 B
1011 1691 1091 1743 Hunc
1105 1690 1226 1759 lapidem
1243 1693 1272 1741 et
1285 1686 1383 1741 Daniel
1397 1687 1432 1739 de
1447 1691 1541 1740 monte
1555 1685 1618 1739 sine
1634 1685 1775 1739 manibus
1785 1685 1856 1739 in—

165 1791 185 1830 a
197 1777 388 1849 profunditate
403 1779 543 1831 vitiorum.
1009 1780 1117 1834 teliexit
1126 1778 1159 1844 ¹²,
1170 1785 1202 1831 ut
1212 1777 1257 1830 hic
1268 1781 1277 1801 '
1289 1782 1331 1830 est
1342 1775 1483 1829 Christum
1493 1774 1527 1827 de
1538 1776 1645 1845 populo
1655 1776 1670 1828 J
1673 1775 1851 1831 udaeorurn

92 1891 99 1901 ¹
202 1868 332 1928 Malaca,
352 1874 419 1920 sunt
443 1867 618 1929 aiilictiones,
643 1873 674 1920 ut
696 1869 724 1920 in
750 1868 842 1921 Exodo
866 1887 872 1919 :
899 1870 968 1920 (lum
1010 1869 1070 1922 sins
1085 1885 1169 1938 opere
1181 1866 1321 1937 conjugali
1331 1864 1518 1936 progenitum,
1531 1863 1578 1933 qui
1589 1870 1695 1934 postea
1704 1864 1737 1918 in
1747 1881 1856 1919 mon-

166 1956 282 2015 iactueis
297 1956 455 2026 agrestibus
468 1957 488 2021 ¹,
507 1977 519 2003 a
537 1957 565 2010 id
581 1963 632 2021 est,
646 1973 709 2010 cum
725 1957 969 2010 arnarisatilictio-
1010 1963 1069 2011 tam
1088 1973 1222 2027 magnum
1249 1955 1368 2009 'hctus
1388 1953 1514 2023 implevit
1533 1953 1701 2006 universam
1722 1954 1854 2012 facicm

167 2044 260 2100 nibus.
295 2052 297 2059 '
1009 2053 1092 2101 terrae
1109 2065 1115 2098 :
1130 2046 1205 2117 qued
1221 2052 1280 2099 tam
1295 2050 1403 2114 gentes,
1421 2059 1505 2112 quam
1519 2042 1633 2096 iudaeos
1648 2040 1857 2097 fecundave-

135 2167 137 2172 .
204 2136 315 2188 Lacerta
330 2139 373 2187 est
388 2134 432 2187 via
451 2133 549 2203 iniqui,
571 2139 604 2188 ut
624 2135 653 2187 in
678 2134 799 2188 Levitico
816 2153 821 2186 :
840 2154 850 2185 ι
869 2136 968 2188 Laeer·
1010 2141 1056 2191 rat
1069 2135 1153 2188 verbo
1167 2134 1300 2192 doctrinm
1314 2149 1381 2186 suae.
1404 2133 1514 2200 Lapides
1528 2118 1857 2203 intelliguntur'pre-

167 2228 296 2277 tamnen
311 2222 492 2283 comedatis¹,
517 2243 529 2274 a
557 2224 628 2293 quod
655 2224 739 2276 vitam
761 2223 840 2294 impii
866 2225 969 2278 imitari
1012 2226 1111 2296 phetae,
1120 2227 1201 2294 iuxta
1211 2224 1297 2278 iliud:
1312 2221 1477 2285 «Quoniam
1487 2221 1759 2290 placueruntserris
1768 2223 1861 2281 tuis

169 2328 224 2366 nen
238 2312 383 2367 debemus.
1012 2313 1119 2384 lapides
1134 2312 1239 2383 ejus¹¹‚
1262 2333 1273 2357 a
1298 2311 1427 2364 videlicet
1450 2309 1516 2364 Sion
1540 2326 1546 2360 τ
1572 2310 1650 2379 quod
1672 2311 1862 2381 prophetae

205 2404 420 2469 superteneat
433 2419 534 2472 corpus
549 2403 663 2465 Christi,
676 2408 708 2455 ut
718 2402 746 2455 in
763 2402 835 2456 lsaia
849 2421 853 2454 :
874 2421 886 2451 a
901 2403 972 2455 Oen·
1013 2403 1178 2473 placuerunt
1190 2399 1333 2470 apostolis,
1344 2399 1420 2451 dicta
1430 2398 1542 2451 illorum
1548 2398 1753 2469 perSpiritum
1762 2417 1864 2457 san-

167 2490 272 2560 iringet
287 2492 465 2560 lagunculam
477 2491 496 2555 ¹,
515 2511 525 2540 ι
547 2491 619 2561 quod
641 2507 742 2560 eorpus
758 2491 861 2544 Christi
881 2491 971 2544 cruci·
1013 2497 1089 2545 ctum
1099 2488 1332 2558 intelligentibus:
1344 2507 1356 2539 a
1367 2488 1553 2556 Etterraeajus
1564 2487 1796 2547 miserebuntur,
1846 2513 1862 2542 ι

169 2579 256 2637 fixum
269 2585 320 2633 ast.
334 2582 387 2637 Per
402 2585 583 2646 inponentem
598 2580 783 2645 conscientia,
802 2586 833 2634 ut
852 2580 881 2633 in
895 2579 946 2633 Job
962 2599 968 2632 :
1013 2582 1126 2644 honest,
1138 2577 1316 2632 inferioribus
1330 2576 1490 2631 iudaeorum
1504 2592 1554 2646 per
1566 2576 1733 2631 doctrinam
1748 2581 1864 2649 Ape>

172 2685 185 2719 a
201 2667 280 2731 Quod
298 2668 459 2737 lagunculas
475 2685 560 2721 riores
574 2668 680 2738 dirupit
694 2669 714 2734 ⁶,
728 2669 843 2735 rideat,
859 2685 972 2722 renova·
1013 2670 1149 2724 stolorum
1172 2666 1364 2720 misericordia
1387 2666 1574 2735 impendetur,
1600 2668 1646 2719 vel
1668 2683 1867 2738 synagoga

168 2761 216 2809 tus
230 2757 413 2810 consolantiae
424 2757 509 2810 hedit.
1012 2755 1327 2830 placueruntApostoiis
1338 2773 1344 2807 :
1357 2754 1431 2808 unde
1447 2759 1476 2807 et
1489 2753 1671 2808 inferioribus
1687 2758 1755 2825 ejus
1771 2773 1825 2810 nn
1841 2759 1868 2812 i·

207 2847 316 2913 lupeno
329 2851 372 2900 est
387 2846 456 2899 tides
471 2845 613 2916 baptismi,
628 2851 660 2899 ut
674 2847 702 2900 in
714 2846 880 2916 Evangelio:
897 2847 971 2901 cOc·
1012 2846 1080 2901 serti
1095 2851 1169 2899 sunt.
1187 2845 1237 2898 Vel
1257 2860 1304 2914 per
1320 2844 1437 2914 lapides,
1458 2844 1620 2914 prophetae,
1645 2848 1678 2896 ut
1693 2845 1726 2898 in
1743 2845 1869 2899 libr-is

171 2940 267 2993 curret
280 2935 357 2989 vobis
379 2936 507 3005 lagenam
530 2952 610 3006 aquae
634 2935 762 3006 bajulans
784 2934 840 2999 7,»
866 2935 895 2989 id
918 2942 969 3001 ast,
1012 2937 1135 3006 Regum:
1151 2933 1840 3006 aLapidesgraudeainfundamentotempii¹⁸
1855 2952 1872 2998 ,i

170 3025 291 3096 populus
319 3024 495 3079 Christ-ianus
522 3025 605 3078 iidem
627 3024 757 3095 baptismi
779 3024 893 3078 habens.
919 3026 1087 3113 Paquuod
1103 3041 1188 3096 super
1201 3024 1352 3094 prophetas
1366 3024 1423 3077 vita
1433 3028 1462 3076 et
1475 3022 1592 3076 scientia
1607 3010 1742 3093 insignes
1756 3041 1791 3077 sa
1811 3039 1875 3078 11·

171 3115 300 3181 lassaron
314 3120 427 3171 terrena
441 3130 567 3184 corpora,
580 3120 611 3167 ut
621 3114 648 3167 in
661 3114 730 3167 libro
746 3114 893 3167 ludicum¹
904 3115 973 3168 socii
1015 3120 1060 3168 ota
1075 3114 1195 3168 Feclasia
1210 3112 1327 3165 fundata
1340 3117 1391 3164 est.
1408 3113 1495 3180 Lopr's,
1512 3111 1565 3174 lex,
1582 3128 1646 3181 quae
1657 3113 1767 3184 scripta
1782 3115 1880 3165 est

172 3201 518 3273 Gedeoniseont'regerunt
530 3205 652 3273 lagenas,
665 3205 884 3277 quodmartyras
895 3207 973 3260 Chri·
1014 3205 1043 3258 in
1058 3205 1149 3275 lapide
1164 3209 1285 3267 tantum,
1303 3208 1334 3255 ut
1352 3203 1478 3272 psalmus
1498 3202 1532 3255 de
1552 3201 1667 3256 Christe
1684 3202 1880 3274 loquar-:n

172 3291 208 3346 sti
222 3293 401 3346 tradiderunt
412 3293 447 3346 ad
464 3300 583 3348 mortem
596 3310 713 3363 corpora
728 3309 787 3347 sua.
1013 3282 1182 3364 quodetiam
1197 3292 1332 3346 membris
1347 3297 1493 3362 captatur:
1510 3309 1522 3343 e
1535 3292 1567 3344 ln
1577 3291 1715 3346 manibus
1731 3296 1884 3365 μοι-ὠ·

208 3384 327 3437 lomina
354 3388 397 3435 est
420 3382 533 3436 claritas
557 3382 720 3443 divinitatis,
748 3384 831 3438 utin
855 3385 970 3439 Exodo:
1014 3382 1137 3447 buntte,
1155 3383 1276 3437 neforto
1294 3380 1533 3450 offendaspadem
1552 3385 1636 3434 tuum
1651 3380 1692 3447 ¹¹3
1720 3399 1811 3453 squ,
1856 3370 1885 3424 '⁰¹

176 3488 190 3522 s
206 3469 324 3528 Lamina
340 3471 374 3524 de
389 3488 457 3525 auro
472 3472 622 3541 purissimo
636 3471 657 3536 ¹,
675 3490 687 3523 o
703 3472 730 3525 id
747 3478 797 3535 est,
817 3473 973 3531 claritatem
1014 3472 1141 3527 membra
1152 3489 1203 3526 sua
1213 3471 1350 3524 ministris
1360 3470 1417 3523 suis
1427 3476 1456 3523 et
1465 3469 1575 3524 auxiliis
1584 3470 1646 3523 suis
1656 3466 1885 3525 minabunt

171 3560 207 3614 tie
220 3560 279 3615 Dae
298 3562 416 3615 excelso.
439 3563 566 3625 Luceriae,
590 3561 675 3614 eorda
696 3562 865 3628 iudeorum,
890 3568 922 3617 ut
944 3564 973 3618 in
1014 3579 1050 3616 na
1069 3562 1160 3631 legem
1174 3560 1325 3615 carnaliter
1339 3559 1507 3628 intelligant,
1525 3575 1559 3612 ne
1574 3559 1770 3629 spiritualiter
1778 3562 1889 3614 ilai·

172 3649 224 3704 Job
237 3669 243 3702 :
258 3670 269 3701 r
288 3651 321 3704 lit
335 3650 430 3720 populi
442 3650 565 3703 'lamina
574 3649 606 3715 ¹¹,
621 3674 633 3702 a
645 3651 733 3714 idest,
747 3652 866 3705 incorde
877 3652 972 3724 populi
1013 3652 1156 3708 tellectum
1184 3650 1324 3720 complere
1347 3647 1500 3718 negligant,
1524 3664 1559 3701 ne
1584 3648 1641 3718 legi
1666 3636 1889 3720 impendit

172 3739 290 3793 Judaiel.
312 3740 366 3792 Par
392 3742 514 3792 territans
540 3756 626 3809 aspera
648 3740 772 3809 pietatis,
794 3746 827 3792 ut
846 3741 875 3793 in
894 3741 973 3794 libris
1013 3739 1116 3792 timore
1126 3756 1224 3810 prenae,
1237 3739 1283 3791 sed
1296 3754 1392 3791 amore
1401 3736 1527 3807 justitia.
1540 3737 1598 3790 Hoc
1612 3736 1686 3791 dixit
1696 3736 1890 3793 tentaffi⁰¹

172 3827 281 3898 Regum
298 3846 303 3880 ε
325 3847 335 3877 a
353 3827 449 3881 linxit
461 3828 581 3881 larninas
595 3829 679 3882 clavis
691 3829 722 3893 ¹¹,
742 3847 754 3881 s
771 3829 798 3882 id
823 3835 874 3893 cst,
901 3830 974 3884 bona
1015 3828 1135 3893 Christo,
1152 3828 1186 3880 de
1201 3827 1346 3881 divinitate
1359 3829 1420 3896 ejus
1434 3826 1582 3888 dubitans;
1599 3826 1891 3883 volebataute-raffl

172 3932 258 3987 opera
273 3918 463 3970 remuneravit
477 3917 599 3986 premiis
614 3917 734 3970 aeternis.
1015 3917 1151 3980 diabolus,
1174 3923 1268 3973 utrum
1284 3933 1348 3969 vere
1371 3916 1454 3969 homo
1475 3921 1585 3970 tantum
1606 3924 1695 3982 esset,
1718 3925 1787 3973 exli
1845 3927 1878 3959 Δ·

209 4005 509 4065 wirriaestsimulatio,
520 4005 681 4058 utinlsaia:
693 4005 972 4072 «euhantlamiassp
1016 4007 1134 4078 probare
1147 4024 1152 4058 :
1166 4007 1189 4059 si
1201 4005 1304 4061 auxilie
1314 4006 1489 4075 angelorum,
1503 4005 1582 4076 quasi
1593 4005 1648 4060 sibi
1659 3989 1890 4062 neeessai‘fii'

172 4092 201 4146 id
216 4099 267 4157 est,
283 4093 420 4161 requievit
435 4092 587 4147 simulatio.
1015 4097 1145 4151 deorsum
1157 4096 1259 4148 missus
1270 4096 1415 4159 allevetur,
1427 4095 1518 4163 angeli
1528 4112 1594 4164 ergo
1605 4096 1665 4149 Deo
1676 4098 1750 4152 mini
1772 4122 1780 4143 a
1881 4104 1884 4123 ³

210 4183 286 4234 iana
302 4185 344 4235 est
358 4180 531 4250 simplicitas,
549 4188 581 4235 ut
596 4181 624 4235 in
634 4182 870 4239 Deuteronomio:
889 4186 973 4239 eNen
1014 4185 1091 4249 bant,
1104 4201 1160 4239 non
1170 4201 1203 4237 ex
1213 4184 1390 4248 necessitate,
1403 4183 1652 4253 quasiimpotenti,
1673 4186 1724 4239 sed
1740 4204 1787 4257 qn
1803 4197 1858 4212 Ι
1874 4187 1893 4215 ²¹

173 4268 276 4324 induas
288 4274 393 4323 vestem
410 4270 466 4323 lino
482 4271 600 4341 lanaque
615 4277 773 4327 contextam
785 4273 816 4337 ¹³,
843 4294 853 4323 s
876 4275 972 4341 idest,
1015 4274 1153 4328 exoihcio
1170 4293 1175 4326 :
1192 4290 1244 4326 nec
1261 4274 1323 4327 ideo
1338 4273 1417 4327 ilium
1440 4274 1476 4326 ad
1494 4273 1593 4325 caelum
1617 4275 1785 4329 ascendent
1838 4277 1891 4302 ‘¹

173 4374 229 4414 non
243 4359 374 4413 ostendas
386 4359 420 4412 de
436 4359 503 4412 ioris
516 4360 733 4431 simplicitatem,
748 4362 1173 4436 etintushabsasnportobant,
1191 4363 1266 4432 quod
1281 4362 1402 4426 caderet,
1418 4361 1441 4415 si
1459 4378 1514 4415 non
1530 4366 1694 4432 portarentg
1717 4365 1767 4417 sed
1786 4377 1815 4409 r
1888 4367 1890 4387 ¹

171 4448 374 4520 duplicitatem.
392 4451 478 4507 Luna
495 4449 571 4518 virge
588 4450 684 4516 Maria,
706 4452 784 4504 utin
806 4452 875 4505 libro
893 4453 972 4506 iudi·
1014 4449 1787 4520 ministeriumdebitassubjectionisimpenderentPeda
1818 4448 1886 4489 *Ἴ

171 4552 235 4591 eum
254 4554 287 4588 :s
303 4538 409 4591 Ponam
425 4538 476 4591 hoo
492 4538 580 4591 velius
594 4539 664 4593 lanae
684 4539 712 4593 in
734 4556 800 4594 area
819 4541 850 4605 ¹¹,
870 4562 882 4593 »
898 4543 972 4612 quod
1013 4541 1081 4595 dicit
1097 4541 1197 4594 mentis
1212 4539 1396 4597 affectionem.
1414 4541 1502 4607 Lapis,
1516 4538 1655 4604 diabolus,
1670 4541 1720 4610 qui
1731 4541 1817 4594 dur·

170 4626 317 4696 virgirritas
332 4626 427 4680 hieriae
441 4627 597 4681 honoratur
609 4629 637 4681 ln
652 4629 782 4682 Ecclesia.
798 4632 882 4696 Lana,
901 4631 972 4684 bona
1014 4635 1057 4683 est
1070 4647 1120 4700 per
1132 4629 1367 4700 impoenitentiam
1383 4634 1412 4682 et
1424 4627 1598 4698 ponderosus
1613 4645 1666 4698 par
1679 4628 1830 4700 iniquita

171 4714 254 4779 acho,
269 4720 299 4767 ut
309 4714 337 4767 in
347 4714 489 4769 parabolis
503 4735 508 4769 ε
522 4736 533 4769 a
543 4717 778 4780 Quasivitlanam
788 4720 908 4772 etlinum
919 4721 968 4785 ¹¹‚s
1013 4725 1070 4773 tem
1088 4738 1094 4771 τ
1110 4720 1145 4772 de
1159 4735 1214 4788 quo
1226 4719 1335 4788 Moyses
1345 4717 1413 4770 dicit
1424 4717 1453 4769 in
1463 4716 1572 4769 cantico
1582 4717 1686 4771 Exodi:
1701 4737 1713 4769 a
1731 4718 1793 4772 ΕΙ,
1864 4733 1887 4742 s

171 4802 200 4857 ld
215 4807 266 4869 est,
278 4804 403 4858 exercuit
412 4805 549 4858 actionem
560 4812 589 4858 et
598 4808 872 4878 contemplationem.
884 4809 968 4874 ierim
1012 4808 1151 4879 principes
1162 4807 1222 4875 aius
1234 4805 1370 4859 submersi
1383 4805 1490 4858 suntin
1506 4804 1578 4858 mari
1591 4804 1624 4871 ¹¹,
1644 4823 1658 4858 s
1674 4808 1750 4877 qued
1766 4815 1833 4860 iric

169 4893 319 4957 mansueti,
337 4893 405 4948 utin
423 4894 541 4950 Psalmis
557 4913 562 4946 :
581 4916 591 4944 ι
610 4895 662 4958 Qui
679 4896 728 4949 dat
743 4897 835 4951 nivem
851 4898 923 4951 siout
934 4900 971 4952 ia·
1012 4895 1094 4949 nistri
1107 4894 1209 4948 diaboli
1224 4899 1252 4947 et
1270 4893 1446 4947 sublimiores
1465 4909 1516 4963 per
1534 4893 1687 4948 adrentum
1712 4895 1862 4951 Chrisffv

169 4982 273 5049 nam¹¹‚
294 4983 394 5052 »quod
414 4983 476 5037 illos
496 5000 698 5053 nonnunquam
719 4991 880 5040 mansuetos
893 4988 967 5048 iacit,
1011 4983 1249 5055 demergunturin
1259 4983 1369 5036 ardenti
1377 4982 1632 5054 iniemozehbyssi
1642 4991 1846 5055 operuerar1
1890 4982 1893 5001 '

169 5072 217 5142 qul
240 5072 316 5143 prius
340 5072 531 5126 intractabiles
545 5079 635 5126 erant.
654 5093 668 5124 a
688 5074 823 5128 Nebuiam
844 5077 915 5130 sieut
934 5078 970 5130 ei·
1011 5089 1059 5128 ees
1068 5073 1100 5138 ¹¹,
1118 5096 1130 5125 a
1149 5075 1223 5144 quod
1238 5073 1375 5144 profunda
1390 5072 1498 5126 malitia
1512 5072 1653 5142 depressit
1665 5090 1733 5127 eos:
1748 5073 1827 5126 ‹de›
1873 5072 1893 5094 ⁶

168 5174 264 5214 nerem
277 5160 385 5231 spargit
399 5160 430 5219 ¹⁷,
447 5181 457 5210 ι
478 5161 552 5231 quod
568 5162 704 5231 quosdam
726 5163 803 5232 prius
820 5172 970 5219 excaecatos
1011 5165 1180 5219 scenderunt
1189 5163 1217 5215 in
1228 5162 1408 5233 profundum,
1420 5161 1591 5232 quasliapis,
1602 5180 1614 5213 s
1628 5162 1743 5223 horest,
1754 5163 1794 5216 sin
1803 5156 1884 5210 (¹

207 5319 292 5373 ¹Jar.
315 5335 430 5385 xxxvm,
459 5321 499 5388 il,
524 5320 569 5378 i‘i.
592 5320 692 5375 ¹Psal.
720 5338 793 5385 xxix,
817 5323 1238 5391 i.³Ex0d.x11,8.¹Lev.x1,
1256 5321 1396 5377 30.⁵1sa.
1420 5337 1445 5387 x,
1474 5320 1519 5377 33.
1543 5321 1555 5355 ¹
1578 5320 1630 5374 iob
1654 5337 1742 5387 xxxii,
1766 5305 1867 5376 aab!

169 5388 279 5443 ¹hiare.
302 5406 357 5456 xiv,
379 5392 417 5448 ts.
440 5392 451 5429 ¹
468 5392 531 5446 Jud.
555 5407 603 5455 vn,
621 5391 664 5448 ab.
691 5393 802 5447 ¹lixod.
821 5409 917 5461 xxvm,
941 5396 984 5450 36.
1009 5394 1231 5453 ¹⁰l0bx1r,‘ii.
1249 5394 1269 5428 ¹¹
1290 5394 1385 5462 lReg.
1401 5408 1437 5451 vr.
1452 5391 1496 5446 Di.
1522 5391 1545 5426 ¹¹
1565 5393 1619 5446 isa.
1643 5408 1739 5458 xxxiv,
1764 5392 1798 5446 ii
1815 5378 1889 5437 ἓ

171 5457 194 5494 ¹⁸
207 5458 288 5523 Daui.
304 5476 370 5526 ssu,
385 5465 428 5516 ll.
443 5463 465 5499 ¹¹
477 5463 565 5517 indic.
583 5479 620 5530 vr,
637 5464 681 5518 37.
697 5467 719 5500 ¹⁵
739 5468 816 5519 Drov.
835 5482 908 5531 xxm,
929 5467 966 5520 13.
986 5468 1008 5503 ¹¹
1024 5467 1097 5520 Psal.
1113 5480 1214 5523 cxcvii,
1236 5466 1273 5516 m.
1290 5465 1312 5498 ¹¹
1328 5465 1397 5518 lhid.
1414 5464 1437 5503 ¹¹
1452 5462 1549 5521 Erech.
1567 5478 1661 5530 xxxiv,
1677 5466 1703 5520 3.
1722 5464 1746 5499 ¹¹
1761 5454 1838 5518 lei!
1875 5470 1893 5483 '

168 5531 387 5658 m'4¹⁵³i⁷²ii,l·'³,i¹
401 5533 473 5655 n,54.
490 5533 511 5570 ¹¹
527 5535 606 5588 Zaeh.
621 5549 663 5598 m,
679 5537 706 5590 9.
720 5535 822 5590 ¹¹Dan.
836 5539 918 5603 rubi.
932 5538 955 5573 ¹³
966 5539 1038 5600 Psai.
1051 5552 1088 5602 er,
1103 5539 1145 5591 la.
1157 5536 1180 5581 ¹¹
1193 5538 1232 5591 lll
1247 5538 1315 5607 Reg.
1332 5550 1358 5600 v,
1377 5534 1456 5589 172⁵
1472 5535 1546 5589 Psai.
1558 5548 1604 5597 xc,
1622 5534 1663 5591 ii.
1682 5535 1707 5571 ¹¹
1725 5535 1818 5592 ared.
1878 5535 1891 5552 '

168 5615 212 5655 xv.
249 5643 254 5654 .
341 5621 422 5658 1.o.
458 5644 463 5656 .
