3772 6120
119 334 165 391 fl?
331 330 1111 391 summumnfflmum
1130 328 1402 387 -munisutsn
1420 328 1546 387 mnus.
1708 330 1763 389 ‘iffi

118 458 288 529 sijuugatun
302 464 336 513 st
353 457 479 529 spiritus,
487 462 516 511 ct
530 456 573 510 ita
585 456 710 526 qrrodum
722 457 798 510 inter
811 473 842 510 se
857 456 917 511 unt
927 461 949 518 Α
958 459 1018 514 lrac
1030 459 1177 524 mutnus,
1191 472 1257 512 eum
1276 472 1337 513 esso
1346 457 1517 528 proximum,
1533 458 1582 529 qai
1594 459 1643 514 llil»
1655 460 1764 517 miscri-

118 547 180 603 ὠ
191 548 306 618 phano
319 547 499 619 copulentur,
507 551 541 600 ut
553 546 919 617 rtequaqrmmsimplexspi
959 548 1084 602 cordiam
1096 547 1173 609 lecit,
1185 548 1281 601 rolens
1288 546 1438 601 ostendere
1446 562 1546 603 omnes
1558 548 1688 606 homines
1700 567 1762 607 om·

117 638 193 699 dura,
209 637 260 691 aed
278 636 400 708 spiriurs
413 651 513 689 sensus
526 651 593 689 esse
602 635 721 688 menum.
738 636 809 689 Oum
823 640 919 689 autem
959 637 1042 693 uibus
1055 652 1118 691 esso
1131 652 1282 707 proxima
1301 635 1380 701 Quod
1396 652 1460 691 vero
1474 637 1613 710 sequitur,
1628 644 1763 710 ciconiam

116 726 245 781 nsuran'-
253 726 397 780 merimus
405 725 516 795 spiritu,
531 724 583 795 qui
594 725 685 778 nostri
694 740 794 778 sensus
801 732 845 779 cst
860 725 919 796 spi-
958 742 1056 779 sumus
1066 728 1185 781 {micam
1201 727 1334 787 mcmlrc,
1351 714 1648 804 magispvidet'urmilri
1657 728 1765 800 signifi-

115 816 193 877 u'tns,
210 822 284 869 tune
296 815 449 869 induemur
461 830 566 868 uorum
580 813 735 877 homiuem,
751 814 801 884 qui
817 830 918 869 seeum
959 830 1025 868 care
1038 815 1205 885 mysterium
1216 818 1247 868 et
1259 814 1296 867 de
1305 814 1350 868 his
1359 814 1424 882 dici,
1437 815 1580 887 quinobis
1589 802 1650 872 'nile
1667 819 1762 874 et-vis

116 904 182 959 hm
203 904 299 961 Deum
312 910 425 958 creatam
444 909 496 957 est.
512 903 597 967 Quod·
613 902 730 972 quidem
752 902 815 957 aliis
827 902 918 956 vorbis
958 909 1021 957 trito
1033 909 1100 957 sunt
1111 903 1240 974 proximi,
1258 903 1390 963 membru
1400 905 1507 976 quippe
1521 906 1691 962 alterutrum
1704 923 1761 963 nou
1843 922 1847 929 ·

117 994 248 1065 ilipsum
262 1000 333 1064 puto
349 1009 421 1058 esse,
436 992 512 1063 quod
525 991 555 1045 in
571 992 627 1045 ulio
642 992 703 1045 loeo
717 990 820 1045 dicitur
840 1010 846 1044 :
869 995 917 1051 ln·
959 998 1034 1057 suut,
1049 993 1104 1049 nisi
1118 992 1216 1051 lldeles
1228 992 1363 1061 fidelium,
1380 998 1410 1047 et
1423 993 1576 1050 christiani
1586 995 1761 1051 Meno

115 1084 187 1137 duiis
201 1099 250 1135 ooa
264 1084 409 1139 cirinum
428 1084 522 1136 iarum
546 1082 633 1145 istoria:
655 1084 721 1148 xus).
743 1082 800 1135 lste
815 1081 917 1151 quippe
958 1098 1032 1135 rum.
1057 1082 1131 1151 Ergo
1155 1082 1207 1135 hoc
1231 1082 1356 1145 mandat,
1381 1088 1416 1137 ut
1433 1084 1629 1157 unusqulsque
1646 1101 1682 1140 ca
1700 1102 1762 1157 qua

116 1171 363 1235 utneruslromo
375 1169 863 1241 quouniversicredeutesdebemm
876 1169 917 1223 in·
957 1177 1025 1227 srmt
1038 1170 1217 1225 lloiveritate
1227 1171 1311 1241 plena
1327 1172 1461 1242 praedices
1476 1173 1568 1240 alteri,
1585 1180 1614 1229 et
1628 1174 1762 1247 nquam

117 1260 163 1315 mi
174 1266 264 1331 utque
275 1260 383 1313 veniri.
400 1259 474 1325 Quid
487 1260 564 1313 errim
578 1259 609 1313 iu
623 1259 748 1325 homine,
767 1259 813 1330 qui
826 1276 845 1314 a
858 1260 917 1314 Sal
957 1275 1021 1313 cum
1032 1254 1385 1329 proximosuoreritatem,
1396 1261 1427 1318 id
1439 1262 1639 1319 antimum
1658 1263 1761 1349 predi·-

117 1354 209 1404 ntore
218 1354 320 1405 nostro
332 1352 558 1419 assumptruast,
574 1364 632 1402 nou
653 1364 756 1403 norum
769 1348 918 1411 fuitlcou·
958 1355 1011 1413 eet,
1041 1348 1089 1420 qui
1110 1355 1155 1402 est
1181 1349 1294 1403 veritas.
1321 1350 1412 1419 (dap.)
1434 1350 1583 1407 Proximus
1602 1357 1649 1408 est
1669 1353 1761 1408 omnis

118 1444 221 1511 quis,
238 1438 384 1501 minitas,
407 1442 514 1508 parim,
538 1437 667 1501 intentis,
691 1436 828 1503 doctriua,
849 1437 915 1503 vito,
959 1434 1165 1501 homo,'ornnes
1181 1437 1304 1509 proximi
1329 1454 1426 1495 sumus
1454 1440 1614 1497 conditione
1641 1447 1761 1498 terrene

117 1528 241 1591 simler,
251 1527 458 1582 adextremum
466 1542 535 1580 crux
545 1532 576 1580 et
584 1526 678 1596 passio
692 1526 874 1597 exspoliantis
888 1526 918 1579 in
959 1526 1123 1580 nativitatis.
1147 1526 1184 1580 Et
1200 1526 1292 1593 aliter,
1316 1526 1366 1585 illa
1387 1544 1438 1598 spe
1455 1527 1575 1583 celestis
1588 1529 1761 1586 hereditatis

117 1632 147 1671 ι
162 1616 344 1687 principans
356 1622 386 1671 et
398 1615 554 1671 contrarias
567 1614 768 1671 fortitudines:
795 1630 918 1669 resurre-
959 1615 1117 1685 proximum
1124 1622 1206 1669 mum
1215 1615 1302 1669 debes
1320 1622 1420 1686 putare
1434 1631 1548 1672 omnem
1561 1618 1715 1686 hominem,
1732 1625 1761 1674 et

116 1704 165 1761 dio
178 1721 296 1776 quoqm
311 1712 341 1760 et
359 1720 493 1759 ascensus
513 1704 549 1757 ad
563 1704 675 1757 coelum.
696 1703 750 1757 llic
764 1720 833 1773 ergo
853 1719 917 1761 rere
958 1709 1111 1774 uunquam
1126 1703 1165 1763 sit
1177 1704 1369 1771 Christianum
1385 1706 1762 1779 nonenimnosti,qualissit

116 1800 226 1851 uentus
238 1801 293 1859 est,
310 1795 341 1847 in
353 1794 467 1864 justitia
490 1800 521 1847 ot
533 1792 683 1847 sanctitate
700 1792 836 1857 veniatis,
852 1782 948 1863 quisll
958 1792 1072 1848 iuturus
1082 1793 1262 1863 upudlieum.
1275 1793 1422 1858 Quimodo
1436 1800 1487 1850 aut
1500 1795 1624 1863 iudaeus,
1638 1804 1692 1852 aut
1703 1798 1761 1853 lne-

119 1882 501 1939 leusremslloircrililius
515 1881 576 1945 inii,
593 1888 623 1936 et
636 1887 697 1935 tota
711 1882 741 1935 in
756 1881 805 1935 illo
819 1881 918 1951 religio
959 1881 1142 1947 reticuerint
1163 1897 1293 1952 pegasus
1312 1888 1364 1948 cst,
1380 1882 1452 1937 lorte
1473 1884 1759 1955 permiserioordian

118 1979 196 2044 nque
206 1972 325 2043 jutitia
340 1971 392 2026 liei
414 1972 444 2025 in
466 1971 585 2025 veritate
597 1971 737 2041 completa
754 1976 806 2025 est.
824 1972 917 2039 (dep.)
959 1971 1011 2026 Boi
1029 1970 1071 2024 itu
1089 1976 1267 2025 convertetur
1286 1971 1323 2025 nd
1336 1971 1498 2035 llominum,
1514 1978 1547 2028 ut
1560 1973 1760 2031 interstinctus

117 2061 190 2127 hod
202 2063 250 2123 ait
257 2061 415 2116 seeundum
426 2061 664 2127 Deumcreatum,
676 2060 792 2114 lrocalio
807 2060 919 2115 losodi-
960 2059 1083 2130 primum
1095 2060 1187 2113 locum
1209 2059 1314 2114 habers
1335 2066 1487 2115 mercatur.
1503 2062 1624 2133 (Ambr.)
1644 2063 1717 2128 Quia
1730 2065 1761 2119 'm

116 2151 230 2207 mmai
239 2154 396 2217 irminam
410 2151 468 2215 lici,
491 2150 542 2203 sed
568 2150 710 2220 monendo
729 2150 871 2219 justiliam
889 2156 920 2204 et
959 2149 1077 2205 veritate
1091 2155 1121 2203 at
1131 2149 1244 2218 justitia
1253 2150 1341 2203 creati
1352 2164 1450 2204 sumus
1464 2151 1556 2205 renati
1567 2150 1597 2205 in
1607 2150 1758 2224 baptismo,

117 2238 812 2310 nuditatamreritatisamiaitpmpterquodlrae
825 2240 919 2309 imago
959 2237 1072 2304 idcirco,
1092 2243 1125 2293 ut
1147 2238 1176 2291 in
1196 2254 1229 2291 eo
1242 2254 1416 2305 maneamus,
1428 2238 1606 2294 mendacium
1621 2240 1762 2312 deponere

116 2330 245 2393 delomis
267 2334 299 2383 ct
314 2328 428 2383 decolor
450 2327 524 2382 iacta
544 2334 606 2395 est3
629 2328 702 2382 hauc
724 2328 832 2399 recipit,
854 2345 918 2382 oum
956 2325 1100 2397 jubemur,
1117 2332 1264 2397 assumpta
1275 2326 1402 2393 raritate,
1418 2342 1470 2381 neo
1484 2326 1549 2383 dolo
1570 2326 1680 2401 aliquid
1696 2346 1760 2383 curn

118 2418 283 2489 infirmatur
298 2424 384 2488 atque
394 2423 554 2471 renovatur.
567 2417 648 2481 Quod
662 2418 917 2485 sutemsitspiritu
958 2416 1046 2470 fratrs
1060 2432 1153 2485 ogere,
1170 2422 1204 2470 ut
1213 2415 1279 2485 quie
1293 2416 1644 2488 uniuscorporismembra
1651 2434 1759 2495 sumus,

117 2510 210 2563 nuris
219 2512 327 2573 watra,
340 2522 397 2561 non
406 2505 446 2559 ibi
453 2506 523 2560 duas
534 2522 580 2560 res
590 2506 710 2575 intelligi
726 2506 824 2567 soluit,
836 2505 916 2575 quasi
958 2506 1161 2560 osusisnostris
1171 2505 1201 2559 in
1218 2505 1336 2560 veritate
1351 2504 1481 2560 invicem'
1492 2505 1646 2562 savmmus.
1662 2508 1762 2562 mcci-

120 2595 339 2659 tb'udsitmem,
358 2595 437 2649 aliud
448 2594 565 2665 spiritus
577 2596 697 2649 mentis:
715 2595 765 2649 sed
780 2594 847 2671 quia
859 2610 918 2648 om-
958 2598 1070 2649 minist
1082 2598 1168 2651 nolite
1178 2610 1298 2664 picem
1317 2594 1456 2659 Quoniam
1473 2594 1556 2651 misci
1569 2596 1632 2668 quis
1645 2612 1702 2652 non
1712 2612 1761 2669 pu-

120 2685 159 2740 nis
173 2701 256 2740 meus
284 2684 402 2755 spiritus
415 2690 467 2747 est,
482 2700 539 2738 non
562 2692 659 2739 sutem
686 2684 777 2738 omnis
801 2684 918 2754 spiritis
960 2688 1019 2739 test
1027 2683 1180 2755 prohiberi,
1198 2685 1310 2756 quippe,
1327 2701 1392 2740 oum
1408 2684 1451 2739 ira
1464 2690 1559 2763 motus
1573 2685 1612 2761 sit
1624 2680 1763 2741 naturalis

121 2790 194 2829 nono
208 2778 264 2829 est.
280 2774 331 2831 Est
342 2774 418 2829 enirn
433 2774 549 2844 spiritus
568 2779 598 2827 ct
619 2774 703 2835 Deus,
719 2774 768 2844 qui
789 2773 918 2827 renovari
958 2778 1109 2844 concaptus
1124 2789 1157 2826 er
1171 2773 1272 2840 causis,
1298 2773 1346 2844 qui
1369 2774 1441 2829 solet
1459 2773 1496 2828 ad
1509 2774 1665 2854 proiectum
1675 2774 1762 2848 perti-

119 2869 286 2936 mpotest,
309 2863 377 2934 quia
393 2879 445 2917 nec
463 2868 635 2917 veterascere
653 2869 755 2934 potest,
772 2863 877 2918 dicitur
890 2868 919 2917 et
958 2878 1027 2916 nore
1049 2861 1248 2932 delinquentis,
1275 2861 1378 2916 idcireo
1401 2862 1581 2919 irascendum
1605 2856 1689 2931 dicit,
1707 2865 1757 2920 sed

120 2953 231 3024 spirim
246 2953 277 3008 in
290 2952 415 3014 homine,
433 2953 481 3023 qui
494 2968 575 3007 meus
589 2968 646 3005 non
660 2952 706 3013 sit,
718 2953 753 3005 ad
765 2968 848 3022 quem
856 2968 918 3023 por-
959 2956 1127 3016 commonet,
1150 2966 1186 3004 ne
1208 2966 1260 3021 per
1283 2951 1355 3004 irum
1379 2956 1519 3023 peccetur.
1536 2952 1665 3008 Solemus
1684 2953 1762 3009 enim

118 3041 205 3097 liunt
219 3041 440 3111 imaginationes
451 3041 559 3095 similes
572 3057 732 3112 corporum,
746 3041 843 3112 dequo
851 3038 920 3094 dicit
959 3039 1074 3093 modum
1090 3039 1196 3109 egredi,
1222 3040 1290 3093 dnm
1313 3040 1465 3095 irascimur
1483 3046 1514 3095 et
1529 3041 1690 3097 invenimur
1705 3042 1760 3114 ipsi

120 3130 151 3185 ad
166 3130 338 3195 corinthios,
354 3137 385 3185 et
395 3130 436 3189 ait
451 3129 499 3183 :Si
512 3136 606 3184 cutem
620 3146 734 3185 oravcro
746 3107 948 3199 linquam-⁰
958 3143 1083 3200 peceare,
1100 3128 1149 3199 qui
1163 3132 1309 3199 peccantes
1324 3128 1480 3200 arguimus,
1495 3128 1563 3185 dum
1578 3131 1641 3203 plus
1661 3129 1760 3187 irasci-

123 3222 188 3273 ritur
202 3236 280 3274 mcor
295 3225 367 3285 emt,
380 3236 456 3273 niens
469 3224 563 3273 autom
577 3222 829 3287 reminiscentem
839 3224 877 3271 ost
890 3220 919 3290 (Ι
957 3234 1022 3271 mur
1035 3217 1197 3288 etamplius
1212 3228 1363 3273 oneramus
1377 3224 1552 3297 peccantem,
1565 3236 1651 3303 quam
1667 3236 1761 3276 mere-

123 3308 176 3363 dur,
188 3314 257 3375 xiv).
274 3309 335 3363 Hoc
356 3309 433 3362 enim
454 3308 504 3375 uit,
531 3308 643 3379 quando
665 3308 694 3362 id
718 3309 793 3378 quod
814 3308 917 3362 dicitur
956 3312 1013 3361 tur.
1029 3307 1166 3377 llucergo
1179 3308 1269 3374 docet,
1291 3312 1323 3362 ut
1343 3308 1406 3379 ipsa
1421 3308 1465 3363 ira
1483 3325 1549 3364 cum
1568 3310 1760 3365 moderatione

123 3413 171 3453 mu
183 3398 372 3469 irrtelligitur;
389 3398 456 3468 quia
467 3414 519 3452 nec
533 3397 587 3451 dici
601 3402 702 3467 potest,
719 3398 774 3451 nisi
788 3413 917 3467 corpora·
957 3397 1003 3451 sit.
1018 3397 1116 3467 Neque
1130 3396 1250 3450 nimium
1263 3396 1328 3467 quis
1338 3398 1448 3466 justum
1473 3415 1504 3453 se
1526 3398 1651 3470 prebeat
1668 3398 1761 3455 delin-

123 3486 183 3557 lium
195 3504 296 3543 recum
309 3488 458 3558 imagines,
475 3487 613 3556 imagines
626 3485 728 3540 solium
743 3487 843 3541 crisin
858 3487 915 3557 spi·
957 3486 1056 3556 quenti
1072 3486 1158 3556 :quia
1170 3486 1262 3539 solent
1275 3485 1391 3567 quidam
1405 3486 1445 3539 sic
1470 3502 1595 3557 peccare.
1620 3490 1653 3542 ut
1670 3488 1759 3543 tanus

123 3576 355 3648 riureogitatione
367 3577 549 3647 praeveniunt.
566 3576 712 3629 Dicitur-et
725 3576 847 3629 lrominis
857 3576 916 3629 ani-
947 3573 1048 3645 vplagis
1071 3574 1211 3629 officiendl
1228 3574 1385 3641 videantur,
1415 3580 1536 3645 quantas
1557 3591 1614 3630 non
1641 3583 1761 3649 possunt

125 3666 299 3738 usspiritus.
315 3666 395 3721 Unde
406 3666 490 3720 estin
507 3664 666 3735 Evangelio,
683 3670 708 3718 ct
722 3667 860 3718 inoir'ncto
873 3682 916 3718 oo
956 3662 1039 3727 ferre,
1054 3668 1083 3716 ot
1097 3663 1144 3733 qui
1159 3666 1271 3733 poterat
1284 3663 1357 3716 torta
1377 3663 1490 3733 corrigi,
1511 3661 1622 3719 tollitur
1635 3656 1670 3718 de
1690 3664 1758 3733 rita,

125 3758 173 3824 pu
184 3756 304 3811 uadidss
315 3758 449 3823 spiritum
466 3757 554 3817 tieem
579 3754 663 3823 urin),
680 3770 737 3825 quo
760 3754 918 3825 signritlcsta
957 3767 1014 3805 non
1024 3751 1086 3805 sina
1095 3741 1369 3821 peccetoirasccntis.
1383 3750 1455 3806 llinc
1469 3756 1498 3804 et
1512 3752 1647 3807 Salomon
1663 3754 1758 3823 :dcii

127 3848 163 3898 ut
176 3860 252 3899 mors
276 3843 402 3914 eorporis
425 3843 521 3905 anima
534 3849 662 3901 excunte.
680 3843 716 3896 lit
740 3843 823 3914 paulo
842 3848 914 3913 post,
958 3839 1059 3910 inquit,
1069 3843 1165 3907 justus
1179 3854 1232 3892 erse
1246 3842 1456 3907 inultumquio
1470 3844 1509 3895 cst
1522 3842 1761 3913 quipcritinsuo

128 3933 259 4004 mmsrgo
273 3938 318 3987 tot
328 3932 533 3987 modisdicitur
542 3932 658 4003 spiritus
671 3931 804 4002 spiritum
816 3931 918 3987 mentis
954 3930 1070 3998 irretitis
1087 3928 1182 3994 (liceis.
1198 3930 1256 3997 νη),
1276 3927 1325 3982 scd
1344 3927 1503 3984 imitatores
1520 3946 1582 3985 esse
1605 3929 1759 4004 debemus,

129 4018 210 4077 disere
218 4022 309 4077 voluit
318 4037 385 4076 eum
395 4021 536 4091 spiritum,
548 4038 609 4092 quas
624 4036 704 4075 mens
713 4028 836 4085 vocatur,
849 4021 920 4075 dont
960 4017 1009 4086 qui
1023 4022 1210 4086 temperatam
1224 4016 1310 4071 habet
1320 4018 1471 4088 justitiam.
1487 4019 1559 4075 cum
1569 4019 1645 4076 enim
1652 4022 1761 4093 justum

129 4109 254 4165 matiam
262 4110 340 4164 idem
348 4109 508 4180 Apostolus,
523 4130 535 4161 ιι
548 4111 576 4164 in
587 4109 788 4181 exspoliatione
796 4109 920 4180 corporis
962 4110 1035 4159 esset
1050 4105 1134 4176 pleuti
1144 4105 1265 4176 iniquos,
1278 4106 1414 4185 patientia
1423 4123 1476 4163 sua
1485 4109 1585 4165 suffert
1594 4126 1652 4178 eos,
1663 4116 1696 4169 ut
1709 4112 1762 4167 all-

130 4202 247 4263 uentia»
263 4216 321 4254 non
336 4199 407 4253 duas
421 4198 521 4269 utiquo
535 4214 580 4252 res
593 4199 714 4268 intelligi
728 4198 824 4263 voluit,
840 4198 920 4268 quasi
963 4195 1011 4265 qui
1030 4211 1063 4247 ax
1085 4195 1125 4249 eis
1149 4195 1334 4265 corrigantur,
1352 4197 1494 4269 nosipsos
1508 4214 1602 4254 servos
1622 4216 1689 4255 suos
1702 4218 1764 4274 pec-

131 4288 196 4344 tliud
210 4291 338 4354 siteuro,
353 4287 430 4342 aliud
449 4288 662 4358 corpuscornis,
678 4287 726 4340 sed
741 4287 808 4357 quia
822 4303 922 4358 eorpus
962 4290 1059 4338 cantes
1072 4284 1189 4354 patitur,
1205 4300 1258 4338 nec
1271 4290 1326 4339 cito
1340 4285 1462 4356 aliquem
1476 4288 1608 4359 percutit.
1626 4278 1762 4357 (Hieron.)

131 4379 275 4435 nullarum
298 4394 395 4433 rerum
416 4393 519 4431 nomen
544 4382 596 4437 cst,
614 4392 734 4446 quamn
758 4376 836 4430 nulla
857 4392 922 4430 caro
963 4373 1043 4437 Quod
1063 4379 1158 4431 eutem
1180 4374 1229 4440 ait,
1256 4376 1420 4429 Irascimini
1436 4380 1461 4428 et
1485 4377 1569 4430 nolite
1588 4391 1710 4447 peceare,
1728 4377 1763 4432 de

130 4472 172 4521 ut
181 4470 298 4537 horrui·
311 4468 386 4536 quod
398 4467 558 4535 &ponemus
571 4468 749 4520 incndocium
770 4431 952 4534 loquiminin
962 4468 1063 4534 quarto
1077 4464 1185 4534 psalmo
1199 4468 1366 4535 usurpatum
1381 4462 1452 4518 nulli
1461 4461 1579 4517 dubium
1588 4463 1762 4529 estetvide-

130 4560 261 4611 mum
277 4557 469 4625 numenque
483 4571 547 4609 cum
564 4558 691 4624 proximo
704 4570 760 4618 suo,
785 4557 920 4623 pimniom
960 4557 1009 4605 tur
1023 4552 1063 4605 illi
1078 4568 1139 4606 esse
1153 4551 1335 4618 contrarium,
1355 4550 1431 4622 quod
1456 4549 1523 4604 alibi
1538 4550 1642 4607 dicltur
1658 4571 1664 4606 :
1681 4553 1763 4610 liuns

129 4658 214 4701 nnus
228 4647 349 4700 inuicem
364 4646 498 4699 ammira.
509 4644 591 4707 iiiii
603 4643 684 4703 Absit
691 4650 724 4698 ut
733 4643 774 4697 sio
783 4636 921 4713 intellige·
960 4647 1054 4695 autom
1067 4642 1191 4709 deponite
1204 4656 1249 4694 cos
1263 4654 1370 4693 omnem
1387 4642 1470 4704 irum,
1491 4640 1715 4709 indicationem
1738 4648 1763 4709 ct

130 4744 331 4806 numnquam
340 4734 418 4804 loqui
429 4732 608 4789 mendacium
623 4732 918 4804 permiseritcumcis,
962 4733 1111 4791 iristitiam,
1130 4734 1155 4782 et
1168 4730 1377 4807 blasphemiam,
1390 4734 1417 4783 ct
1430 4734 1541 4799 tiirpem
1554 4744 1708 4786 sermonem
1730 4748 1763 4788 cc

129 4824 304 4893 quirendum
314 4820 518 4876 suntmembra
530 4822 654 4892 eorporis
667 4822 782 4881 Christi,
794 4822 842 4877 sed
857 4821 920 4875 ideo
961 4834 1007 4872 ore
1030 4823 1117 4871 instro
1142 4818 1250 4885 (dolori,
1275 4822 1324 4879 ml.
1347 4816 1403 4871 Sed
1426 4823 1456 4872 et
1477 4818 1763 4892 simplicitcrlntelle-

127 4910 223 4967 fletum
246 4911 390 4983 estquis
414 4911 610 4981 unusquisque
623 4918 751 4965 nostrum
767 4912 819 4965 lroo
833 4911 920 4964 adum
961 4914 1037 4961 muni
1052 4912 1143 4963 nocet.
1156 4906 1223 4959 dum
1238 4906 1437 4976 putanturirae
1450 4906 1642 4963 stenalsxata.
1655 4909 1762 4981 Duplex

128 4998 202 5057 esst
217 5002 368 5073 deputare,
389 5000 465 5070 quod
487 5016 552 5054 curn
575 5000 635 5053 rult
650 5000 711 5054 llari
730 4999 792 5060 sibi,
810 4998 920 5053 etiamsi
961 4995 1222 5051 autemnon-solum
1233 4995 1376 5065 upudnos,
1388 5011 1486 5052 rerum
1506 4995 1593 5052 etiam
1609 4997 1684 5069 apud
1698 4999 1761 5079 phi-

129 5091 244 5145 mdum
258 5086 352 5143 laetus
366 5089 412 5142 sit.
435 5089 599 5143 Proximum
614 5105 679 5141 vere
700 5094 779 5143 voest
794 5089 921 5141 hocloco
961 5086 1092 5158 losophos
1106 5085 1155 5139 irae
1171 5100 1273 5139 nomen
1287 5084 1443 5157 accipitur;
1463 5086 1508 5141 rel
1521 5102 1585 5140 cum
1600 5085 1707 5157 injuria
1718 5087 1761 5142 la-

127 5194 230 5234 mnam
240 5179 398 5241 hominem,
415 5178 463 5248 qui
474 5194 507 5231 ex
523 5177 621 5232 eodem
636 5177 780 5232 nobiscum
792 5181 919 5248 parente,
961 5176 1064 5237 eessiti,
1086 5173 1262 5229 naturalibus
1276 5174 1399 5230 stimulis
1417 5175 1611 5241 concitamur,·
1626 5176 1671 5231 vel
1684 5192 1759 5245 eum,

128 5266 201 5323 idest
212 5268 305 5323 Adam
327 5274 480 5337 generatus
496 5273 548 5327 est,
561 5272 590 5320 ct
601 5267 653 5321 hoc
663 5268 823 5337 evangelica
836 5282 921 5337 para-
961 5265 1153 5335 requiescente
1165 5264 1272 5335 impetu
1287 5271 1317 5318 et
1324 5265 1419 5320 furore
1428 5263 1572 5333 restincto,
1581 5270 1675 5338 potest
1680 5282 1760 5323 mens

127 5354 184 5410 tols
195 5357 329 5429 designat
342 5357 371 5409 in
385 5372 420 5410 eo
434 5357 482 5427 qui
497 5356 642 5411 ‹loscendit
656 5355 692 5408 ab
706 5356 881 5411 llienmalem
892 5356 921 5409 in
962 5354 1065 5408 habere
1077 5353 1226 5423 judicium,
1242 5360 1271 5408 et
1292 5354 1475 5409 nihilominus
1488 5371 1574 5428 super
1594 5372 1628 5410 oo
1643 5357 1692 5427 qui
1711 5374 1761 5430 pu-

126 5446 239 5514 lrrlulro,
254 5451 285 5501 et
297 5445 399 5500 incidit
413 5445 443 5498 in
458 5445 590 5502 latrones.
608 5450 637 5499 ot
655 5446 797 5499 sacerdote
820 5451 850 5499 et
872 5446 922 5500 Le·
962 5450 1040 5498 tatur
1060 5442 1174 5510 laesisse,
1189 5443 1331 5498 desiderat
1344 5443 1490 5501 ultionem.
1514 5444 1644 5500 Arbitror
1664 5446 1760 5527 itaque

124 5533 436 5609 ritspmtareuntibus,
460 5551 478 5589 a
504 5534 684 5591 Samaritano
707 5542 819 5590 cumnis
834 5542 864 5590 ct
886 5535 921 5589 ad
964 5534 999 5587 de
1013 5532 1098 5605 priori
1114 5532 1157 5585 ira
1169 5548 1244 5588 nunc
1262 5532 1379 5602 dietum,
1395 5537 1425 5589 et
1438 5532 1519 5589 nobis
1538 5535 1619 5608 quasi
1640 5534 1761 5605 homiui-

123 5624 548 5698 flhlmiumrectusestffluc.
562 5626 604 5689 x).
615 5623 850 5681 Allirmateutcm
858 5628 924 5697 post
963 5620 1758 5697 immmncenumptsdmdignaemmtmminenm
