3772 6120
54 344 121 401 lul

585 346 759 406 offla.
775 374 808 405 -.·
827 346 955 407 wilt)
973 345 1011 403 11.
1026 344 1156 403 siml.

1632 342 1702 406 Μ

88 471 218 528 &mitat
227 480 382 541 generosus
396 471 460 526 omli
472 487 562 544 regns
574 479 673 545 potens
686 481 796 532 uum.
862 479 889 536 Α
934 475 988 530 Pro
1003 473 1116 528 Christo
1129 476 1233 528 cancta
1245 473 1294 544 qui
1303 471 1424 526 meliora
1437 470 1528 528 daret.

51 562 140 633 Cujus
156 567 310 633 perpetuus
322 565 414 615 exstat
425 568 457 616 ut
467 562 600 633 inclytus

87 651 193 705 Paulus
207 667 275 705 nam
289 651 395 716 socius,
409 651 508 705 doctor
522 658 551 706 et
564 653 696 724 optimus,

88 739 193 794 Christi
208 756 256 793 vas
271 739 426 809 pretiosum
440 746 469 794 et
483 746 575 795 rector
583 742 679 813 populi
692 742 754 798 uei.

53 830 94 885 En
104 846 175 900 quos
189 829 242 882 iste
257 834 344 892 vocat,
360 828 407 882 ille
422 845 509 901 supra
527 830 619 896 locat;

87 918 165 983 Quos
178 917 284 972 Paulus
298 916 422 984 adhibet,
439 918 491 972 hoa
503 919 602 974 Petrus
615 919 716 975 inserit
731 938 738 974 :

88 1007 193 1063 Christi
208 1006 290 1061 testis
308 1012 428 1077 uterque
441 1011 494 1069 est,
506 1008 569 1062 coeli
578 1008 645 1062 civis
659 1015 688 1063 et
700 1008 801 1063 incola.

53 1096 200 1151 Christum
212 1101 302 1151 morte
315 1097 404 1150 crucis
415 1113 480 1150 nam
498 1097 625 1168 sequitur
639 1098 748 1161 Petrus,

88 1187 161 1240 Cum
175 1201 262 1239 mstis
277 1184 369 1256 capite
382 1185 486 1239 Paulus
501 1194 530 1240 et
545 1186 659 1241 horride
671 1195 724 1252 est,

88 1274 215 1328 Victores
229 1279 314 1345 caput
328 1290 417 1328 unum
432 1273 515 1328 ambo
529 1275 584 1329 rite
594 1280 693 1330 tenent
706 1276 806 1332 Deam.

52 1365 111 1419 Nos
122 1362 224 1417 horum
239 1361 379 1435 precibus.
396 1362 516 1429 Christe,
529 1363 662 1435 piissimis

87 1453 127 1509 Te
142 1451 230 1507 dones
239 1451 322 1506 citius
335 1468 449 1523 poscere
463 1452 590 1519 coelitus;

88 1541 171 1596 Absit
182 1541 257 1613 quod
268 1542 359 1596 scelus
370 1558 453 1596 omne
463 1549 493 1596 et
501 1547 603 1596 cuncta
616 1542 731 1598 veniant
738 1541 819 1599 bene.

53 1630 197 1685 lmmunes
212 1629 343 1685 manibus
357 1630 445 1685 simus
460 1635 490 1685 et
502 1630 621 1695 actibus,

90 1720 209 1775 Sensum
223 1718 307 1773 corde
317 1719 395 1790 pium
409 1719 506 1774 confer
519 1725 549 1775 et
564 1720 712 1792 optimum,

88 1809 127 1864 Ut
141 1814 169 1862 te
183 1809 238 1863 rite
252 1809 375 1862 colentes
389 1825 538 1864 comamus
549 1808 701 1865 Dominum
716 1823 826 1879 greges.

53 1897 143 1968 Cujus
158 1897 234 1951 orbis
246 1897 345 1960 honor,
360 1898 440 1967 cujus
456 1904 485 1952 et
498 1899 613 1958 athera.

90 1987 179 2057 Cuius
192 1985 249 2041 vita
264 1986 349 2052 salus,
361 1992 391 2041 et
400 1985 475 2041 bona
488 1987 621 2053 maxima,

90 2075 140 2130 Est
145 2075 191 2130 eui
196 2088 300 2131 nomen
307 2075 336 2129 in
346 2091 445 2141 avum,
454 2092 574 2146 regnum
584 2080 752 2148 perpetuam
762 2073 856 2133 amul.

55 2164 100 2219 Sit
116 2163 189 2236 patri
203 2164 329 2234 ingenito
344 2164 435 2234 gloria
448 2165 571 2219 maxima

91 2253 134 2308 Sit
145 2253 219 2308 Nato
232 2253 340 2324 pariter
353 2269 476 2309 consona
488 2253 588 2323 gloria,

90 2343 163 2399 Cum
174 2341 258 2398 Flatu
269 2341 355 2398 amul
368 2342 443 2397 almo
457 2358 508 2413 per
520 2346 623 2398 cuncta
637 2340 682 2413 pie
696 2340 808 2400 meula·

54 2476 508 2538 XX.-urnaus1uuaucaus.
522 2490 677 2538 corisson
692 2470 855 2537 uirrars.

56 2608 168 2681 Inclyta
179 2615 342 2665 sauctorum
358 2624 421 2663 cum
435 2609 526 2679 gloria
539 2609 640 2665 crescit
653 2608 767 2681 ubique.

79 2697 126 2751 -Et
141 2697 274 2753 meritum
283 2696 416 2768 splendor
429 2697 519 2768 fulget
534 2698 564 2752 in
578 2696 645 2753 orbe
658 2696 721 2753 soli.

53 2786 123 2842 Asia
136 2786 299 2858 magnificat
311 2785 455 2852 Jacobum,
464 2787 590 2842 Ausonia
600 2802 713 2858 quoque
729 2786 856 2854 Petrum,

91 2876 287 2946 loauncmque
301 2875 436 2947 Ephesus,
446 2875 541 2931 Africa
554 2875 737 2947 Cyprianum.

54 2965 119 3020 Non
134 2964 228 3020 miuus
243 2964 368 3019 exaltans
381 2962 505 3019 celebrat
519 2963 672 3018 Germania
686 2964 783 3020 laudes

92 3053 126 3109 Et
139 3050 275 3108 Bonifacii
289 3068 359 3124 opus
373 3053 507 3125 martyris
521 3052 682 3107 almificum.

54 3143 177 3198 Ordinat
190 3141 266 3198 hunc
279 3142 378 3207 Roma,
390 3140 520 3214 mittique
531 3140 679 3197 Britannia
689 3147 780 3197 mater

91 3232 241 3287 Doctorem
256 3231 367 3305 populis
379 3231 432 3286 hoo
442 3230 527 3286 decus
542 3230 682 3287 Ecclesia.

55 3321 221 3377 Pontificem
237 3336 378 3376 summum
393 3320 538 3392 signorum
550 3317 667 3375 {uimine
681 3320 797 3385 clarum,

92 3408 210 3481 Eloquio
225 3408 357 3476 nitidum,
374 3408 500 3465 moribus
516 3408 670 3481 egregium.

55 3499 147 3554 Tanta
160 3496 332 3570 prophetalis
343 3515 427 3570 quem
436 3498 530 3569 gratia
544 3497 623 3553 fulcit
636 3495 761 3561 honoris,

93 3587 218 3641 Ventura
231 3592 262 3641 ut
274 3586 364 3641 multa
378 3587 489 3641 rettulit
503 3587 544 3642 uti
560 3602 640 3640 nova.

57 3675 147 3741 Quem
162 3675 284 3731 Francos
299 3675 439 3747 Fresoque
452 3676 537 3730 simul
555 3677 684 3747 saxoque
698 3674 858 3732 ministrum

28 3754 31 3759 ’
94 3765 216 3820 AEternae
230 3764 293 3819 vita
309 3764 443 3835 predicet
455 3780 517 3818 esse
534 3762 597 3818 sihi.

62 3854 230 3925 Quanquam
244 3852 399 3910 Fresonum
412 3869 483 3924 gons
500 3851 627 3909 moribus
651 3852 736 3908 ellera
748 3864 861 3925 semper

94 3943 228 4015 Martyris
241 3956 309 4013 ergo
324 3956 424 3997 manus
437 3941 574 4012 sanguine
596 3939 730 4013 polluerit
746 3960 753 3996 ε

58 4030 192 4087 Praedixit
205 4030 309 4086 christi
320 4031 369 4087 sed
383 4046 435 4086 vox
448 4030 595 4087 verissima
609 4030 683 4102 quod
697 4044 772 4086 nunc

95 4120 229 4175 Cernitur
241 4119 388 4191 impletum
403 4119 531 4190 pluribus
547 4134 609 4174 ecce
621 4119 699 4175 locis

58 4207 140 4273 Quod
154 4215 232 4263 terra
244 4208 374 4273 moritur,
390 4208 563 4264 frumentum
576 4208 698 4280 plurima
711 4206 819 4265 confert

94 4279 220 4361 Semina,
235 4296 413 4368 fructumque
433 4296 621 4368 multiplicare
635 4296 730 4352 studet
747 4317 752 4350 :

58 4385 160 4459 Sisque
170 4385 323 4441 sacerdotis
337 4385 449 4441 Domini
464 4386 609 4441 latissima
620 4385 720 4440 crescit

93 4472 194 4530 Paucis
207 4491 240 4530 ex
253 4473 349 4546 granis
360 4473 544 4545 glorificanda
558 4490 648 4546 seges.

56 4562 187 4623 Hormus
201 4579 265 4619 ecce
277 4563 370 4628 modo,
385 4564 535 4634 vivensque
547 4562 656 4618 solebat
667 4568 700 4619 ut
713 4568 789 4627 ante,

91 4651 231 4707 Lucratur
245 4652 358 4707 Christo
373 4652 486 4724 agmina
501 4651 663 4722 multivaga.

56 4740 145 4813 Signa
156 4745 270 4799 movent
283 4741 411 4814 populos,
428 4746 544 4796 cernent
558 4741 700 4813 magnalia
713 4742 787 4806 ceci,

92 4828 291 4902 Sudorumque
305 4846 392 4886 sonus
406 4829 521 4887 auribus
531 4830 592 4903 ipse
605 4835 695 4886 tonat.

52 4917 220 4975 llorborum
233 4918 347 4991 lugiunt
361 4918 447 4985 labes,
463 4918 542 4975 furor
554 4918 658 4990 impius
667 4919 722 4977 atri

90 5007 233 5064 Damonis
243 5006 355 5063 absistit
367 5007 501 5080 martyris
512 5023 546 5065 ex
560 5007 697 5080 precibus.

53 5097 159 5167 Sicque
173 5102 255 5152 tuum
268 5096 406 5152 famulum
416 5097 545 5153 Cluistus
558 5096 660 5152 ditavit
672 5096 787 5162 honore,

91 5182 130 5241 Ut
140 5190 241 5256 regnet
255 5188 334 5252 coelo,
353 5186 473 5259 imperet
486 5192 571 5258 atque
585 5185 654 5241 solo.

54 5273 211 5330 Multorum
224 5281 344 5330 eternas
359 5275 497 5331 Dominus
513 5275 563 5330 dat
578 5289 704 5328 creseere
718 5274 824 5339 laudes,

92 5363 170 5426 Quos
185 5364 251 5418 fidei
263 5364 397 5419 meritum
406 5364 511 5419 fecerat
525 5380 586 5417 esse
599 5379 703 5417 sacros.

54 5450 113 5508 Sed
126 5453 228 5506 merito
243 5453 372 5508 Ecclesia
387 5454 537 5508 laudantur
551 5452 580 5506 in
592 5451 658 5506 orbe
669 5451 806 5523 magistri,

92 5542 170 5605 Quos
184 5559 255 5613 opus
269 5549 297 5596 et
309 5542 424 5599 verbum
436 5546 576 5616 praeparat
589 5546 673 5613 atque
683 5539 763 5597 fides.

54 5629 132 5702 Ergo
147 5630 189 5684 vir
205 5630 258 5686 iste
274 5632 325 5686 Dei
338 5648 475 5705 spernens
488 5630 632 5687 mundana
646 5627 769 5700 reliquit,

899 563 1148 635 centuplicemque
1155 561 1392 616 metenslructum
1399 561 1444 615 hic
1454 561 1555 632 accipit
1564 561 1699 634 amplum,

934 653 1052 723 Insuper
1066 658 1201 706 aeternam
1215 650 1339 722 possidet
1349 657 1378 706 et
1392 651 1529 721 requiem.

898 741 1006 811 Dignus
1016 740 1128 812 quidem
1139 740 1222 795 laude
1235 739 1444 805 aeviternam
1458 740 1575 796 cumina
1584 741 1698 810 ducens,

931 830 985 895 Qui
998 828 1049 885 avi
1063 829 1103 884 sic
1116 834 1207 884 metas
1217 829 1358 885 clauserat
1371 834 1400 883 et
1413 845 1557 885 numeros.

898 920 999 974 Accola
1010 919 1070 990 jam
1085 917 1198 975 Domini
1210 934 1314 975 savum
1328 919 1389 989 jam
1404 918 1510 975 vicerat
1523 919 1643 985 hosam,

934 1009 1004 1063 Cum
1020 1008 1130 1063 Christo
1147 1013 1248 1079 regnat
1266 1008 1360 1063 accola
1374 1023 1448 1063 nuuc
1463 1007 1587 1075 Domini.

898 1096 1007 1151 Gaudia
1022 1114 1125 1168 magna
1137 1096 1188 1153 Dei
1200 1099 1260 1169 jam
1275 1097 1390 1153 intravit
1404 1097 1494 1162 laetus,
1511 1103 1542 1151 et
1554 1097 1601 1163 illc

934 1187 1038 1241 Invitat
1050 1204 1098 1240 vos
1115 1186 1149 1240 ad
1163 1186 1267 1256 gaudia
1280 1192 1383 1257 magna
1398 1186 1459 1249 Dei.

899 1275 1042 1345 Sanguine
1051 1292 1153 1348 nempe
1165 1291 1216 1329 suo
1227 1275 1354 1346 requiem
1364 1274 1416 1330 sibi
1427 1281 1574 1348 comparat
1583 1276 1699 1341 almum,

935 1365 1059 1435 Imperat
1075 1365 1148 1418 hanc
1161 1363 1241 1418 nobis
1256 1363 1393 1433 sanguine
1404 1380 1506 1437 nempe
1518 1380 1581 1425 auo.

898 1453 1033 1524 Martyrio
1048 1453 1162 1507 decorat
1176 1451 1311 1524 quidquid
1326 1451 1479 1507 Germania
1491 1451 1592 1519 nutrit,

935 1541 969 1596 Et
984 1542 1099 1612 proprio
1114 1541 1239 1595 sobolem
1250 1539 1386 1612 martyrio
1398 1540 1521 1599 decorat.

897 1632 921 1688 0
935 1631 1036 1703 patria,
1052 1631 1201 1703 opopulus
1213 1636 1293 1685 tanto
1307 1629 1397 1685 ditata
1411 1628 1539 1701 patrono,

933 1720 988 1775 Per
1000 1736 1084 1791 quem
1095 1719 1152 1773 vita
1167 1719 1280 1786 veniae
1295 1719 1396 1790 patria,
1415 1736 1430 1773 o
1444 1720 1580 1792 populus!

864 1792 1044 1880 BDignaque
1059 1826 1121 1879 quie
1134 1808 1237 1874 lucras,
1253 1813 1379 1881 oterque
1395 1813 1551 1889 quaterque
1562 1809 1654 1877 hasa,

936 1898 1058 1952 Praesule
1073 1898 1181 1967 hocque
1193 1896 1251 1967 regi
1266 1896 1406 1968 dignaque
1422 1913 1484 1968 quae
1496 1897 1609 1955 fueras!

899 1986 996 2041 Gloria
1009 1986 1094 2057 digna
1108 1986 1176 2053 Deo,
1191 1985 1277 2040 talem
1293 1984 1340 2056 qui
1354 1984 1433 2039 illum
1448 1985 1526 2041 dedit
1538 2003 1609 2055 esse,

935 2075 1045 2146 Quique
1058 2074 1136 2129 dedit
1145 2072 1235 2140 nobis,
1249 2073 1341 2144 gloria
1354 2089 1459 2145 magna
1469 2073 1536 2129 Deo.
1572 2090 1576 2101 ¹

900 2163 996 2219 Gloria
1008 2180 1111 2234 magna
1125 2164 1183 2218 Deo
1198 2179 1318 2234 semper,
1330 2178 1381 2235 per
1392 2162 1493 2218 saecula
1506 2170 1606 2223 cuncta

935 2252 1067 2307 Dicamus
1077 2269 1176 2307 omnes
1191 2271 1196 2305 :
1215 2251 1311 2307 Gloria
1325 2268 1428 2324 magna
1438 2251 1506 2307 Deo.

919 2386 1001 2448 xxi.
1023 2421 1061 2430 -
1077 2402 1107 2446 nr
1124 2400 1242 2446 raram
1255 2400 1364 2448 saacrr
1378 2398 1508 2448 annana
1524 2395 1676 2450 amadati.
1724 2427 1729 2435 ·

971 2517 1057 2573 Nobis
1070 2534 1134 2573 ecce
1147 2517 1207 2573 dies
1221 2515 1318 2573 ordine
1332 2535 1465 2591 congruo,

972 2607 1053 2662 Venit
1065 2623 1139 2661 nunc
1152 2605 1278 2673 celebris,
1292 2606 1384 2663 clarus
1398 2608 1536 2665 amabilis.

1041 2697 1102 2761 Quo
1118 2697 1204 2750 victor
1214 2713 1300 2767 supra
1315 2696 1373 2752 alta

1040 2783 1157 2840 Scandit
1169 2800 1287 2857 propere
1302 2785 1396 2841 sidera

968 2874 1095 2930 Andreas
1108 2874 1221 2929 Domini
1235 2878 1349 2930 sanctus
1364 2876 1507 2951 apostolus

970 2962 1183 3035 Germanusque
1197 2962 1273 3018 Petri
1288 2962 1420 3037 principis
1432 2962 1540 3037 inclyti,

1042 3051 1177 3126 Princeps
1190 3051 1251 3125 ipse
1264 3052 1362 3120 virilis,

1044 3142 1166 3197 Consors
1181 3141 1317 3214 martyrio
1332 3141 1395 3198 fuit.

969 3231 1043 3286 Dum
1057 3230 1200 3287 Christum
1214 3231 1330 3286 comites
1343 3230 1486 3303 gressibus
1500 3238 1529 3289 et
1543 3248 1625 3305 pares

972 3318 1124 3390 Exequant
1146 3320 1260 3392 pariter,
1277 3320 1411 3391 dogmata
1423 3310 1559 3391 colligunt

1044 3409 1121 3478 Ejus,
1135 3414 1226 3463 morte
1241 3412 1398 3479 sequuntur

1042 3495 1078 3551 st
1091 3495 1211 3568 vestigia
1224 3513 1275 3568 per
1292 3512 1413 3550 crucem.

972 3586 1099 3640 Piscator
1111 3584 1204 3639 iuerat
1212 3585 1313 3640 Petrus
1327 3591 1357 3639 et
1369 3584 1505 3651 Andreas,

971 3673 1038 3728 Post
1051 3672 1134 3727 ambo
1149 3672 1263 3745 rapiunt
1277 3672 1352 3727 orbis
1365 3680 1394 3727 et
1405 3671 1527 3745 agmina.

1042 3760 1163 3817 vastant
1172 3776 1286 3833 aequora
1297 3753 1405 3829 mundi,

1042 3852 1086 3906 Ad
1099 3867 1187 3921 regna
1196 3856 1281 3923 atque
1293 3849 1411 3906 trahunt
1424 3850 1491 3923 poli.

973 3940 1097 3996 Laudem
1112 3941 1166 3996 rite
1179 3940 1269 3995 crucis
1283 3940 1393 3996 sortiter
1402 3942 1546 4015 expetunt,

974 4030 1045 4086 Dum
1059 4029 1163 4086 Christi
1177 4029 1316 4102 crepitant
1329 4028 1364 4083 de
1378 4046 1461 4086 cruce
1468 4029 1601 4101 gloriam,

1044 4118 1112 4175 Coeli
1127 4134 1215 4190 regna
1230 4124 1389 4191 capessunt,

1045 4208 1140 4265 Vitam
1152 4209 1187 4263 de
1198 4224 1280 4264 cruce
1293 4208 1440 4280 colligunt.

973 4297 1100 4354 Andreas
1112 4297 1220 4370 utique,
1235 4297 1407 4370 conspiciens
1420 4310 1541 4359 crucem,

973 4385 1118 4443 Exclamat
1128 4384 1221 4441 sabim
1235 4384 1331 4441 taliter
1342 4384 1477 4443 intonans
1494 4405 1499 4439 :

1048 4475 1138 4543 Salve,
1155 4481 1251 4530 sancte
1267 4475 1438 4546 triumphus,

1045 4564 1150 4619 Christi
1165 4568 1318 4636 perpetuus
1332 4563 1433 4619 honor.

973 4653 1018 4707 lle
1032 4667 1107 4707 nunc
1119 4658 1150 4708 tu
1164 4652 1301 4707 famulum
1316 4651 1426 4726 suscipe
1439 4662 1585 4719 manuum,

972 4742 1040 4807 Qua
1054 4742 1162 4797 dudum
1175 4741 1327 4797 Dominum
1339 4741 1479 4799 extuleras
1492 4741 1580 4813 pium.

1045 4831 1087 4887 Tu
1101 4847 1175 4887 nunc
1190 4830 1275 4886 redde
1288 4831 1433 4901 magistro,

1034 4920 1101 4985 Quas
1115 4937 1160 4975 me
1174 4920 1346 4991 exquisieras
1361 4920 1429 4975 Deo.

975 5009 1066 5080 Hujus
1080 5025 1132 5064 nos
1146 5008 1285 5081 precibus,
1301 5008 1421 5076 Christe,
1437 5007 1571 5081 piissimis

974 5095 1102 5166 Absolve,
1118 5098 1251 5173 petimus,
1266 5098 1326 5171 ipse
1342 5098 1464 5154 reatibus

1050 5187 1117 5243 Luci
1133 5187 1213 5244 trade
1226 5187 1398 5259 redemptos,

1047 5276 1174 5347 Purgans
1188 5276 1325 5346 sanguine
1339 5276 1446 5331 noxios.

973 5365 1016 5420 Da
1028 5371 1153 5420 mentem
1166 5365 1297 5433 sobriam,
1313 5365 1354 5419 sic
1368 5366 1442 5437 regis
1456 5364 1602 5433 advenam,

973 5457 1016 5512 Da
1029 5462 1138 5511 stamen
1153 5453 1245 5527 operis
1258 5454 1292 5510 de
1307 5454 1365 5509 fece
1377 5454 1510 5527 corporis,

1045 5546 1135 5613 Intus,
1151 5544 1228 5609 feris,
1247 5543 1351 5615 ubique

1043 5634 1085 5692 lu
1099 5651 1162 5702 aas,
1174 5633 1289 5707 inclyte,
1304 5639 1429 5707 protege.
