3772 6120
318 303 505 359 conam.
526 304 566 359 rs
584 304 743 359 enarres
761 304 845 368 eun
862 304 911 358 aa
929 304 1073 360 usuam
1089 290 1283 362 meamet.
1505 274 1509 283 “
1554 307 1623 365 ires

99 426 288 495 arg-tiarmrd
312 433 407 481 artem
429 429 458 481 in
487 427 640 482 racerilms
666 428 777 490 restris,
787 431 811 488 Α
820 427 927 482 bitione
942 428 1065 482 coerciti.
1077 430 1112 483 Et
1125 430 1261 502 corripuit
1272 447 1323 502 pro
1338 431 1380 484 eis
1390 447 1485 501 reges:
1503 432 1623 487 «Nolite

99 514 194 568 nliliis
208 515 279 569 dico.
296 516 454 570 dilatamini
476 523 503 571 et
517 534 574 570 vos.
594 518 672 571 Unde
686 524 780 571 eutem
822 523 939 586 tangere
965 517 1088 572 christos
1112 534 1189 573 meos
1213 521 1292 587 (Ριαί.
1309 523 1370 588 ιιι).
1388 538 1403 572 o
1417 520 1513 574 Salvos
1528 527 1622 575 sutem

99 603 224 657 rordine
251 606 419 674 provenerit,
448 611 480 659 ut
508 605 679 659 salutaribus
699 607 781 677 aquis
821 604 1020 660 secitchristcs
1042 621 1118 669 suos,
1136 624 1193 662 non
1212 625 1282 679 quos
1305 608 1553 673 christosinrenit
1573 609 1621 664 se'd

99 710 109 744 ι.
117 699 326 763 aspergeretur,
338 699 424 765 utque
440 694 559 765 abyssus
568 695 714 765 sapientia
728 712 780 750 crs·
821 710 892 764 quos
905 694 1074 765 egrediendo
1088 713 1106 749 a
1120 697 1202 751 Patre
1219 704 1249 751 et
1262 697 1291 751 in
1302 713 1385 753 carne
1395 699 1556 769 apparendo
1572 715 1622 770 per

99 780 170 835 erris
185 781 348 848 intonuerit
369 791 520 854 sequenter
541 784 699 838 ostenditur
716 801 779 838 cum
821 782 980 854 adoptionis
1002 784 1139 855 Spiritum
1159 786 1290 846 christos
1314 786 1410 847 idest
1432 792 1532 841 unctos
1554 802 1621 841 suos

820 870 894 925 iecit
912 872 953 926 De
962 888 1019 943 aaa
1033 873 1164 927 uncam
1179 888 1297 928 monens
1306 891 1373 929 suos
1384 875 1527 929 auditores
1535 877 1622 929 loen

99 961 286 1012 ntusesteol
301 961 525 1014 etlunastetit
518 979 546 1015 m
568 963 666 1016 ordine
682 979 741 1016 suo.
766 981 776 1013 i
820 961 1024 1031 nesapostolus
1039 961 1130 1015 dicit:
1143 963 1269 1017 rEtroa
1284 964 1456 1029 unctionem
1473 980 1558 1034 quam
1573 980 1623 1018 ac·

99 1053 165 1102 sest
179 1048 254 1101 enim
274 1049 420 1109 Dominus,
436 1051 478 1102 sol
497 1051 626 1104 videlicet
647 1052 777 1121 justitiae,
820 1049 932 1120 cepistis
946 1049 1036 1104 abeo
1052 1059 1165 1104 maneat
1182 1051 1335 1121 iurabisll
1348 1055 1429 1105 diroti.
1447 1056 1486 1120 ιι)

99 1134 216 1191 adonem
231 1154 264 1190 ac
278 1138 512 1192 resurrectionem
527 1156 608 1193 snam
621 1140 651 1193 in
665 1142 777 1201 coelmn,
858 1158 871 1184 r
889 1138 1012 1193 Misisti
1005 1155 1034 1192 m
1048 1139 1161 1209 capita
1155 1140 1332 1194 mimicorum
1348 1147 1477 1206 mortem,
1491 1141 1619 1197 excitasti

99 1240 144 1279 oe
167 1226 250 1279 Patre
271 1225 378 1295 Spiritu
399 1226 551 1281 illustravit
569 1228 733 1295 Ecclesiam,
748 1244 779 1283 ac
822 1243 836 1278 ι
853 1227 1061 1299 rinculsusqae
1075 1226 1110 1282 ad
1131 1228 1424 1284 eervicesailcminus
1436 1230 1510 1284 enim
1518 1231 1620 1286 occidit

99 1313 375 1378 seminantem,
393 1323 425 1368 ut
443 1316 545 1385 ipsein
562 1317 659 1370 ordine
674 1319 776 1377 sum-id
820 1322 975 1386 precntum.
993 1317 1108 1372 mittens
1128 1317 1157 1371 in
1176 1318 1269 1387 eapite
1292 1317 1469 1373 inimicorum
1490 1324 1619 1381 mortem,

99 1402 257 1474 iinnplctam
264 1404 416 1457 Daniiniess
426 1404 628 1459 incarnationis
641 1421 778 1460 arcanum
820 1410 852 1458 ut
865 1405 985 1459 viriticet
1000 1406 1127 1476 justitiae.
1142 1407 1238 1460 llicam
1249 1406 1356 1476 aliquid
1367 1408 1500 1461 curiacius
1517 1427 1523 1461 :
1541 1408 1620 1463 Chri·

107 1491 232 1562 perlidioe
248 1493 383 1560 languore
396 1510 547 1561 exsurgens
565 1500 653 1548 staret
666 1494 695 1548 in
713 1497 776 1556 lide,
820 1497 880 1546 stus
894 1494 929 1546 ad
944 1494 995 1547 hoc
1009 1495 1127 1548 venitin
1142 1495 1289 1560 mundum,
1298 1501 1331 1548 ut
1340 1496 1368 1549 in
1381 1496 1473 1566 capita
1487 1496 1617 1551 inimico-

112 1587 255 1650 agcrct.et
266 1582 472 1635 confortaretur
487 1583 515 1635 in
529 1583 665 1637 charitats
679 1585 776 1655 ipsius.
820 1598 881 1635 rum
889 1583 1015 1636 mitteret
1024 1590 1153 1649 mortem,
1162 1590 1191 1637 et
1208 1584 1281 1638 sicut
1298 1584 1357 1654 ipse
1368 1589 1481 1654 peccato
1491 1592 1618 1639 mortuus

110 1668 164 1722 soli
178 1669 331 1734 Christum,
350 1671 499 1724 Feclesiam
514 1671 778 1744 lunaecomparave-
819 1677 862 1723 est
877 1671 972 1732 minet.
990 1671 1030 1725 sic
1050 1680 1079 1726 et
1099 1673 1139 1726 illi
1163 1682 1342 1727 morerentur
1360 1672 1512 1744 iniquitati,
1529 1673 1620 1744 etqui

99 1758 163 1813 aad
173 1759 303 1813 eumdem
314 1760 400 1812 solem
410 1776 560 1814 consensus
571 1761 702 1815 continuo
715 1746 810 1815 sual
820 1758 886 1811 fecti
900 1759 1014 1813 fucrant
1027 1760 1177 1831 participes
1197 1762 1308 1825 mortis,
1327 1763 1412 1832 hujus
1431 1763 1493 1816 ritae
1511 1779 1623 1832 quoque

819 1848 922 1900 tierent
932 1847 1091 1918 participes.
1114 1850 1267 1905 Suscitarit
1276 1851 1414 1905 Dominus
1429 1851 1539 1905 vincula
1554 1851 1621 1905 elsa-

99 1935 199 1990 umine
205 1935 300 2005 jacula
309 1942 359 1989 tua
372 1936 452 1990 ibunt
463 1937 492 1991 in
500 1938 648 2009 splendore
662 1938 779 2008 lhlgoris
819 1935 922 1997 rimus,
939 1942 971 1990 ιιι
985 1936 1071 2006 priori
1083 1953 1168 1991 onere
1177 1938 1315 2009 deposito,
1327 1944 1356 1993 et
1369 1939 1534 2009 gravisnmo
1541 1941 1621 2010 iugo,
1662 1939 1665 1943 ’

99 2036 154 2077 ιιι
168 2028 292 2078 tuorum.
310 2044 322 2071 a
345 2026 441 2078 leculo
458 2032 552 2080 antem
576 2027 679 2080 Christi
695 2026 779 2081 rerba
820 2039 877 2094 quo
889 2025 1097 2095 premebantur,
1124 2025 1245 2095 abjecto,
1261 2028 1321 2081 leve
1341 2027 1446 2081 Christi
1465 2028 1623 2099 suscipere-

99 2128 145 2178 es,
161 2112 263 2183 quibus
277 2114 360 2167 corda
378 2114 522 2168 hominum
542 2122 776 2186 compunguntur,
820 2128 884 2166 mus
894 2114 1004 2184 iugum,
1016 2119 1049 2167 ut
1070 2115 1099 2168 in
1118 2131 1202 2168 curru
1218 2115 1292 2169 illius
1307 2115 1390 2186 positi
1405 2116 1533 2186 aurigam
1547 2118 1622 2186 opti-

99 2202 148 2255 ari
159 2202 273 2255 vulnere
288 2202 405 2264 inllicto,
422 2204 510 2273 pimsit
522 2205 617 2258 anima
631 2204 721 2258 fidelis
734 2205 778 2258 di·
821 2219 899 2256 mum
924 2209 1110 2273 portaremus,
1128 2204 1202 2273 quod
1219 2209 1247 2257 ct
1266 2204 1349 2258 aliter
1369 2204 1489 2274 intelligi
1504 2210 1619 2275 potest:

99 2290 225 2345 ffirerate
244 2291 381 2345 charitate
405 2309 457 2362 rgo
482 2309 554 2358 sum,
572 2311 633 2363 qum
652 2293 781 2348 videlicet
822 2291 870 2361 qui
880 2292 955 2345 enim
970 2292 1066 2346 electis
1075 2292 1142 2355 suis,
1154 2308 1225 2363 ques
1239 2292 1358 2347 christos
1373 2292 1564 2364 appellaverat
1572 2310 1622 2363 per

99 2379 232 2434 {lumine
248 2386 324 2439 eunt,
335 2381 723 2450 quiaministeriodoetorum
737 2399 795 2437 ιιι-ι
823 2380 993 2451 Prophetam
1017 2381 1153 2451 gaudium
1169 2382 1269 2435 salutis
1285 2381 1401 2439 obtulit:
1423 2381 1481 2453 ipse
1497 2381 1560 2446 illie,
1574 2382 1622 2453 qui

99 2468 176 2523 arba
188 2470 394 2539 mundopalam
409 2470 601 2525 innotuerunt.
613 2473 778 2542 juxtaquod
821 2469 881 2538 ejus
900 2469 968 2539 ungi
997 2470 1090 2539 gratia
1105 2470 1298 2540 neglexerunt,
1316 2477 1437 2524 incitem
1452 2470 1531 2524 misit
1543 2478 1622 2525 aeter-

99 2556 169 2611 ritae
182 2558 288 2611 eisdem
304 2559 439 2628 praecipit,
457 2559 552 2613 dicens
577 2580 582 2611 :
603 2578 616 2612 ι
631 2562 698 2623 (lum
717 2560 779 2614 dico
820 2572 896 2617 nam.
909 2557 983 2627 cuod
999 2557 1026 2610 in
1044 2558 1103 2627 ipsa
1116 2557 1378 2627 gentatrrdeeorum
1394 2574 1457 2628 quar
1468 2558 1620 2613 Dominum

99 2646 238 2700 tenearis
254 2647 338 2700 dieite
354 2647 382 2702 in
403 2647 519 2707 lunrine,
536 2655 565 2702 et
578 2649 650 2719 quod
667 2649 696 2702 in
711 2666 778 2703 aure
820 2646 849 2700 in
865 2660 950 2699 carne
964 2654 1147 2717 apparentem
1165 2646 1201 2699 ad
1223 2653 1342 2700 mortem
1363 2663 1451 2716 usque
1473 2654 1622 2717 persecuta

111 2735 263 2806 praedicate
278 2742 449 2805 supertecta
472 2738 542 2799 {tac
558 2742 604 2799 ιιι)
619 2756 625 2804 ;
639 2754 653 2789 i
665 2743 695 2791 et
709 2754 778 2808 quo-
820 2740 872 2800 εει,
889 2735 975 2788 etiam
990 2735 1174 2805 comissaliter
1190 2742 1371 2789 esseconstat
1386 2735 1543 2805 impletum,
1560 2753 1621 2806 quer

99 2823 185 2895 aquia
201 2825 270 2877 lucis
284 2831 381 2878 secuta
400 2832 443 2878 est
456 2826 542 2878 etiam
564 2826 677 2880 claritas
692 2827 778 2879 mira·
822 2830 969 2893 postquam
977 2840 1042 2878 eum
1052 2825 1191 2879 crucilixit
1205 2824 1364 2879 nonmultis
1372 2823 1622 2881 intervenientibus

99 2913 240 2977 aanoldis
257 2932 263 2978 ;
280 2913 308 2966 in
327 2914 475 2984 splendore
498 2914 614 2984 helgerio
634 2931 778 2969 armorum
820 2913 911 2977 annis,
929 2913 1079 2983 ingruente
1094 2913 1220 2968 Romano
1242 2914 1375 2976 exercitu,
1393 2913 1516 2984 exceptis
1530 2912 1621 2968 solum

100 3020 107 3067 ς
112 3000 216 3073 jaculis
224 3002 328 3072 quippe
338 3001 654 3056 bellantaesad-versarios
661 3003 776 3067 feriunt
801 3001 861 3078 xeis
876 3002 966 3071 quiin
989 3002 1074 3056 tidem
1092 3020 1122 3056 se
1142 3002 1313 3072 Evangelicae
1326 3001 1425 3072 gratiae
1436 3007 1619 3068 secreverant,

99 3090 233 3144 uniendo
248 3106 309 3143 sese
330 3107 347 3143 a
367 3091 481 3144 vulnere
498 3091 680 3145 ‹lescendunt
698 3091 777 3146 Unde
789 3066 809 3120 ⁶¹
821 3090 930 3145 enormi
940 3097 984 3145 est
996 3091 1076 3145 clade
1089 3092 1232 3151 damnate,
1250 3096 1279 3145 et
1287 3091 1349 3162 ipsa
1357 3091 1474 3161 insuper
1486 3105 1574 3162 regno
1588 3107 1621 3145 sc

99 3178 234 3233 lamerito
250 3179 324 3232 dicta
339 3179 561 3250 praedicantium,
576 3179 677 3250 quibus
689 3180 779 3250 pravi-
820 3179 912 3248 patria
917 3179 1034 3250 privata.
1043 3179 1077 3233 Et
1086 3179 1139 3233 hoc
1146 3186 1190 3234 est
1197 3180 1271 3251 quod
1279 3180 1354 3234 eitra
1368 3180 1500 3234 Excitasti
1510 3180 1620 3234 vincula

99 3268 257 3323 infidelium
290 3275 432 3339 superant,
463 3268 493 3321 in
516 3269 606 3322 armis
632 3269 776 3323 miracula.
820 3282 909 3337 usque
923 3267 1113 3323 adcrrvicem.
1132 3288 1144 3317 a
1162 3268 1296 3322 cerrimm
1312 3268 1441 3323 videlicet
1457 3268 1546 3337 regni,
1565 3284 1620 3338 quo

99 3356 238 3410 ennam
254 3374 311 3410 suae
323 3357 529 3428 predicationis
542 3358 723 3423 confirmante
733 3357 776 3410 in-
819 3360 918 3408 contra
930 3355 1082 3409 Dominum
1094 3356 1207 3411 licerent
1219 3355 1356 3415 e1·ecti,de
1371 3356 1503 3426 quodieit
1514 3356 1621 3410 eisdem

99 3462 137 3501 nr.
150 3445 225 3500 Eunt
240 3464 306 3516 ergo
316 3446 344 3500 in
361 3447 465 3500 lumine
478 3447 572 3516 jascula
586 3445 700 3499 Christi.
710 3450 778 3499 eunt
818 3442 848 3496 in
861 3458 891 3497 se
905 3443 992 3497 etiem
1006 3443 1165 3498 furentibus
1173 3443 1351 3498 beatissimus
1365 3446 1621 3515 protomartyrsts·

99 3535 173 3589 alere
186 3534 303 3604 fulgoris
312 3552 456 3588 amisorum
472 3536 561 3589 illius:
579 3535 645 3605 quia
660 3550 721 3605 (pure
736 3531 776 3587 le·
819 3532 928 3601 phanus
946 3548 979 3581 :s
997 3533 1074 3586 Dura
1087 3533 1192 3586 cervice
1203 3538 1233 3586 et
1245 3532 1433 3586 incircumcisi
1447 3532 1577 3587 cordibus
1592 3539 1620 3588 et

99 3623 183 3684 ltalia,
199 3641 261 3695 quae
282 3624 395 3695 aperuit
416 3640 529 3683 arcana,
550 3639 612 3694 quae
632 3624 777 3695 proposuit
819 3619 943 3683 auribus,
960 3637 1007 3674 ros
1022 3637 1132 3690 semper
1146 3620 1263 3690 Spiritui
1282 3627 1379 3674 sancto
1393 3620 1537 3674 restitistis
1546 3622 1616 3688 (slot.

99 3728 123 3775 t,
134 3729 197 3784 quae
208 3713 338 3784 promisit
348 3714 472 3783 praemia.
484 3720 584 3766 ‹tirncto
595 3714 655 3783 jani
671 3712 776 3766 mundo
818 3712 855 3777 r).
870 3728 882 3760 s
902 3709 960 3764 Sed
971 3709 1010 3763 ad'
1021 3708 1093 3764 hanc
1106 3724 1196 3778 usque
1211 3707 1347 3762 cervicem
1358 3709 1469 3763 vincula
1482 3709 1618 3764 Dominus

99 3802 214 3873 tgslicm
226 3802 333 3855 litteras
347 3803 405 3856 sola
431 3803 533 3856 clarius
548 3802 705 3856 innotuere.
723 3802 777 3855 Sed
819 3797 957 3863 excitavit,
972 3814 1035 3852 cum
1050 3798 1085 3851 ad
1099 3797 1277 3851 eversionem·
1284 3797 1411 3867 superbas
1424 3797 1519 3867 gentis
1526 3798 1615 3852 llosti-

99 3889 118 3945 ιι
131 3890 270 3956 docteres,
285 3891 351 3961 quia
361 3890 410 3943 lilii
426 3890 497 3945 lucis
507 3897 583 3955 sunt,
597 3904 715 3961 quaeque
729 3890 777 3944 illo
819 3886 874 3940 lem
885 3886 1131 3941 misitexercitum.
1141 3885 1361 3955 Undeseriptum
1375 3891 1436 3939 est:
1455 3885 1618 3942 «Dominus

99 4000 102 4029 ι
127 3987 218 4049 agant
240 3980 296 4032 sire
317 3981 477 4049 loquuntur,
499 3981 559 4033 lucc
583 3979 718 4033 nimirum
746 3994 778 4033 ec
816 3976 910 4044 iustus
923 3974 1447 4045 concidetcervioespeccatorumlilml.
1463 3979 1616 4042 cxxviiii.»

99 4067 214 4122 reclera
229 4068 377 4138 refulgent..
857 4062 1529 4134 «Malediaistieceptrismassepha-bellatorum
1546 4064 1617 4134 ejus,

99 4156 306 4211 comminatione
325 4162 375 4211 tua
399 4156 553 4210 minorabis
572 4162 677 4210 terram
700 4162 730 4210 et
748 4157 777 4211 in
820 4140 1071 4217 «senientibuaut
1084 4151 1177 4217 turbo,
1186 4153 1222 4206 ad
1233 4152 1451 4223 dispergendum
1465 4153 1620 4208 me.Exeul·

99 4251 204 4301 rtuozt
221 4246 356 4299 Detrahet
370 4245 673 4315 gentesoomminendo
683 4245 778 4300 distri·
819 4258 832 4293 r
849 4242 919 4296 talio
933 4254 1042 4307 somma
1058 4242 1132 4297 sicut·
1144 4243 1207 4311 rjus
1222 4242 1269 4312 qui
1285 4242 1401 4296 devorat
1423 4256 1575 4312 pauperem
1589 4242 1618 4296 in

99 4333 225 4404 rjadicii,
248 4351 302 4404 qno
317 4334 396 4404 impii
414 4335 594 4400 damneumr,
615 4333 777 4388 humiliabis
819 4330 1021 4386 r-ahscondtm
1039 4331 1120 4385 Viam
1148 4330 1238 4385 fecisti
1260 4330 1289 4384 in
1312 4331 1384 4385 mari
1408 4330 1487 4400 equis
1511 4330 1568 4384 tuis
1588 4330 1618 4384 in

99 4438 132 4477 er
149 4439 199 4476 eos
218 4422 264 4493 qui
289 4428 403 4476 terrena
424 4422 584 4476 coelestibus
607 4409 808 4492 anteponerel)
820 4438 833 4472 ι
845 4421 905 4475 luto
918 4436 1056 4491 aquarum
1082 4420 1246 4474 multarum.
1262 4419 1364 4473 Audiri
1389 4424 1417 4471 ct
1436 4417 1619 4472 conturbatus

99 4517 163 4578 t,ut
176 4511 323 4565 minoratis
341 4512 476 4582 paulatim
487 4511 607 4565 terrenis
621 4511 777 4582 cupiditati·
819 4514 1002 4563 cestrentar
1019 4525 1128 4562 meus:
1159 4523 1176 4561 a
1204 4522 1268 4561 roca
1297 4512 1527 4561 contremuerunt
1544 4505 1618 4560 labie

99 4616 243 4656 vautram
256 4606 322 4654 mat
336 4616 434 4671 saporo
450 4607 478 4654 et
492 4617 617 4671 quaerere
632 4600 775 4670 incipiant,
821 4614 916 4652 «mea.
928 4597 1107 4668 Ingrediatur
1116 4596 1234 4668 putredo
1249 4594 1279 4648 in
1295 4593 1410 4649 ossibus·
1416 4594 1501 4662 meia-
1507 4600 1537 4651 et
1550 4595 1618 4650 sub-

99 4690 175 4745 udo
192 4689 315 4743 maciem
333 4689 533 4744 condemnabis
556 4706 603 4744 eos
626 4690 656 4743 in
677 4706 777 4760 perpe
821 4694 894 4741 ater
908 4702 953 4741 me
968 4690 1085 4752 scateat,
1094 4691 1126 4738 ut
1135 4683 1310 4754 requiescam
1324 4682 1354 4737 in
1365 4682 1411 4738 die
1426 4682 1617 4739 tribulationis

99 4778 133 4849 mi
148 4795 200 4850 pro
210 4783 374 4834 clamasse
386 4779 778 4849 exaltationeedtempushu·
820 4792 926 4841 ameoe,
942 4780 978 4830 ut
997 4773 1147 4829 ascendam
1175 4773 1211 4827 sd
1230 4772 1365 4843 populum
1391 4771 1547 4828 accinctam
1565 4763 1618 4828 no·

99 4874 333 4938 contempserunt.
819 4871 973 4919 usnam.»
997 4864 1033 4918 lit
1045 4879 1120 4917 nunc
1146 4868 1260 4916 mutim
1288 4859 1456 4916 llebraieum
1477 4861 1570 4932 posui,
1586 4868 1618 4916 ιιι

99 4956 135 5011 ἡ·
150 4956 180 5011 in
201 4957 320 5011 salutem
347 4956 442 5027 populi
462 4956 504 5011 tui
530 4961 562 5010 ut
586 4957 677 5010 salros
691 4955 777 5010 facias
818 4952 970 5024 separatim
991 4951 1026 5005 de
1041 4950 1164 5004 editione
1187 4949 1259 5004 Lxx
1283 4948 1467 5004 disseramus.
1495 4950 1617 5004 Multum

99 5050 140 5100 tes
167 5051 241 5100 tuos.
267 5063 281 5099 r
315 5046 405 5099 Eririt
434 5045 573 5100 mediator
601 5045 652 5100 Dei
671 5049 700 5099 et
725 5045 776 5099 ho·
819 5039 1080 5096 enimabomniam
1092 5037 1278 5094 mundone
1292 5037 1435 5091 discordat
1448 5037 1617 5092 exterere

122 5151 141 5188 a
167 5135 251 5188 Patre
280 5141 310 5188 et
330 5134 408 5188 venit
432 5135 461 5188 in
492 5135 638 5197 mundum,
663 5146 720 5188 non
746 5139 778 5187 ut
817 5129 912 5185 dixisti
921 5128 1050 5200 sceptris,
1067 5128 1099 5182 id
1119 5133 1170 5192 eet,
1197 5126 1293 5197 regnis
1315 5127 1385 5197 ejus,
1408 5126 1484 5180 haud
1499 5125 1616 5180 dubium

99 5230 119 5277 t
148 5223 296 5285 muadurn,
320 5223 369 5277 sed
404 5229 436 5277 ut
467 5223 623 5278 salvaretur
655 5222 777 5276 mandris
818 5219 886 5290 quin
900 5217 990 5288 impii,
1002 5218 1037 5271 de
1051 5233 1107 5286 quo
1125 5215 1340 5286 supradixerat,
1354 5214 1517 5284 percussisti
1532 5221 1617 5284 caput

99 5328 155 5367 uma
180 5312 311 5366 Christos
334 5317 429 5366 autem
452 5329 549 5366 omnes
570 5313 672 5366 electos
698 5311 775 5377 dicit,
818 5307 948 5362 dedomo
967 5305 1056 5376 impii,
1079 5304 1228 5359 denudasti
1247 5304 1464 5359 fundamentum
1477 5304 1617 5374 usquead

99 5400 249 5455 =unctione
272 5401 372 5471 gratia
396 5401 530 5471 spiritalis
553 5399 709 5454 rectissima
727 5400 779 5452 hoe
819 5397 932 5451 collum.
946 5394 1234 5465 Intelligimusautem
1242 5392 1364 5463 impium
1373 5393 1416 5446 rel
1433 5391 1618 5447 Nabuchodo-

99 5494 332 5559 eauneupantur.
348 5489 427 5543 Unde
438 5495 482 5543 est·
494 5489 562 5542 illud
577 5487 778 5543 Psalmistsede
819 5500 912 5551 noser,
930 5485 1095 5539 velomnem
1109 5481 1302 5537 iuvenalium
1322 5481 1493 5552 populi-Dei,
1515 5487 1544 5536 et
1560 5499 1617 5537 non

106 5577 214 5633 nnis
230 5579 480 5645 necem-volentes,
495 5577 590 5632 dimna
605 5576 777 5649 euntprohi·
818 5576 910 5630 solum
924 5571 1042 5645 aspexis
1063 5573 1136 5643 eiras,
1151 5571 1199 5626 sed
1219 5570 1306 5626 etiam
1325 5569 1419 5642 capite
1437 5570 1615 5639 bellatorem,
