3772 6120
167 325 213 381 nn
463 331 494 384 a.
515 328 651 382 susum
671 329 787 386 uxum
807 333 975 387 neoniae.
996 331 1159 386 nocuum.
1180 328 1328 384 ornnnu
1348 292 1507 382 rxns'rn.
1765 321 1812 378 roe

166 454 272 526 quium,
284 461 351 509 etut
365 472 412 509 eos
431 453 577 508 attrahant
589 469 702 508 necesse
718 461 762 509 est
775 462 807 509 ut
819 472 916 511 rerum
936 455 1164 517 seAintroducta
1175 454 1327 508 multorum
1339 450 1603 520 deorumopinione,
1615 448 1650 502 ab
1666 448 1749 501 unius
1761 447 1812 500 Ilei

165 543 470 613 praedicaretcsteutur,
483 541 964 611 aliispraradoccntibus,necsuum
1007 544 1064 598 reri
1080 543 1135 597 side
1149 543 1347 598 transduxerat
1353 539 1616 611 genushumanum,
1632 542 1815 590 revertantur

166 632 297 685 meritum
313 637 434 695 terreant,
445 636 477 685 ul.
492 629 629 684 malorum
642 631 787 685 doctorum
798 650 909 704 poenarn
917 635 967 689 de·
1008 633 1104 686 omniu
1130 633 1165 685 ud
1184 629 1372 701 simplicitatis
1390 627 1601 700 professionem,
1617 642 1706 680 unum
1717 626 1808 679 Deum

126 718 131 727 '
165 720 286 790 signent.
296 721 359 773 Non
369 718 565 790 ergoelatione
580 719 682 774 mentis
699 720 757 774 haec
773 722 903 792 agebant,
919 724 967 777 sed
1009 720 1155 774 adorantia
1167 720 1196 773 in
1210 718 1356 775 Trinitate.
1368 719 1430 786 Nor,
1445 716 1544 786 inquit,
1557 716 1654 769 oumdo
1668 717 1806 767 nerninem

165 815 198 862 ut
215 807 319 861 donum
342 806 446 862 Christi
469 807 675 879 intelligeretur
694 809 729 862 ab
758 810 928 877 hominibus,
940 818 969 866 et
1010 812 1135 864 noor‘rnus
1149 811 1300 863 secundum
1318 811 1466 871 eornrmet
1486 810 1510 859 si
1536 818 1699 859 noveramus
1715 819 1810 856 sectur-

165 895 385 950 lldellterderotl
397 897 422 950 ei
432 897 589 967 gratiarum
600 897 724 952 actiones
737 899 884 954 referrent.
903 902 968 955 Pro·
1009 900 1074 952 duro
1088 914 1199 952 earnem
1209 897 1414 955 detrinentum
1422 899 1484 963 jom-
1500 888 1697 948 non'uorr'mus
1712 891 1807 961 (deep.)

165 989 228 1055 pter
237 984 340 1039 Christi
349 986 592 1056 ergocbaritntem
602 993 699 1056 quaeet
709 995 815 1060 quantu
824 991 885 1059 ejus
895 990 969 1043 dona
1010 987 1092 1041 Certe
1103 988 1163 1057 jam
1174 1002 1248 1040 nunc
1257 984 1344 1039 cuiuis
1357 989 1483 1055 apparet,
1503 989 1617 1054 propter
1630 980 1809 1034 resurrectio-

165 1071 238 1126 circa
253 1072 475 1143 diligentescnm
487 1074 544 1129 sint
555 1092 609 1128 non
627 1081 731 1143 tricent,
750 1094 805 1131 non
825 1079 968 1147 juctantire
1008 1091 1073 1129 nem
1087 1075 1191 1129 Christi
1205 1075 1257 1128 hoc
1272 1073 1373 1127 dixisse
1388 1073 1562 1143 Apostolum,
1581 1068 1808 1141 quandoquidem

165 1177 257 1227 causa,
274 1163 322 1216 sed
333 1170 365 1216 ut
374 1163 493 1217 inritent
503 1164 649 1218 audientes
660 1166 695 1218 ad
704 1167 765 1236 cJ'us
780 1167 965 1234 devotionem,
1009 1165 1063 1218 istn
1076 1162 1161 1217 rerba
1180 1163 1248 1216 illud
1265 1162 1414 1234 precessit,
1439 1168 1470 1214 ut
1490 1160 1537 1231 qui
1555 1159 1652 1212 vivunt
1664 1159 1724 1227 jum
1751 1173 1807 1210 nou

167 1266 200 1304 ne
222 1267 297 1305 mors
313 1251 419 1304 Christi
433 1252 607 1306 infructuosa
619 1253 770 1319 rideretur,
786 1272 842 1308 uon
859 1262 891 1309 ut
906 1257 966 1309 leus
1008 1252 1061 1306 sibi
1075 1252 1178 1318 uiuant,
1197 1252 1244 1306 scd
1258 1251 1282 1304 ei
1301 1250 1347 1322 qui
1370 1267 1420 1321 pro
1435 1249 1502 1320 ipsis
1522 1254 1649 1302 mortuus
1664 1252 1707 1300 est
1724 1252 1753 1299 ct
1766 1263 1808 1299 re·

164 1340 966 1415 apostolorumnosceretur.Permeritumenimetgloriam
1008 1341 1138 1396 surrexit.
1149 1341 1221 1405 Quid
1233 1348 1276 1394 est
1285 1340 1359 1394 enim
1370 1339 1444 1393 uliud
1457 1339 1582 1401 nonsibi,
1592 1338 1804 1399 sediliieicont,

164 1429 355 1498 apostolorum
366 1429 528 1499 agnoscitur
538 1429 642 1483 Christi
654 1431 782 1501 gratiaet
798 1431 965 1487 beneficium
1007 1430 1126 1484 nisinen
1142 1430 1294 1484 secundum
1309 1444 1422 1483 curnem
1431 1427 1524 1481 rirnnt
1533 1426 1562 1479 in
1571 1441 1620 1496 spe
1630 1431 1808 1478 terrenorum

163 1515 298 1584 Dellirpo
306 1534 399 1571 omues
408 1521 515 1572 mortui
524 1524 598 1581 sient,
608 1525 632 1572 et
641 1536 693 1588 pro
700 1536 743 1573 om
749 1523 966 1576 nibusmorluus
1007 1525 1036 1573 et
1044 1518 1267 1589 corruptibilium
1278 1516 1424 1582 bonorum,
1437 1516 1485 1570 sed
1505 1514 1658 1569 secundum
1670 1513 1808 1584 Spiritum

164 1605 347 1672 criministur,
360 1612 425 1659 utet
436 1609 662 1675 quiriuuntjom
673 1624 728 1662 nou
739 1611 793 1663 sibi
801 1614 964 1678 ipn'eioonl,
1006 1608 1035 1661 ln
1058 1624 1106 1678 spe
1131 1607 1352 1664 resurrectionis,
1370 1622 1431 1676 qum
1443 1607 1503 1675 jum
1519 1621 1551 1658 ex
1563 1603 1630 1673 ipsis
1646 1603 1675 1655 in
1695 1601 1808 1655 Christo

164 1695 210 1747 sed
218 1696 244 1747 ei
249 1697 299 1762 qni
307 1711 357 1762 pro
369 1697 434 1764 ipsis
443 1700 572 1749 mortuus
580 1701 617 1749 ert
627 1702 651 1750 ct
663 1700 900 1763 r·esurreril.Quia
909 1717 966 1753 om·
1006 1696 1139 1750 factaest.
1153 1697 1251 1775 ltaque
1274 1712 1370 1750 eorum
1397 1712 1447 1765 pro
1468 1693 1569 1764 quibus
1583 1691 1712 1746 Christus
1735 1707 1809 1743 mor-

164 1783 819 1856 nesnecesseestmoricuusulldmproomuibus
838 1775 1071 1842 mortuusBmus
1086 1791 1128 1840 cst
1143 1792 1171 1839 et
1190 1785 1352 1850 resurrexit,
1376 1782 1465 1854 etqui
1478 1784 1538 1852 jam
1554 1798 1608 1834 non
1624 1779 1686 1845 sibi,
1707 1779 1756 1833 scd
1767 1779 1807 1831 illi

164 1875 208 1925 est
221 1871 453 1937 Christus,uleos
466 1890 482 1925 a
496 1873 618 1927 secunda
628 1874 858 1930 morteliberuret
869 1895 875 1942 3
887 1877 965 1930 ideo·
1006 1873 1143 1942 vivebant,
1159 1875 1301 1927 neminem
1311 1873 1464 1926 secundum
1475 1887 1586 1924 curnem
1595 1869 1745 1940 Apostolus
1755 1884 1806 1921 no·

165 1975 219 2031 que
234 1960 281 2030 qui
296 1960 392 2014 vivunt
400 1961 430 2014 in
448 1977 573 2032 corpore,
591 1963 710 2017 seientes
721 1965 863 2019 Christum
889 1983 966 2019 mor·
1006 1972 1092 2030 verat,
1109 1968 1224 2035 propter
1238 1980 1315 2034 spem
1326 1959 1665 2024 luturueirnmonulitatis,
1683 1958 1711 2011 in
1726 1958 1806 2027 cujus

164 2054 245 2103 tuum
269 2066 329 2103 esse
345 2067 395 2120 pro
416 2067 455 2106 se.
468 2051 525 2104 sint
543 2051 568 2105 ei
586 2050 689 2106 subditi
705 2054 868 2124 profitentes
892 2055 966 2109 hunc
1006 2054 1211 2124 exspectatione
1236 2050 1439 2120 virebantpprse
1458 2050 1487 2103 in
1513 2048 1623 2101 Christo
1642 2064 1698 2101 non
1718 2048 1804 2117 spes,

164 2136 332 2200 Dominum
357 2139 424 2209 quia
444 2140 520 2193 enirn
536 2141 650 2210 prodest
660 2158 735 2196 mors
748 2144 819 2213 ejus,
840 2144 965 2196 testimo·
1006 2142 1055 2196 sed
1072 2160 1116 2195 res
1127 2147 1205 2195 emt:
1223 2158 1306 2212 quern
1316 2145 1345 2193 et
1358 2139 1511 2193 sinorerat
1525 2137 1678 2192 seeundum
1692 2152 1804 2189 carnem

164 2224 243 2279 nium
263 2226 392 2296 perhibet
409 2229 577 2282 resurrectio
595 2230 665 2299 ejus.
680 2230 769 2299 Igitur
782 2231 827 2284 hic
842 2231 894 2285 sibi
909 2249 965 2286 non
1005 2248 1069 2286 cunr
1080 2231 1171 2285 adbuc
1184 2230 1337 2284 irroriturus
1354 2234 1436 2294 essct,
1455 2229 1515 2297 jarn
1533 2233 1632 2280 tamen
1648 2242 1705 2279 non
1725 2242 1806 2279 norc-

164 2313 232 2368 vivit
240 2315 288 2386 qui
302 2323 417 2386 paratus
433 2323 475 2371 est
486 2318 593 2371 domini
611 2319 654 2372 sui
677 2319 767 2373 lucere
780 2321 962 2375 uoluntatem.
1006 2327 1060 2382 rot,
1071 2321 1137 2391 quia
1150 2336 1215 2374 eum
1225 2318 1409 2372 resurrexisse
1420 2322 1545 2379 noscent,
1557 2320 1585 2368 et
1599 2315 1674 2369 ultra
1688 2314 1713 2368 ei
1729 2331 1804 2367 mor-

165 2402 258 2471 (Δίῳ.)
269 2404 407 2458 Omnibus
424 2405 528 2459 bormm
540 2413 584 2459 est
598 2407 696 2461 audire
710 2425 805 2462 rocem
825 2409 886 2463 Filii
903 2410 962 2473 Dei,
1005 2416 1064 2463 tem
1079 2426 1135 2463 non
1150 2408 1368 2470 dominaturam,
1387 2413 1416 2459 ct
1435 2405 1502 2476 quia
1520 2421 1617 2458 ornnes
1639 2404 1665 2456 in
1684 2404 1731 2457 illo
1752 2404 1803 2456 etsi

164 2496 193 2545 ct
202 2491 292 2545 virere
300 2494 335 2546 ad
345 2493 430 2547 ritum
442 2495 563 2564 pietutis,
574 2513 605 2549 ex
616 2496 866 2568 impictatismorte
875 2505 966 2553 trans·
1007 2499 1133 2553 nondum
1147 2514 1187 2562 re,
1203 2499 1263 2568 jam
1274 2502 1369 2550 tumen
1380 2512 1438 2567 spe,
1454 2494 1506 2549 hoc
1516 2510 1623 2546 sumus.
1632 2493 1766 2563 Sequitur
1778 2496 1804 2544 et

165 2581 266 2644 eund&
278 2581 312 2634 de
324 2598 378 2652 qua
389 2588 479 2636 morte
492 2583 532 2638 uit
540 2586 683 2655 apostolus
691 2586 794 2639 Paulus
807 2588 895 2654 :Erpo
909 2605 966 2642 irin·
1007 2587 1093 2641 dicit:
1110 2588 1142 2642 Si
1155 2603 1210 2656 quo
1225 2589 1314 2653 ipiticr
1326 2588 1357 2639 in
1367 2587 1474 2641 Christo
1487 2600 1555 2637 noro
1567 2588 1706 2647 creatura,
1715 2587 1804 2634 cetero

165 2683 211 2722 nes
225 2673 331 2722 mortui
340 2676 406 2723 sunt
416 2676 439 2723 el
448 2674 634 2739 proomnibus
651 2680 832 2739 urorbcusesl,
844 2681 906 2729 utel
916 2680 966 2745 qui
1009 2679 1193 2740 transierunt,
1211 2681 1235 2728 et
1250 2691 1304 2727 eree
1318 2676 1392 2741 screto
1407 2679 1474 2726 sunt
1487 2688 1566 2725 noro.
1591 2671 1692 2725 Omnia
1712 2674 1806 2723 nutem

164 2759 328 2824 uirnrnljom
341 2774 393 2811 non
402 2761 643 2821 sibicirout,seeler
653 2765 829 2832 qrripror'psis
838 2770 963 2818 mortuus
1005 2780 1038 2817 ex
1051 2764 1110 2818 Deo
1126 2763 1173 2835 qui
1184 2762 1372 2816 reconciliarit
1382 2778 1432 2815 nos
1442 2760 1495 2815 sibl
1510 2776 1559 2831 per
1568 2760 1723 2814 Christum.
1742 2759 1806 2812 Orn-

163 2850 231 2898 estet
240 2847 822 2919 r·esnrrerit.0nrnesitaquemorluisuntin
831 2853 961 2923 peccetis,
1005 2853 1048 2908 nis
1072 2869 1138 2922 ergo
1160 2868 1231 2905 nora
1250 2856 1370 2911 creatur,
1387 2850 1413 2903 id
1435 2857 1487 2916 est,
1515 2850 1634 2919 populus
1657 2849 1806 2901 innovatus

163 2934 275 2988 nemine
290 2937 963 3008 prorsusexcepto‚sb·eoriginalibus,siveetium
1004 2958 1055 3013 per
1082 2941 1176 3005 fidem,
1194 2946 1225 2994 ut
1244 2939 1347 2992 babeat
1364 2939 1478 2992 interim
1493 2938 1522 2992 in
1539 2955 1597 3008 spe,
1627 2938 1701 3007 quod
1724 2937 1752 2990 in
1775 2954 1805 2990 re

162 3022 305 3077 voluntate
315 3024 427 3089 additis,
440 3025 482 3078 rel
496 3026 712 3096 ignorando,rel
723 3029 846 3092 sciendo,
857 3047 907 3084 nec
920 3032 962 3084 la·
1003 3036 1101 3102 postea
1114 3029 1276 3101 perficiatur
1290 3028 1317 3082 in
1329 3028 1449 3094 Christo,
1468 3026 1552 3081 babet
1566 3029 1626 3096 jam
1644 3026 1717 3097 quod
1732 3026 1760 3078 in
1775 3044 1805 3079 sc

162 3110 260 3165 ciendo
274 3112 347 3182 qnod
355 3114 464 3181 justum
480 3120 531 3180 est,
544 3123 573 3168 et
586 3133 636 3186 pro
648 3116 778 3171 omnibus
798 3119 915 3173 mortuis
925 3120 962 3173 ri·
973 3094 1107 3191 Csperat.
1130 3120 1226 3189 ltaque
1243 3134 1317 3171 nunc
1341 3124 1431 3171 restra
1454 3116 1631 3171 transierunt
1650 3116 1804 3195 secu-ndum

162 3215 212 3254 vus
221 3207 350 3255 mortuus
360 3208 492 3268 estunus,
504 3204 533 3256 id
546 3210 597 3271 est,
607 3206 715 3259 nullum
727 3207 840 3262 omnino
856 3208 961 3262 babens
1003 3225 1092 3280 spem,
1105 3208 1171 3278 quia
1182 3209 1242 3277 jum
1254 3207 1400 3260 modonon
1415 3211 1458 3259 est
1469 3213 1579 3276 ternpus
1589 3204 1699 3258 Veteris
1710 3204 1806 3258 Testa·

162 3295 316 3359 peccatum,
343 3297 375 3344 nt
394 3292 442 3362 qui
460 3293 624 3347 remissione
652 3301 830 3365 peccatorum
854 3297 959 3361 vivunt,
1004 3297 1101 3361 menti,
1124 3314 1179 3367 qno
1197 3296 1352 3367 temporale
1374 3301 1458 3365 atquc
1478 3295 1589 3348 carnale
1617 3310 1736 3362 regnum
1762 3310 1805 3345 cx-

160 3378 220 3447 jsm
236 3377 354 3432 nonsibi
367 3380 469 3444 vivunt,
480 3381 526 3434 scd
537 3381 561 3434 ei
577 3384 624 3453 qm
634 3399 683 3453 pro
694 3383 824 3439 omnibus
836 3391 961 3439 ›irortuus
1003 3392 1146 3457 spectetur
1157 3403 1177 3439 a
1191 3386 1295 3450 Deo,et
1307 3386 1453 3439 luctnsunt
1466 3383 1561 3437 omniu
1571 3400 1643 3437 riom
1652 3382 1805 3436 secundum

161 3472 200 3520 ‘²³⁸
212 3473 323 3535 lll'Ol‘W
335 3475 444 3537 limais!-
460 3476 563 3536 limita,
580 3477 602 3524 sl
618 3477 772 3526 ‘l'lSl‘rretr'l
789 3482 900 3541 proptor
910 3479 961 3543 p'n-
1003 3492 1091 3546 spem,
1104 3480 1135 3528 ut
1150 3490 1268 3543 regnum
1283 3473 1426 3538 coelorum,
1443 3472 1491 3524 ubi
1510 3471 1586 3525 nulla
1611 3471 1665 3524 erit
1679 3487 1756 3524 mors
1767 3478 1807 3523 at·

162 3558 355 3624 ilffis‘lll'ffllt'lli
373 3559 611 3627 neellamitem.
628 3563 678 3629 rr.)
1003 3580 1056 3634 que
1079 3562 1229 3633 corruptio,
1254 3562 1422 3632 promissum
1449 3567 1605 3614 teneamus.
1632 3561 1663 3614 ln
1687 3576 1809 3613 resume-

196 3646 291 3713 llaour
311 3663 358 3699 nm
376 3663 408 3699 cr
427 3647 476 3700 boc
496 3650 634 3702 rrenu'ncm
660 3652 787 3703 exorimur
810 3654 962 3706 secundnm
1003 3652 1095 3707 ctione
1111 3657 1206 3705 nutem
1217 3657 1392 3704 mortuorum
1408 3666 1465 3703 nim
1476 3651 1536 3719 jum
1547 3648 1703 3702 secundum
1716 3665 1805 3719 spem.

162 3748 286 3799 carnem,
311 3740 337 3788 et
355 3738 379 3789 si
394 3739 569 3804 copnocbnus
583 3740 733 3793 seeundum
754 3756 867 3794 corneus·
885 3742 963 3796 Cleri·
1004 3741 1052 3796 sed
1067 3741 1222 3803 seeundum
1238 3756 1307 3806 rem,
1325 3746 1353 3793 et
1373 3745 1470 3792 vetera
1483 3736 1653 3803 transibunt,
1670 3753 1731 3790 curn
1753 3740 1807 3790 ini·

162 3827 236 3876 stum
248 3826 390 3892 rruncjorn
402 3825 832 3897 noneiecimus.(llmb.)l⁷erum
844 3829 963 3900 estquis
1003 3834 1077 3884 mico
1091 3832 1240 3884 nouissimo
1255 3830 1412 3883 destructur
1425 3844 1499 3881 mors
1514 3834 1525 3896 (
1530 3829 1543 3881 I
1555 3829 1615 3883 Cor.
1628 3830 1686 3891 xx),
1698 3831 1727 3878 et
1738 3827 1806 3879 sient

161 3909 274 3965 Christo
284 3917 448 3981 resurgente
464 3930 479 3966 a
495 3915 623 3979 mortuis,
637 3916 697 3985 jam
709 3923 799 3971 cessat
813 3918 842 3971 in
857 3935 889 3971 eo
905 3935 963 3971 cnr·
1004 3919 1099 3973 omnia
1114 3936 1194 3986 nora,
1207 3935 1270 3972 cunr.
1286 3918 1464 3986 corruptibile
1479 3917 1527 3969 boe
1542 3917 1667 3969 indixerit
1678 3918 1806 3968 incorru-

161 3997 233 4053 nulis
243 3999 360 4065 nativas,
368 4008 459 4054 cessat
468 4000 617 4056 infirmitas
626 4006 759 4074 eorporis,
771 4014 861 4060 cessat
869 4007 962 4077 passio
1001 4011 1133 4077 potionem,
1143 4014 1166 4061 ei
1179 4011 1299 4075 mortulo
1309 4007 1357 4060 boc
1372 4007 1497 4059 induerit
1512 4007 1751 4058 immortalitatem
1765 4003 1805 4069 (ll

160 4086 268 4139 mortis.
281 4087 375 4156 Usque
389 4088 423 4140 nd
433 4105 543 4141 crurum
560 4090 765 4162 enimsuspicio
776 4093 829 4146 fuit
845 4095 962 4148 inllrmi·
1004 4101 1064 4153 Cor.
1082 4095 1130 4166 rx),
1148 4097 1221 4166 quod
1233 4097 1292 4165 jum
1308 4095 1410 4147 farctum
1427 4094 1512 4146 estin
1527 4093 1744 4162 Clu-isto,qucrn
1759 4111 1803 4146 se—
1870 4139 1872 4144 .

159 4173 397 4240 tatisianristo,
410 4185 472 4247 post
486 4183 579 4230 autern
595 4180 725 4249 apparuit
739 4198 800 4235 esse
815 4184 888 4252 ‹luod
905 4201 961 4237 non
1001 4185 1122 4239 cundum
1146 4201 1206 4238 rem
1224 4186 1357 4255 jamnon
1387 4189 1503 4237 noverat
1521 4182 1625 4235 Paruulus
1648 4181 1800 4234 secundum

160 4261 334 4330 credebatur,
350 4264 422 4319 sicut
432 4272 461 4318 et
474 4265 533 4336 ipse
549 4267 589 4319 nit
608 4286 613 4318 z
632 4270 699 4322 thim
717 4274 902 4326 reniterer-itis
920 4275 960 4326 l'i-
1001 4290 1124 4331 carnem,
1136 4290 1234 4326 eorum
1250 4289 1315 4326 xero
1331 4289 1381 4343 pro
1396 4271 1497 4343 quibus
1511 4278 1638 4325 mortuus
1654 4277 1697 4324 est
1719 4276 1748 4323 et
1760 4286 1802 4323 re-

160 4354 234 4406 lium
251 4353 384 4418 bominis,
406 4359 472 4408 tuno
494 4359 654 4423 eopnoscelis
676 4361 811 4425 qreorriorn
833 4377 878 4428 epo
896 4378 958 4414 sum
1002 4362 1132 4428 surrexit,
1151 4379 1207 4415 non
1230 4361 1384 4414 secundum
1401 4378 1471 4419 rem,
1489 4360 1538 4413 sed
1553 4359 1707 4413 secuudum
1723 4375 1800 4429 spem

159 4439 250 4511 (loon.
267 4444 333 4512 rin).
350 4443 408 4496 Hoc
418 4460 485 4513 crgo
495 4443 597 4497 idcireo
611 4446 761 4516 Apostolus
776 4456 910 4503 memoret
928 4456 960 4503 nt
1002 4452 1145 4506 nemiuem
1170 4458 1286 4504 noverat
1304 4450 1456 4503 seeundum
1479 4466 1602 4508 curnem,
1629 4448 1695 4518 quin
1727 4447 1802 4500 illins

160 4531 288 4585 ostendat
296 4532 882 4605 qundexotioneobsequendumesthristo
893 4557 898 4591 :
909 4557 958 4609 pro
999 4540 1101 4610 gratia,
1122 4540 1195 4594 sicut
1208 4539 1282 4592 idem
1297 4539 1424 4609 Ephe-siis
1438 4538 1514 4602 dicit,
1532 4553 1629 4590 sunnis
1646 4535 1715 4589 salvi
1725 4535 1799 4589 facti.

159 4619 248 4673 salute.
257 4620 550 4676 enimhomiuumnon
564 4623 655 4677 solum
673 4625 816 4679 bominem
838 4644 868 4680 se
882 4629 958 4683 irresci
1000 4631 1239 4691 lltsr'noreronnn,
1252 4628 1513 4698 requiescendum
1525 4642 1636 4680 curnem
1647 4626 1799 4687 t'bristrnn,

162 4706 392 4777 nondcdlgnatus
401 4716 453 4775 est,
465 4710 513 4764 sed
524 4718 552 4764 et
562 4711 726 4781 injuriissgi
738 4720 766 4767 et
775 4715 847 4768 mori
857 4717 957 4783 voluit,
1000 4719 1045 4771 sed
1059 4734 1135 4770 irruite
1143 4720 1205 4785 jorn
1216 4732 1272 4769 non
1285 4720 1421 4779 norimus,
1431 4715 1516 4769 ellam
1529 4715 1616 4785 ipsam
1628 4714 1731 4784 quippe
1744 4730 1801 4766 rur-

160 4799 192 4847 ut
200 4793 389 4864 intelligentes
400 4814 484 4867 quarn
495 4800 618 4868 pretiosa
627 4803 663 4855 sit
673 4820 748 4888 mprs
759 4805 828 4874 ejus,
842 4822 960 4876 propen·
1002 4823 1065 4861 uem
1077 4805 1190 4863 Christi,
1208 4822 1262 4859 rron
1278 4805 1433 4859 seeundum
1448 4820 1560 4858 curnem
1575 4803 1661 4857 norit.
1673 4803 1720 4873 qui
1737 4803 1801 4855 l'er·

159 4882 218 4936 sius
233 4883 273 4937 illl
284 4884 415 4950 serviant,
429 4902 485 4939 non
496 4889 575 4956 queisi
589 4890 791 4946 bominiricem
800 4894 956 4960 reddentes
1000 4896 1066 4948 burn
1078 4911 1191 4948 curnem
1202 4894 1306 4948 sectum
1321 4893 1580 4964 spirituliternorit.

159 4971 209 5025 sed
218 4970 275 5025 Deo
288 4991 293 5024 :
307 4973 372 5043 quin
384 4973 534 5044 unicuique
544 4994 594 5046 pro
606 4996 727 5049 persona
741 4983 801 5051 eJus
812 4988 840 5037 et
850 4985 958 5038 meritis
1036 4985 1137 5039 Cruru'o
1151 4989 1242 5037 orclem
1260 5001 1292 5037 es
1305 4985 1368 5049 bea
1379 4981 1497 5049 (ilnrbr.)
1521 4981 1653 5045 errunrls
1673 4980 1801 5034 (hristus

159 5059 333 5115 refundenda
351 5061 485 5132 obsequia
504 5071 578 5118 sunt.
599 5067 631 5119 Si
646 5085 700 5136 prro
719 5086 781 5137 erpo
800 5074 829 5124 iu
849 5073 957 5126 Chresto
999 5089 1050 5128 nos
1060 5072 1221 5137 redemerit,
1231 5072 1328 5126 ornnia
1337 5079 1432 5126 tamen
1443 5088 1476 5124 ex
1486 5072 1552 5124 lleo.
1569 5071 1634 5141 quia
1644 5068 1748 5140 abipso
1760 5078 1801 5122 est

159 5164 228 5203 ποῖα
248 5157 386 5215 creatura,
408 5157 498 5205 cetero
518 5157 702 5218 bonsiernnt,
722 5175 776 5212 rece·
793 5162 868 5226 sorio
891 5168 958 5216 sirici
999 5161 1091 5217 omnis
1101 5162 1266 5232 paternitas,
1276 5161 1513 5232 ideoquenccessc
1524 5159 1697 5229 estprueferri
1708 5174 1802 5229 perso-

159 5252 238 5290 nouo.
254 5239 434 5294 Manifestum
449 5241 581 5312 estquis
601 5260 650 5312 per
667 5245 810 5301 Christum
827 5257 959 5305 renoratu
1000 5268 1066 5305 nam
1082 5251 1183 5305 Patris.
1201 5252 1254 5318 Oui
1269 5253 1458 5303 reomrcrliorit
1473 5266 1521 5302 uos
1534 5250 1587 5301 sibi
1594 5265 1645 5317 per
1660 5248 1799 5302 Cluxrnnn

157 5327 334 5387 suntomnin,
347 5329 370 5382 si
380 5329 857 5407 unimudrertantdignitatcmejus:
872 5355 959 5392 crenus
1000 5344 1025 5394 ol
1035 5340 1108 5393 creent
1121 5340 1197 5393 nobis
1210 5341 1399 5392 ministeriruu
1412 5340 1654 5392 reconciliationis.
1663 5340 1798 5403 erorrinnr

158 5412 234 5468 enlm
249 5415 333 5470 lithis
348 5415 448 5486 qulbus
468 5419 546 5490 prius
559 5419 642 5474 homo
656 5427 766 5477 tuntum
783 5426 956 5493 ridebantur,
1001 5429 1108 5497 quidem
1120 5429 1190 5482 beru
1200 5433 1259 5481 ero!
1270 5428 1562 5491 intlbristonnundurn
1576 5428 1801 5479 reconciliaren-

157 5516 220 5556 cum
230 5503 398 5574 intelligitur
408 5522 468 5559 esse
481 5507 565 5574 Deus,
577 5513 608 5563 ut
628 5511 775 5567 recedent-e
794 5515 959 5570 infirmitate
1000 5519 1036 5581 oi,
1046 5533 1100 5570 non
1113 5521 1244 5585 reputans
1254 5519 1311 5571 iilis
1321 5516 1599 5584 derlictoipsorumdt
1606 5517 1700 5583 posuit
1711 5517 1741 5567 in
1754 5531 1800 5567 uo

156 5598 325 5660 sgrroscatur
343 5592 484 5660 divinitus,
496 5601 526 5649 et
539 5605 665 5652 cessante
680 5616 775 5657 errore
785 5610 888 5671 vetere,
910 5605 957 5675 qui
1000 5605 1040 5658 bis
1048 5605 1800 5670 uerbumreconciliationisl²r0Cli-risloerpoimatione
