3772 6120
118 255 168 312 tt?
410 256 440 309 a.
461 254 597 309 RABANI
617 255 731 310 hthRl
758 257 925 311 AllClllEP.
947 255 1109 311 MOGUNT.
1131 252 1281 310 OPERUM
1299 249 1393 307 Pana
1410 250 1461 306 ΠΙ.

116 380 205 450 porali
217 381 357 433 adunatus
378 385 420 431 ost
438 380 443 431 Ξ
462 380 564 449 tGrrp.)
587 382 691 435 Idcirco
716 400 837 454 namque
868 383 972 442 lle-A«
991 387 1137 435 tentantur
1163 379 1301 433 auxiliari.
1321 398 1332 427 ι
1349 378 1448 447 (Airita.)
1472 377 1505 431 ln
1529 394 1573 444 eo,
1589 376 1634 430 idi

117 470 420 539 ‹lernptornosternon
436 469 562 537 angelus,
579 472 625 523 sed
652 472 734 524 horno
749 472 838 525 sactus
863 477 915 527 est.
947 471 1034 524 mine
1056 470 1083 523 in
1100 486 1155 540 quo
1173 485 1272 539 passus
1297 474 1340 522 est
1355 473 1454 538 potens
1477 472 1521 520 e-st
1550 465 1634 521 vinca

117 559 182 628 quia
197 558 248 611 hoe
263 559 358 628 procul
379 557 464 611 dnbio
479 559 539 613 lieri
560 559 666 621 debuit,
682 561 757 630 quod
786 561 914 621 redemit,
959 576 1031 625 rare,
1061 564 1240 630 tentatosque
1280 557 1412 628 adjurare
1439 572 1474 609 ne
1505 555 1634 611 vincantu

116 652 186 700 utet
201 646 342 717 perditum
366 647 497 716 angelum
525 664 580 702 non
608 649 843 721 apprehendendo
871 651 918 703 de·
959 648 1128 702 tentationes
1156 652 1266 701 nostras
1301 662 1357 700 non
1389 645 1481 699 solum
1507 643 1580 698 sicut
1601 644 1634 699 Dc

117 742 224 789 sereret
236 741 264 790 et
282 735 427 790 hominem
451 736 479 789 in
503 737 657 808 semetipso
681 737 917 809 apprehendendo
959 738 1043 791 etiarn
1055 738 1128 791 sieut
1141 737 1225 790 homo
1239 735 1269 789 in
1283 735 1375 806 seipso
1393 751 1444 806 per
1457 732 1634 805 experiment

117 829 271 896 repararet.
298 827 400 894 (Joorc.)
410 825 445 878 Et
466 842 564 879 revera
591 841 725 896 magnum
741 832 770 880 et
790 826 918 880 mirabile
957 827 1055 896 gnorit
1070 845 1075 879 :
1093 827 1159 880 licet
1180 826 1256 879 Deus
1283 824 1313 878 in
1329 830 1497 878 suanatura
1511 822 1549 876 sit
1568 821 1634 893 impr

116 920 145 968 et
168 921 283 985 stupore
312 914 427 984 plenum
456 919 500 967 est
517 931 631 969 saritam
655 922 780 970 nostram
803 932 917 971 sursum
958 921 1054 969 tamen
1069 916 1205 970 innostra
1220 930 1305 985 quam
1321 912 1474 983 assumpsit
1488 911 1565 965 idem
1579 911 1634 966 Det

116 1004 224 1066 sedere,
248 1008 277 1057 et
305 1003 416 1058 adorari
432 1003 468 1058 ab
492 1004 600 1074 angelis
624 1010 653 1057 et
668 1004 855 1075 archangelis,
887 1012 916 1058 ct
958 1004 1099 1076 passibilis
1114 1004 1176 1059 fuit.
1201 1011 1303 1058 nostra
1323 1007 1430 1056 naturae
1457 999 1614 1055 consimilis

117 1092 268 1159 Cherubin,
286 1099 314 1146 et
330 1093 486 1163 Seraphim
509 1094 560 1146 hoc
581 1094 683 1164 saepius
701 1110 753 1164 ego
772 1095 801 1147 in
822 1098 915 1148 mente
959 1110 1021 1148 vero
1036 1111 1119 1147 carne
1130 1109 1214 1164 quam
1229 1092 1352 1162 suscepit
1378 1091 1467 1145 multa
1492 1106 1566 1144 saeva
1580 1106 1634 1160 pas

116 1199 231 1236 versans
245 1198 388 1237 excessum
402 1182 533 1252 patioret
546 1183 655 1252 majora
675 1184 710 1236 de
733 1200 836 1253 genere
863 1184 916 1236 hu·
958 1183 1034 1236 norit
1059 1183 1125 1253 quid
1147 1187 1190 1235 cst
1207 1181 1326 1237 tentatio
1349 1179 1528 1252 patientium,
1557 1179 1620 1249 ipse

118 1271 348 1341 manoimaginor
363 1290 368 1325 :
386 1273 494 1342 majora
508 1271 611 1343 quippe
622 1271 702 1326 video
718 1273 916 1326 etclaraexor-
959 1280 1010 1339 est,
1026 1273 1143 1327 sednon
1161 1277 1318 1342 superatus.
1337 1268 1438 1337 ilcan.)
1453 1268 1526 1332 Quid
1539 1274 1584 1322 est
1603 1284 1634 1321 er

117 1361 172 1426 dia,
185 1362 304 1415 multam
326 1360 384 1414 Deo
398 1359 606 1414 festinationem
625 1377 675 1431 pro
689 1366 792 1416 natura
810 1366 915 1415 nostra.
959 1360 1027 1415 dicit
1045 1376 1058 1413 ι
1079 1366 1173 1432 potest
1190 1377 1237 1414 eos
1254 1359 1301 1431 qui
1314 1363 1462 1413 tentantur
1490 1357 1626 1428 adjuvare

119 1451 153 1504 Et
167 1467 222 1505 non
234 1450 313 1517 dixit,
333 1450 460 1504 homines
480 1449 644 1520 simpliciter
657 1450 852 1521 apprehendit,
869 1450 918 1504 sed
960 1449 1081 1520 quamsi
1101 1449 1163 1520 quis
1178 1448 1304 1501 diceret:
1319 1464 1383 1501 cum
1400 1447 1491 1500 multa
1519 1444 1634 1501 alacrite

118 1540 212 1593 rolens
241 1555 289 1619 eos
315 1539 422 1608 erigere
442 1543 471 1591 et
490 1538 637 1592 ostendere
660 1555 793 1609 magnum
828 1556 917 1608 genus
959 1538 1049 1592 tendit
1069 1555 1184 1592 manum
1204 1538 1238 1591 ad
1260 1535 1499 1607 compatiendum.
1525 1534 1634 1598 Quonia

118 1645 216 1682 eorum
235 1620 460 1693 et'honorabilc,
487 1627 576 1684 dixit:
595 1627 669 1682 «Sed
685 1645 783 1682 semen
797 1628 918 1682 Abrahae
959 1627 1088 1682 solebant
1112 1644 1247 1697 atlagnum
1269 1625 1375 1696 aliquid
1399 1629 1428 1678 et
1452 1623 1575 1694 amplius
1597 1623 1634 1679 ha

117 1716 314 1788 apprehendit.
332 1716 411 1771 Unde
434 1715 540 1777 debuit,
557 1717 658 1787 inquit,
683 1734 734 1788 per
748 1717 843 1771 omnia
863 1703 998 1771 l'ra-Beis
1026 1717 1074 1788 qui
1094 1722 1175 1770 crant
1204 1733 1236 1770 ex
1260 1714 1402 1785 gentibus.
1419 1713 1544 1766 ostendit
1563 1711 1593 1765 in
1619 1711 1634 1766 b

117 1805 917 1869 tribussimilari.aQuidestasecundumomnia?aNatus
958 1823 1005 1859 eos
1016 1805 1160 1872 habentes,
1191 1806 1218 1858 in
1241 1821 1295 1875 quo
1313 1803 1383 1857 nihil
1411 1800 1529 1856 nocebat
1545 1801 1585 1854 eis
1607 1817 1634 1873 qt

120 1902 171 1961 est,
199 1895 300 1965 inquit,
329 1895 473 1960 educatus,
499 1895 593 1955 erevit,
620 1911 719 1966 passus
748 1901 792 1950 est
822 1895 918 1949 onmia
958 1895 1144 1965 exgentibus.
1161 1893 1233 1957 Quid
1254 1897 1406 1946 astantem
1420 1886 1634 1961 hoetquiaex'i

119 2001 181 2054 quae
195 1984 329 2054 oportuit,
341 1983 369 2036 in
389 1984 444 2036 sme
460 1989 588 2037 mortuus
602 1991 654 2049 est,
673 1985 781 2038 horest
798 2005 809 2036 ι
821 2001 918 2038 seeun—
959 1985 1044 2049 salue,
1062 1985 1193 2055 quoniam
1214 1999 1261 2036 eos
1274 1981 1460 2054 apprehendit
1474 1980 1610 2051 primum,
1622 1994 1634 2050 q

118 2074 185 2127 dum
201 2072 295 2126 onmia
308 2072 442 2126 fratribus
460 2072 589 2126 similari.
617 2091 631 2124 ιι
655 2073 794 2137 Quoniam
815 2074 918 2144 quippe
959 2073 1112 2143 assumpsit
1125 2088 1247 2126 earnem.
1260 2090 1280 2122 a
1297 2072 1360 2125 Non
1387 2069 1462 2123 enim
1481 2068 1634 2138 angelornm

120 2162 208 2216 multa
221 2161 290 2215 dixit
317 2163 352 2215 de
380 2162 527 2231 majestate
550 2163 637 2233 ipsius
647 2169 676 2215 et
696 2163 840 2233 superiore
861 2164 920 2232 glo·
961 2180 1045 2234 quam
1057 2162 1252 2234 apprehendit,
1269 2161 1317 2215 scd
1328 2176 1423 2213 semen
1435 2157 1578 2212 Abraham
1593 2175 1628 2225 ς»

119 2252 169 2317 ria,
188 2252 249 2321 jam
277 2252 311 2304 de
339 2251 548 2321 dispensatione
578 2256 670 2305 movet
697 2267 866 2308 sermonem.
889 2258 920 2305 ut
961 2258 990 2305 et
1013 2252 1201 2322 patriarcham
1228 2267 1278 2321 per
1294 2250 1356 2313 hoc,
1378 2255 1406 2302 rt
1427 2247 1553 2302 ostendit
1576 2245 1625 2318 qui

119 2340 829 2411 contemplemurcumquantasapientia.quomodo
840 2340 919 2394 illum
960 2358 1025 2395 men
1040 2341 1191 2395 Abraham.
1215 2341 1424 2393 Commemorat
1439 2336 1634 2408 promissioner

120 2429 243 2483 ostendit
256 2430 377 2483 multum
396 2429 521 2484 studium
541 2428 702 2494 habentem,
719 2435 750 2483 ut
774 2428 854 2483 nobis
881 2429 920 2482 si·
960 2431 1019 2484 Deo
1035 2430 1108 2484 facta
1121 2434 1172 2496 est,
1192 2445 1242 2499 per
1261 2445 1345 2499 quam
1358 2427 1538 2480 dictumest:
1559 2445 1569 2476 ι
1594 2423 1634 2479 Til

120 2518 278 2581 milaretur,
309 2517 383 2589 quod
404 2516 457 2571 tuit
483 2534 579 2572 curam
606 2519 640 2571 de
664 2517 745 2572 nobis
768 2517 920 2588 plurimam
962 2521 1030 2575 mini
1054 2526 1102 2574 tuo
1127 2520 1198 2573 dabo
1209 2526 1313 2572 terram
1328 2519 1416 2584 hanc;
1435 2540 1445 2565 ι
1464 2517 1494 2569 in
1508 2514 1619 2569 modico

119 2606 260 2676 gerentis,
277 2605 372 2659 dicens
388 2607 463 2659 enim
482 2607 611 2677 superius
627 2626 632 2659 :
648 2625 661 2657 a
677 2606 816 2671 Quoniam
839 2606 919 2676 pueri
962 2609 1210 2681 propinquitatem,
1234 2608 1301 2680 quia
1338 2624 1371 2659 ex
1404 2622 1460 2658 uno
1482 2609 1549 2659 sunt
1577 2620 1634 2658 orm

121 2694 399 2748 communicaverunt
424 2695 500 2749 carni
530 2701 558 2748 et
580 2695 721 2765 sanguini,
750 2700 779 2749 et
798 2695 857 2765 ipse
886 2694 921 2748 si·
961 2716 1018 2753 non
1029 2706 1090 2751 erat
1100 2699 1190 2752 multa
1202 2698 1251 2751 illa
1274 2694 1476 2767 propinquitas.
1499 2692 1586 2748 Venit
1609 2692 1634 2747 it

123 2783 420 2854 rniliterpmticipatus
436 2790 480 2837 est
494 2784 603 2847 iisdem,
623 2804 635 2835 ι
652 2791 681 2837 et
693 2784 738 2837 hir.
758 2784 828 2838 dixit
852 2804 863 2834 ι
880 2801 921 2837 se·
961 2789 1044 2842 islam
1058 2787 1298 2841 rememoriariarn
1312 2784 1551 2855 dispensationem
1562 2798 1626 2853 quae

122 2872 245 2926 cundum
254 2872 349 2926 omnia
366 2872 500 2927 fratribus
514 2872 641 2938 similari,
674 2896 686 2924 ιι
699 2872 779 2943 quasi
805 2873 917 2927 dicens:
962 2877 1085 2931 cundum
1100 2892 1212 2929 carnem
1240 2882 1269 2929 et
1290 2875 1380 2929 dixit:
1399 2875 1465 2927 Erat
1486 2873 1634 2944 quideme

122 2962 241 3025 Quitam
263 2978 382 3031 magnus
405 2969 456 3028 est,
472 2963 520 3033 qui
535 2967 578 3015 est
591 2962 724 3032 splendor
750 2961 856 3032 gloria,
872 2962 920 3032 qni
962 2967 1004 3019 rel
1019 2965 1079 3019 sieri
1108 2964 1250 3018 hominem
1269 2963 1364 3017 multae
1389 2979 1461 3016 curre
1490 2961 1592 3015 divinae
1618 2977 1634 3015 e

122 3056 164 3104 est
178 3048 323 3103 character
332 3050 505 3116 substantiae,
522 3051 570 3122 qui
582 3051 684 3106 secema
697 3050 772 3117 fecit,
784 3050 831 3121 qui
844 3052 951 3123 sedete
961 3054 1028 3108 tatis
1040 3073 1045 3119 ;
1075 3070 1149 3107 nune
1167 3060 1262 3106 autem
1280 3068 1336 3105 non
1347 3051 1399 3103 hoc
1418 3049 1510 3103 solum
1525 3055 1577 3112 est,
1604 3064 1634 3103 se

122 3138 276 3193 indextera
299 3139 400 3206 Patris,
417 3140 469 3193 iste
484 3139 572 3193 voluit
600 3146 628 3193 et
647 3139 756 3193 studuit
768 3140 855 3194 irater
869 3157 920 3194 no·
962 3142 1034 3197 bona
1059 3141 1231 3196 immortalia
1245 3157 1306 3211 quae
1324 3156 1374 3210 per
1388 3155 1451 3191 eum
1463 3137 1543 3191 nobis
1557 3136 1634 3191 tribu

123 3233 182 3282 ster
202 3229 232 3282 in
249 3228 379 3282 omnibus
394 3229 465 3293 heri,
481 3235 510 3282 et
524 3233 639 3300 propter
665 3229 718 3281 hoc
733 3229 847 3299 angelos
875 3245 920 3282 re·
964 3254 976 3283 x
988 3232 1030 3285 Ad
1054 3230 1261 3302 propitiandum
1271 3229 1357 3295 cnim,
1370 3228 1472 3297 inquit,
1483 3227 1605 3298 peccatis
1621 3241 1634 3279 r.

123 3316 213 3388 liquit,
239 3322 268 3371 et
283 3317 353 3372 alias
376 3318 502 3384 virtutes,
525 3324 554 3371 et
579 3318 611 3371 ad
639 3334 689 3371 nos
713 3317 865 3384 descendit,
894 3323 923 3371 et
963 3324 1055 3384 Quare
1077 3336 1134 3374 non
1154 3320 1225 3373 dixit
1251 3318 1358 3379 mundi,
1381 3317 1427 3370 sed
1444 3317 1515 3370 dixit
1542 3314 1634 3387 populi

124 3423 175 3460 rios
203 3405 397 3477 apprehendit,
420 3411 448 3460 et
475 3408 572 3461 decem
597 3407 687 3460 millia
719 3412 852 3478 operatus
880 3414 922 3461 est
963 3410 1089 3464 omnium
1118 3415 1231 3479 peccata
1252 3406 1395 3469 sustinuit,
1426 3405 1474 3458 sed
1501 3404 1568 3474 quia
1591 3404 1634 3458 int

123 3495 219 3550 bona:
241 3501 360 3550 mortem
376 3496 466 3562 solvit,
486 3495 628 3550 diabolum
642 3514 675 3550 ex
703 3497 851 3567 tyrannide
879 3514 923 3550 ex·
964 3499 1032 3570 ipsis
1053 3498 1214 3552 vertebatur
1243 3513 1344 3575 sernpo,
1373 3511 1440 3548 nam
1467 3500 1496 3547 et
1523 3492 1634 3563 angelus

124 3584 216 3650 clusit,
241 3600 292 3638 nos
306 3585 341 3638 de
359 3585 494 3639 servitute
516 3585 621 3651 eduxit,
644 3591 672 3640 et
698 3585 835 3651 liberarit,
867 3601 922 3640 non
963 3588 1094 3642 dicebat:
1112 3608 1125 3639 c
1145 3586 1263 3639 l'ocahis
1287 3602 1390 3639 nornen
1404 3585 1464 3654 ejus
1482 3584 1590 3647 lesum,
1606 3581 1634 3653 ip

125 3673 184 3727 sola
212 3673 388 3728 fraternitate
412 3675 568 3739 honoravit,
598 3675 645 3728 sed
671 3683 699 3728 et
734 3674 797 3728 aliis
827 3676 923 3729 decem
964 3676 1082 3731 salvabit
1117 3676 1250 3747 populum
1271 3691 1354 3727 suum
1380 3674 1486 3740 (llatlh.
1508 3672 1557 3743 tl»
1580 3671 1634 3725 Hor

124 3761 258 3829 millibus,
279 3762 418 3834 siquidem
445 3769 474 3817 et
487 3765 616 3818 sacerdos
635 3770 730 3818 noster
754 3764 815 3818 fieri
836 3764 923 3818 voluit
964 3765 1087 3836 primum
1111 3763 1234 3835 oportuit
1254 3762 1324 3821 ficri,
1346 3769 1374 3815 et
1405 3766 1520 3833 propter
1544 3760 1597 3813 hoc
1625 3776 1634 3808 ι

125 3851 199 3921 apud
214 3852 435 3906 Patremlnsert
444 3853 537 3906 enim:
553 3874 564 3904 ι
582 3853 619 3907 Ut
628 3853 785 3907 misericors
800 3854 881 3906 lieret
894 3858 924 3906 et
966 3855 1035 3908 istos
1058 3855 1188 3918 salvaret,
1212 3859 1241 3907 et
1268 3857 1335 3905 tunc
1368 3867 1418 3922 per
1441 3851 1510 3903 istos
1540 3849 1625 3916 illos,

125 3940 215 3994 tidelis
229 3942 352 4011 pontifex
366 3941 400 3995 ad
418 3942 580 4003 Dominum,
599 3946 632 3995 nt
652 3942 850 4013 repropitiaret
877 3941 923 3995 de·
966 3948 1080 3998 eeoiitra
1094 3942 1219 4012 contigit.
1236 3943 1294 3995 Hoc
1309 3940 1393 3994 tetiam
1409 3939 1527 4009 apostoli
1547 3937 1583 3991 ab
1596 3938 1634 4009 ipe

126 4027 332 4098 lictapopuli.r
354 4030 521 4100 Neeitaque
548 4029 604 4083 alia
629 4030 683 4083 suit
705 4046 790 4084 eausa
807 4029 847 4083 illi
873 4047 923 4099 per
964 4032 1142 4086 dicebantur
1167 4031 1252 4085 Vobis
1277 4030 1414 4084 suscitans
1446 4028 1548 4081 Filium
1570 4042 1634 4081 suut

125 4115 221 4169 omnia
243 4116 376 4171 fratribus
396 4117 557 4183 assimilari,
582 4117 636 4171 nisi
660 4123 693 4172 ut
716 4118 806 4172 lidelis
833 4118 923 4189 ponti·
964 4120 1174 4175 benedicentem
1199 4136 1248 4173 ros
1262 4119 1332 4187 (lot.
1358 4123 1393 4183 m)
1413 4137 1418 4169 ι
1436 4124 1464 4169 et
1490 4116 1618 4169 iterum:

125 4204 169 4258 lex
192 4211 267 4259 esset
291 4205 320 4258 in
358 4205 438 4259 nobis
479 4205 637 4277 nostrisque
670 4207 836 4277 propitiaret
862 4224 923 4277 peo-
964 4227 1055 4264 sermo
1068 4209 1167 4263 salut-is
1189 4209 1292 4262 missus
1316 4210 1436 4262 esttdcl.
1460 4208 1526 4281 mn).
1547 4228 1559 4255 ιι
1587 4205 1634 4258 Get

125 4294 204 4348 ratis.
235 4294 313 4347 Vidit
330 4295 433 4366 quippe
461 4295 540 4348 humi
554 4296 680 4365 jacentes
716 4301 879 4365 pereuntes,
906 4313 923 4349 a
964 4297 1351 4353 temhieostenditludaicam
1360 4297 1468 4349 dicens:
1483 4314 1496 4346 a
1505 4294 1544 4348 hd
1552 4292 1634 4364 propi

125 4390 216 4438 morte
227 4384 407 4455 tyrannidem
423 4384 571 4455 patientes,
586 4389 616 4438 et
628 4384 761 4438 misertus
770 4391 829 4452 est,
849 4406 862 4436 ιι
874 4387 922 4439 sed
934 4380 957 4438 D
964 4387 1084 4459 peccatis
1091 4387 1214 4457 populi.»
1222 4386 1338 4440 Interim
1350 4386 1389 4438 sic
1399 4384 1477 4438 dixit.
1490 4383 1561 4446 Quia
1569 4382 1634 4435 enin

126 4499 137 4519 ιι
155 4474 203 4545 qui
218 4474 427 4546 propitiaretur,
444 4474 544 4544 inquit.
560 4474 681 4545 peccatis
700 4473 805 4545 populi,
823 4481 855 4529 ut
874 4475 923 4528 mi·
964 4477 1134 4548 quipcccata
1148 4475 1274 4528 ιιιιιιιίιιιιι
1290 4474 1417 4533 dimittit.
1434 4471 1626 4527 rnanit'estarit

127 4562 270 4616 ‹sericors
284 4562 643 4629 ficretettldelissacerdos,
657 4582 669 4615 ι)
686 4562 804 4633 quidest
814 4564 922 4618 fidelis?
963 4566 1056 4637 lytico,
1069 4565 1163 4618 dicens
1181 4583 1185 4616 :
1207 4581 1218 4611 ιι
1236 4563 1422 4616 Dimittuntur
1433 4561 1484 4614 tibi
1499 4565 1634 4631 peccatat

125 4667 215 4716 verns,
237 4657 336 4733 potens
358 4671 363 4705 :
389 4653 541 4706 sacerdotis
571 4653 646 4706 enirn
665 4652 756 4707 fidelis
771 4658 813 4707 est
840 4670 921 4724 posse
964 4654 991 4708 in
1004 4650 1539 4725 baptismatealixitenimaddiscipulos
1550 4664 1628 4702 suos:

123 4754 170 4792 eos
190 4755 309 4810 quorum
330 4746 372 4794 est
401 4741 530 4796 sacerdos
552 4741 672 4795 liberare
696 4743 856 4813 apeccatis.
885 4744 922 4796 Ut
963 4744 1059 4798 docete
1070 4759 1167 4796 omnes
1176 4748 1284 4811 gentes,
1297 4740 1469 4811 baptizantes
1482 4756 1530 4792 eos
1542 4736 1572 4790 in
1586 4752 1634 4791 nox

124 4843 190 4897 ergo
206 4827 305 4881 offerat
318 4829 486 4883 sacrificium
503 4831 578 4901 quod
598 4831 750 4902 possitnos
773 4833 919 4896 mundare,
964 4834 1014 4887 tris
1025 4840 1053 4888 et
1060 4832 1132 4891 Filii,
1151 4836 1179 4885 et
1189 4831 1309 4902 Spiritus
1317 4828 1415 4882 sancti.
1429 4854 1439 4877 ι
1452 4828 1522 4881 Cura
1537 4830 1634 4887 autem

122 4921 238 4989 propter
250 4916 303 4971 hoe
312 4918 402 4971 factus
424 4925 467 4972 est
490 4920 575 4974 homo
598 4926 627 4973 et
654 4920 758 4987 intulit,
786 4939 799 4974 a
821 4920 850 4974 in
878 4920 922 4975 his
963 4921 1180 4994 apprehenderit
1196 4920 1308 4983 Paulus,
1325 4918 1419 4972 omnia
1430 4920 1490 4987 jam
1505 4914 1626 4969 humilia

123 5023 185 5077 quae
199 5011 265 5060 sunt
278 5008 313 5061 ad
324 5007 422 5074 Deum,
438 5027 449 5059 ιι
466 5007 519 5062 hoe
529 5016 581 5073 est,
596 5026 694 5063 earum
704 5026 800 5064 rerum
819 5010 920 5080 gratia,
964 5011 1033 5065 nihil
1047 5010 1201 5064 formidans
1218 5028 1225 5075 ς
1241 5008 1354 5062 attende
1368 5008 1442 5061 enim
1458 5005 1523 5076 qnid
1538 5002 1633 5074 jaind

123 5111 184 5163 quae
197 5095 339 5166 pertinent
353 5095 389 5148 ad
411 5095 519 5149 Deum:
540 5097 691 5168 expugnati
706 5097 782 5152 enim
796 5112 917 5162 eramus,
1291 5152 1297 5173 ,
1371 5150 1378 5168 ,

121 5181 222 5253 inquit,
239 5184 297 5238 Deo
320 5181 482 5254 culpabiles
498 5183 658 5238 inhonorati
676 5204 681 5252 ;
701 5201 784 5238 nemo
794 5189 855 5238 erat
872 5183 920 5253 qui
1277 5149 1393 5203 Q'APUF
1408 5150 1457 5203 HI·

122 5269 295 5341 offerrmpm
307 5271 387 5326 nobis
397 5272 573 5339 sacrificium,
587 5274 657 5327 vidit
671 5290 723 5327 nos
745 5273 775 5326 111
799 5272 842 5326 hig
857 5289 922 5327 eon·
964 5258 1317 5328 Ostendeturqrzodllopsea
1333 5254 1634 5339 ceceditdimisionem

122 5356 235 5410 stitutos
262 5366 291 5413 et
318 5361 451 5415 misertus
476 5367 527 5425 est,
557 5379 612 5416 non
643 5361 816 5416 constituens
840 5360 920 5414 nobis
1236 5335 1272 5380 ω’
1286 5329 1474 5381 ‘'b‘'‘l's'mum'

122 5445 306 5511 sacerdotem,
322 5451 371 5502 sed
386 5451 446 5522 ipse
459 5451 548 5506 sactus
559 5451 724 5506 sacerdos«
751 5452 782 5505 In
795 5467 828 5505 eo
843 5451 918 5504 enim
998 5472 1010 5502 a
1024 5453 1112 5511 Unde.
1136 5454 1237 5506 fratres
1264 5454 1363 5510 sancti.
1386 5450 1539 5505 vocationis
1557 5447 1634 5503 coeler

79 5528 82 5533 ’
124 5533 253 5604 «inquo
275 5551 374 5606 passus
401 5539 608 5608 ipsetentatus.
629 5544 786 5615 potensest
803 5540 843 5594 eis
870 5540 916 5619 qui
961 5559 973 5590 (ι
989 5541 1087 5612 tieipes
1102 5542 1276 5596 considerate
1290 5542 1455 5613 Apostolum
1465 5548 1494 5593 et
1507 5538 1634 5611 pontifice
