3772 6120
178 286 229 350 us
474 249 505 349 a.
526 284 663 347 nauem
681 288 796 347 usum
819 286 987 347 mentae.
1009 286 1171 348 uocuan.
1192 290 1341 349 oemuu
1360 291 1452 348 raas
1471 288 1521 348 m.
1765 296 1818 352 ese

178 430 242 476 coro
253 421 285 477 de
308 432 391 475 cerne
408 435 469 474 awa
483 418 558 486 (Gerr.
578 420 618 486 u).
642 414 675 470 ls't
690 436 698 471 .·
719 417 833 471 Verbum
851 431 916 471 coro
931 414 1122 484 scr-Acatores
1136 413 1312 488 intelligendi
1327 420 1402 482 sunt,
1415 418 1462 488 qui
1477 417 1563 472 etiam
1578 418 1701 475 viventes
1711 420 1815 476 mortui

179 508 253 564 ctum
266 515 346 575 estet
361 509 493 562 dubitauit
514 509 546 560 in
570 506 796 575 anticimena:
820 522 884 559 earo
910 520 974 558 vero
1016 523 1076 559 esse
1096 507 1228 560 dicuntur
1250 511 1282 561 ut
1307 507 1340 559 ad
1366 523 1487 577 penora,
1513 515 1561 561 aut
1579 509 1764 577 immortales,
1785 515 1817 565 ut

175 597 256 670 juxta
269 598 378 669 culpam
393 597 465 651 sicut
478 596 665 666 scriptumest
681 613 686 647 :
700 594 760 650 ,l'ou
767 596 975 663 perurendum
1015 595 1120 666 absque
1131 595 1225 666 aliqua
1240 595 1430 649 membrorum
1446 596 1633 651 diminutione
1648 607 1814 669 resurgant,

177 688 336 742 borriim'lms
355 689 415 741 istis
432 687 548 754 spiritus
569 701 654 750 meres,
676 700 705 737 cu
729 683 801 753 praed
819 689 885 737 sunt
911 698 976 736 ctare
1016 684 1057 737 uel
1068 689 1142 738 certe
1153 683 1319 756 siutpliciter
1329 701 1426 738 omnes
1436 690 1561 739 mortuos
1571 703 1729 757 resurgere,
1737 688 1814 756 dicit,

178 776 252 843 (Gen.
275 779 322 843 m),
351 781 378 830 et
397 775 470 829 sicut
493 772 643 828 Psalmista
659 773 699 827 ait
716 790 721 825 :
747 773 912 826 ,llcrnmctus
926 776 972 833 est,
1016 772 1129 827 etsolos
1143 779 1253 828 sanctos
1267 789 1332 827 cum
1345 773 1399 838 his,
1411 772 1459 844 qui
1474 775 1527 827 uiri
1541 773 1610 844 justi
1632 775 1737 831 inventi
1755 777 1816 832 fue-

176 869 243 935 que'u
258 881 322 918 curo
336 870 411 928 sarit,
429 867 546 932 spiritus
560 863 659 917 cadens
672 868 696 916 ct
712 859 972 931 reortrcdieusffisul.
1015 861 1073 915 rint
1084 861 1110 915 in
1121 861 1241 931 gloriam
1257 862 1410 916 immutari.
1429 864 1519 931 (tupi
1531 863 1563 918 In
1583 871 1687 927 atomo,
1712 866 1814 938 inquit,

175 958 230 1020 cir).
247 950 327 1008 Unde
341 959 370 1007 et
385 952 529 1023 discipulis
543 950 647 1006 Paulus
665 948 775 1004 dicebat
792 969 797 1002 z
822 948 868 1004 l'os
881 955 973 1004 autem
1017 949 1068 1003 hoc
1083 957 1134 1008 est,
1151 950 1180 1003 in
1193 957 1296 1020 puncto
1314 951 1458 1021 temporis,
1466 951 1631 1023 quoddividi
1642 961 1814 1026 nonpotest;

175 1045 207 1096 iu
222 1059 305 1097 carue
319 1059 375 1097 aon
385 1045 457 1101 estis,
467 1042 669 1109 sodiuspr'rttu.
682 1039 816 1111 Nequcin
826 1054 909 1092 carne
919 1054 975 1092 non
1017 1036 1046 1091 ln
1062 1039 1118 1093 ictu
1129 1040 1211 1095 oculi.
1227 1039 1280 1093 lioc
1302 1045 1353 1101 est,
1370 1041 1397 1094 in
1417 1056 1528 1094 summa
1542 1042 1701 1099 celeritate:
1725 1045 1754 1098 in
1768 1062 1816 1099 no-

175 1136 265 1193 erant,
279 1130 379 1202 quibus
390 1130 528 1202 Epistolas
539 1128 758 1192 transmittebat,
776 1128 824 1181 sed
841 1128 976 1197 quiapas·
1016 1127 1130 1181 tissima
1145 1127 1221 1194 tuba,
1243 1128 1295 1182 hoc
1311 1134 1362 1184 est.
1389 1129 1418 1183 in
1440 1130 1592 1184 novissimo
1621 1132 1711 1202 siguo,
1742 1135 1814 1204 quod

175 1219 267 1275 aiones
281 1220 437 1274 carnalium
450 1216 654 1272 desideriorum
670 1217 803 1275 vicerant,
818 1217 877 1286 jam
894 1214 974 1269 liberi
1016 1214 1138 1284 dabitur,
1150 1221 1182 1271 ut
1196 1217 1250 1270 ista
1263 1215 1465 1288 compleantur.
1482 1218 1552 1282 Quid
1566 1220 1603 1273 sit
1612 1226 1723 1275 atonms
1734 1223 1815 1277 multi

175 1325 224 1380 per
237 1309 369 1364 virtutem
384 1309 500 1380 spiritus
509 1306 538 1360 in
554 1322 637 1360 earne
652 1318 708 1360 non
720 1304 897 1369 oraritQuod
908 1321 975 1373 ergo
1016 1309 1139 1359 sistrum
1155 1320 1210 1359 non
1221 1311 1343 1360 norunt:
1360 1311 1520 1363 aternusest
1529 1309 1590 1383 τόμι
1601 1311 1814 1369 sectio.atomus

175 1392 279 1453 Paulus
289 1397 432 1470 apostolus
446 1396 515 1449 dicit
530 1414 535 1448 :
550 1396 620 1462 Ouio
632 1398 846 1462 curoctsurrpm's
858 1410 974 1461 veprium
1016 1400 1068 1455 est,
1085 1395 1189 1461 Gracc,
1206 1396 1280 1465 quod
1296 1396 1383 1448 secari
1398 1412 1453 1448 non
1469 1402 1577 1466 potest3
1593 1399 1641 1451 sed
1657 1405 1769 1454 atomus
1785 1401 1813 1454 in

174 1488 371 1556 depositura
392 1503 448 1540 eron
463 1490 585 1553 posuerat,
609 1500 721 1537 carnem
739 1483 800 1538 uult
820 1481 974 1538 secundum
1015 1499 1131 1553 corpore
1145 1484 1339 1554 corpusculum
1355 1482 1499 1563 estbreuo,
1518 1485 1719 1556 quodjamnon
1730 1487 1814 1543 habet

174 1576 285 1646 culpam
297 1573 428 1646 intelligi,
450 1590 506 1628 non
525 1588 639 1627 carnem
659 1573 811 1627 secundum
831 1577 972 1626 naturam.
1015 1570 1196 1633 ubisecetur·;
1211 1579 1321 1626 atomus
1337 1573 1364 1625 in
1381 1579 1507 1644 tempore
1524 1582 1698 1630 momontum
1718 1576 1811 1634 breve.

174 1658 254 1720 Unde
268 1671 297 1718 et
313 1681 385 1730 mox,
400 1664 466 1734 quia
480 1679 593 1716 carnem
608 1662 761 1716 secundum
779 1661 888 1731 culpam
899 1661 974 1715 dice·
1015 1661 1089 1731 qaod
1102 1662 1162 1731 jam
1177 1661 1328 1715 nonhabet
1341 1662 1388 1715 ubi
1403 1659 1553 1725 dividatur,
1561 1664 1734 1733 uierliigratia
1742 1667 1813 1738 lapis

174 1757 227 1820 ret,
243 1753 367 1807 ostendit
380 1750 503 1806 subdens
520 1770 526 1804 :
545 1752 634 1820 :Veqeee
645 1753 785 1818 corruptio
798 1753 972 1818 incorrupte·
984 1730 1371 1821 Best,dividecuminpartcs
1378 1757 1405 1804 et
1411 1757 1505 1821 partes
1517 1752 1591 1823 ipsas
1598 1752 1724 1808 dividein
1734 1756 1813 1826 lapil-

176 1845 233 1898 lum
245 1843 400 1911 possidebit.
418 1840 451 1894 ln
467 1841 515 1895 illa
537 1858 603 1910 ergo
623 1839 743 1893 sceleratis
766 1839 856 1910 Regni
872 1838 971 1908 gloria,
1014 1830 1814 1911 loa,lapillosdividcingranaa1·enee,granaarenacdivide

174 1946 238 1985 caro
254 1926 408 1985 secundum
424 1935 555 1984 naturam
566 1928 628 1993 erit,
641 1929 689 1982 sed
707 1927 974 1999 secundumpasslo-
1015 1926 1816 2001 inminutissimumpulvoremperueniadaliquamrainu·

175 2019 220 2074 nis
240 2018 379 2073 desideria
394 2036 450 2072 non
472 2019 535 2082 crit,
552 2019 618 2089 quia
634 2016 741 2071 devicto
760 2017 859 2070 mortis
878 2017 973 2071 aculeo
1016 2015 1096 2081 tiam,
1112 2032 1196 2087 quam
1204 2017 1264 2086 jam
1279 2033 1373 2070 secare
1388 2033 1444 2071 non
1457 2024 1545 2088 potes,
1562 2017 1614 2072 hoc
1629 2034 1695 2089 ergo
1710 2020 1739 2074 in
1757 2037 1817 2075 cor·

175 2102 205 2163 in
219 2114 324 2162 aeterna
338 2108 546 2179 incorruptione
557 2106 695 2177 regnabit.
709 2107 737 2173 (Α
744 2110 800 2175 up.)
810 2106 882 2160 Cum
890 2105 976 2176 igitur
1017 2105 1234 2175 pore'quomodo
1251 2105 1288 2158 sit
1300 2110 1420 2159 alonius.
1438 2106 1469 2160 ln
1485 2114 1612 2176 tempore
1628 2124 1701 2173 vero,
1721 2125 1818 2179 quem-

176 2198 211 2252 de
231 2197 435 2252 resurrectione
458 2197 582 2268 corporis
594 2195 744 2266 Apostolus
765 2194 912 2265 disputans
929 2195 976 2248 do·
1017 2190 1168 2247 admodum
1185 2209 1275 2247 annus
1295 2190 1371 2247 verbi
1390 2195 1483 2265 gratia
1506 2202 1617 2250 secatur
1643 2197 1672 2250 in
1694 2214 1816 2260 mensae,

178 2292 262 2352 ceret,
279 2290 376 2341 nostra
386 2303 503 2358 corpora
512 2284 645 2340 futuraex
653 2282 976 2356 corruptibilibusincor-
1017 2296 1128 2337 menses
1139 2282 1302 2336 dividuntur
1319 2284 1347 2337 in
1358 2282 1427 2350 dies,
1444 2284 1504 2337 dies
1520 2285 1611 2338 adhuc
1632 2285 1660 2338 in
1675 2286 1760 2340 horas
1778 2286 1819 2340 di-

178 2372 331 2447 ruptibilia,
343 2371 977 2446 ctcxcontemptibilibusgloriosa,exinllrmis
1017 2370 1073 2425 vidl
1089 2377 1215 2442 possunt,
1232 2371 1307 2426 horse
1324 2372 1416 2426 adbuc
1440 2368 1468 2426 in
1493 2380 1586 2444 partes
1610 2382 1817 2430 momentorum

178 2464 271 2530 fortia,
283 2482 316 2518 ex
335 2463 503 2519 animalibus
516 2463 664 2535 spiritalia,
681 2462 733 2516 hoc
751 2468 793 2516 est
807 2478 840 2515 ex
854 2461 978 2516 mortali-
1018 2459 1154 2531 quasdam
1164 2460 1357 2530 productiores
1374 2460 1529 2515 admittunt
1542 2461 1701 2523 divisiones,
1718 2480 1819 2535 usque-

178 2553 230 2608 bus
246 2553 425 2616 immortalia,
445 2553 572 2623 subjecit,
589 2551 720 2623 atqueait
732 2570 737 2603 :
749 2551 976 2616 llucuulcmdico,
1020 2564 1075 2619 quo
1088 2546 1183 2602 uenias
1197 2549 1232 2602 ad
1247 2555 1359 2603 tantum
1370 2554 1504 2620 punctum
1520 2552 1664 2622 teniporis,
1680 2559 1709 2606 et
1722 2570 1820 2623 quam-

176 2642 288 2711 sralres,
305 2644 371 2711 quie
388 2658 451 2696 cero
475 2647 500 2694 ct
514 2644 629 2709 suaeuis
651 2656 767 2706 repleam
786 2641 832 2694 Ilei
844 2640 978 2708 possidere
1020 2636 1085 2691 darn
1100 2637 1236 2691 momenti
1251 2638 1366 2704 stillam,
1384 2644 1416 2692 ut
1435 2638 1550 2709 produci
1565 2656 1621 2693 non
1635 2639 1738 2712 ¹possit,
1756 2658 1819 2696 curu

177 2735 376 2799 conpescunt:
393 2735 422 2785 et
432 2747 467 2784 ne
475 2730 625 2801 quisquam
633 2727 904 2800 putaretsecundum
917 2728 979 2782 sub·
1019 2725 1091 2779 nihil
1109 2725 1212 2779 habeat
1228 2727 1362 2787 medium,
1382 2727 1435 2781 iste
1451 2735 1493 2781 est
1508 2735 1619 2783 atomus
1638 2730 1818 2801 intempore.

179 2819 313 2874 stantiam
335 2816 427 2872 carnis
451 2818 504 2872 hoc
525 2817 690 2889 Apostolum
707 2817 848 2882 definisse,
867 2815 978 2887 aperuit
1019 2815 1090 2869 Cum
1114 2814 1230 2869 dixisset
1248 2814 1277 2869 in
1301 2822 1404 2879 atomo,
1424 2815 1552 2887 subjecit,
1571 2826 1707 2888 quantum
1726 2826 1821 2891 potest

181 2906 247 2980 quid
262 2907 376 2972 diceret,
389 2906 595 2977 subjungendo,
605 2923 689 2975 acpuc
701 2909 841 2975 corruptio
852 2908 978 2959 incorru-
1019 2902 1080 2958 lieri
1095 2903 1212 2958 actionis
1220 2910 1249 2958 et
1257 2904 1446 2959 motusinisto
1452 2911 1545 2960 atomo
1552 2907 1701 2978 temporis:
1712 2906 1819 2976 lnictu,

176 3000 297 3069 ptiortem
312 2996 471 3065 possideam
487 3002 624 3067 tanquam
636 2992 978 3065 diceret,quoddixi,'caro
1019 2992 1119 3063 inquit,
1136 2993 1218 3059 oculi,
1231 2997 1351 3063 quantus
1362 3000 1405 3047 est
1414 2994 1576 3060 ictusoculi,
1588 3012 1644 3049 non
1660 3012 1715 3068 quo
1726 2999 1821 3069 palpa

179 3091 209 3140 et
222 3084 336 3155 sanguis
350 3096 468 3153 regnum
483 3084 534 3138 Dei
548 3101 603 3137 non
619 3082 810 3155 possidebunt,
826 3083 888 3137 idco
911 3083 976 3150 dixi,
1020 3079 1095 3134 biam
1103 3086 1245 3134 moventes
1254 3081 1411 3135 claudimus
1419 3083 1593 3148 oculum‚uel
1603 3085 1757 3155 aperimus,
1770 3086 1820 3140 sed

177 3175 244 3246 quia
260 3174 402 3245 corruptio
413 3173 651 3244 incorruptionem
670 3189 726 3226 non
742 3169 903 3243 possidebit.
920 3173 978 3226 Hoc
1019 3169 1105 3224 ictum
1115 3164 1599 3226 dicitoculicmissionemradiorum
1612 3174 1646 3227 ad
1659 3174 1766 3245 aliquid
1780 3174 1820 3229 ui-

177 3278 244 3333 ergo
258 3259 318 3317 loco
334 3263 447 3316 nomine
462 3262 590 3316 carniset
604 3261 757 3331 sanguinis,
770 3260 977 3332 corruptionem
1018 3258 1154 3321 dendum;
1164 3275 1228 3312 mox
1237 3266 1268 3313 ut
1276 3258 1351 3313 enlm
1360 3262 1503 3331 aperueris
1511 3262 1769 3317 oculumemittitut·
1777 3280 1821 3318 ra-

177 3350 357 3406 mortalitatis
378 3351 497 3420 intelligi
518 3344 614 3405 voluit.
635 3351 771 3420 Denique,
795 3356 931 3421 tanquam
951 3346 976 3404 ei
1018 3348 1081 3402 dius
1090 3352 1166 3411 tuus,
1182 3365 1239 3402 non
1257 3347 1319 3402 dico
1335 3351 1371 3402 ad
1387 3350 1523 3420 parietem
1536 3352 1705 3422 proximum,
1721 3354 1769 3407 sed
1784 3356 1821 3408 ad

178 3437 328 3506 diceretur,
354 3439 494 3510 quomodo
515 3438 661 3504 caruerit,
685 3445 712 3492 et
733 3455 797 3492 caro
818 3454 873 3492 non
897 3438 977 3493 erit?
1018 3441 1143 3491 montem
1152 3438 1234 3507 longe
1244 3433 1410 3505 distantem3
1422 3440 1542 3493 necdico
1550 3440 1586 3493 ad
1598 3447 1722 3495 montem
1732 3443 1778 3513 qui
1790 3443 1818 3497 in

176 3525 335 3600 respondet,
347 3545 411 3582 earo
426 3528 529 3599 quippe
541 3527 604 3589 erit,
622 3526 755 3598 quoniam
767 3527 903 3585 Dominus
914 3532 978 3598 post
1017 3530 1094 3579 terra
1104 3525 1166 3580 ideo
1179 3526 1289 3580 videtur
1304 3528 1371 3598 quia
1384 3528 1528 3598 proximus
1542 3535 1593 3594 cst,
1618 3529 1646 3583 in
1668 3530 1771 3597 sidera,
1789 3530 1817 3586 in

180 3617 414 3673 resurrectionem
429 3616 469 3670 ait
486 3635 491 3668 :
511 3619 622 3684 Pulputc
635 3621 660 3670 et
675 3617 768 3680 ridete,
783 3619 849 3684 speia
863 3619 978 3684 spiritus
1019 3615 1116 3679 solem,
1129 3615 1157 3667 in
1171 3615 1277 3680 lunam,
1291 3623 1417 3685 quautam
1434 3632 1536 3687 magno
1551 3617 1697 3673 intervallo
1710 3620 1817 3675 distant

179 3722 293 3761 carnem
312 3712 335 3759 et
354 3722 413 3759 essu
429 3721 486 3759 nore
509 3705 595 3769 babet,
619 3708 691 3759 sicut
706 3722 747 3758 ute
764 3706 861 3759 vidctis
882 3705 979 3759 hebere
1019 3706 1130 3769 eterra,
1146 3716 1210 3757 nior
1224 3710 1256 3757 ut
1270 3703 1381 3758 radium
1398 3704 1639 3771 emiseris,lbiest,
1652 3707 1818 3779 ‹piriaspatia

181 3794 254 3863 (tac.
272 3797 358 3861 xxiv),-
374 3810 439 3848 earo
455 3800 550 3847 autem
561 3810 617 3848 non
632 3794 695 3860 crit,
711 3795 844 3862 paeoniam
863 3810 927 3847 coro
954 3799 978 3847 et
1020 3807 1104 3863 quam
1117 3792 1336 3846 citotransvolat
1348 3793 1377 3847 in
1389 3799 1493 3860 atomo,
1509 3795 1537 3848 in
1554 3794 1611 3849 ictu
1626 3796 1708 3862 oculi,
1725 3797 1755 3850 in
1769 3813 1817 3851 no-

178 3886 292 3953 sa'aquis
309 3899 425 3951 regnam
436 3884 485 3937 Dei
499 3897 556 3936 aon
569 3883 753 3951 possidebunt,
770 3882 883 3952 exponit
902 3881 978 3953 quod
1018 3877 1223 3947 visslmatuba3
1244 3879 1324 3951 signo
1334 3880 1382 3935 illo
1396 3883 1462 3936 dato
1478 3883 1512 3936 de
1523 3884 1591 3937 coelo
1606 3884 1635 3937 in
1650 3884 1695 3939 die
1705 3885 1814 3956 judicii.

178 3971 279 4026 dixerit
294 3970 429 4040 adjiciens
446 3971 528 4024 :Ecce
545 3975 709 4037 ruystmu'um
721 3972 781 4025 dico
793 3970 876 4036 cobis,
886 3987 978 4024 orrincs
1020 3969 1102 4024 donet
1117 3970 1191 4024 curia
1204 3971 1729 4042 tabactruortuircsmpcntincorrupti,
1738 3981 1817 4029 eteros

178 4058 979 4130 quidemreiteremus,seuaonorrarestrutinatorem-ardel
1019 4060 1262 4112 corruuutadimur.
1279 4059 1697 4128 Ergoistamcommutationem
1713 4061 1741 4116 in
1760 4080 1817 4117 me-

178 4146 251 4203 sicut
264 4145 352 4200 Graeci
367 4146 475 4200 codices
484 4145 589 4201 liabent
603 4164 608 4198 :
623 4148 721 4201 Oranus
736 4149 846 4216 periclem
861 4149 978 4202 dormie-
993 4180 998 4190 »
1018 4145 1072 4200 lius
1085 4138 1146 4200 sine
1155 4145 1330 4201 dubitatione
1336 4153 1446 4218 oportet
1453 4148 1582 4218 intelligi,
1599 4151 1664 4220 quia
1673 4167 1781 4216 omnes,
1790 4158 1819 4206 et

179 4252 251 4299 mus,
268 4251 323 4289 riou
339 4240 429 4288 tamea
440 4250 533 4288 eirenes
548 4237 773 4289 demutabimur.
792 4237 884 4304 (dap.)
899 4235 978 4291 lianc
1016 4235 1086 4306 justi
1101 4241 1128 4289 et
1139 4233 1244 4306 inJ'usti,
1262 4237 1446 4290 resurrecturi
1457 4243 1531 4302 sunt,
1548 4239 1619 4293 sicut
1638 4235 1774 4294 Dorulaus
1789 4238 1817 4294 lu

177 4324 404 4380 immutationem
414 4328 510 4378 utrum
520 4323 653 4389 deterius,
666 4323 738 4379 enin
750 4324 850 4379 melius
859 4323 1169 4424 intelligiDEuangelio
1184 4325 1310 4395 loquitur
1324 4344 1328 4377 :
1347 4328 1400 4392 (lai
1415 4327 1478 4379 bruc
1496 4329 1629 4393 feceruut,
1645 4332 1676 4382 iu
1696 4340 1818 4382 resurrre-

177 4414 306 4479 roluerlt,
324 4411 458 4467 inferiora
484 4412 687 4466 demonstrant.
713 4413 781 4467 Eece
812 4415 978 4486 mysterium
1020 4416 1353 4482 ctionemrritm·prriruulc
1363 4421 1486 4482 eperunt,
1498 4419 1529 4469 ia
1540 4419 1767 4471 resurrectionem
1770 4423 1818 4488 jo-

179 4503 249 4567 dieo,
259 4500 787 4572 obscuritatemsignillcutnominando
801 4501 976 4574 mysterium.
1020 4505 1088 4557 dicit
1103 4502 1191 4563 (loca.
1203 4504 1239 4565 v),
1253 4501 1391 4573 judicium
1402 4504 1819 4578 appellanspoenamsemplter-

180 4591 391 4661 Omoesinquit,
402 4594 977 4659 rcsurpcmasmonomaese'mmutcbinmr.
1020 4604 1096 4656 nam,
1113 4589 1186 4643 sicut
1200 4587 1342 4644 alioloco:
1361 4592 1414 4658 Oui
1427 4608 1481 4646 rum
1490 4593 1694 4664 creditinquit,
1696 4599 1759 4664 jum
1770 4599 1819 4665 ja-

180 4681 298 4747 (Ambr.)
316 4679 421 4733 Omnes
433 4684 528 4732 autem
542 4679 671 4734 homlnes
691 4684 847 4749 resurgent,
864 4680 912 4734 sed
926 4680 978 4734 soli
1019 4680 1126 4733 diculus
1140 4683 1178 4732 cst
1194 4680 1281 4745 (loun.
1298 4688 1346 4748 ιιι).
1362 4677 1483 4735 Proinde
1497 4680 1547 4748 illi,
1565 4683 1611 4754 qui
1627 4682 1662 4736 ad
1679 4680 1817 4754 judicium

180 4767 227 4839 qui
244 4766 388 4837 regnaturi
404 4773 470 4821 sunt
484 4766 513 4820 in
523 4768 643 4838 gloriam
653 4767 845 4823 mutabuntur.
858 4768 976 4831 Siveita,
1019 4768 1282 4832 resurrecturisunt,
1292 4770 1819 4829 noncommutabunturinillumincor-

179 4871 277 4910 omnes
301 4855 483 4924 resurgimus,
500 4855 547 4926 qui
561 4857 590 4910 ln
605 4855 725 4912 adventu
747 4856 852 4911 Christi
873 4859 977 4912 mortui
1019 4856 1159 4928 ruptelam
1174 4872 1234 4928 quae
1244 4872 1296 4912 nec
1309 4857 1413 4912 doloris
1422 4860 1629 4931 corruptionem
1646 4863 1702 4933 pati
1714 4869 1816 4934 potest,

179 4944 347 5004 invenimur,
355 4959 515 4998 nonomnes
524 4944 757 5011 immutabuntur,
769 4946 818 5016 qui
826 4946 854 4999 in
862 4962 976 5017 corpore
1018 4944 1067 4999 llla
1080 4960 1202 5016 namque
1218 4944 1652 5018 fideliumestatquesanctorum
1670 4968 1675 5003 :
1691 4951 1737 5005 isti
1752 4969 1817 5008 uero

177 5038 242 5089 sunt
266 5032 379 5104 reperti,
396 5033 462 5102 quia
480 5031 568 5087 saneti
587 5032 639 5088 soli
652 5032 835 5088 beatitudinis
857 5033 976 5105 gloriam
1017 5030 1813 5107 perpetuacorruptionecruciabuntur,quietquitcorum

177 5126 396 5194 consequentur.
411 5122 442 5174 lu
458 5127 602 5188 ruorrmnto,
618 5125 650 5176 in
663 5126 718 5176 ictu
731 5127 813 5177 omiti.
826 5124 880 5177 Per
890 5123 975 5179 ictum
1017 5138 1073 5178 nou
1091 5126 1290 5191 restinguetur,
1314 5130 1339 5178 et
1357 5128 1457 5179 uerutis
1480 5142 1575 5180 eorum
1599 5143 1653 5181 nou
1682 5132 1816 5183 nierictar

177 5213 259 5277 oculi,
271 5209 388 5264 nimiam
402 5208 569 5263 brevitatem
583 5211 643 5264 vult
652 5210 810 5281 significare
827 5211 973 5278 momenti,
1018 5212 1113 5279 (More.
1121 5214 1168 5273 ixl.
1177 5212 1249 5277 Quld
1259 5212 1312 5266 slbi
1319 5230 1385 5283 ergo
1393 5214 1452 5268 vult
1459 5215 1513 5268 ista
1521 5215 1672 5283 distinctio,
1680 5222 1704 5271 et
1710 5223 1817 5273 mortui

176 5306 209 5357 ut
222 5307 327 5370 quanta
340 5299 378 5353 sit
389 5292 439 5351 Del
457 5298 584 5368 potentia
599 5314 630 5352 cx
648 5299 859 5354 resurrectionis
875 5301 973 5355 celeri·
1016 5306 1159 5368 resurgeat
1174 5305 1370 5370 incorruptum
1387 5319 1434 5357 nos
1445 5306 1670 5371 trutinatubimur,
1684 5306 1737 5361 nisi
1749 5309 1815 5378 quia

176 5392 234 5445 tate
247 5402 406 5459 cognoscas.
423 5388 457 5440 In
468 5389 616 5440 novissime
633 5390 706 5454 tabu,
724 5394 749 5442 ct
763 5392 870 5443 euertat
884 5404 975 5443 resur·
1016 5405 1114 5444 omnes
1129 5386 1283 5462 incorrupti
1298 5396 1454 5462 resurgent,
1472 5391 1521 5446 sed
1536 5410 1568 5447 ex
1581 5395 1625 5448 his
1638 5391 1709 5465 justi
1727 5396 1812 5450 etiam

175 5485 239 5548 peut
261 5477 426 5543 incorrupti,
446 5479 471 5526 et
488 5488 536 5527 uos
551 5477 779 5531 e'rnmutabimar.
799 5476 973 5533 Nouissimas
1014 5476 1241 5534 immutabuntur
1254 5479 1283 5532 in
1296 5478 1373 5532 illam
1391 5480 1618 5553 incorruptelam,
1635 5484 1680 5539 cui
1696 5484 1811 5539 omnino

175 5568 311 5625 adrentus
326 5560 493 5632 intelligitur
507 5559 622 5633 Christi,
637 5566 742 5621 mortui
755 5567 902 5622 autemvel
910 5584 973 5639 pec-
1013 5564 1089 5622 nulla
1101 5568 1189 5638 possit
1198 5582 1297 5623 nocere
1310 5569 1461 5640 corruptio,
1476 5586 1508 5626 ac
1522 5588 1573 5643 per
1582 5572 1634 5626 hoc
1648 5575 1697 5644 qui
1711 5575 1811 5629 incarn
