3772 6120
119 316 184 375 lert
415 317 446 371 B.
468 316 603 371 macru
623 314 737 371 MAURI
757 314 925 372 ARCHIEP.
946 314 1109 373 MOGUNT.
1131 312 1280 371 OPERUM
1299 311 1393 367 PARS
1411 310 1464 366 111.
1691 308 1758 365 1372

117 458 174 514 qua
187 442 220 495 flt
232 441 356 514 corporis
380 440 547 511 inquinatio,
562 446 605 495 est
615 447 643 494 ot.
656 439 798 512 spiritalis,
818 441 845 495 in
862 443 950 513 quaA
960 440 1025 505 dici,
1038 457 1129 513 neque
1138 457 1252 513 rapaces
1265 455 1382 510 regnum
1395 436 1447 495 Dei
1461 432 1650 508 possidebunt
1661 437 1687 503 (l
1700 435 1757 494 tor.

118 547 174 585 nou
188 547 288 602 corpus
303 530 445 602 polluitur,
459 529 506 583 sed
522 548 601 584 inem
617 527 788 601 inquinatur,
807 531 841 583 do
863 547 917 602 qun
960 545 995 585 ri.
1014 528 1068 588 aa).
1088 549 1100 581 s
1117 528 1152 583 Et
1167 545 1297 583 rursum:
1315 546 1328 579 a
1351 524 1549 582 Fornicatores
1568 531 1598 579 ct
1623 522 1759 579 adulteros

118 619 246 675 Christus
261 619 321 672 ait:
341 640 351 667 ι
370 618 422 682 Qui
440 617 536 671 vitlerit
563 617 708 672 trudiereni
728 620 761 671 aid
789 619 917 691 cormupi·
954 618 1092 688 judicabit
1107 619 1181 673 Deus
1201 619 1290 675 tflcbr.
1310 612 1425 685 arrisit.»
1437 614 1471 669 Et
1483 630 1598 668 rursum
1611 611 1686 666 idem
1696 629 1760 684 apo-

118 706 333 763 scendunream.
343 706 565 778 jarnrnmclmtus
581 715 623 761 est
637 724 699 762 eam
716 709 744 762 in
760 709 842 762 corde
865 727 915 763 suo
958 707 1046 761 stolus
1056 707 1113 761 ait:
1135 734 1142 756 ι
1163 706 1262 777 Fugite
1287 705 1513 767 fornicationem,
1528 702 1651 757 batres:
1675 702 1760 773 quod-

120 796 226 867 llfattb.
246 815 271 861 v,
290 794 344 865 asp.
364 816 374 846 c
394 796 492 850 Omnis
519 797 592 849 enirn
617 796 761 851 immunda
787 798 913 869 pollutio,
957 813 1067 866 cunque
1082 796 1158 850 enim
1175 804 1319 866 peccatum
1343 794 1443 849 fecerit
1465 794 1551 846 homo
1568 798 1650 845 extra
1663 808 1758 862 corpus

119 884 265 939 fornicatio
279 883 391 941 dicitur.
409 885 535 955 aquaniris
550 886 666 956 quisque
678 886 787 939 diversa
798 885 918 957 turpitu·
959 890 1021 938 est:
1038 885 1086 955 qui
1101 889 1196 938 nutem
1210 884 1373 950 fornicatur,
1398 883 1427 936 in
1443 896 1545 952 corpus
1571 894 1655 935 suum
1670 886 1760 951 peccat

119 974 193 1028 dinis
207 974 349 1044 voluptate
362 974 557 1043 prostituatur.
569 974 671 1044 tllfcr.)
680 974 718 1028 Ex
734 973 918 1029 delectatione
960 977 984 1041 (l
997 976 1056 1028 Cor.
1067 989 1105 1034 rt,
1120 973 1170 1039 la).
1184 991 1197 1026 a
1216 973 1341 1028 Audiant
1351 979 1379 1026 et
1389 971 1473 1042 hiqui
1484 968 1643 1042 spiritalem
1654 974 1759 1023 secun·

120 1063 195 1116 enim
214 1060 367 1116 fornicandi
397 1063 473 1115 rarle
499 1064 655 1133 gignuntur
679 1063 794 1134 flagitia.
817 1064 918 1135 quibus
960 1063 1168 1125 turluxuriam,
1184 1062 1212 1115 id
1228 1066 1280 1122 est,
1300 1062 1347 1132 qui
1369 1062 1398 1114 in
1417 1060 1501 1115 corde
1525 1059 1638 1113 libidini
1651 1073 1761 1113 consen·

120 1150 294 1222 regnumllei
303 1151 483 1218 clauditur,ct
492 1151 575 1204 bomo
586 1152 668 1206 aDeo
679 1160 834 1224 suparatur,
844 1154 918 1207 unde
960 1151 1042 1215 tlunt,
1055 1158 1084 1205 et
1098 1152 1133 1204 ad
1149 1166 1219 1222 opus
1232 1151 1385 1220 concupitae
1399 1148 1525 1204 libidinis
1547 1164 1606 1201 non
1625 1151 1761 1218 pertrans·

121 1241 189 1294 etin
207 1239 292 1294 reteri
308 1240 369 1310 lege
380 1240 414 1293 de
424 1240 552 1295 neliindis
560 1240 733 1306 criminibus,
751 1259 812 1312 qua
827 1243 855 1295 in
871 1260 917 1295 oe,-
961 1246 1041 1294 eunt.
1058 1260 1071 1292 ι
1087 1240 1139 1304 Qui
1154 1238 1264 1306 viderit,
1284 1258 1295 1290 s
1312 1240 1404 1311 inquit
1418 1239 1568 1303 Dominus,
1589 1236 1759 1291 «mulierem

121 1330 196 1383 culto
212 1332 291 1391 flunt,
310 1334 380 1383 ctea
395 1329 539 1385 nominare
554 1330 748 1401 turpissimum
765 1335 816 1397 est,
834 1348 868 1385 ne
892 1336 921 1385 ct
961 1330 996 1383 ad
1013 1329 1347 1400 concupiscendumeam,
1358 1330 1418 1399 jam
1436 1327 1597 1382 maechatus
1610 1325 1761 1380 mteamlu

37 1462 42 1467 .
121 1416 239 1472 dicentis
254 1435 284 1471 os
299 1423 327 1472 et
344 1435 427 1472 aures
439 1418 612 1473 attidientium
621 1418 821 1491 polluerentur,
838 1436 921 1489 gene·
962 1420 1045 1472 corde
1060 1435 1111 1472 suo
1136 1420 1242 1485 (uerte.
1265 1421 1360 1484 xxrnl.
1379 1436 1392 1470 ιι
1416 1418 1451 1471 Et
1462 1432 1514 1488 per
1528 1416 1646 1471 beatum
1661 1413 1713 1470 Job
1725 1413 1761 1468 dl·

121 1507 218 1561 taliter
234 1507 379 1578 Scriptum
388 1508 532 1578 complexa
542 1507 687 1562 cstdicens
700 1551 705 1561 .
718 1528 730 1555 o
742 1507 921 1563 l'erecundos
962 1508 1052 1561 citur:
1072 1528 1084 1558 a
1101 1506 1198 1578 Pepigi
1221 1507 1311 1562 foedus
1322 1523 1386 1560 cum
1401 1506 1489 1560 oculis
1500 1505 1583 1570 meis,
1601 1508 1634 1559 ut
1647 1520 1684 1558 ue
1697 1503 1763 1574 ocgi-

121 1597 164 1650 rcl
179 1596 428 1649 reserentesfacite
439 1596 510 1649 fdios
522 1596 607 1650 lsrael
623 1595 658 1650 ab
673 1596 749 1650 omni
769 1596 921 1651 immundi·
962 1602 1052 1650 tarem
1063 1597 1176 1667 quidem
1191 1595 1543 1666 devirgine.Quamenin1
1558 1600 1672 1665 partem
1683 1591 1762 1647 habe·

121 1684 170 1743 tia,
190 1705 202 1736 o
219 1685 253 1738 de
268 1702 323 1754 qua
337 1690 365 1737 ct
379 1685 482 1738 Panlus
498 1684 922 1756 apostolusloquitu1·:‹Forni·
962 1686 1085 1740 retDeus
1094 1686 1123 1739 in
1136 1702 1181 1740 me
1191 1685 1321 1757 desuper,
1339 1691 1368 1739 et
1377 1684 1574 1739 haereditatem
1581 1683 1761 1753 Omnipotens

123 1773 196 1827 catio
207 1780 302 1826 autem
317 1782 346 1827 ct
360 1774 451 1827 omnis
473 1774 650 1828 immunditia
666 1781 715 1828 aut
733 1774 851 1828 avaritia
872 1758 1185 1842 ncchcexcelsisllob
1196 1789 1272 1839 xxxi,
1293 1773 1340 1838 ll?
1365 1773 1449 1828 »Nisi
1473 1772 1550 1827 enim
1570 1772 1663 1826 actori
1682 1770 1761 1843 [forle

122 1862 319 1916 nomineturin
331 1861 406 1916 robis
417 1863 490 1916 sicut
500 1863 580 1916 decet
590 1868 700 1917 sanctos
714 1865 818 1932 (pres.
828 1882 853 1926 r,
865 1864 918 1933 3).·
963 1863 1081 1933 auctori]
1105 1869 1202 1917 nostro
1227 1863 1360 1933 cogitatio
1375 1862 1452 1933 preri
1467 1876 1626 1916 consensus
1642 1859 1761 1931 displice·

122 1953 195 2007 Nam
210 1957 238 2005 et
253 1952 452 2022 prophetarum
468 1953 496 2006 in
517 1952 584 2006 locis
602 1953 731 2023 plurimis
755 1952 919 2020 invenimus,
963 1957 1015 2016 ret,
1032 1967 1211 2022 nequaquam
1228 1967 1278 2023 per
1292 1938 1393 2005 Lsnium
1408 1948 1533 2004 diceret:
1549 1968 1562 2000 a
1580 1949 1697 2004 Auferte
1710 1962 1762 2002 ra*

123 2039 310 2095 idololatriam
335 2040 547 2095 fornicationem
572 2042 752 2112 appellatam,
776 2047 808 2095 ut
828 2042 920 2096 illud:
964 2041 1022 2094 lum
1041 2040 1244 2110 cogitationum
1263 2045 1419 2095 vestrarum
1429 2039 1464 2092 ab
1476 2038 1567 2093 oculis
1579 2038 1653 2092 meis
1672 2038 1732 2103 (Iso.
1744 2052 1759 2097 ι.

124 2128 385 2189 ‹Fornicabuntun
401 2130 502 2200 inquit,
520 2136 583 2201 post
598 2130 672 2185 idola
695 2148 745 2185 sun
769 2137 798 2184 et
821 2131 923 2201 spiritu
966 2127 1019 2197 ab).
1038 2150 1051 2180 ι
1069 2131 1102 2183 Et
1127 2130 1157 2182 in
1171 2129 1320 2198 Evangelio
1333 2128 1494 2187 phariseis:
1511 2148 1525 2179 a
1543 2127 1620 2191 Quid
1636 2122 1759 2197 cogltatls

123 2217 314 2272 fornicationis
327 2218 435 2272 seducti
448 2225 515 2274 sunt
530 2220 632 2279 {disecti
649 2236 684 2285 rr,
700 2221 764 2283 9).»
965 2204 1039 2271 mala
1050 2219 1081 2272 in
1090 2218 1221 2272 cordibus
1240 2218 1338 2272 restris
1356 2218 1461 2283 (tutum.
1474 2233 1510 2281 1x,
1535 2215 1573 2282 4).
1594 2235 1607 2267 ι
1625 2214 1716 2286 [frid]
1726 2214 1760 2270 Er

965 2306 1047 2360 corde
1059 2307 1134 2360 enim
1145 2306 1268 2377 primum
1280 2305 1476 2359 fornicationes
1487 2311 1556 2357 sunt
1567 2303 1726 2358 auferenda
1734 2308 1762 2356 ut

376 2449 381 2460 .
597 2448 602 2459 .
727 2451 732 2461 ,
766 2450 771 2460 ,
965 2410 1021 2449 non
1031 2401 1217 2467 prorumpant
1232 2392 1370 2465 inopere,
1389 2390 1454 2447 hinc
1469 2399 1522 2458 est,
1540 2390 1616 2464 quod
1645 2409 1696 2465 per
1707 2408 1764 2465 pro·

159 2448 328 2520 Plerumque
355 2449 394 2509 lu.
419 2467 489 2523 quos
513 2450 570 2503 lucc
596 2450 822 2504 immundissima
845 2455 925 2507 vexat
965 2483 1079 2557 phetam
1094 2483 1214 2539 dicitur:
1240 2508 1249 2529 u
1266 2481 1410 2553 Accingite
1435 2478 1547 2535 lumbos
1563 2488 1764 2552 vestrossuper

159 2342 224 2396 Car.
238 2342 319 2396 XLV.
332 2371 361 2380 -
372 2344 497 2410 (inoliter
507 2346 623 2397 lirrrnu'u
635 2350 711 2396 ta‘rut
722 2347 886 2397 iteruriosos.

124 2537 225 2608 passio,
244 2544 339 2610 turpes
355 2546 383 2592 et
405 2539 560 2593 luxuriosos
576 2539 721 2610 proferunt
736 2556 879 2593 sermones
897 2545 926 2593 ct

125 2627 211 2681 nimio
223 2625 346 2682 libidinis
361 2628 461 2682 ardore
472 2629 597 2682 succensi
613 2629 648 2682 ad
667 2628 806 2701 speciosas
827 2629 925 2685 millie-

125 2732 188 2768 rum
203 2715 307 2769 formas
317 2716 477 2787 petulantes
487 2717 732 2786 ingeruntuculos,
746 2724 771 2771 et
782 2718 856 2773 :trrxii
871 2719 924 2772 buc

124 2799 244 2874 illucque
255 2804 429 2859 sollicitando
440 2816 593 2867 currentes,
607 2808 746 2877 quomodo
757 2816 784 2860 et
799 2807 844 2861 ubi
857 2824 924 2879 qua-

123 2888 243 2963 literque
265 2893 349 2947 etiarn
375 2893 403 2947 in
425 2894 632 2949 nefandissimis
656 2895 830 2961 criminibus,
848 2894 923 2967 quod

124 2981 208 3034 nimis
222 2987 304 3052 turpe
320 2987 362 3035 est
379 2982 481 3049 dicere,
497 3000 576 3036 suam
591 2983 843 3039 immundissimam
858 3002 923 3056 pos·

124 3069 181 3122 sint
196 3071 305 3141 explere
316 3070 470 3125 libidinem.
491 3072 563 3125 Nam
579 3077 607 3125 ct
625 3072 687 3127 idco
712 3091 784 3145 saepe
806 3076 957 3144 comptaeC

124 3158 254 3229 pretiosis
267 3176 296 3212 se
311 3159 431 3213 induunt
443 3159 576 3228 restibus,
595 3168 625 3215 ut
647 3162 735 3217 aimari
756 3163 864 3233 possint
889 3161 924 3217 ab

124 3246 168 3302 his
182 3264 251 3318 quos
263 3248 292 3301 in
307 3267 357 3302 sua
373 3248 484 3304 miseria
504 3250 622 3321 cupiunt
641 3251 791 3323 participes
809 3252 922 3318 habere,

124 3341 153 3390 et
167 3337 353 3409 qualicunque
368 3338 504 3394 diabolico
520 3338 602 3395 stibio
618 3347 646 3395 et
668 3348 769 3396 ornatu
794 3347 921 3413 possunt,

124 3441 188 3479 suus
203 3423 364 3481 decolorant
376 3428 470 3482 farcies.

125 3532 190 3586 Cer.
203 3534 298 3588 XLVI.
308 3566 341 3575 -
354 3539 456 3602 (laribus
471 3540 553 3605 possit
565 3539 677 3590 indiciis
699 3540 823 3603 coprroscr'
839 3542 922 3591 lateat-

475 3625 572 3664 riuum.

158 3714 263 3782 (t'ppr.)
274 3714 381 3777 Quibus
391 3722 433 3769 est
443 3716 518 3769 enim
526 3715 583 3768 vitn
594 3716 734 3769 luxuriosa
746 3716 924 3787 etirupudica

965 2572 1154 2626 uberarestra
1167 2573 1233 2638 (tra.
1247 2588 1311 2638 xxu,
1324 2572 1378 2635 ll),
1398 2591 1408 2621 ι
1424 2570 1477 2625 hoc
1490 2575 1544 2635 est,
1565 2571 1596 2625 in
1611 2569 1695 2624 corde
1709 2566 1764 2625 libi·

965 2661 1044 2715 dines
1058 2666 1192 2726 resecate,
1205 2678 1266 2733 quae
1281 2659 1315 2714 ad
1330 2659 1439 2714 lumbos
1463 2659 1619 2731 pertinent.
1635 2656 1707 2715 Nam
1720 2672 1765 2715 cor

965 2768 1049 2822 super
1072 2748 1158 2804 ubera
1171 2757 1223 2816 est,
1244 2766 1300 2804 non
1315 2749 1344 2803 in
1357 2746 1469 2803 lumbis.
1487 2745 1617 2803 Audiant
1636 2754 1665 2801 et
1679 2744 1708 2802 hi
1720 2742 1763 2818 qui

964 2846 1108 2893 sectantur
1123 2838 1340 2899 immunditimu,
1353 2837 1382 2892 id
1396 2847 1448 2903 est,
1465 2837 1513 2909 qui
1525 2854 1582 2893 non
1592 2833 1702 2909 grande
1713 2852 1762 2913 pu·

964 2934 1026 2982 tant
1037 2924 1224 2993 essefaciuus,
1246 2927 1319 2998 quod
1335 2927 1395 2981 sinc
1415 2926 1566 2981 concubitu
1587 2925 1676 2980 maris
1689 2922 1762 2980 etle-

965 3017 1048 3072 mium
1067 3017 1095 3071 in
1110 3016 1227 3070 dirersis
1248 3014 1393 3072 diabolicis
1420 3013 1673 3087 prostitutionibus
1686 3030 1761 3069 suam

965 3112 1117 3177 provocant
1125 3103 1278 3159 libidinem.
1291 3102 1576 3175 Apostoluminquit,
1591 3102 1711 3157 Paulum
1720 3118 1763 3157 aa·

966 3180 1046 3249 diunt
1058 3194 1212 3248 dicentem:
1232 3211 1245 3245 a
1259 3192 1355 3265 Neque
1367 3192 1505 3246 immundi
1516 3191 1693 3263 regnumDei
1701 3208 1761 3265 poa·

966 3280 1097 3338 sidebunt
1112 3284 1138 3345 (l
1159 3282 1219 3337 dor.
1237 3295 1275 3347 rr,
1296 3280 1345 3350 lb),
1363 3286 1414 3334 »et
1426 3296 1540 3335 rursum
1558 3299 1564 3332 ε
1582 3302 1596 3331 ι
1609 3276 1760 3334 Fornicatio

966 3378 993 3427 et
1008 3372 1100 3428 omnis
1116 3369 1297 3426 immunditia
1320 3384 1370 3423 nec
1385 3369 1549 3423 noniinetur
1562 3370 1594 3423 in
1606 3364 1759 3437 robisqb'pb.

975 3478 1001 3529 r,
1009 3460 1063 3531 3).1
1074 3458 1172 3531 [llice]
1183 3458 1245 3513 Non
1262 3459 1337 3512 enim
1347 3456 1477 3523 dicerunt
1487 3473 1603 3512 omnem
1619 3452 1761 3512 immundi-

964 3551 1064 3616 tiamp
1076 3549 1128 3603 nisi
1139 3547 1256 3603 dirersis
1267 3564 1299 3601 cx
1308 3546 1397 3601 modis
1411 3547 1534 3601 influxus
1548 3547 1665 3601 seminis
1680 3546 1757 3611 beret,

964 3642 1043 3693 lieret
1053 3643 1081 3693 ct
1091 3637 1285 3691 sordidissima
1297 3633 1420 3690 titillatio
1429 3636 1531 3689 carnis.
1541 3637 1637 3704 (Crass.)
1647 3634 1759 3690 dudiaut

965 3727 1080 3783 Paulum
1096 3726 1253 3798 apostolum
1271 3724 1419 3791 dicentem,
1436 3742 1535 3779 omnes
1545 3723 1756 3797 pariteradultc·

123 3800 285 3871 frequenter
299 3804 382 3857 rerba
396 3821 465 3857 rnna
479 3814 506 3857 et
525 3805 595 3857 falsa
617 3816 700 3875 atquo
722 3805 865 3858 luxuriosa
885 3806 924 3859 lo·
963 3818 997 3883 ri,
1009 3817 1154 3882 luxusmgq,
1168 3814 1359 3880 fornicatores,
1372 3814 1522 3881 immundi,
1536 3815 1753 3882 m01103‚m350u.

124 3900 258 3959 quuntur.
275 3893 369 3961 iugari
387 3895 480 3946 oculos
497 3911 609 3963 semper
619 3911 669 3964 per
682 3894 785 3947 formas
799 3893 885 3948 illices
895 3900 924 3948 et
963 3909 1054 3961 lorum
1069 3904 1271 3960 00ncuqu0seg,
1288 3905 1375 3959 «Non
1392 3900 1751 3976 e11im‚inquit‚vocatitv0s

124 3979 263 4048 speciosas
271 3982 447 4050 permittunt,
458 3983 648 4052 pompatieoet
660 3982 922 4054 illecebrosogressu
963 3991 1602 4067 Deusjnignofflinjamsedinsanctimonjam‚„
1615 3987 1749 4065 itaquequi

125 4068 267 4130 incedunt,
284 4070 423 4122 lasciviam
440 4070 569 4140 diligunt,
591 4071 734 4125 libidinem
751 4079 856 4129 amam,
873 4089 922 4126 cu·
964 4078 1748 4156 haecspppniqnonhominemspernquedneumquiedam

124 4155 270 4226 Pldllsslssffi
285 4158 466 4228 ssl’Plflullunl
480 4158 563 4212 l'ssfb‘d
574 4160 923 4230 'nultiplifflssbsulae00¹¹·
964 4174 1041 4229 <ledit
1051 4173 1186 4245 Spiritum
1196 4190 1278 4228 suum
1288 4168 1748 4226 sanctuminnobisiltillud:allae

125 4245 310 4315 cupiscentias
323 4253 475 4312 sectantur,
491 4245 655 4302 ebrietatem
671 4248 801 4319 diligunt,
817 4250 880 4304 lites
896 4255 924 4302 et
965 4272 1016 4328 est,
1038 4265 1138 4336 inquit,
1155 4263 1284 4318 voluntas
1312 4262 1371 4327 pei,
1395 4261 1581 4317 sanctificam
1607 4267 1702 4323 vestm,
1723 4262 1747 4309 ut

125 4335 182 4388 “²²⁸
191 4336 388 4395 ¹¹⁰¹¹d0lll²¹¹¹t=
402 4336 548 4390 al'ffl'illstm
558 4342 585 4390 el
596 4338 797 4409 philargyriam
816 4353 871 4392 ¹¹⁰¹¹
883 4355 924 4391 1'0·
965 4352 1128 4409 abstineatis
1141 4370 1188 4406 ros
1207 4370 1224 4406 a
1239 4351 1432 4417 fornicatione,
1446 4358 1476 4406 ut
1490 4346 1746 4421 sciatunusquisquc

125 4423 245 4488 frenant,
260 4425 432 4479 otlositatem
448 4432 553 4492 irruant,
569 4424 649 4480 bouis
664 4427 788 4480 moribus
804 4444 860 4481 ιιοιι
875 4427 924 4481 de·
965 4448 1089 4496 vestrum
1104 4458 1151 4494 aas
1167 4458 1248 4495 suum
1263 4438 1404 4512 possidere
1414 4439 1443 4495 qn
1455 4441 1599 4495 honorem
1612 4437 1746 4494 sanctifica.

32 4572 38 4581 ,
124 4512 273 4577 lectantur,
290 4514 425 4567 intereos
440 4514 487 4586 qui
510 4516 544 4569 do
559 4517 687 4569 castitate
705 4522 733 4569 et
752 4516 925 4571 continentia
966 4533 1051 4598 tione,
1071 4547 1126 4584 „011
1137 4529 1166 4584 in
1176 4530 1305 4602 passione
1317 4528 1461 4595 desiderii,
1472 4528 1546 4584 sicut
1555 4536 1583 4585 ct
1593 4535 1746 4599 gentesque

127 4602 280 4670 loquuntur
292 4609 394 4667 tacent,
407 4604 566 4674 Scripturas
576 4603 736 4670 dii·inas,tle
749 4606 803 4660 rita
814 4605 923 4676 pudica,

126 4688 282 4751 fastidiunt,
300 4691 425 4746 habitum
440 4693 601 4747 ordinatum
616 4695 847 4765 propositumque
862 4711 926 4748 con·

125 4779 284 4833 venientem
295 4785 352 4835 tum
362 4782 523 4852 capillorum
535 4800 620 4852 quam
631 4783 749 4837 restium
760 4783 831 4837 sicut
847 4784 926 4836 decet

126 4886 182 4924 non
204 4869 318 4936 babent,
343 4887 454 4925 omnem
479 4870 686 4926 immunditiam
706 4888 759 4925 non
790 4872 923 4927 devitant,

127 4959 175 5013 sed
190 4966 295 5012 nutant.

127 5066 191 5119 (Ἅι.
209 5067 316 5122 XLVII.
334 5098 366 5108 -—
398 5068 548 5134 Itureputio
572 5069 702 5121 adsersus
722 5070 877 5120 lururiosos
901 5072 925 5120 rt

432 5142 621 5205 fornicatores.

162 5246 286 5300 studiant
298 5245 434 5298 luxuriosi
450 5245 497 5316 qui
520 5247 660 5299 cartralem
683 5253 827 5300 sectantur
850 5244 928 5299 luxu-

126 5332 197 5387 rium
212 5334 329 5388 Paulum
340 5335 497 5405 apostolum
512 5334 677 5389 terribiliter
692 5335 924 5389 corurninantem:

130 5441 139 5470 ι
153 5420 250 5495 Neque
258 5422 447 5490 fornicatores,
461 5423 561 5496 inquit.
570 5441 660 5495 neque
669 5424 749 5479 idolis
762 5432 924 5489 servientes,

968 4621 1098 4691 ignorant
1112 4620 1200 4673 Deum
1217 4621 1240 4678 tl
1259 4619 1345 4672 Tbrss.
1370 4635 1403 4671 ir.
1422 4617 1448 4675 :n
1471 4638 1477 4679 3
1498 4639 1510 4665 u
1526 4625 1555 4672 ct
1577 4617 1642 4671 illud
1655 4614 1681 4669 in
1695 4611 1746 4683 Epi-

967 4711 1039 4764 stola
1064 4708 1099 4762 nd
1124 4708 1277 4762 Hebraeos:
1295 4726 1307 4757 a
1329 4706 1438 4771 Pacem,
1456 4706 1557 4778 iuquit,
1580 4700 1714 4759 sectamini
1724 4708 1746 4753 ct

966 4797 1191 4858 sanctimoniam,
1209 4796 1269 4850 sine
1285 4813 1340 4868 qua
1354 4813 1437 4849 neruo
1451 4792 1557 4849 ridebit
1570 4794 1655 4848 Deum
1671 4788 1743 4855 (deor.

967 4887 1131 4955 natalite-
1141 4902 1251 4957 quoquc
1266 4883 1409 4939 euidenter
1419 4880 1744 4951 sinesanctimonia,quam

966 4977 1037 5031 solet
1046 4976 1236 5047 integritatem
1248 4974 1351 5028 mentis
1360 4974 1403 5028 rel
1417 4972 1570 5045 puritatem
1580 4968 1696 5043 corporis
1707 4981 1745 5034 ap·

967 5062 1278 5137 pellarc,pr·onuntiavit
1288 5063 1377 5117 Deum
1395 5060 1600 5134 penitusrideri
1612 5075 1664 5113 non
1673 5068 1744 5127 posse.

968 5156 991 5210 si
1008 5154 1121 5226 quidem
1138 5152 1225 5206 ethic
1240 5150 1371 5206 similiter
1396 5151 1488 5211 infert,
1506 5148 1636 5204 eumdem
1650 5155 1746 5201 sensum

968 5245 1130 5315 explanans,
1141 5241 1183 5297 Nc
1191 5240 1253 5311 quis
1262 5240 1422 5297 fornicator,
1437 5236 1671 5310 autprofanus,ut
1682 5230 1746 5287 Esau·

968 5334 1092 5387 studiant
1100 5332 1188 5402 hiqui
1201 5348 1256 5385 iton
1267 5328 1359 5383 carrus
1369 5329 1550 5399 corruptione
1560 5326 1608 5382 sed
1618 5322 1701 5380 cordis
1713 5319 1748 5372 dc·

969 5422 1109 5493 linquunt,
1126 5419 1295 5475 sententiam
1308 5416 1398 5474 sancti
1412 5416 1508 5471 Basilii
1520 5413 1694 5473 Cesariensis
1707 5405 1750 5480 epi·

128 5525 218 5579 neque
234 5510 341 5574 molles,
357 5529 447 5583 neque
462 5514 652 5569 inasculorum
667 5512 868 5574 concubitores,
884 5529 931 5567 nc·
972 5511 1056 5583 scopi.
1080 5509 1227 5565 Mulierem
1256 5507 1349 5580 iuquit
1366 5505 1474 5577 ignore,
1491 5512 1520 5560 et
1534 5506 1612 5578 vir'go
1628 5520 1679 5560 non
1692 5511 1748 5557 ειιωι

127 5612 180 5670 quc
197 5598 282 5664 fures,
299 5615 391 5671 neque
405 5602 491 5666 avari,
503 5618 594 5673 noque
605 5600 718 5671 ebriosi,
736 5619 826 5674 neque
845 5601 930 5656 ariole·
972 5596 1019 5655 ubi
1031 5596 1200 5669 intelligitur
1214 5615 1269 5653 non
1284 5600 1343 5653 um
1360 5596 1390 5652 in
1405 5593 1540 5651 mulieres
1554 5612 1615 5652 csse
1631 5589 1752 5648 abstineu-
