3786 6128
121 234 190 291 1175
411 234 442 288 Β.
463 233 598 289 RABANI
618 233 733 290 MAURI
759 233 926 289 ARCHIEP.
948 233 1109 289 MOGUNT.
1130 233 1279 290 OPERUM
1298 232 1389 288 Pras
1407 231 1457 287 lll.
1692 228 1764 284 titt

120 356 266 413 lhiriitatis
284 356 336 412 sub
360 357 435 412 trina
462 360 611 427 mersione,
628 361 656 415 in
683 363 789 417 tbntem
813 360 1023 420 lavacriACnr.
1051 361 1123 416 XIV.
1150 392 1182 401 —
1202 362 1239 414 Ile
1267 364 1398 415 tinctione
1422 360 1552 427 baptismi
1574 362 1599 411 et
1629 359 1765 411 unctione

122 447 201 518 quasi
216 446 245 499 in
261 447 402 516 quoddam
417 449 575 520 sepulcrum
586 451 788 506 descendimus.
799 452 919 507 Consur-
1272 433 1440 487 dissimili·

120 535 215 606 ςιιιιιιε
229 535 350 601 Christo,
364 553 428 591 cum
449 539 524 592 exuti
534 539 662 594 omnibus
673 541 833 611 peccatisdc
844 540 918 594 fonte
995 540 1042 604 (Ile
1058 541 1149 593 Instit.
1167 542 1232 592 cler.
1256 541 1274 592 l.
1286 556 1303 604 ι,
1321 555 1344 591 c.
1362 537 1416 601 18.)
1434 537 1501 591 Post
1515 537 1574 591 haec
1589 536 1682 607 igitur
1699 551 1767 589 con·

122 624 202 695 quasi
216 624 250 678 de
263 626 391 696 sepulcro
405 626 574 696 egredimur.
585 629 639 682 Sed
654 629 919 701 neqdemysterium
960 633 1086 681 secratur
1105 627 1176 693 sons,
1192 636 1221 681 et
1237 627 1271 680 ad
1285 627 1378 698 ipsum
1392 626 1562 698 baptismum
1578 625 1766 680 catechume-

121 712 208 767 tn'um
220 712 330 768 dierum
344 731 376 768 ac
390 715 513 771 noctium
526 717 627 788 quibus
639 719 668 773 in
677 720 803 790 sepulcro
822 719 917 773 Domi·
960 732 1014 770 nus
1026 715 1142 780 accedit,
1153 722 1181 769 et
1194 716 1274 769 sicin
1285 716 1399 769 nominc
1411 722 1513 769 sancta
1523 713 1674 772 Trinitatis
1688 712 1767 767 trina

122 818 175 857 nus
189 800 275 857 tuisse
289 801 393 874 legitur
412 806 580 875 praeteritur,
601 824 664 862 cum
679 807 808 861 invocata
822 813 919 862 sancta
959 805 1150 858 submersione
1158 805 1325 875 baptizatur.
1343 805 1378 858 Et
1391 810 1465 859 recte
1478 804 1562 858 horno
1577 803 1626 875 qui
1642 802 1680 856 ad
1696 802 1770 857 ima·

121 891 340 963 Trinitate,quae
352 893 448 964 utique
461 911 528 949 vera
542 896 645 963 laxast,
653 897 682 950 in
692 896 796 950 iontem
807 897 919 950 descen·
958 894 1053 964 ginem
1069 900 1171 947 sancta
1180 894 1326 948 Trinitatis
1338 893 1466 947 conditus
1480 900 1530 956 est,
1545 910 1596 964 per
1607 891 1768 946 invocatio-

1 1030 36 1041 ..
123 979 225 1034 dimus.
257 981 317 1036 Lux
340 987 383 1036 est
394 983 468 1037 enim
484 983 528 1038 hic
541 985 634 1051 Pater,
651 992 679 1040 et
694 987 723 1039 in
738 986 844 1040 lumine
857 987 919 1056 ejus
960 999 1024 1037 nem
1035 989 1137 1036 sanctae
1146 983 1291 1036 Trinitatis
1304 984 1337 1036 ad
1355 983 1482 1036 eamdem
1496 987 1654 1036 renovatur
1667 979 1770 1050 imagi·

124 1069 321 1141 quiestFilius,
339 1071 858 1146 lumenvidemusSpiritumsanctum.
870 1075 920 1129 Fa·
961 1088 1035 1136 nem,
1052 1071 1141 1142 etqui
1156 1072 1239 1126 tertio
1261 1072 1351 1142 gradu
1366 1071 1480 1142 peccati,
1496 1072 1524 1125 id
1545 1075 1597 1135 est,
1624 1085 1769 1123 consensu

123 1159 213 1214 cimus
227 1166 389 1215 autemnon
402 1167 460 1216 tres
485 1169 580 1217 noctes
598 1182 603 1217 :
619 1180 682 1218 eum
696 1163 876 1218 tenebrarum
892 1169 921 1218 ot
961 1161 1060 1215 cecidit
1075 1161 1104 1214 in
1120 1162 1339 1226 mortem,tertio
1349 1161 1472 1215 elevatus
1486 1160 1520 1214 de
1535 1160 1625 1224 tonte,
1638 1174 1691 1230 per
1703 1173 1769 1229 gm-

123 1248 288 1318 ignorantiae
305 1250 387 1321 patri,
405 1267 462 1305 una
485 1268 547 1306 cum
574 1254 729 1319 mendacio,
745 1253 817 1324 quod
837 1270 870 1307 ex
887 1270 920 1307 eo
960 1251 1029 1304 tiam
1039 1257 1167 1319 resurgat
1182 1250 1218 1303 ad
1228 1250 1324 1304 vitam.
1334 1251 1430 1305 Potest
1444 1256 1472 1303 et
1486 1239 1545 1303 hiec
1559 1248 1640 1302 trina
1649 1247 1768 1312 mersio,

123 1342 221 1391 natum
236 1344 287 1403 est,
304 1345 333 1392 et
358 1340 476 1394 mendax
492 1348 535 1395 est
554 1342 627 1395 sicut
649 1347 678 1396 et
702 1349 783 1413 pater
806 1344 876 1411 ejus
893 1348 922 1396 et
961 1340 1120 1393 triduanam
1150 1339 1262 1393 Domini
1287 1340 1461 1410 sepulturam
1488 1338 1664 1408 significare,
1695 1336 1771 1390 sicut

123 1443 187 1481 cum
199 1427 325 1497 loquitur
338 1428 515 1483 mendacium
532 1431 566 1483 de
576 1431 634 1485 suis
650 1432 770 1502 propriis
785 1432 918 1502 loquitur,
962 1445 1048 1500 supra
1059 1430 1118 1498 jam
1138 1427 1266 1492 diximus,
1283 1428 1404 1482 maxime
1424 1444 1488 1481 cum
1502 1427 1577 1481 dicat
1590 1424 1767 1497 Apostolus:

124 1516 350 1570 contradicimus.
369 1517 422 1571 Sed
444 1524 472 1572 et
496 1519 578 1573 tertio
593 1520 653 1573 loco
666 1520 800 1590 Spiritum
818 1520 922 1575 erroris
964 1518 1158 1587 «Quicunque
1184 1517 1315 1588 baptizati
1335 1534 1432 1570 sumus
1461 1516 1489 1569 in
1507 1515 1621 1569 Christo
1644 1516 1723 1579 lesu,
1738 1513 1767 1571 in

124 1605 304 1672 destruimus,
316 1606 363 1678 qui
373 1607 493 1677 inspirat
501 1608 760 1680 pseudoprophetas
771 1616 802 1662 ut
811 1610 918 1663 dicant:
963 1614 1052 1660 morte
1061 1607 1067 1659 i
1072 1606 1400 1678 psiusbaptizatisumus.
1408 1605 1571 1676 Consepulti
1582 1604 1661 1657 enim
1669 1619 1765 1658 sumus

125 1692 221 1747 ‹Haee
235 1693 304 1747 dicit
322 1695 467 1761 Dominus,
486 1716 496 1746 ι
514 1713 584 1768 quos
606 1698 741 1752 Dominus
762 1715 817 1752 non
832 1699 918 1761 misit,
930 1680 1024 1750 Bcum
1051 1697 1098 1750 illo
1116 1714 1165 1768 per
1182 1695 1353 1766 baptismum
1374 1695 1402 1748 in
1429 1706 1559 1760 mortem,
1575 1700 1609 1747 ut
1625 1691 1764 1763 quomodo

125 1782 298 1837 destruimus
309 1784 383 1837 enim
393 1785 452 1839 haec
465 1791 493 1839 et
507 1787 701 1841 conculcamus
716 1788 739 1840 si
764 1788 921 1858 consepulti
962 1785 1082 1840 surrexit
1101 1786 1230 1840 Christus
1244 1802 1261 1838 a
1275 1784 1394 1838 mortuis
1407 1801 1456 1854 per
1473 1781 1713 1853 gloriam'Patn's,
1724 1781 1760 1836 ita

124 1873 312 1926 sumusetiam
319 1873 675 1939 Christo,secundumillud
691 1876 765 1947 quod
777 1877 918 1947 ipsedicit:
962 1883 990 1929 et
1006 1892 1057 1928 uos
1072 1877 1100 1928 in
1115 1874 1237 1928 novitate
1258 1874 1320 1928 rita
1335 1873 1519 1927 ambulemus.
1540 1872 1569 1926 Si
1593 1872 1673 1925 enim
1693 1886 1760 1924 mm-

126 1961 220 2015 «Ecce
231 1960 295 2015 dedi
320 1962 398 2017 uobis
426 1968 592 2034 potestatem
613 1964 737 2018 calcandi
760 1983 844 2037 super
866 1983 921 2019 ser·
962 1965 1083 2035 plantati
1100 1963 1165 2018 facti
1180 1980 1278 2017 sumus
1293 1962 1468 2016 similitudini
1483 1961 1583 2015 mortis
1593 1961 1668 2030 ejus,
1681 1959 1756 2014 simul

125 2056 223 2121 pentes
237 2056 266 2105 et
279 2052 449 2122 scorpiones,
466 2058 495 2106 et
504 2069 589 2124 super
603 2070 714 2108 onmem
728 2054 860 2108 uirtutem
870 2055 922 2109 ini·
963 2053 1208 2107 etresurrectionis
1215 2052 1320 2105 erimus
1330 2053 1412 2119 (iloni.
1426 2068 1461 2116 u,
1474 2049 1512 2120 3),
1521 2056 1550 2104 et
1559 2049 1756 2120 catera.0por·

126 2138 190 2192 mici
207 2141 280 2206 (Lao.
296 2156 322 2205 x,
340 2139 395 2208 19).
413 2141 503 2205 »Qum
513 2142 625 2212 singula
638 2142 678 2197 ita
692 2149 760 2196 sunt
782 2144 923 2197 contraria
962 2149 1004 2196 tet
1015 2160 1080 2211 orgo
1093 2159 1156 2196 cum
1171 2140 1345 2195 invocatione
1359 2145 1461 2194 sanctae
1470 2139 1620 2192 Trinitatis
1631 2137 1754 2193 subuim

125 2232 228 2282 sancta
250 2228 392 2295 Trinitati,
421 2236 453 2284 ut
475 2247 529 2285 nox
544 2231 610 2297 diei,
627 2232 874 2296 uttenebraeluci,
892 2240 923 2288 ut
963 2229 1753 2301 niersionebaptismusconfici,utsecundumpers0nuun

125 2316 303 2372 mendacium
313 2318 435 2372 veritati.
445 2319 517 2374 Fons
527 2336 638 2391 quoque
646 2320 777 2392 baptismi
793 2321 923 2376 similitu·
964 2321 1160 2381 differentiam,
1174 2319 1340 2390 mysterium
1355 2317 1488 2390 baptismi
1498 2316 1667 2382 celebretur,
1683 2323 1751 2369 etse·

126 2404 221 2461 dinem
243 2407 317 2476 gerit
343 2408 465 2479 sepulcri
490 2409 603 2475 Christi,
620 2410 694 2481 quod
716 2426 818 2464 novum
838 2411 923 2465 luisse
965 2410 1088 2465 cundum
1107 2409 1245 2463 unitatem
1266 2406 1429 2461 substantia
1446 2423 1534 2460 unum
1550 2404 1749 2476 baptismafiat,

126 2493 231 2565 legitur
243 2496 324 2566 :quia
335 2497 504 2568 quicumque
515 2498 544 2551 in
553 2514 585 2551 eo
595 2499 783 2570 consepelitur
802 2499 923 2564 Christo,
967 2498 1041 2551 unde
1051 2497 1118 2551 dicit
1126 2493 1672 2566 Apostolus:unusDominusmnasrdm,
1680 2507 1749 2545 unum

128 2591 158 2637 et
171 2584 196 2638 ei
211 2585 356 2654 consurgit
369 2586 522 2640 secuudum
548 2588 678 2641 eumdem
705 2589 879 2658 Apostolum,
896 2589 925 2642 in
966 2586 1106 2656 baptisma
1121 2587 1198 2654 (pr.
1217 2603 1251 2650 ιι,
1273 2586 1310 2651 5),
1326 2591 1354 2637 et
1374 2591 1483 2637 catera.
1513 2583 1668 2653 Postquam
1691 2581 1748 2634 euim

129 2673 325 2727 novitatevitee
339 2673 484 2728 ambulare
502 2675 594 2730 debet.
624 2677 711 2746 Cujus
725 2677 808 2731 fontis
817 2684 926 2749 septem
968 2675 1125 2728 ascenderit
1141 2674 1295 2745 baptizatus
1319 2674 1353 2726 dc
1375 2673 1460 2735 fonte,
1477 2672 1574 2725 statim
1598 2669 1747 2741 signatorio

127 2761 233 2831 gradus
250 2779 255 2812 :
272 2767 330 2815 tres
350 2762 380 2815 in
406 2762 551 2829 descensu,
570 2771 627 2818 tres
656 2771 762 2833 nocteS,
776 2772 805 2819 et
819 2772 877 2820 tres
897 2767 927 2820 in
968 2764 1286 2834 cerebronpresbytero
1300 2761 1622 2827 cumsacrochrismate,
1635 2766 1746 2830 sequente

129 2865 256 2916 ascensu,
272 2856 330 2904 tres
358 2851 417 2904 dies
443 2853 601 2922 significare
627 2854 743 2920 videtur,
775 2855 927 2926 dequibus
968 2853 1051 2907 simul
1061 2861 1090 2907 et
1099 2853 1234 2914 oratione,
1246 2856 1277 2904 ut
1291 2850 1369 2921 regni
1378 2850 1480 2904 Christi
1496 2850 1637 2921 particeps
1645 2850 1698 2909 dat,
1707 2854 1745 2902 eta

130 2939 372 3009 superiusdictum
387 2948 429 2994 est
455 2941 598 3012 Septimus
615 2960 689 3007 vero,
699 2944 745 3013 qui
759 2950 787 2997 et
799 2951 925 3015 quartus,
969 2943 1080 2996 Christo
1096 2941 1272 2996 Christianus
1292 2939 1381 3011 possit
1400 2939 1502 2992 vocari.
1519 2939 1661 3010 Scriptum
1675 2944 1711 2991 est
1725 2942 1745 2988 et

129 3026 177 3080 illc
192 3034 235 3082 est
249 3028 284 3081 de
305 3045 360 3098 quo
386 3029 499 3099 quidam
524 3030 585 3084 ait:
606 3052 616 3082 ι
635 3032 669 3085 Εῖ
692 3038 820 3103 aspectus
835 3035 927 3104 quarti
969 3031 996 3086 in
1013 3030 1161 3100 Evangelio
1176 3030 1237 3083 ita:
1257 3050 1269 3079 ιι
1286 3028 1447 3099 Baptizatus
1468 3033 1564 3082 autem
1579 3029 1660 3082 lesus
1673 3024 1744 3080 conlc-

130 3114 230 3169 similis
241 3115 311 3170 Filio
334 3117 385 3171 Dei
399 3117 446 3187 qui
466 3117 607 3172 fornacem
623 3119 695 3189 ignis
718 3120 864 3190 extinguit,
881 3121 928 3191 qui
969 3121 1033 3173 stim
1053 3119 1179 3173 ascendit
1194 3118 1228 3172 de
1247 3135 1329 3188 aqua,
1347 3123 1375 3171 et
1393 3134 1454 3171 ecoe
1469 3117 1561 3188 aperti
1577 3123 1643 3171 sunt
1656 3115 1680 3169 ei
1692 3112 1742 3173 cel.

130 3208 173 3257 est
197 3203 417 3259 stabilimentum
440 3206 552 3277 pedum,
567 3218 579 3246 ι
601 3207 880 3280 fundamentumque.
896 3210 928 3264 ln
969 3215 997 3262 et
1012 3209 1080 3262 vidit
1090 3209 1226 3278 Spiritum
1239 3207 1289 3261 Dei
1300 3206 1516 3260 descendentem
1525 3207 1600 3259 sicut
1612 3202 1744 3259 columban

131 3308 195 3362 quo,
209 3312 222 3344 ι)
229 3294 311 3362 juxta
318 3295 493 3364 Apostolum,
505 3314 517 3343 (ι
526 3294 665 3350 inhabitat
678 3297 770 3351 omnis
783 3298 927 3369 plenitudo
969 3304 998 3350 et
1014 3297 1170 3350 uenientem
1185 3312 1270 3366 super
1284 3296 1433 3361 sentiatde.
1458 3312 1485 3348 ιιι
1512 3293 1563 3364 lt).
1587 3313 1597 3344 ι
1618 3294 1689 3347 Bene
1701 3289 1745 3361 qui-

130 3380 284 3436 dirinitatis
306 3383 490 3454 corporaliter
504 3385 568 3445 lCol.
587 3400 614 3449 n,
632 3385 669 3453 9).
682 3405 694 3435 u
712 3385 817 3440 idcirco
832 3392 927 3440 autem
968 3387 1032 3439 dem
1047 3385 1186 3456 baptismo
1210 3385 1390 3439 continuatur
1403 3383 1565 3437 chrismatis
1580 3383 1683 3445 unctio,
1699 3377 1746 3450 quit

131 3468 288 3541 baptismus
310 3488 367 3525 non
393 3473 522 3537 iteratur,
535 3473 602 3544 quia
613 3481 640 3526 et
657 3474 786 3528 Christus
802 3492 859 3528 nou
870 3492 928 3529 am-
969 3475 1089 3545 Spiritus
1104 3480 1217 3528 sanctus
1232 3475 1279 3544 qui
1295 3491 1344 3543 per
1359 3472 1428 3525 illud
1448 3472 1572 3525 chrisma
1587 3488 1644 3525 suae
1657 3465 1746 3523 rimis

132 3558 205 3629 plius
216 3577 302 3630 quam
314 3561 400 3615 semel
417 3562 546 3616 moritur.
564 3563 682 3616 Peccata
697 3563 772 3617 enim
790 3581 851 3634 quae
866 3570 929 3635 post
969 3563 1138 3617 admixtione
1165 3564 1323 3616 sanctitimt
1346 3562 1507 3625 credentes,
1539 3560 1678 3631 baptizato
1700 3559 1748 3611 lesu

131 3646 300 3720 baptismum
336 3651 557 3716 committuntur,
581 3651 751 3723 poenitentia
787 3652 926 3723 lacrymis,
970 3653 1064 3706 statim
1082 3669 1167 3723 super
1184 3652 1265 3704 illum
1284 3651 1313 3704 in
1331 3649 1465 3704 columbe
1488 3651 1582 3720 specie
1606 3644 1749 3703 descendilt

129 3737 325 3810 eleemosynis
337 3746 366 3793 et
375 3740 483 3794 caeteris
498 3741 634 3794 bonorum
649 3758 765 3811 operum
780 3742 927 3795 exhibitio·
970 3742 1050 3810 cujus
1063 3741 1192 3794 uidelicet
1206 3747 1305 3810 typum
1323 3739 1487 3810 preferebat
1500 3737 1633 3791 columba
1647 3738 1693 3791 illa
1705 3744 1754 3806 quat

130 3825 222 3892 uibus,
232 3844 289 3881 non
298 3827 475 3899 baptismatis
485 3830 633 3883 iteratione
648 3830 786 3884 delentur.
800 3831 927 3885 Domini·
971 3830 1000 3883 in
1011 3829 1114 3882 diluvio
1132 3829 1167 3882 ad
1186 3845 1280 3882 arcam
1295 3828 1447 3898 reportavit
1460 3844 1573 3881 ramum
1589 3827 1667 3881 oliva
1680 3827 1760 3880 vinu
1784 3856 1786 3861 .

131 3931 162 3968 co
173 3915 280 3970 interea
295 3917 404 3988 corpori
417 3918 577 3987 sepeliendo
595 3919 779 3972 mundissima
789 3919 928 3973 linteami-
971 3917 1044 3972 tibus
1052 3918 1142 3971 soliis:
1158 3917 1318 3987 significans
1330 3917 1427 3987 utique
1442 3916 1516 3986 quod
1524 3916 1647 3986 Spiritus
1657 3916 1767 3970 sanctus

130 4020 168 4056 ua
186 4011 215 4057 ct
229 4011 357 4058 aromata
368 4004 546 4071 adhibentur,
560 4006 626 4077 quia
640 4014 669 4061 et
693 4008 717 4060 is
744 4008 790 4079 qui
816 4009 927 4062 Christo
968 4024 1019 4078 per
1041 4006 1199 4059 chrismatis
1219 4006 1379 4059 unctionem
1404 4006 1431 4058 in
1457 4004 1628 4075 baptismate
1650 4000 1778 4059 tricor-em

131 4092 296 4162 consepeliri
312 4093 462 4159 desiderat,
478 4094 502 4147 si
510 4095 569 4164 jam
583 4100 651 4149 aetas
664 4096 811 4166 permittit,
830 4078 928 4167 quam·
969 4096 1075 4150 confert
1089 4094 1217 4147 tidelibus
1227 4094 1348 4147 celestis
1361 4093 1468 4162 gratim.
1482 4093 1535 4146 Sed
1551 4092 1649 4147 dehoc
1661 4085 1788 4164 plenius

132 4180 172 4233 vis
186 4186 314 4234 mortuus
324 4182 362 4234 sit
380 4198 430 4252 per
440 4182 575 4252 originale
589 4189 734 4253 peccatum
750 4184 824 4253 quod
837 4185 928 4238 adhuc
968 4185 997 4238 in
1004 4182 1327 4254 sequentibusdicemus.
1339 4183 1470 4251 Legimus
1480 4189 1509 4234 et
1520 4181 1548 4236 in
1558 4182 1649 4251 gestis
1656 4170 1799 4236 Ριιῖιιι*ῃ

131 4273 234 4339 portat,
246 4268 330 4323 debet
342 4275 438 4323 tamen
461 4270 599 4325 bonorum
613 4289 727 4342 operum
758 4272 927 4328 exhibitione
970 4274 1044 4344 quod
1055 4274 1196 4343 Sylvester
1208 4273 1285 4342 Papa
1298 4273 1325 4325 in
1342 4271 1463 4325 Ecclesia
1475 4272 1605 4324 Romana
1619 4257 1799 4324 constittt‘

132 4357 261 4428 llagrare,
274 4363 304 4412 et
317 4359 429 4414 mundis
439 4359 518 4414 indui
534 4359 664 4414 vestibus.
682 4362 721 4415 De
734 4360 834 4431 quibus
859 4363 929 4417 Pro·
971 4363 1009 4416 rit
1036 4370 1067 4416 ut
1085 4362 1157 4416 sicut
1179 4367 1304 4431 potestas
1330 4368 1359 4413 et
1380 4360 1558 4431 privilegium
1579 4359 1656 4431 apud
1681 4345 1799 4414 solu!

130 4447 381 4518 phetasacerdotes
400 4448 479 4503 indui
491 4455 562 4513 orat,
580 4466 642 4504 cum
657 4449 724 4503 dicit
741 4468 773 4502 ιιι
795 4451 930 4505 Sacerdo·
971 4452 1131 4522 episcopum
1142 4456 1259 4513 constat,
1277 4450 1349 4520 quod
1366 4466 1476 4504 sacrum
1494 4449 1620 4502 chrisma
1633 4449 1696 4520 ipse
1710 4437 1799 4502 cof

130 4540 174 4590 tes
199 4537 240 4590 tui
263 4538 418 4592 induantur
441 4539 581 4609 justitiam
604 4539 846 4607 (Psul.cxxx1,lll.
864 4558 876 4592 r
900 4541 930 4595 Si
971 4541 1055 4606 liciat,
1072 4548 1100 4594 ct
1113 4540 1283 4610 baptizatum
1296 4556 1347 4609 per
1360 4555 1460 4592 manus
1478 4538 1689 4608 impositionem
1709 4527 1799 4591 cufi

133 4641 200 4695 ergo
215 4633 367 4696 antequam
385 4634 549 4682 renascatur
559 4633 587 4682 et
597 4628 726 4698 originali
737 4634 850 4699 peccato
867 4646 931 4698 pur·
971 4629 1031 4699 ipso
1046 4629 1195 4682 chrismate
1205 4628 1358 4696 consignet,
1366 4633 1480 4698 propter
1488 4627 1651 4681 haereticam
1667 4618 1799 4680 suasi&

130 4718 215 4784 getur
229 4720 257 4769 et
272 4716 383 4770 Christo
398 4717 612 4788 consepeliatur,
625 4726 658 4771 ut
667 4717 838 4771 aromatibus
846 4717 929 4772 debet
970 4735 1053 4771 nem:
1071 4718 1110 4770 ita
1122 4718 1268 4788 presbyter
1278 4717 1377 4770 eodem
1390 4716 1541 4770 chrismate
1557 4715 1641 4770 liniet
1651 4709 1799 4786 baptizffl

29 4834 34 4841 ·
131 4803 261 4874 flagrare,
277 4808 306 4857 et
328 4805 518 4859 mundissimis
545 4805 667 4860 vestibus
695 4805 798 4872 indui3
823 4813 928 4875 quanto
970 4813 1030 4860 tum
1046 4808 1166 4860 leuatum
1183 4824 1216 4860 ex
1230 4822 1303 4877 aqua
1318 4811 1432 4876 propter
1447 4804 1622 4859 occasionem
1636 4798 1799 4859 trana'tfi

131 4893 221 4964 magis
236 4898 361 4959 renatus,
380 4899 526 4964 purgatus,
543 4894 653 4949 Christo
667 4895 883 4953 convivificatus.
899 4895 928 4948 in
969 4896 1151 4966 mortis,quia
1161 4896 1295 4966 scriptum
1307 4903 1349 4948 est
1359 4895 1387 4948 in
1397 4895 1549 4965 Apostolo:
1566 4895 1650 4949 «vos
1664 4889 1799 4949 autem!

131 4982 255 5037 novitate
269 4982 333 5036 vitae
348 4982 504 5048 ambulans,
520 5000 591 5037 nora
613 4990 742 5038 creatura
765 4985 888 5049 eliectus,
900 4990 928 5038 et
969 4984 1079 5049 fratres,
1098 4985 1221 5038 incarne
1237 5000 1293 5037 non
1309 4984 1384 5047 estis,
1401 4984 1450 5037 sed
1465 4984 1494 5038 in
1509 4983 1622 5054 spiritu,
1638 4984 1662 5037 si
1677 4980 1799 5038 mmet!

132 5072 226 5126 odoris
242 5071 392 5141 flagrantia
413 5071 575 5138 exuberare,
593 5079 621 5126 et
641 5072 824 5126 candidorum
846 5072 928 5127 vesti·
969 5074 1091 5144 Spiritus
1105 5073 1155 5126 Dei
1171 5071 1321 5125 habitatin
1340 5072 1427 5126 robis,
1444 5072 1473 5126 Si
1489 5071 1551 5143 quis
1565 5078 1663 5126 autem
1682 5071 1799 5143 Spina·

131 5160 846 5216 mentorumclaresceredebetnitore.Catechizandi
860 5179 927 5231 ergo
968 5168 1029 5216 tum
1045 5162 1148 5216 Christi
1163 5178 1218 5215 non
1234 5161 1327 5219 habet,
1345 5161 1389 5214 hic
1404 5177 1461 5213 non
1476 5165 1518 5214 est
1529 5162 1591 5230 eius
1608 5163 1697 5227 (Burri.
1714 5172 1799 5225 ιιιιμ

131 5248 229 5304 ordine
258 5255 287 5304 et
299 5249 432 5304 scrutinio
456 5250 495 5303 sie
520 5250 714 5304 ordinabiliter
746 5258 868 5322 peracto,
894 5251 928 5304 dc
974 5251 1022 5317 lli,
1039 5271 1049 5300 ι
1067 5256 1215 5304 etceetera.
1229 5252 1268 5303 Ac
1284 5249 1519 5319 doindcprofecto
1536 5250 1695 5320 patetquia
1709 5249 1799 5321 qui-⁴

132 5333 308 5407 baptismatis
323 5339 457 5394 tinctione
473 5344 501 5393 et
528 5339 659 5393 unctione
687 5339 844 5393 chrismatis
867 5341 926 5409 jam
970 5357 1078 5410 cunque
1095 5357 1151 5393 uon
1173 5345 1216 5393 est
1238 5338 1351 5404 Christi,
1377 5339 1456 5407 regui
1474 5338 1518 5392 sui
1542 5339 1687 5411 particeps
1710 5335 1768 5392 lieri

130 5440 223 5478 sermo
236 5426 381 5482 habendus
396 5433 448 5482 est.
969 5429 1074 5499 nequit,
1083 5429 1201 5499 ideoque
1216 5428 1404 5483 necessarium
1414 5433 1456 5482 est
1468 5434 1500 5482 ut
1510 5427 1610 5482 statim
1620 5442 1766 5484 succum·

168 5513 254 5579 tus,
269 5516 485 5581 fundamentum
499 5534 598 5588 aqam
614 5534 711 5573 verum
729 5518 798 5573 illud
814 5517 923 5572 meliis.
