3772 6120
138 268 183 324 649
336 267 624 324 ENARRATIONUM
642 268 680 322 IN
700 267 776 321 EPP.
798 268 905 322 PAULI
924 267 992 322 LIB.
1012 268 1110 322 xxiv.
1133 269 1224 322 -ΙΝ
1244 269 1355 324 EPIsT.
1376 270 1402 324 ll
1421 270 1469 325 AD
1490 271 1564 325 riu.
1720 274 1772 330 650

137 392 234 455 dixit«
249 408 309 446 nen
315 392 470 463 proficient,
480 393 650 446 »secundum
659 391 727 445 illud
733 391 889 461 dixitquod
895 397 966 451 erA
976 391 1128 445 sacerdotis
1135 391 1258 462 pertinet
1267 392 1652 464 disciplinaminterrogatum
1659 413 1774 470 respon·

136 497 287 535 mreorum
298 482 387 535 latere
397 481 655 551 possitadternpus,
673 480 746 534 undo
763 487 792 533 ct
807 480 911 550 adjecit
927 498 932 532 :
975 480 1042 534 dere
1056 480 1090 533 de
1105 481 1175 550 lege,
1193 480 1241 550 qui
1255 480 1278 534 si
1295 481 1483 551 ignorantiam
1498 482 1527 535 in
1541 484 1774 557 caeterisdiligen·

135 570 334 640 «insipientia
345 571 420 623 enim
431 587 526 624 eorum
542 570 690 622 manifesta
697 569 759 622 erit.
777 589 789 620 v
805 570 859 623 Per
873 586 934 622 om-
974 574 1041 633 tem,
1058 569 1088 622 in
1102 569 1255 640 Scripturis
1269 570 1374 624 sanctis
1392 570 1551 625 obtenderit
1570 573 1770 644 negligentem,

133 657 180 712 nia
189 657 324 728 ergoista
334 658 725 713 consolatusestTimothcurrr
732 664 764 711 ut
776 675 810 711 ne
817 657 935 712 nimium
974 656 1079 712 trustra
1087 658 1177 728 jactat
1190 658 1366 729 dignitatem,
1382 660 1463 729 cujus
1476 677 1563 731 opera
1582 677 1639 715 non
1649 663 1771 719 exhibet.

129 744 312 818 affligeretur
326 764 377 818 pro
391 747 446 801 illis
460 747 508 817 qui
523 747 551 800 in
574 747 698 801 deterius
721 754 839 818 serpunt
855 765 860 798 :
877 746 935 800 suis
976 746 1035 800 Hoc
1048 751 1100 813 est,
1118 747 1192 816 quod
1207 747 1350 817 apostolus
1360 748 1464 802 Paulus
1472 748 1614 803 scribitad
1624 750 1728 817 Titum,
1742 758 1775 807 ut

130 853 197 890 vero
212 836 343 890 consiliis
357 836 457 890 incitat
466 854 529 890 eum
541 836 636 889 dicens
654 856 659 889 :
976 841 1075 905 potens
1086 835 1124 889 sit
1133 841 1162 889 et
1173 835 1394 891 contradicentes
1405 837 1557 892 revincere.
1581 839 1616 893 Et
1629 840 1665 894 ad
1678 840 1773 896 'l'imo-

167 927 244 979 «Tu
261 931 358 979 autem
373 930 516 979 assecutus
525 942 554 978 es
565 942 656 979 meam
667 925 935 991 doctrinam,mcum
976 924 1094 978 theum:
1113 943 1125 975 a
1143 924 1281 988 Quoniam
1297 924 1331 978 ab
1339 925 1559 980 insantiasacras
1570 927 1678 983 litteras
1688 930 1772 994 nosti,
1868 967 1871 973 ·

126 1034 144 1065 ι
159 1014 341 1077 institutum,
364 1014 547 1085 propositum,
566 1014 659 1075 fidem,
680 1013 933 1083 longanimitatem,
978 1030 991 1065 a
1008 1030 1069 1083 quae
1083 1018 1111 1067 te
1127 1018 1243 1084 possunt
1254 1013 1393 1067 instruere
1403 1015 1577 1080 adsalutem,
1590 1036 1602 1068 r
1615 1022 1647 1071 ut
1659 1034 1774 1089 peccan-

123 1121 144 1155 ι
160 1104 347 1167 charitatem,
363 1103 506 1174 pietatem,
519 1103 695 1174 patientiam,
716 1103 932 1173 persecutiones,
975 1107 1019 1156 tes
1031 1119 1125 1155 coram
1141 1101 1390 1173 omnibusarguat.
1417 1104 1451 1157 Et
1468 1104 1536 1175 quia
1549 1104 1627 1171 dixit,
1651 1124 1664 1158 r<
1680 1123 1773 1162 sacras

121 1212 139 1245 e
156 1192 687 1264 passiones.›>Seruper,inquit,mecum
695 1207 872 1245 commorans
887 1192 936 1245 ho·
980 1210 993 1241 a
1008 1190 1116 1244 litteras
1130 1207 1192 1261 qua
1198 1196 1226 1245 te
1236 1197 1353 1261 possunt
1362 1192 1512 1259 instruere,
1525 1215 1536 1242 ι
1549 1193 1669 1263 adjecit:
1684 1196 1774 1251 «Om-

118 1298 193 1338 mm
202 1282 432 1353 experimentum
438 1280 578 1350 accepisti,
590 1281 701 1343 docens,
718 1280 813 1350 qualia
824 1280 936 1350 quidem
980 1296 994 1330 a
1008 1279 1052 1333 nis
1062 1279 1486 1352 Scripturadivinitusinspirata
1494 1280 1572 1336 utilis
1582 1283 1773 1339 estaddoctri·

117 1371 273 1443 ipsealics
285 1372 386 1425 docere
400 1386 608 1433 consueveram,
625 1368 862 1438 quemadmodum
872 1385 937 1422 vero
980 1388 991 1415 a
1009 1384 1085 1429 nam,
1102 1368 1135 1422 ad
1151 1368 1340 1437 argutionem,
1353 1370 1388 1423 ad
1399 1370 1611 1437 correctionem,
1627 1372 1663 1427 ad
1677 1373 1773 1428 erudi·

118 1460 282 1532 meipsum
289 1458 482 1521 instituebant,
498 1459 540 1512 vel
547 1458 666 1528 quiailla
672 1474 722 1528 per
736 1457 861 1528 singulos
876 1458 935 1511 dies
979 1475 991 1507 r
1010 1457 1124 1521 tionem,
1143 1474 1204 1527 quae
1225 1463 1268 1511 est
1280 1457 1400 1527 justitia,
1423 1464 1455 1512 ut
1473 1459 1612 1529 perfectus
1631 1459 1668 1515 sit
1688 1461 1773 1517 homo

116 1563 215 1620 agere
226 1547 490 1619 properabamerga
500 1547 592 1610 fidem,
605 1545 843 1615 queruadmodum
857 1546 887 1599 in
903 1563 937 1600 ea
979 1563 992 1596 u
1008 1545 1068 1610 Dei,
1085 1545 1120 1599 ad
1130 1562 1213 1599 omne
1224 1562 1294 1616 opus
1303 1545 1409 1601 bonum
1416 1553 1541 1617 paratus.
1553 1548 1689 1617 numer.)
1697 1550 1773 1605 Talis

116 1636 190 1692 sine
199 1639 264 1691 ulla
273 1635 457 1708 persistebam
468 1635 585 1701 malitia,
600 1640 628 1688 et
642 1634 760 1705 diligens
774 1639 889 1689 cunctos
908 1640 937 1688 ct
977 1640 1028 1693 est,
1038 1634 1138 1704 inquit,
1146 1634 1237 1688 omnis
1254 1635 1408 1706 Scriptura,
1426 1653 1486 1706 quae
1502 1653 1520 1690 a
1533 1636 1626 1691 divino
1640 1643 1684 1692 est
1707 1638 1775 1694 data

116 1725 289 1791 sustinens,
305 1732 335 1779 et
348 1725 421 1795 qued
436 1741 499 1778 cum
516 1724 605 1778 multa
611 1723 795 1778 oblectatione
805 1740 936 1795 persecu·
945 1716 969 1776 B
978 1723 1093 1792 Spiritu,
1110 1728 1143 1776 ut
1155 1723 1296 1777 sufficiens
1311 1724 1349 1778 sit
1363 1725 1459 1778 omnia
1473 1725 1632 1796 prospicere
1644 1726 1771 1795 utilitati,

115 1813 223 1869 tiones
239 1814 315 1879 illas,
329 1831 398 1884 quas
416 1813 485 1866 mihi
505 1813 657 1866 adversarii
667 1812 833 1875 inferebant,
850 1812 936 1866 susti·
976 1811 1033 1865 sive
1043 1811 1141 1865 docere
1152 1813 1301 1866 conveniat
1310 1813 1345 1867 de
1364 1813 1419 1866 illis
1434 1830 1495 1885 qua·
1509 1814 1555 1885 agi
1571 1814 1701 1882 debeant,
1717 1815 1774 1871 sive

116 1904 331 1960 nuerim.Haec
341 1920 407 1972 ergo
418 1902 540 1967 imitare,
549 1907 578 1955 ct
587 1901 934 1970 erguistasollicitudincm
976 1905 1122 1970 peccantes
1147 1899 1267 1954 debeant
1290 1901 1381 1970 argui,
1397 1901 1453 1955 sive
1464 1903 1664 1972 poenitentibus
1674 1904 1775 1960 debeat

118 1992 270 2064 expende,
286 1992 391 2045 nullius
408 1990 542 2044 momenti
566 1991 741 2044 adversarios
761 2008 822 2045 esse
838 1990 933 2044 existi·
975 1989 1071 2043 inferri
1095 1988 1190 2060 aliqua
1213 1990 1356 2052 correctio,
1374 1989 1430 2043 sive
1450 1990 1561 2044 erudire
1582 1998 1712 2062 oporteat
1729 1993 1774 2062 ,de

120 2097 222 2137 mans.
235 2080 346 2134 Deinde
356 2080 423 2133 dicit
434 2086 462 2134 et
471 2080 614 2150 passiones
623 2079 698 2150 ipsas
710 2079 746 2134 ad
762 2079 934 2133 exhortatio·
975 2077 1030 2131 illis
1044 2095 1104 2147 quae
1119 2083 1237 2148 possunt
1252 2077 1391 2132 adducere
1405 2079 1533 2133 homines
1553 2079 1588 2134 ad
1607 2081 1749 2150 justitiam
1766 2101 1771 2134 :

124 2186 195 2225 nem
205 2168 366 2223 Timothei:
378 2186 388 2215 a
402 2167 576 2232 Qualiamihi
586 2167 731 2222 suntsacta
740 2167 932 2234 inhrrtiochia,
975 2165 1015 2220 ita
1028 2173 1061 2219 ut
1069 2167 1228 2237 quicunque
1239 2184 1268 2221 se
1278 2167 1336 2220 Deo
1343 2167 1575 2231 volueritdicare,
1587 2186 1638 2239 per
1648 2170 1773 2241 Scriptu-

128 2257 303 2319 «inlconia,
311 2257 339 2310 in
347 2256 914 2328 Lystrisqualespersecutioncssustinui.
922 2278 932 2303 n
976 2272 1071 2309 rarum
1086 2256 1238 2309 utilitatem
1253 2256 1412 2326 peremnia
1433 2256 1521 2327 possit
1538 2274 1600 2311 esse
1624 2257 1771 2328 perfectus.

132 2348 164 2403 lit
179 2347 261 2418 quod
291 2346 381 2416 magis
405 2352 517 2417 poterat
539 2362 604 2399 eum
629 2345 844 2417 animiquiorcrn
869 2363 936 2415 erga
977 2343 1166 2416 Etpostquam
1174 2344 1209 2397 de
1219 2343 1349 2397 omnibus
1358 2349 1475 2398 osteum
1485 2345 1776 2410 exhortatusterribi·

133 2437 281 2507 passiones
288 2435 449 2489 tolerandos
460 2435 686 2504 facerc,adjecit:
701 2434 793 2488 oEtex
808 2433 937 2488 omnibus
977 2431 1033 2486 lem
1048 2432 1162 2503 cupiens
1179 2448 1260 2486 suam
1273 2432 1365 2486 facere
1380 2433 1613 2498 exhortationem,
1634 2434 1732 2504 adjicit
1745 2434 1773 2488 in

138 2541 206 2578 rme
215 2524 501 2578 liberavitDominus.
517 2543 529 2569 a
543 2524 604 2577 Non
616 2523 738 2592 ignoras,
747 2523 937 2593 inquitet-iam
978 2522 1105 2592 sequenti
1120 2521 1219 2593 capite.

139 2613 163 2667 in
176 2612 298 2668 diversis
312 2612 397 2666 rebus
411 2613 461 2666 Dei
477 2628 544 2682 erga
562 2629 613 2665 nos
626 2610 773 2682 probatam
789 2611 936 2683 providcn-
1453 2663 1460 2681 ,

140 2701 212 2766 lim,
223 2718 242 2755 a
250 2717 309 2772 qua
319 2717 375 2754 non
385 2699 470 2753 debes
481 2700 634 2765 discedere,
651 2699 673 2753 si
683 2705 778 2753 tamen
792 2699 820 2753 in
831 2700 889 2754 haec
898 2700 937 2770 ip
1278 2664 1395 2718 CAPUT
1424 2663 1470 2718 Ν

143 2790 294 2860 repetiens
310 2789 460 2860 persistere
488 2788 618 2842 volueris.
638 2805 651 2841 a
665 2789 699 2842 Et
713 2805 811 2842 omnes
827 2789 874 2858 qui
893 2805 938 2842 vo-
977 2786 1253 2856 Prcdr'cr‘tdpostolus
1266 2791 1528 2856 inultiplicotmncm
1543 2791 1682 2843 motorum
1694 2791 1775 2843 eadi-

147 2878 230 2933 «lunt
244 2879 292 2949 pie
311 2877 404 2931 vivere
419 2878 446 2930 in
459 2876 570 2931 Christo
580 2879 656 2941 Jesu,
668 2877 875 2947 persecutiones
885 2893 936 2946 pa·
1015 2863 1116 2941 ‘⁰3⁸²‘st
1132 2874 1197 2941 illm
1213 2861 1425 2942 denuntiatione
1441 2861 1487 2912 soi
1505 2862 1650 2928 nrartyrii.
1668 2861 1775 2930 &Ptin

147 2966 290 3021 ‘flentum
306 2966 372 3019 mali
388 2972 484 3019 autem
499 2965 627 3019 homines
642 2971 671 3018 et
684 2964 937 3036 seductoresprofi.
1016 2930 1304 2983 Turrotlreradrentum
1326 2934 1350 2983 ct
1364 2933 1589 2997 arnicosseiatot.

149 3056 239 3110 scient
245 3056 275 3109 in
283 3055 556 3120 deteriuscrrantcs,
565 3054 756 3107 etinerrorem
763 3053 933 3108 mittentes.»
946 3032 968 3093 C
1016 3071 1029 3104 ι
1044 3053 1190 3107 Testiticor
1204 3069 1270 3123 ergo
1284 3070 1336 3122 ego
1351 3054 1380 3106 in
1394 3058 1545 3124 conspectu
1556 3053 1616 3117 Dei,
1626 3060 1655 3108 et
1664 3055 1775 3109 Domini

149 3144 241 3199 lterum
255 3144 310 3198 hoc
326 3144 355 3198 in
371 3143 440 3205 loco,
452 3144 597 3213 prolicere,
615 3142 684 3196 dixit
702 3143 736 3196 de
756 3142 874 3212 illisqui
894 3160 935 3195 se.-
979 3161 991 3193 r
1008 3143 1096 3196 nostri
1111 3143 1177 3197 Jesu
1193 3141 1308 3204 Christi,
1324 3142 1371 3213 qui
1388 3142 1565 3212 judicaturus
1579 3148 1622 3196 est
1643 3142 1719 3197 vivos
1742 3160 1775 3198 ac

151 3231 289 3293 ducuntur,
302 3231 420 3303 eoquod
436 3248 581 3301 nunquam
591 3230 709 3284 deficere
722 3231 830 3301 possint
840 3231 937 3301 hujus·
980 3250 991 3282 ι
1008 3237 1144 3293 mortuos,
1161 3230 1314 3285 secundum
1324 3231 1609 3286 revelationemsuam
1621 3237 1775 3303 etregnum

152 3321 359 3376 uodihomincs.
372 3321 444 3375 Nam
458 3319 524 3373 etin
535 3324 655 3389 utroque
670 3319 829 3390 quicunque
845 3320 937 3373 voluc-
979 3337 993 3371 a
1008 3336 1100 3373 suum.
1115 3337 1127 3370 r
1146 3319 1249 3387 (Aur.)
1261 3320 1320 3372 Hoc
1331 3324 1382 3385 est,
1393 3323 1461 3373 tunc
1472 3336 1568 3374 omncs
1580 3325 1624 3373 est
1631 3320 1775 3390 judicatu-

153 3408 181 3463 rit
189 3409 270 3464 rebus
282 3410 351 3480 ipsis
363 3408 531 3469 examinare,
548 3407 670 3462 inveniet
677 3425 726 3478 per
737 3412 936 3478 omnetempus
977 3424 1025 3461 rus
1035 3407 1562 3478 quandoapparueritsecundumsuam
1570 3408 1737 3478 dignitatem
1744 3409 1774 3464 in

155 3498 210 3561 teri,
225 3515 259 3553 eo
274 3499 350 3570 quod
363 3505 391 3552 et
405 3497 496 3551 omnis
511 3496 625 3551 haeresis
645 3496 784 3567 imprimis
797 3512 936 3567 apparens
977 3512 1034 3566 qua
1047 3496 1184 3550 consistit.
1202 3513 1215 3549 c
1230 3495 1355 3550 Praedica
1368 3494 1493 3562 verbum,
1509 3496 1584 3550 insta
1605 3503 1771 3568 opportune,

156 3587 234 3642 uultis
248 3590 283 3641 fit
298 3588 328 3640 in
342 3586 557 3657 suspectionem,
566 3585 695 3656 arguitur
714 3602 778 3638 vero
797 3591 933 3656 tempore,
979 3604 991 3635 ι
1009 3584 1178 3655 importune.
1197 3601 1211 3635 s
1226 3583 1289 3637 Non
1303 3583 1356 3636 hoc
1370 3583 1447 3649 dicit,
1460 3591 1493 3637 ut
1506 3584 1666 3655 importune
1676 3585 1772 3652 instet,

157 3689 180 3727 eo
191 3676 259 3747 quod
283 3675 312 3728 in
337 3675 502 3729 adventione
517 3675 580 3728 novi
595 3674 734 3743 dogmatis
749 3691 805 3728 non
820 3679 937 3745 possunt
977 3671 1775 3743 naminopportunum,quodcunquoestillud,nullaratio-

157 3762 230 3818 uuus
244 3763 365 3818 inveniri
378 3764 426 3833 qui
441 3763 619 3817 seducantur.
634 3780 647 3814 r
667 3763 708 3816 Tu
724 3779 788 3815 vero
802 3779 936 3833 permane
977 3759 1775 3831 neagidebct,seddicitnullumtempusrelinquasdoctri-

160 3851 257 3907 vinhis
270 3869 333 3923 quae
348 3852 470 3906 didicisti
487 3859 515 3905 et
528 3850 679 3905 credidisti.
697 3851 757 3904 »Et
768 3851 888 3904 suadens
900 3851 936 3904 il·
977 3866 1029 3916 na,
1051 3865 1133 3903 omne
1160 3854 1272 3919 tempus
1301 3853 1489 3918 opportunum
1513 3846 1564 3900 tibi
1586 3848 1621 3901 ad
1646 3848 1699 3903 hoc
1713 3866 1775 3904 esse

159 3936 201 3994 lum
212 3948 308 3996 tenere
324 3957 355 3994 ac
368 3956 542 4012 permanere,
556 3939 658 4009 adjecit
677 3958 682 3993 :
701 3960 711 3990 ι
730 3939 826 3993 Sciens
845 3957 862 3992 a
880 3956 935 4010 quo
977 3938 1127 3992 existimes.
1143 3937 1202 3991 Hoc
1215 3936 1329 4008 quidem
1341 3936 1375 3991 dc
1390 3935 1446 3990 illis
1459 3934 1526 3989 dicit
1549 3935 1597 4005 qui
1612 3935 1711 3991 instrui
1724 3937 1774 3992 de-

159 4025 277 4085 didiceris.
298 4050 309 4079 s
327 4029 473 4083 Sufficiens
484 4034 578 4082 autem
587 4033 630 4082 est
640 4028 675 4081 ad
684 4028 873 4082 hortationem
882 4029 936 4082 dis·
977 4026 1044 4080 bent
1059 4046 1064 4080 :
1083 4025 1216 4097 quoniam
1228 4031 1323 4080 autem
1337 4025 1429 4080 evenit
1443 4024 1551 4095 aliquos
1565 4024 1678 4081 desidiae
1691 4043 1776 4082 causa

161 4115 296 4188 tipulorum
311 4118 439 4188 magistri
455 4118 587 4188 dignitas.
603 4117 709 4171 Deinde
723 4123 752 4170 et
762 4117 839 4170 aliud
849 4116 934 4170 dicit:
977 4133 1033 4170 non
1050 4132 1214 4186 permanere
1230 4115 1259 4168 in
1273 4114 1402 4169 doctrina
1419 4119 1452 4187 :Qu
1465 4115 1570 4186 Argue,
1587 4114 1635 4181 ait,
1652 4114 1774 4188 increpa,

162 4206 281 4279 tlitqura
295 4225 311 4261 a
325 4206 446 4277 pueritia
461 4223 555 4260 sacras
568 4206 677 4260 litteras
691 4205 823 4259 didicisti.
838 4226 848 4256 ι
865 4207 937 4260 Nam
980 4225 992 4257 r
1010 4205 1133 4259 obsecra.
1153 4206 1273 4275 »Argue
1288 4221 1336 4258 eos
1351 4204 1399 4275 qui
1411 4203 1733 4275 persistuntinpeccato,
1744 4210 1777 4259 ut
1793 4213 1799 4222 “

97 4338 99 4369 ,
160 4294 234 4350 ethos
247 4294 391 4350 sussiciens
400 4305 461 4347 erat
474 4294 615 4348 exhortari
630 4311 704 4348 eum.
716 4292 828 4348 Ruborc
842 4299 937 4348 autem
978 4294 1134 4364 intelligere
1153 4293 1260 4365 possint
1276 4309 1359 4348 suum
1370 4298 1512 4364 peccatum
1526 4311 1532 4359 ;
1548 4293 1703 4364 «increpa»
1714 4308 1776 4347 sen-

97 4402 99 4437 :
160 4378 253 4452 Qum
270 4384 389 4443 videtur.
408 4389 440 4436 ut
453 4383 477 4435 is
490 4382 537 4453 qui
549 4400 565 4435 a
577 4382 699 4452 pueritia
708 4382 737 4436 in
750 4382 831 4436 honis
845 4372 1105 4447 suevatDtientem,
1122 4383 1224 4453 inquit,
1240 4400 1322 4437 suum
1337 4387 1491 4453 peccatum,
1505 4386 1535 4434 et
1547 4380 1599 4434 sub
1613 4381 1775 4435 definitione

161 4474 289 4536 mutatus,
305 4473 335 4526 in
348 4472 449 4525 ultimo
464 4471 612 4542 postlongi
627 4472 761 4542 temporis
776 4472 937 4526 meditatio-
978 4471 1135 4538 constitue,
1153 4491 1164 4521 ι
1182 4470 1305 4535 obsecra,
1323 4469 1434 4522 »reduc
1449 4469 1554 4522 iterum
1569 4468 1605 4521 ad
1628 4467 1775 4538 antiquum

161 4572 209 4615 neu
220 4562 335 4631 indigna
348 4559 465 4631 incipiat
478 4576 571 4629 agere.
590 4561 662 4614 Nam
685 4566 713 4614 ct
728 4561 818 4630 ipsam
833 4561 937 4614 doctri·
979 4566 1083 4614 statum
1099 4564 1162 4630 post
1175 4557 1379 4629 poenitentiam.
1394 4557 1430 4610 Et
1443 4555 1558 4609 modum
1577 4572 1632 4626 quo
1648 4556 1701 4611 hoc
1714 4556 1776 4610 fleri
1841 4616 1843 4621 ,

161 4659 211 4702 tam
220 4649 371 4704 admodum
382 4648 530 4702 sublimem
541 4649 672 4713 ostendit,
687 4649 754 4703 dum
765 4649 833 4702 dicit
843 4667 937 4703 sacras
978 4649 1125 4703 conveniat
1133 4647 1213 4700 docet
1230 4665 1235 4697 :
1250 4664 1264 4696 u
1276 4645 1304 4698 in
1320 4644 1396 4698 omni
1411 4644 1547 4715 patientia
1561 4650 1590 4698 et
1604 4643 1741 4698 doctrina.
1760 4662 1775 4699 r

161 4731 249 4792 litteras
257 4739 367 4792 divinas
376 4755 437 4792 esse
448 4737 615 4809 Scripturas,
628 4737 728 4808 quihus
741 4738 817 4793 omni
829 4739 936 4793 ratione
978 4738 1075 4807 Neque
1081 4736 1116 4790 ad
1124 4735 1311 4805 argutionum,
1321 4749 1412 4803 neque
1426 4732 1461 4786 ad
1469 4732 1700 4804 increpationem,
1712 4734 1777 4789 nul-

161 4826 363 4882 aodioonrenit.
380 4826 461 4881 Unde
475 4833 504 4880 et
518 4827 653 4897 qualitate
673 4827 762 4898 ipsam
781 4827 937 4881 doctrinam
978 4827 1006 4880 la
1027 4824 1140 4878 omittas
1162 4824 1197 4877 de
1224 4822 1279 4876 illis
1304 4838 1365 4892 quie
1381 4821 1426 4891 agi
1442 4821 1629 4889 conveniunt;
1660 4827 1688 4876 et
1707 4839 1777 4893 quo·

161 4917 296 4978 amahus,
312 4916 410 4986 adjicit
426 4934 431 4968 ι
448 4938 458 4961 ι·
477 4916 544 4978 (ium
557 4922 585 4970 te
610 4921 727 4987 possunt
745 4916 882 4976 instruere
902 4915 937 4969 ad
979 4915 1056 4970 niam
1070 4911 1216 4968 eveniebat
1230 4911 1339 4981 aliquos
1353 4910 1413 4964 hacc
1426 4927 1483 4964 non
1496 4910 1647 4981 suscipere,
1664 4915 1778 4981 propter

163 5004 301 5067 tudetem,
318 5021 369 5076 per
384 5005 467 5057 tidem
483 5005 549 5058 Jesu
565 5005 705 5058 Christi.»
723 5007 796 5059 Nam
806 5012 835 5058 et
847 5011 938 5058 osten·
979 5019 1211 5058 morumsuorum
1221 5000 1397 5072 pravitatem,
1413 4999 1516 5053 iterum
1531 4997 1660 5052 meminit
1673 4997 1708 5051 de
1721 4998 1778 5052 illis

161 5086 212 5146 deas
224 5093 414 5148 necessarium
428 5110 490 5146 esse
504 5101 536 5146 ut
550 5100 664 5147 maneat
678 5094 706 5147 in
716 5093 938 5164 electrinapieta-
979 5090 1149 5147 hominibus.
1164 5110 1177 5144 u
1194 5089 1262 5154 Erit,
1283 5088 1385 5159 inquit,
1402 5094 1515 5159 tempus
1530 5102 1593 5140 cum
1615 5101 1712 5139 sanam
1726 5085 1778 5140 do·

161 5176 194 5245 fit,
205 5197 258 5237 una
269 5182 384 5253 quidem
401 5199 433 5236 ex
448 5198 541 5247 causa,
553 5199 585 5235 er
594 5183 788 5252 magnitudine
804 5183 934 5237 doctoris.
981 5202 993 5234 r
1010 5181 1114 5235 trinam
1125 5196 1180 5234 non
1191 5178 1351 5244 admittent,
1364 5174 1778 5232 sedsecundumsuadesideria

97 5308 99 5349 :
160 5264 236 5326 Altera
248 5287 314 5325 vere
330 5270 398 5341 quia
414 5276 441 5325 et
451 5270 598 5342 apueritia
608 5271 656 5324 illa
666 5271 804 5334 didicerit,
821 5279 850 5325 et
864 5272 936 5343 quod
980 5289 993 5322 a
1013 5269 1145 5341 sibiipsis
1158 5266 1362 5324 coacervabunt
1375 5266 1428 5320 sibi
1444 5264 1603 5334 magistros,
1619 5263 1777 5334 prurientes

160 5350 337 5424 imdoctrina
347 5359 385 5412 sit
394 5360 498 5425 divina,
515 5367 543 5414 et
557 5360 631 5430 quod
647 5377 750 5430 magna
764 5360 853 5431 possit
871 5377 938 5431 prar-
982 5379 993 5410 r
1009 5357 1133 5422 auribus,
1150 5364 1179 5410 et
1195 5373 1212 5410 a
1227 5356 1342 5409 veritate
1356 5354 1468 5425 quidem
1484 5351 1612 5406 auditum
1640 5358 1776 5415 avertent,

159 5446 216 5502 thre
228 5448 283 5502 illis
298 5446 347 5519 qui
362 5448 473 5502 Christo
490 5448 603 5502 credere
617 5448 756 5503 voluerint
771 5449 837 5503 dum
861 5448 938 5502 illam
982 5447 1044 5501 aad
1065 5446 1174 5500 fabulas
1196 5451 1291 5498 autem
1312 5447 1519 5498 convertentur.
1538 5460 1549 5490 ι
1567 5440 1686 5496 Fabulae
1709 5441 1779 5495 dixit

159 5533 337 5610 alutem'quae
349 5553 382 5591 ex
395 5537 453 5592 ude
466 5543 510 5591 est
526 5542 725 5608 assequuntur.
741 5538 879 5607 (Hieron.)
896 5538 939 5593 Ad
981 5538 1029 5592 illa
1041 5535 1125 5591 verba
1140 5551 1200 5589 esse
1219 5550 1280 5605 quae
1293 5531 1434 5586 contraria
1449 5537 1515 5586 sunt
1523 5530 1631 5603 pietati.
1647 5531 1779 5584 Necessa-

257 5638 392 5700 Pmor..
410 5636 488 5699 oxu
1615 5631 1651 5689 tl
