3772 6120
182 278 231 333 rel
472 279 504 331 B.
525 276 660 332 RABANI
680 275 795 330 unum
821 275 988 333 asculus.
1009 274 1170 331 MOGUNT.
1192 272 1341 329 OPERUM
1359 272 1451 326 PARS
1469 272 1518 326 111.
1767 273 1821 328 ‘232

183 401 285 455 auxilio
300 401 433 455 liberatus
448 406 499 464 est,
521 401 569 453 sed
589 400 663 470 quod
684 399 719 453 ab
740 399 900 453 hominibus
918 382 1082 461 fieriAesse
1096 399 1119 452 si
1134 400 1217 453 horno
1232 396 1336 451 Christi
1355 401 1453 467 raptus
1472 402 1515 450 est
1535 411 1624 466 usque
1646 396 1682 449 ad
1701 388 1818 450 tertium

183 490 284 561 potuit,
300 489 366 559 quid
381 505 451 559 opus
466 493 536 550 erat,
552 493 584 542 ut
595 488 645 542 Dei
656 489 788 557 suffragio
803 487 980 553 libereretur,
1023 489 1132 550 eoelum,
1150 504 1213 541 cum
1227 486 1256 539 in
1271 485 1354 539 tertio
1365 485 1469 539 circulo
1483 485 1593 538 dicatur
1606 485 1675 538 luna
1688 501 1758 547 esse,
1770 485 1820 538 sed

184 595 248 632 cum
258 578 308 631 Dei
319 576 483 645 sullrngium
498 582 566 629 tunc
581 576 618 629 sit
631 576 829 641 necessarium,
842 576 864 629 si
880 576 981 630 huma·
1022 593 1078 631 non
1093 577 1132 629 ita
1147 580 1199 637 est,
1215 575 1281 644 quia
1295 574 1371 628 ultra
1385 574 1480 627 onmia
1493 573 1591 627 mundi
1611 573 1704 627 sidera
1722 579 1820 644 raptus

186 683 251 720 num
262 665 395 720 auxilium
406 664 534 718 deficiat?
545 665 605 729 Quo
619 670 701 736 pacto
715 681 771 718 non
786 663 838 718 sibi
852 664 920 718 dicit
934 681 981 717 ex·
1022 665 1198 734 intelligitur,
1211 669 1239 717 et
1249 663 1311 717 ideo
1321 663 1501 732 magnificum
1512 668 1539 715 et
1549 661 1677 715 mirabile
1686 661 1821 732 estquod

185 755 280 825 pedire
293 753 418 824 gloriari,
435 752 502 823 quia
515 752 659 823 presentis
668 753 730 807 ritae
739 753 873 821 gaudium
884 753 982 822 fragile
1022 760 1120 807 narrat
1132 771 1137 805 :
1150 752 1290 822 significat
1299 752 1373 805 enirn
1383 768 1468 822 supra
1478 752 1687 805 firmamentum
1697 751 1727 803 in
1736 749 1822 804 tertio

185 850 228 896 est
245 861 250 894 :
267 841 379 896 sienim
392 858 450 895 non
464 842 605 903 evasisset,
622 841 789 912 martyrium
803 840 916 907 fecerat,
933 841 981 894 sed
1023 859 1140 897 numero
1154 842 1255 895 caelum
1270 841 1305 894 de
1315 840 1486 912 spiritalibus
1501 840 1577 893 coelis
1592 846 1705 911 raptum
1720 844 1821 893 semet·

98 932 100 936 ⁸
186 930 424 1002 quiafugiendum
435 930 665 1000 inpersecutione
680 931 844 984 mandatum
854 935 905 993 est,
917 930 983 984 data
1022 931 1124 1001 ipsum.
1140 932 1174 984 m
1187 932 1241 984 scio
1256 931 1415 999 liujurmodi
1430 931 1578 992 hominem,
1594 932 1649 981 sior
1664 932 1696 983 in
1710 944 1821 997 corporo

106 1030 109 1037 ’
186 1037 272 1091 opera
286 1019 392 1090 elingit,
405 1036 456 1072 neo
467 1019 542 1073 enim
553 1019 636 1073 dehet
650 1019 751 1089 aliquis
765 1012 935 1090 exspectare,
951 1025 984 1073 ut
1023 1023 1077 1073 siue
1092 1025 1169 1072 ostro
1181 1034 1279 1087 corpus
1292 1021 1388 1076 nescio,
1405 1019 1474 1072 Deus
1489 1020 1550 1071 scr't.
1567 1019 1704 1084 Quoniam
1722 1021 1821 1084 raptas

186 1108 214 1163 in
225 1108 405 1179 semetipsum
416 1113 555 1179 peccetur.
564 1108 636 1177 Ergo
646 1107 823 1177 gloriandum
834 1106 983 1178 dicit,quia
1023 1109 1267 1176 eslinparadisum
1276 1108 1416 1160 etaudioit
1425 1121 1532 1159 arcano
1542 1106 1622 1159 verba
1632 1109 1820 1173 quaenonh'eel

162 1246 169 1263 ,
186 1198 282 1263 evasit,
300 1199 346 1250 sert
360 1213 416 1250 nort
431 1198 544 1265 expedit,
562 1197 663 1266 inquit,
681 1202 796 1267 propter
809 1194 978 1267 superbiam,
1022 1197 1131 1250 hornini
1141 1198 1224 1264 loqui,
1235 1208 1286 1264 pro
1296 1196 1431 1263 ejusmodi
1439 1195 1589 1261 gloriator.
1600 1192 1647 1246 Bis
1662 1210 1692 1247 se
1705 1198 1819 1265 raptum

186 1286 299 1357 quiade
313 1285 471 1339 humilitate
485 1285 629 1352 crescitur,
646 1292 675 1339 et
687 1284 821 1339 auxilium
836 1285 887 1339 Dei
904 1284 981 1339 miti·
1021 1284 1098 1347 dicit,
1113 1284 1141 1338 id
1157 1289 1208 1347 est,
1224 1284 1289 1336 hinc
1307 1299 1395 1353 usque
1411 1282 1447 1335 ad
1457 1282 1572 1336 tertium
1592 1283 1703 1345 coelum,
1719 1281 1820 1335 deinde

88 1390 93 1401 ·
185 1374 237 1429 bus
245 1374 356 1446 proficit
369 1354 424 1427 fron
439 1373 531 1426 elatis.
542 1375 691 1439 Praeterea,
704 1374 770 1444 quia
784 1373 831 1444 qui
841 1372 981 1443 gloriaba-
1022 1372 1051 1427 in
1057 1372 1218 1443 paradisum
1227 1372 1377 1436 celestem,
1388 1370 1417 1424 in
1428 1387 1482 1441 quo
1493 1369 1595 1425 latroni
1606 1368 1676 1424 dixit
1683 1369 1820 1424 Dominus

185 1469 233 1518 tur
242 1470 361 1516 mortem
370 1479 400 1515 se
411 1462 540 1529 erasisse,
553 1479 614 1533 quoe
624 1479 675 1533 pro
685 1463 739 1517 lide
754 1462 881 1526 infertur,
898 1462 981 1515 inane
1023 1462 1097 1531 quod
1108 1462 1220 1515 futurus
1229 1466 1304 1515 esset
1312 1476 1376 1515 cum
1388 1476 1429 1513 eo.
1438 1460 1469 1513 ln
1475 1459 1605 1530 paradiso
1616 1458 1707 1529 inquit
1716 1458 1819 1523 Patris,

185 1552 272 1606 videri
291 1551 430 1621 significat
443 1551 503 1620 pati
517 1568 567 1621 pro
582 1551 703 1612 Christo,
724 1551 786 1604 ideo
802 1567 856 1605 non
871 1550 982 1621 expedit
1022 1549 1078 1603 illic
1093 1549 1140 1603 ubi
1156 1555 1184 1604 et
1193 1548 1289 1603 ciuitas
1303 1548 1405 1603 dicitur
1415 1565 1476 1602 esse
1487 1547 1662 1602 Hierusalem
1672 1554 1763 1601 mater
1773 1563 1821 1600 no·

183 1640 308 1711 gloriari.
326 1641 418 1709 (stup.)
435 1639 593 1694 Recolimus
610 1638 694 1693 rerba
713 1639 824 1693 Domini
838 1639 956 1694 dicentis
973 1657 978 1691 :
1022 1644 1090 1692 stra.
1107 1639 1179 1702 Quid
1194 1654 1260 1708 ergo
1275 1638 1387 1701 mirum,
1405 1637 1502 1708 sipost
1516 1636 1749 1691 resurrectionem
1763 1652 1822 1689 cor·

186 1730 610 1796 Cumauternpcrsequenturcos
621 1731 841 1791 r'ncioitoteistn,
854 1713 1076 1799 suprsstcianus
1088 1729 1147 1797 jam
1163 1727 1305 1798 expiatum
1320 1733 1404 1796 utque
1417 1731 1565 1779 tenuatum
1584 1725 1688 1779 factum
1704 1724 1822 1778 immor-

185 1820 272 1871 aliam
282 1818 390 1884 (rllottlr.
402 1821 459 1886 xx).
476 1817 544 1881 Quis
559 1822 655 1871 autem
669 1817 766 1870 credat
780 1817 820 1870 ita
832 1816 982 1870 hocDeum
1023 1817 1079 1870 tale
1093 1817 1219 1870 futurum
1230 1815 1361 1869 credatur
1370 1814 1399 1868 in
1413 1813 1498 1878 coelis,
1515 1813 1627 1884 quando
1641 1829 1697 1868 non
1712 1813 1824 1868 dubitat

186 1906 247 1959 lieri
262 1905 389 1969 voluisse,
404 1911 437 1959 ut
455 1905 611 1959 necessario
626 1905 780 1959 ministerio
795 1904 854 1958 sine
873 1920 928 1974 quo
942 1905 982 1956 ri·
1023 1905 1173 1976 Apostolus
1188 1904 1279 1958 adhuc
1299 1905 1417 1958 mortale
1433 1919 1533 1973 corpus
1547 1902 1672 1973 potuisse
1686 1902 1771 1955 levari
1787 1903 1822 1956 nd

185 2011 249 2048 rere
262 2001 415 2065 nequeunt,
433 1994 630 2048 desererentur
642 2010 751 2064 greges,
768 2010 837 2063 quos
851 2010 901 2048 suo
916 2009 982 2046 san-
1024 1993 1116 2059 coelos,
1139 1999 1167 2047 et
1184 1992 1245 2046 tolli
1264 1992 1292 2045 in
1312 1991 1473 2062 paradisum
1488 1990 1538 2044 Dei
1552 1991 1644 2045 Patris
1663 1991 1823 2044 coelestem?

184 2082 468 2154 guinecomparavitl
483 2081 617 2153 Nunquid
636 2083 688 2136 hoc
703 2082 768 2136 fecit
785 2081 853 2153 ipse,
870 2081 982 2152 quando
1023 2099 1073 2153 pro
1087 2081 1250 2152 huiusmodi
1267 2080 1389 2145 homine,
1405 2080 1500 2144 idest,
1519 2079 1566 2149 qui
1585 2085 1644 2133 tam
1660 2079 1762 2149 dignus
1780 2087 1824 2133 est

184 2170 362 2242 portantibus
375 2171 538 2242 parentibus
548 2171 576 2224 in
591 2171 741 2242 AEgpptum
757 2171 889 2241 parvulus
899 2170 981 2240 fugit,
1024 2171 1091 2235 Deo,
1102 2175 1135 2223 ut
1144 2170 1196 2223 hoc
1206 2169 1388 2240 experiretur,
1399 2169 1514 2238 gloriari
1525 2184 1554 2221 se
1565 2167 1641 2233 dicit,
1654 2176 1683 2222 et
1694 2185 1750 2222 non
1764 2169 1824 2221 vult

185 2260 233 2330 qui
243 2259 362 2314 necdum
377 2260 507 2313 ecclesias
516 2265 743 2329 congregaverat,
756 2275 825 2329 quas
839 2258 875 2312 ab
890 2275 922 2312 eo
937 2259 986 2312 dc
1024 2264 1120 2330 aperte
1129 2259 1221 2312 dicere
1235 2258 1350 2328 quiade
1365 2274 1395 2310 se
1408 2257 1541 2327 loquitur,
1557 2273 1592 2310 ne
1607 2257 1722 2310 laudare
1737 2273 1767 2310 se
1782 2257 1823 2309 ri-

123 2352 125 2375 *
184 2353 273 2402 sertas
286 2347 372 2402 fuisse
387 2347 531 2401 dicamus.l
550 2347 684 2418 Nunquid
708 2347 819 2417 quando
841 2347 983 2418 apostolus
1024 2347 1296 2403 deatur.EtJoannes
1303 2345 1445 2417 apostolus
1453 2363 1517 2400 cum
1527 2346 1561 2399 de
1572 2362 1602 2398 se
1612 2345 1717 2399 sciatur
1725 2345 1819 2415 loqui:

184 2436 298 2501 Paulus,
316 2453 351 2490 ne
367 2436 445 2490 illum
460 2436 710 2506 comprehenderet
724 2435 862 2501 inimicus,
879 2451 930 2506 per
942 2435 983 2488 fe·
1024 2438 1075 2492 Hic
1088 2442 1135 2501 ost,
1154 2436 1202 2498 ait,
1220 2438 1373 2504 discipulus
1391 2451 1471 2503 quem
1487 2436 1716 2502 dilegemenses,
1733 2437 1783 2503 qui
1797 2439 1821 2487 et

184 2530 309 2578 nestram
322 2525 352 2578 in
366 2531 462 2596 sporta
479 2524 634 2578 submissus
655 2531 706 2587 ost,
726 2530 754 2578 et
772 2524 870 2593 elingit
883 2540 983 2579 manus
1024 2526 1149 2578 recubuit
1159 2528 1190 2578 in
1203 2540 1278 2578 omna
1288 2539 1373 2592 supro
1383 2529 1473 2591 peotns
1484 2526 1541 2591 rjus
1556 2524 1645 2589 (loon.
1659 2525 1774 2590 ult.),ne
1786 2522 1821 2575 de

185 2614 255 2682 ejus,
272 2613 385 2667 deserta
400 2620 450 2672 est,
468 2629 529 2684 quoe
549 2613 586 2666 ibi
605 2617 667 2666 erat
686 2613 811 2677 ecclesia,
827 2613 983 2666 necessario
1024 2630 1054 2667 se
1068 2613 1189 2682 gloriose
1209 2612 1287 2666 ellari
1305 2611 1455 2666 rideretur.
1476 2611 1577 2682 (Grep.)
1598 2611 1671 2675 Quia
1689 2627 1821 2665 nonnun-

113 2742 117 2753 .
184 2700 349 2765 ministerio,
366 2707 394 2754 et
404 2717 460 2755 non
469 2700 504 2753 ab
520 2700 582 2754 aliis
591 2700 725 2754 fratribus
735 2700 838 2754 ibidem
847 2701 983 2755 constitu·
1025 2718 1108 2772 quam
1123 2702 1152 2755 in
1167 2701 1315 2755 virtutibus
1330 2701 1465 2771 proficere
1480 2716 1624 2765 conamur,
1646 2706 1673 2753 et
1692 2700 1820 2771 quaedam

183 2788 228 2854 tis,
237 2787 463 2859 quodoportcbat
473 2790 641 2859 completum
654 2789 713 2842 estl
724 2789 769 2843 Eis
780 2789 881 2860 quippe
891 2790 982 2843 rolen·
1022 2790 1096 2844 dona
1110 2790 1294 2861 percepimus,
1307 2806 1324 2842 a
1338 2788 1504 2859 quibusdam
1519 2806 1583 2843 rero
1595 2789 1700 2859 repulsi
1713 2789 1743 2842 in
1757 2789 1822 2843 imis

183 2877 259 2931 tibus
270 2877 321 2930 hoc
331 2877 481 2948 Apostolus
491 2877 604 2943 iecerat,
617 2882 649 2931 ut
658 2877 781 2948 seipsum
796 2882 921 2931 servaret
935 2894 980 2931 ec·
1019 2878 1145 2949 jacemus
1162 2896 1167 2930 :
1186 2895 1267 2932 nemo
1277 2878 1351 2932 enim
1362 2885 1404 2932 est
1418 2878 1464 2948 qui
1473 2883 1584 2932 tantum
1594 2876 1704 2931 virtutis
1719 2894 1821 2949 appre-

183 2966 282 3031 clesiae,
300 2982 382 3036 quem
398 2966 510 3036 proprie
524 2972 685 3037 persecutor
697 2965 743 3019 ille
760 2965 910 3036 quaerebat.
927 2967 980 3020 Fa·
1021 2968 1134 3033 hendot,
1147 2974 1283 3038 quantum
1302 2967 1453 3028 desiderat,
1470 2967 1536 3037 quia
1550 2966 1726 3037 omnipotens
1745 2968 1823 3020 Deus

182 3054 258 3108 ciant
268 3071 335 3123 ergo
347 3053 419 3108 servi
429 3054 542 3121 Christi,
553 3054 674 3108 ministri
684 3053 759 3108 verbi
770 3062 799 3108 et
812 3055 981 3108 sacramenti
991 3030 1156 3110 Cinteriora
1178 3056 1339 3110 discernens
1363 3055 1431 3126 ipsis
1455 3054 1626 3126 spiritalibus
1650 3054 1820 3125 profectibus

183 3144 253 3213 ejus,
270 3143 495 3213 quodpraecepit,
511 3143 568 3197 sive
582 3143 710 3213 permisit
724 3160 729 3194 :
742 3142 853 3213 fugiant
867 3143 980 3196 omnino
1021 3144 1136 3198 modum
1150 3144 1237 3215 ponit,
1253 3151 1285 3198 ut
1299 3161 1331 3198 ex
1345 3145 1397 3198 hoc
1411 3145 1504 3210 homo,
1522 3144 1596 3213 quod
1611 3144 1822 3215 apprehendere

181 3231 216 3284 de
234 3231 345 3285 civitate
364 3231 393 3284 in
414 3231 563 3296 civitatem,
586 3231 697 3301 quando
715 3248 813 3285 eorum
833 3232 980 3302 quisquam
1021 3238 1140 3287 conatur
1153 3240 1181 3286 et
1192 3249 1247 3286 non
1262 3232 1344 3297 valet,
1360 3232 1390 3285 in
1403 3233 1458 3285 illis
1469 3249 1499 3286 se
1514 3249 1570 3286 non
1584 3233 1681 3297 elevet,
1699 3249 1760 3303 quae
1776 3249 1822 3286 ra·

181 3319 367 3390 specialitera
377 3319 602 3390 persecutoribus
612 3319 757 3390 quaeritur,
769 3326 801 3374 ut
814 3320 849 3373 ab
859 3320 921 3374 aliis
932 3319 980 3391 qui
1021 3321 1068 3375 let.
1085 3321 1164 3376 Unde
1184 3321 1229 3374 ille
1248 3337 1358 3391 quoque
1378 3321 1508 3390 egregius
1525 3320 1691 3392 predicator
1706 3321 1755 3391 qui
1774 3338 1821 3375 ra-

181 3424 236 3462 non
260 3408 301 3461 ita
325 3409 517 3479 requiruntur,
538 3425 594 3463 non
613 3409 760 3462 deseratur
779 3408 910 3473 Ecclesia,
931 3409 979 3462 sed
1022 3409 1131 3480 ptusad
1146 3409 1261 3463 tertium
1271 3409 1371 3463 coelum
1388 3409 1487 3475 iuerat,
1504 3409 1627 3480 paradisi
1646 3426 1750 3464 arcana
1770 3427 1821 3481 pe·

179 3496 323 3567 praebeant
337 3497 444 3550 cibaria
462 3496 601 3551 conservis
616 3496 684 3561 suis,
705 3513 775 3566 quos
794 3497 877 3550 aliter
890 3496 980 3550 virere
1020 3503 1189 3562 netraverat,
1197 3514 1257 3552 esse
1267 3503 1330 3569 post
1340 3498 1723 3569 revelationerntranquillus‚
1736 3504 1821 3569 amne

181 3601 237 3639 non
253 3601 333 3661 posse
357 3591 503 3640 noverunt.
524 3588 595 3640 Cum
615 3590 710 3639 autem
729 3584 870 3651 omnium,
884 3585 911 3639 id
927 3590 978 3649 est,
1022 3587 1177 3641 intentatus
1192 3585 1312 3640 nolebat.
1328 3587 1383 3640 Sed
1398 3586 1463 3656 quia
1481 3587 1657 3658 omnipotens
1672 3588 1747 3642 Deus
1761 3593 1820 3641 ter-

180 3673 373 3744 episcoporum
389 3681 417 3729 et
437 3674 613 3739 clericorum,
634 3678 663 3727 et
685 3673 820 3728 laicorum
839 3680 882 3727 est
904 3690 980 3728 com·
1022 3675 1112 3729 minos
1122 3675 1268 3729 constituit
1279 3674 1394 3740 homini,
1407 3675 1453 3746 qui
1464 3675 1600 3746 preteriri
1610 3692 1666 3730 non
1675 3681 1819 3747 poterunt,

181 3779 265 3817 mune
280 3763 445 3833 periculum,
463 3763 490 3817 hi
506 3763 554 3833 qui
569 3762 769 3831 aliisindigeut
782 3778 837 3816 non
851 3763 981 3816 deseran·
1022 3769 1050 3817 et
1059 3763 1174 3817 elevavit
1185 3765 1259 3818 hunc
1269 3763 1304 3818 ad
1314 3765 1506 3833 cognoscenda
1516 3763 1655 3827 sublimia,
1672 3769 1700 3818 et
1710 3765 1822 3819 reduxit

179 3857 227 3904 tur
241 3851 277 3904 ah
292 3852 335 3905 his
351 3853 452 3923 quibus
467 3852 603 3922 indigent.
619 3852 677 3904 Aut
692 3851 780 3919 igitur
794 3852 830 3904 ud
846 3852 907 3905 loca
922 3868 981 3906 mu·
1022 3852 1124 3906 iterum
1139 3853 1175 3906 ad
1190 3853 1303 3907 infirma
1312 3853 1466 3919 toleranda,
1478 3860 1510 3907 ut
1523 3853 1599 3907 modi
1614 3853 1658 3907 sui
1672 3869 1820 3908 mensuras

180 3939 239 3993 nita
254 3957 351 3994 omnes
365 3946 520 4006 transeant,
537 3945 587 3994 aut
601 3940 649 4011 qui
664 3939 768 3993 hahent
787 3940 981 3995 necessitatem
1022 3940 1166 4012 aspiciens,
1184 3942 1251 3996 dum
1265 3941 1443 3995 securitatem
1457 3941 1692 4012 comprehendere
1706 3958 1821 3996 conare-

180 4027 353 4093 remanendi,
363 4044 419 4082 non
431 4028 628 4098 relinquantur
637 4027 719 4081 abeis
729 4044 779 4096 per
789 4044 858 4098 quos
869 4028 982 4082 illorum
1022 4035 1078 4096 tur,
1095 4035 1124 4087 et
1137 4046 1193 4084 non
1206 4036 1310 4101 posset,
1326 4047 1361 4084 ue
1371 4047 1421 4101 per
1431 4030 1614 4084 elevationem
1625 4036 1702 4084 extra
1713 4047 1743 4084 se
1754 4031 1817 4096 iret,

180 4120 223 4169 est
234 4114 423 4169 ecclesiastica
437 4116 593 4186 supplenda
608 4115 777 4170 necessitas:
796 4122 828 4170 ut
842 4123 892 4171 aut
904 4117 980 4188 pari·
1021 4135 1072 4189 per
1085 4118 1272 4172 humilitatem
1295 4125 1442 4190 cogeretur
1459 4119 1534 4172 intra
1552 4135 1618 4173 suos
1636 4136 1747 4190 semper
1766 4125 1822 4174 ter-

84 4240 89 4247 ,
179 4208 224 4257 ter
237 4203 340 4266 vivant,
361 4211 411 4257 aut
425 4203 531 4274 pariter
553 4205 697 4264 sufferant,
720 4204 793 4274 quod
814 4221 862 4258 eos
882 4205 981 4259 Pater·
1022 4206 1112 4261 minos
1124 4207 1224 4261 redire.
1242 4207 1287 4261 Sic
1305 4213 1397 4261 rector
1411 4208 1528 4277 singulis
1547 4208 1739 4279 compassione
1753 4225 1821 4279 pro·

179 4292 300 4345 familias
313 4293 388 4346 rolet
402 4293 518 4363 perpeti.
1021 4294 1112 4350 xirnus
1126 4311 1183 4365 pree
1198 4296 1305 4350 cunctis
1318 4296 1553 4367 contemplatione
1567 4313 1729 4368 suspensus,
1746 4301 1779 4351 ut
1793 4303 1821 4351 et

480 4399 596 4455 CAPUT
615 4400 676 4454 xpp,
988 4345 1071 4454 1>per
1088 4383 1200 4455 pietatis
1218 4384 1324 4439 viscera
1342 4385 1371 4438 in
1389 4402 1419 4437 se
1442 4384 1635 4439 infirmitatem
1654 4391 1820 4439 caeterorum

180 4490 386 4545 lierommendol
396 4505 423 4542 so
437 4490 580 4557 Apostolus
595 4506 627 4542 er
640 4491 801 4553 visionibus,
813 4494 837 4543 ol
851 4493 931 4558 ponit
942 4491 981 4546 ibi
1020 4472 1181 4540 tmffifssmtr
1197 4478 1226 4526 Οἵ
1239 4490 1290 4545 Per
1303 4473 1500 4544 Sl)oculationis
1514 4473 1701 4538 altitudinem
1719 4480 1820 4528 ⁸⁰m0t'

254 4562 406 4614 remcdium
422 4565 518 4614 contro
525 4562 683 4629 periculum
698 4562 838 4630 superbia,
853 4567 905 4615 etc.
1020 4560 1112 4632 ipsum
1123 4578 1233 4632 quoque
1248 4561 1396 4616 invisibilia
1410 4563 1567 4634 appetendo
1581 4562 1772 4628 transcendat,
1784 4579 1819 4616 ne

223 4651 334 4702 Veniam
345 4654 438 4701 orclem
454 4650 491 4701 ad
505 4652 622 4703 visiones
631 4655 655 4703 cl
665 4653 840 4704 revelationes
855 4652 977 4705 llornini.
1020 4655 1070 4702 aut
1082 4650 1140 4704 alta
1154 4656 1251 4721 petens
1266 4650 1455 4721 proximorum
1475 4651 1586 4705 infirma
1605 4651 1749 4721 despiciet,
1770 4656 1820 4705 aut

181 4736 285 4802 (Δηὼ.)
297 4737 378 4790 Nunc
389 4742 552 4791 ostensurus
563 4745 605 4792 est
615 4755 670 4809 quo
681 4738 807 4793 sublatus
817 4745 869 4803 est,
879 4746 910 4793 ut
920 4757 980 4810 per·
1020 4737 1139 4791 infirmis
1153 4739 1341 4809 proximorum
1352 4756 1509 4810 congruens
1520 4745 1661 4811 appetere,
1673 4740 1731 4793 alta
1742 4740 1820 4794 dere·

155 4865 164 4876 .
181 4824 246 4878 inde
261 4829 367 4895 quanta
382 4829 410 4878 et
424 4825 518 4895 qualia
528 4826 593 4892 sint,
610 4844 671 4897 quae
686 4826 726 4880 illi
740 4834 853 4882 ostensa
868 4833 896 4881 et
905 4828 980 4882 dicta
1020 4826 1138 4897 linquat,
1156 4826 1219 4881 hinc
1230 4834 1272 4881 est
1286 4845 1407 4899 namque
1418 4828 1492 4898 quod
1502 4828 1606 4882 Paulus
1617 4829 1646 4882 in
1655 4828 1820 4899 paradisum

180 4919 254 4978 sunt,
272 4912 379 4983 possint
392 4913 520 4985 intelligi,
538 4932 582 4980 ne,
598 4916 670 4969 sicut
685 4915 851 4986 quibusdam
865 4916 978 4971 rideba·
1020 4915 1141 4980 ducitur,
1157 4916 1274 4986 coelique
1298 4917 1376 4971 tertii
1397 4922 1503 4971 secreta
1521 4916 1650 4983 rimatur,
1677 4922 1819 4971 ettamen

180 5010 236 5066 tur,
253 5002 345 5057 minor
365 5003 471 5058 coeteris
491 5003 624 5074 apostolis
643 5003 813 5057 crederetur.
840 5005 910 5071 Soio,
933 5006 977 5059 in·
1018 5003 1096 5057 illam
1110 5003 1715 5075 invisibiliumcontemplationesuspensam,
1727 5006 1820 5060 adcu-

180 5090 250 5162 quit‚
263 5092 402 5146 hominem
417 5095 449 5146 in
469 5092 575 5147 Christo
589 5097 653 5145 ante
667 5088 756 5146 aanor
770 5095 976 5162 quatuordecim
1018 5090 1073 5146 bile
1087 5093 1242 5147 carnalium
1256 5094 1358 5148 mentis
1377 5093 1466 5148 aciem
1485 5099 1605 5157 rerocut,
1626 5101 1712 5165 atque
1741 5094 1819 5148 inoc-

179 5182 233 5233 sioo
249 5183 279 5234 in.
294 5183 512 5250 corporanescio,
527 5183 582 5234 sice
592 5185 670 5234 eruo
682 5184 894 5249 corpusncscio,
910 5183 978 5236 Beue
1018 5181 1101 5236 cultis
1115 5182 1173 5237 suis
1183 5183 1304 5253 qualiter
1312 5181 1432 5237 debeant
1440 5183 1598 5238 conversari
1608 5184 1763 5254 dispensat,
1776 5183 1819 5237 di·

179 5270 239 5331 scit,
255 5274 369 5337 raptum
393 5270 553 5337 liujusm-odl
572 5270 714 5337 usquead
737 5273 851 5323 tortium
869 5273 976 5325 culum.
1018 5273 1816 5341 cens:Propterfornicatione-raonemurrurqrrisquesuam

181 5356 335 5428 Utrumque
355 5356 538 5421 confirmavit,
561 5356 627 5427 quia
646 5364 797 5428 utrumque
816 5376 897 5430 posse
917 5360 977 5413 lieri
1019 5361 1290 5425 orornamenta
1314 5376 1484 5429 annonaque
1496 5377 1579 5414 suum
1597 5364 1693 5415 oirmn
1709 5362 1816 5422 habeut,

180 5459 235 5497 non
245 5445 366 5514 negavit,
383 5451 415 5497 ut
430 5449 458 5498 et
471 5443 531 5497 sine
546 5460 661 5515 corpore
675 5445 735 5516 rapi
749 5447 894 5516 potuisset,
907 5454 936 5502 et
948 5448 977 5502 in
1018 5450 1101 5501 orori
1109 5451 1154 5501 uir
1168 5450 1539 5513 dehitumreddct,similitor
1549 5453 1818 5503 orllnncturoroiro

179 5549 304 5604 corpore.
321 5534 356 5587 Et
368 5531 438 5589 sorte
454 5531 619 5604 quibusdam
634 5533 762 5590 rideatur
777 5553 833 5591 non
843 5552 977 5608 magnum
1019 5537 1045 5602 (1
1059 5535 1327 5609 Cor.r11);etpaulo
1343 5543 1406 5608 post
1418 5554 1424 5591 :
1436 5539 1525 5593 Nolite
1535 5539 1671 5606 fraudere
1686 5541 1814 5603 invicem,
