3772 6120
198 313 251 371 ‘255
495 311 526 364 B.
547 309 682 363 RABANl
703 308 817 364 unum
837 309 1004 365 ARCHIEP.
1026 309 1190 365 MOGUNT.
1211 306 1359 362 OPERUM
1378 305 1470 360 PARS
1489 306 1539 360 lll.
1614 298 1622 305 ”
1784 304 1836 361 ‘256

196 436 254 491 Deo
264 435 508 507 placeredocebat‚
520 450 577 487 non
587 431 707 486 timebat
716 431 999 499 hominesoliendere,
1008 438 1120 494 Asnam
1129 433 1248 503 gloriam
1264 448 1401 502 quarens,
1418 431 1467 484 sed
1487 430 1538 484 Dei
1548 436 1581 484 ut
1595 430 1663 485 salvi
1676 431 1756 493 fiant,
1778 447 1835 484 non

195 524 347 579 dummodo
363 524 411 577 Dei
426 523 544 593 gloriam
560 521 783 575 commendaret:
810 520 903 574 onmia
920 521 993 575 enirn
1033 523 1093 592 jam
1103 520 1272 579 hominibus.
1293 520 1343 573 sed
1358 520 1416 574 Deo
1426 510 1518 590 placet
1534 538 1540 585 ;
1557 525 1694 574 autcerte
1701 520 1762 590 jam
1772 535 1837 573 cum

195 614 344 684 prasentia
354 611 641 683 postponens,futuris
656 628 685 664 se
701 609 916 665 commendabat
930 627 993 681 spe·
1035 619 1064 665 et
1073 613 1131 666 Deo
1146 609 1337 682 placetsimul
1350 615 1378 662 et
1393 608 1729 679 hominibus,nonutique
1744 609 1836 663 homi-

198 704 257 768 bus,
268 700 410 756 utOhristi
429 701 546 755 idoneus
560 717 656 754 servus
674 719 679 753 :
697 700 790 753 idonei
813 705 907 753 autem
922 700 994 753 servi
1035 695 1742 770 nibusplacet,aliudestcnimplacerehominibus,
1760 697 1836 751 alind

197 805 326 844 essenon
341 797 453 860 posunt,
473 791 520 861 qui
536 789 588 843 sub
608 789 719 842 nomine
740 789 858 843 Domine
874 789 993 860 propriis
1034 795 1063 841 et
1079 789 1136 842 Deo
1163 792 1192 841 et
1206 784 1373 841 hominibus.
1391 786 1470 851 item,
1484 785 1532 856 qui
1551 784 1712 839 hominibus
1722 791 1838 856 propter

197 879 280 933 lucris
289 879 411 933 student.
420 880 520 947 (liter.)
530 879 594 931 Non
606 883 736 948 putemus
746 877 781 930 ah
791 878 923 948 Apostolo
941 894 993 931 nos
1034 877 1180 930 veritatem
1201 876 1301 947 placet,
1318 890 1376 928 non
1399 874 1474 928 enirn
1500 874 1558 944 ipse
1579 873 1643 939 illis,
1664 872 1713 927 sed
1734 873 1837 927 veritas

195 968 298 1032 doceri,
316 972 348 1021 ut
361 968 544 1038 exemplosuo
555 966 699 1019 hominum
711 965 819 1035 judicia
833 971 992 1019 contemna—
1034 967 1125 1036 placet
1137 984 1143 1031 ;
1153 969 1259 1033 placem
1270 968 1364 1018 autem
1379 962 1457 1030 dixit,
1470 969 1606 1032 quantum
1626 962 1654 1015 iu
1669 961 1761 1033 seipso
1780 970 1831 1016 est.

195 1073 267 1120 rrius,
291 1056 339 1127 q'ui
361 1056 391 1110 in
409 1055 464 1108 alio
478 1057 538 1109 loco
558 1055 659 1109 dixerit
674 1056 715 1121 (ll
728 1056 789 1108 Gor.
807 1062 854 1122 rt:
873 1056 992 1109 Selorum
1033 1059 1169 1125 quantum
1191 1054 1226 1107 ad
1242 1053 1304 1121 ojus
1314 1053 1485 1105 voluntatem
1500 1051 1659 1114 attinctus
1680 1051 1703 1103 si
1718 1050 1832 1117 diceret,

195 1161 258 1212 erpo
279 1147 405 1198 timorem
421 1146 476 1208 Ilei,
494 1142 653 1197 horninibus
667 1144 822 1207 suademus,
836 1144 886 1196 ileo
900 1148 992 1195 orclem
1033 1143 1143 1215 placere
1154 1142 1269 1196 vellem:
1288 1140 1428 1194 nonenim
1441 1139 1522 1193 sihoc
1537 1157 1570 1193 eo
1586 1156 1642 1192 non
1658 1144 1760 1209 agente
1775 1140 1835 1210 pla-

197 1235 339 1300 monisesti
352 1248 448 1287 sirenus
456 1252 465 1297 ,·
482 1239 510 1286 et
521 1232 588 1286 illud
605 1234 631 1298 (Ι
639 1232 699 1285 Cor.
708 1235 737 1299 x)
752 1250 757 1283 ι
776 1232 840 1285 Sr'nr
851 1233 995 1298 offensione
1036 1237 1098 1285 ceat
1112 1231 1205 1295 alicui,
1223 1230 1302 1302 quasi
1317 1236 1432 1300 propter
1454 1228 1586 1300 seipsum,
1603 1234 1632 1281 et
1646 1244 1703 1282 non
1721 1235 1837 1300 propter

195 1326 274 1375 estote
283 1322 385 1375 ludaris
399 1322 572 1389 clyentibus,
585 1326 608 1373 et
624 1321 746 1374 Ecclesia
759 1321 817 1386 Ilei,
833 1322 905 1375 u'cut
914 1325 939 1373 ct
949 1336 995 1387 epo
1036 1321 1125 1375 Deum
1136 1325 1220 1391 utque
1236 1318 1425 1388 Evangelium,
1442 1318 1516 1388 quod
1527 1317 1686 1383 annuntiat,
1697 1317 1835 1388 superbia·

195 1411 323 1463 omnibus
335 1425 385 1478 per
397 1412 492 1463 ornata
506 1412 606 1478 placeo,
624 1425 680 1462 aron
695 1424 817 1476 quarens
833 1394 905 1477 quod
923 1408 995 1462 mihi
1035 1408 1122 1479 ipsius
1146 1407 1239 1480 potius
1257 1423 1341 1478 quam
1356 1406 1445 1461 emori
1460 1406 1577 1476 ejus,cui
1588 1422 1718 1476 perverse
1730 1406 1831 1476 placet.

195 1501 264 1552 attile
280 1503 327 1563 est,
341 1498 388 1551 sed
402 1499 473 1567 quod
488 1501 593 1561 mullis,
610 1503 641 1550 ut
656 1500 808 1551 sulcentur.
826 1497 880 1551 Sed
895 1497 918 1550 si
934 1498 995 1550 heri
1035 1497 1216 1551 tribuendum
1233 1503 1284 1549 ost.
1301 1496 1461 1566 lsteitaque
1477 1512 1575 1549 sensus
1585 1502 1648 1548 est:
1665 1495 1748 1549 lllodo
1768 1512 1834 1564 ergo

196 1591 296 1657 potest,
313 1594 345 1640 ut
358 1586 465 1657 pariter
482 1591 511 1640 et
530 1587 587 1640 Deo
602 1591 631 1639 et
646 1585 805 1639 hominibus
825 1586 993 1656 placeamuS,
1036 1586 1195 1641 hominibus
1210 1585 1315 1638 suadeo
1325 1601 1360 1638 an
1376 1585 1443 1650 lieo,
1457 1590 1507 1637 aut
1518 1584 1584 1654 quia
1599 1582 1835 1637 hominibussua-

198 1675 363 1746 placendum
379 1681 423 1729 est
437 1679 466 1728 et
477 1674 645 1728 hominibus.
662 1675 711 1728 Sin
725 1679 820 1727 autern
837 1674 918 1727 aliter
939 1690 994 1727 non
1035 1675 1097 1739 deo,
1115 1690 1209 1745 quaero
1225 1672 1385 1727 hominihus
1394 1671 1661 1743 placere?Siadlruc
1676 1671 1836 1725 hominihus

196 1764 338 1835 placemus
354 1763 522 1829 hominibus,
548 1763 601 1817 nisi
623 1765 681 1818 Deo
702 1762 919 1833 displiceamus:
937 1751 1189 1834 Dequurererem
1202 1763 1322 1833 placere,
1339 1762 1441 1815 Christi
1457 1776 1619 1814 serrusnon
1635 1777 1734 1814 essem.
1752 1760 1834 1815 lubet

196 1852 375 1923 magisquarn
389 1852 549 1906 hominibus
559 1850 957 1922 placeredebemustalioquin
967 1858 996 1904 et
1036 1853 1110 1905 enim
1123 1852 1168 1905 ille
1184 1851 1270 1904 serris
1294 1851 1361 1917 suis,
1378 1857 1410 1903 ut
1425 1849 1534 1904 discant
1548 1849 1584 1903 ab
1604 1849 1663 1919 ipso
1678 1849 1761 1903 mites
1775 1866 1835 1903 esso

195 1942 254 2011 ipse
277 1940 371 2005 insert,
393 1958 443 1994 cur
470 1941 601 1995 omnibus
625 1957 676 2011 per
696 1940 791 1994 omnia
802 1939 921 2009 placeat,
939 1956 995 1994 riou
1036 1947 1064 1994 et
1079 1940 1199 1994 humiles
1213 1940 1297 1993 corde
1313 1939 1419 2005 lilioltlr.
1436 1942 1471 2006 xi)
1491 1958 1496 1991 :
1516 1939 1588 2009 quod
1600 1937 1677 1991 nullo
1691 1939 1774 1992 modo
1785 1955 1836 2009 po·

193 2045 327 2098 pameas,
339 2030 476 2100 inquiens,
492 2031 645 2098 quodmlhi
654 2032 777 2092 uteleest,
788 2030 994 2097 sedquodmul·
1036 2034 1099 2094 test,
1116 2029 1164 2099 qui
1189 2035 1304 2099 propter
1332 2045 1361 2081 sc
1383 2028 1485 2097 ipsum,
1503 2027 1531 2080 id
1546 2034 1597 2091 est,
1615 2033 1730 2097 propter
1756 2043 1836 2081 suam

195 2122 230 2173 tis
248 2125 280 2172 ut
298 2122 452 2176 sulcentur.
470 2119 524 2182 Qui
541 2124 636 2174 autem
653 2135 686 2172 ex
697 2117 843 2182 charitate,
861 2134 922 2188 quae
938 2134 993 2170 non
1036 2117 1115 2188 quasi
1126 2117 1263 2188 privatam
1280 2121 1308 2169 et
1317 2116 1583 2186 propriamgloriam
1592 2116 1702 2186 placere
1717 2116 1835 2169 homini·

195 2206 296 2278 querit
309 2221 432 2278 quaesua
446 2212 521 2271 sunt,
537 2206 586 2261 sed
602 2223 663 2276 qua
679 2206 780 2272 aliena,
797 2207 890 2278 placet
902 2205 993 2259 omni·
1035 2206 1086 2260 bus
1105 2206 1214 2277 quaerit,
1233 2206 1301 2258 dicit
1320 2211 1414 2259 autom
1434 2203 1500 2258 alibi
1518 2222 1523 2256 :
1548 2205 1712 2258 llomr'nr'lms
1735 2206 1834 2257 stende-

194 2295 256 2361 bus,
272 2300 304 2350 ut
314 2297 470 2363 salventur;
490 2295 586 2366 utique
597 2295 654 2349 Deo
680 2296 802 2366 primum
828 2295 927 2366 placet,
945 2295 994 2349 cui
1034 2312 1104 2358 netu,
1118 2297 1169 2349 ilco
1179 2301 1272 2361 putem
1287 2296 1461 2361 irranr'frrloli
1471 2308 1568 2347 sirarios
1577 2294 1618 2358 ll!
1626 2294 1687 2348 Cor.
1700 2297 1727 2349 ul
1740 2312 1745 2345 z
1756 2300 1787 2346 ut
1796 2294 1836 2347 in-

194 2385 270 2439 salus
284 2385 429 2439 hominum
444 2401 519 2438 curae
534 2390 585 2437 est.
603 2384 694 2438 Habet
708 2392 802 2439 autern
825 2391 854 2437 et
879 2382 994 2438 verbum
1034 2383 1145 2453 telligas
1158 2384 1231 2453 quod
1244 2383 1289 2436 hie
1298 2383 1339 2436 ait
1352 2383 1511 2436 hominibus
1521 2384 1620 2435 suadeo
1639 2398 1677 2436 ort
1693 2385 1763 2441 ilco:
1780 2400 1835 2435 non

195 2473 268 2542 quod
280 2473 325 2525 hic
333 2473 492 2543 specialiter
506 2472 633 2526 additum
648 2478 700 2534 est,
713 2474 803 2530 modo.
820 2473 863 2526 sel
878 2474 989 2543 placen·
1032 2473 1130 2542 ntique
1148 2473 1216 2538 Deo,
1233 2472 1281 2525 sed
1305 2470 1466 2524 hominibus
1484 2470 1669 2524 suadendum.
1688 2471 1751 2524 Non
1769 2488 1836 2540 ergo

195 2560 263 2613 dum
279 2576 340 2612 esse
355 2576 405 2630 pro
421 2560 989 2630 temporehominibusveldisplicendum,
1033 2561 1231 2630 moveatquod
1247 2560 1312 2613 alibi
1327 2560 1413 2613 dixit:
1439 2557 1515 2612 Sicut
1530 2565 1554 2612 et
1577 2576 1622 2626 opo
1647 2560 1775 2613 uerticibus
1788 2576 1837 2629 pu·

194 2655 226 2702 ut
235 2663 290 2718 quo
304 2648 449 2701 modonon
456 2649 548 2718 placet
555 2653 669 2718 propter
683 2648 823 2718 Evangelii
833 2649 989 2715 veritatem,
1033 2653 1127 2703 urnula
1139 2653 1230 2718 placeo
1247 2651 1270 2716 (l
1284 2652 1344 2705 dor.
1356 2653 1400 2716 x);
1417 2648 1526 2701 addidit
1535 2648 1622 2713 enirn,
1634 2665 1690 2701 trun
1699 2665 1833 2716 pararem.

194 2735 994 2807 placueritquondamobsaluteniplurimorum.l³lacuerat
1033 2739 1104 2806 quod
1119 2739 1189 2791 ruiti
1208 2739 1326 2806 prodest,
1343 2738 1388 2790 sed
1407 2738 1479 2805 uliud
1493 2740 1599 2791 mullis.
1618 2742 1648 2789 ul
1664 2739 1739 2792 salci
1754 2738 1835 2804 (laid,

194 2823 298 2879 Paulus
305 2824 455 2894 aliquando
464 2825 577 2902 ludaeis,
586 2842 648 2878 cum
656 2825 802 2878 aemulatm·
811 2825 932 2880 existens
942 2843 992 2897 pa·
1033 2826 1109 2880 Nulli
1120 2832 1214 2879 autem
1225 2826 1339 2896 prodest
1348 2830 1380 2879 ut
1390 2825 1482 2878 sallus
1493 2825 1550 2887 hat,
1560 2825 1582 2879 si
1590 2825 1673 2878 homo
1684 2825 1709 2877 ei
1723 2832 1839 2896 propter

194 2921 340 2967 ternarum
350 2913 533 2967 traditionum
549 2915 619 2980 (dal.
635 2917 666 2983 ι),
683 2914 743 2967 sine
757 2916 872 2984 querela
885 2923 950 2969 ante
964 2916 992 2970 in
1033 2915 1279 2985 seipsmnplaceat‚
1288 2914 1397 2984 quinon
1407 2913 1679 2984 placetutilitermisi
1692 2930 1757 2967 cum
1772 2932 1837 2986 pro·

196 3003 257 3072 lege
267 3008 491 3056 versatusest:et
500 3007 611 3057 tantum
624 3001 756 3056 habuitin
766 3005 994 3073 majorumcaere·
1034 3008 1098 3074 pter
1112 3002 1340 3075 Deunrplacet,id
1353 3008 1404 3065 est,
1428 3009 1460 3055 ut
1470 3002 1544 3056 Deus
1563 3002 1673 3072 placeat
1687 3008 1716 3056 et
1729 3003 1837 3072 gloriti-

196 3090 296 3145 moniis
307 3090 415 3144 ardoris
427 3098 455 3144 et
470 3091 544 3156 ndei,
558 3092 623 3146 utin
631 3091 764 3162 Stephani
773 3108 840 3145 nece
855 3068 1115 3164 panicepsccetur
1125 3108 1175 3161 per
1189 3108 1262 3156 eum,
1280 3109 1344 3145 cum
1364 3093 1437 3144 dono
1456 3092 1517 3160 ejus
1532 3090 1719 3144 attenduntur
1738 3091 1767 3144 in
1786 3091 1837 3144 ho·

195 3180 284 3245 lieret,
305 3186 334 3233 et
362 3181 529 3234 Damascum
550 3181 704 3250 perrexerit
719 3181 754 3234 ad
769 3198 816 3235 eos
831 3181 878 3252 qui
892 3198 910 3234 a
931 3182 994 3251 lege
1035 3181 1119 3243 mine,
1151 3186 1200 3234 aut
1228 3197 1279 3251 per
1300 3179 1488 3234 ministerium
1509 3179 1630 3233 hominis
1649 3179 1836 3250 accipiuntur.

192 3269 376 3334 desciverant,
393 3268 553 3323 vinciendos
570 3271 637 3336 (dcl.
657 3274 705 3337 rx).
732 3270 785 3323 Sed
801 3277 950 3341 postquam
965 3271 994 3325 in
1036 3271 1106 3324 Cum
1121 3276 1215 3323 autem
1236 3269 1276 3322 sic
1299 3269 1383 3323 homo
1405 3270 1503 3338 placet,
1526 3269 1657 3338 jamnon
1674 3268 1767 3333 horno,
1790 3269 1836 3322 sed

194 3373 240 3411 raa
253 3357 396 3411 electionis
410 3358 445 3411 de
460 3364 637 3428 persecutore
648 3359 801 3413 translatus
809 3365 861 3423 est,
874 3364 902 3412 et
912 3360 995 3430 coepit
1036 3359 1208 3429 Deusplacet
1217 3377 1222 3425 3
1231 3363 1381 3429 utrumqne
1391 3374 1457 3425 ergo
1465 3363 1540 3410 recte
1551 3357 1604 3410 dici
1617 3361 1717 3427 potest.
1730 3364 1768 3421 ct,
1781 3356 1838 3427 Ego

192 3445 442 3515 praedicarelidem‚
457 3462 544 3516 quarn
556 3447 699 3517 quondum
711 3454 928 3517 expugnaverat,
939 3464 995 3499 rou
1038 3447 1142 3518 placeo.
1153 3454 1300 3516 etnonepo
1307 3446 1417 3517 placeo:
1434 3447 1457 3499 si
1473 3446 1548 3499 enim
1562 3446 1636 3498 eadsit
1651 3446 1740 3499 honus
1755 3447 1838 3500 intol-

193 3533 346 3605 pitpariter
362 3534 629 3604 displicereludaeis,
649 3534 750 3605 quibus
761 3541 826 3588 ante
841 3536 993 3607 placuerat.
1036 3536 1132 3602 lector,
1143 3536 1261 3606 piusque
1271 3535 1406 3605 pulsator,
1419 3533 1526 3604 patebit
1536 3541 1696 3604 utrumque,
1714 3543 1743 3588 et
1762 3534 1838 3588 nulla

194 3623 252 3677 Hoc
258 3628 301 3677 est
315 3639 382 3694 ergo
397 3623 471 3693 quod
485 3623 537 3676 ait:
556 3623 689 3693 Nunquid
705 3639 799 3694 quaro
809 3623 912 3677 ludaeis
931 3624 991 3694 pla·
1032 3625 1108 3679 inter
1121 3641 1152 3677 se
1167 3624 1354 3694 repugnantia
1368 3623 1485 3693 repellet
1499 3624 1662 3677 intrantem.

192 3727 265 3779 cere,
275 3712 376 3783 quibus
384 3711 565 3781 displicendo,
574 3712 631 3765 lleo
639 3711 747 3782 placui?
756 3712 784 3766 Si
790 3712 927 3766 enirnillis
934 3713 992 3783 pla
1068 3715 1170 3768 elotum
1187 3717 1262 3767 caim
1275 3714 1349 3765 colrls
1360 3714 1442 3779 socio,
1454 3713 1757 3779 fratres,liconpelium
1770 3713 1840 3780 qam

191 3817 293 3866 cerem,
302 3800 394 3855 adhuc
405 3801 509 3855 Christi
530 3818 626 3855 servus
645 3817 702 3854 non
722 3817 826 3854 essem:
837 3818 991 3856 assererem
1031 3805 1298 3870 ecarrpclizotumest
1308 3817 1326 3854 a
1338 3818 1388 3860 nra
1398 3804 1464 3869 ‹priu
1474 3816 1529 3853 aron
1539 3807 1576 3854 est
1586 3802 1734 3854 sccirntlmn
1749 3803 1838 3853 liornr‘-

192 3889 294 3961 qnippe
302 3889 586 3960 legemetlirangelii
591 3890 712 3959 gratiam
718 3890 991 3945 destrueremNunc
1033 3906 1095 3944 ncrrr.
1111 3907 1217 3959 :nepne
1227 3893 1302 3944 enim
1320 3883 1366 3956 rp‘o
1380 3891 1414 3942 al
1427 3891 1537 3942 homine
1551 3892 1641 3957 occepi
1659 3889 1741 3952 illud,
1755 3905 1839 3956 ruqar

192 3984 286 4030 autem
298 3978 539 4047 proptereanecin
554 3978 762 4031 simulationem
772 3979 885 4048 quidem
896 3979 991 4033 obser·
1032 3981 1126 4042 (lutici,
1152 3981 1198 4032 sal
1217 3995 1268 4046 prr
1290 3981 1483 4032 rrmlatr'onrm
1497 3980 1559 4031 loru
1579 3978 1693 4031 chrisa.
1718 3976 1837 4042 (dirior.)

191 4065 288 4118 randae
298 4066 368 4135 legis
383 4066 519 4119 adducor:
531 4066 596 4135 qnia
611 4082 666 4119 non
675 4068 867 4136 quarcetDeo
882 4068 992 4138 placore
1032 4068 1114 4121 Nunc
1123 4067 1261 4137 principia
1271 4067 1401 4137 Epistola
1412 4067 1504 4136 :aptarit
1517 4085 1522 4132 ;
1537 4067 1627 4135 ipsum
1639 4066 1714 4118 enirn
1725 4081 1838 4119 sensum

193 4153 298 4222 pariter
313 4153 459 4216 otludeeis,
477 4152 579 4222 quibus
589 4153 748 4224 quicunque
763 4155 864 4224 placet,
877 4156 934 4210 ileo
950 4156 992 4208 di-
1034 4156 1092 4209 uult
1115 4155 1297 4213 manifestari.
1322 4155 1388 4225 quia
1408 4171 1464 4208 non
1487 4172 1519 4208 ca
1535 4171 1596 4224 qum
1612 4152 1730 4208 docebat
1739 4152 1774 4206 ab
1787 4153 1837 4207 ho-

192 4240 443 4312 splicet.Etipsurn
459 4256 569 4311 quoque
585 4240 699 4294 verbum
715 4244 839 4309 arrodere,
851 4244 992 4297 dehurna-
1033 4243 1108 4296 mine
1122 4243 1266 4307 didicerat,
1281 4259 1315 4296 ne
1334 4242 1405 4296 sorte
1421 4242 1599 4296 dubimretur
1612 4242 1701 4296 dehis
1714 4242 1837 4312 quado-

192 4347 229 4385 no
246 4347 300 4385 usu
319 4336 463 4401 suniptmn
481 4335 532 4392 est,
550 4346 613 4383 cum
630 4329 692 4398 quis
707 4330 734 4383 id
751 4331 823 4401 quod
838 4332 897 4402 ipse
908 4333 993 4386 hahet
1034 4331 1115 4386 cebat
1132 4350 1137 4384 :
1156 4348 1247 4401 neque
1262 4332 1417 4386 secundum
1431 4330 1730 4400 humanmnjudicium
1742 4335 1837 4400 aptata

192 4426 222 4474 et
234 4421 320 4474 semel
336 4419 455 4486 imbibit,
479 4419 564 4472 etiam
579 4418 687 4472 catoris
707 4424 825 4473 conatur
843 4420 967 4475 inserere
983 4441 988 4474 :
1034 4420 1276 4489 eratproedicatio,
1294 4425 1326 4473 ut
1339 4420 1455 4489 indigna
1470 4420 1565 4475 divina
1579 4420 1746 4473 auctoritato
1762 4419 1837 4472 ride-

192 4516 221 4563 et
234 4508 262 4563 in
274 4509 402 4579 plurimis
414 4509 625 4579 scripturarum
640 4507 708 4560 locis
723 4508 834 4577 legitur,
844 4524 877 4561 ex
892 4509 992 4580 quibus
1033 4515 1125 4562 retur:
1134 4509 1182 4562 sed
1193 4526 1210 4561 a
1226 4509 1277 4562 Dei
1297 4509 1366 4563 Filio
1376 4509 1444 4561 dicit
1454 4525 1483 4562 se
1494 4508 1623 4562 didicisse
1630 4525 1680 4578 per
1695 4494 1838 4561 reudlatio·

192 4597 261 4651 illud
272 4605 333 4651 est:
352 4596 451 4650 Samio
465 4598 520 4651 bec
540 4613 595 4650 rron
616 4602 654 4649 cst
673 4613 705 4650 ea
723 4612 751 4649 ro
766 4600 816 4665 qui
829 4601 934 4651 esocem
949 4614 993 4651 ros
1034 4614 1108 4663 nem,
1125 4614 1189 4652 cum
1213 4598 1273 4665 jam
1287 4605 1350 4668 post
1365 4597 1603 4651 resurrectionem
1619 4602 1693 4649 esset
1708 4596 1736 4649 in
1751 4596 1835 4649 coelis.

199 4685 270 4751 (Gal.
283 4687 321 4753 v),
338 4701 389 4739 nec
405 4702 461 4739 non
477 4685 546 4739 etin
560 4685 677 4753 Actibus
689 4684 895 4757 apostolorum:
914 4688 994 4741 l'ene-
1037 4687 1131 4756 (dap.)
1146 4685 1325 4755 Evangelium
1341 4686 1415 4754 quod
1439 4687 1594 4739 secundum
1621 4685 1762 4738 hominem
1784 4692 1835 4749 est,

194 4778 263 4825 ruat
272 4788 335 4840 erpo
348 4775 385 4825 ud
398 4789 461 4826 cum
475 4775 565 4827 dudm
580 4781 612 4826 ln
625 4776 776 4842 hospitium
790 4778 884 4841 rrrzcltl,
894 4778 994 4845 peribus
1037 4774 1274 4838 mendaciurnest,
1283 4775 1541 4827 omnisenimhomo
1550 4775 1754 4839 mrrrrlorll’sul.
1763 4777 1835 4841 cxvlz

193 4861 347 4929 cuprouebot
373 4866 524 4914 corilestuus
546 4879 587 4915 eos
605 4864 636 4914 dc
657 4877 740 4929 repno
754 4863 812 4928 ilci,
827 4865 995 4933 erramusque
1038 4862 1105 4933 quia
1116 4862 1253 4933 quidquid
1263 4862 1388 4916 veritatis
1400 4863 1542 4916 invenitur
1553 4863 1580 4915 in
1592 4862 1714 4923 honnus,
1727 4878 1782 4915 rron
1795 4870 1837 4915 est

193 4953 230 5002 eis
252 4949 283 5002 dc
304 4951 377 5014 lesit,
393 4964 425 5000 er
448 4951 502 5013 lopo
529 4951 617 5015 illapsi
640 4955 664 5002 el
685 4951 831 5018 prophetis,
857 4969 941 5019 respice
959 4953 996 5005 od
1037 4950 1071 5005 ab
1087 4950 1209 5010 homine,
1222 4951 1269 5004 sed
1286 4952 1371 5005 aDco
1382 4968 1432 5021 per
1446 4951 1600 5005 hominem.
1613 4951 1680 5004 Ideo
1692 4952 1752 5020 jam
1764 4951 1837 5020 quod

192 5053 335 5107 uesperum
350 5038 418 5103 (dcl.
436 5038 542 5097 xxvml.
559 5037 617 5090 lloc
634 5042 729 5091 autem
745 5043 837 5093 totum
852 5040 913 5093 ideo
929 5040 995 5110 quia
1036 5039 1191 5093 secundum
1204 5039 1346 5092 hominem
1362 5045 1413 5104 est,
1429 5056 1480 5092 nec
1496 5039 1678 5109 Euangelium
1689 5040 1838 5092 dicendum

192 5126 368 5181 diffamatum
383 5125 417 5177 de
434 5139 467 5176 eo
482 5123 786 5190 suerat,orculteillum
801 5127 942 5181 custodire
952 5128 993 5181 le·
1036 5134 1087 5194 est,
1105 5127 1187 5197 quale
1198 5127 1237 5180 illi
1253 5128 1415 5193 allerebant,
1428 5129 1518 5199 quiin
1531 5128 1695 5181 servitutem
1710 5145 1742 5181 ex
1754 5127 1838 5181 liber·

192 5231 256 5283 gem
268 5219 297 5268 et
310 5213 511 5283 Hierosolymis
521 5229 584 5265 cum
594 5214 995 5284 hisquiJ'udaizabantconsor-
1035 5221 1093 5270 tate
1121 5215 1301 5269 attrahebant
1326 5235 1382 5281 eos,
1409 5234 1479 5286 quos
1504 5217 1578 5270 Deus
1593 5234 1625 5269 es
1647 5217 1781 5269 servitute
1810 5217 1839 5269 in

123 5359 129 5373 ,
192 5303 265 5356 tium
273 5301 530 5370 miscuisselrlup.)
538 5301 691 5355 NemoDco
704 5303 813 5367 suadet,
823 5304 890 5374 quia
903 5306 995 5359 mani·
1036 5305 1195 5359 libertatern
1215 5305 1339 5357 uocabat.
1357 5308 1454 5371 lllrrr.)
1474 5306 1507 5358 Et
1523 5322 1555 5357 ox
1577 5305 1628 5357 hoc
1647 5305 1708 5358 loco
1727 5304 1839 5358 Ebionis

193 5391 265 5451 testa
279 5389 510 5456 suntilliomnia;
523 5390 572 5443 sed
582 5389 742 5445 horninibus
758 5389 804 5445 ille
818 5391 887 5446 bene
896 5393 997 5447 suadet
1037 5399 1066 5447 et
1082 5392 1192 5446 Photini
1199 5393 1299 5462 dogma
1305 5393 1468 5458 contaritur,
1487 5393 1561 5463 quod
1571 5393 1646 5446 Deus
1657 5392 1837 5457 sitb'hristns,

193 5479 242 5550 qui
256 5494 312 5533 non
323 5493 353 5531 se
365 5477 420 5531 illis
434 5478 546 5548 placere
562 5477 629 5541 vult,
646 5478 696 5531 sed
706 5479 794 5549 ipsam
801 5496 886 5550 quam
897 5483 998 5537 suadet
1038 5489 1068 5536 et
1081 5498 1137 5536 non
1147 5487 1259 5537 tantum
1269 5483 1361 5535 homo.
1376 5483 1405 5536 Si
1417 5483 1492 5535 eninr
1509 5481 1690 5551 Erangeliurn
1697 5482 1840 5536 Paulinon

193 5564 416 5628 veritatemQui
430 5566 505 5619 enim
521 5567 614 5636 placet
632 5565 800 5634 hominibus,
816 5585 874 5624 non
885 5568 920 5624 ab
930 5569 998 5641 ipsis
1039 5576 1083 5624 est
1096 5571 1251 5625 secundum
1266 5570 1418 5629 hominem,
1437 5587 1527 5640 neque
1546 5570 1582 5624 ab
1597 5571 1710 5624 homine
1733 5569 1842 5639 accepit
