3772 6120
141 294 206 353 lidi
436 292 468 346 Β.
489 289 625 346 ansam
644 290 760 347 usust
782 287 951 345 asculus.
972 289 1134 349 MOGUNT.
1155 294 1305 352 OPERUM
1322 298 1415 356 PARS
1434 300 1484 358 111.
1706 303 1775 361 lidi

138 421 231 486 stiam
245 417 421 492 patientiam,
438 420 636 488 supportantes
649 413 776 479 invicem,
787 419 817 469 et
826 413 933 469 donau·
975 415 1068 472 divina
1080 418 1244 489 magisteria
1256 419 1395 478 formarit.
1414 424 1503 480 «Non
1517 425 1586 481 estis
1601 426 1701 482 vestri:
1718 444 1787 490 em·,

137 515 181 566 tes
193 507 349 581 vobisipsis,
364 505 388 561 si
403 505 467 577 quis
481 503 615 560 adversus
627 503 749 575 aliquem
762 502 847 558 habet
864 519 933 576 que·
974 504 1015 575 pti
1031 505 1106 561 enim
1121 508 1188 563 estis
1200 510 1290 581 pretio
1306 528 1408 583 magno
1423 515 1434 536 '
1449 513 1602 569 clarificate
1612 521 1643 569 et
1662 521 1775 586 portate

137 597 234 662 selam,
252 596 325 651 sicut
338 600 367 651 et
379 593 439 667 ipse
453 593 583 648 Christus
606 592 720 647 donavit
732 591 819 659 vobis,
842 591 883 646 ita
905 595 934 646 et
974 593 1063 649 Deum
1074 595 1102 650 in
1117 613 1233 669 corpore
1247 604 1339 654 vestro
1351 602 1380 672 (f
1388 603 1448 656 Cor.
1464 619 1502 668 vr,
1518 601 1574 671 20).
1596 623 1607 655 ι
1631 603 1774 660 clarifice·

137 702 194 743 ros.
211 683 408 757 superomnia
423 689 516 738 autem
531 682 590 737 hac
607 681 774 736 charitatem
786 679 930 746 habentes,
974 699 1038 738 mus
1051 690 1081 739 et
1096 692 1240 757 portemus
1255 688 1345 743 Deum
1355 707 1426 761 puro
1444 697 1474 745 et
1492 693 1598 747 mundo
1614 709 1733 765 corpore
1747 699 1775 749 ct

137 775 212 848 quod
220 773 408 830 estvinculum
415 770 602 844 perfectionis,
610 774 639 825 et
646 788 698 841 pax
709 769 934 825 Christusexsul·
974 771 1167 830 observatione
1177 776 1292 831 meliore
1306 796 1311 844 ;
1329 782 1358 832 et
1371 779 1418 850 qui
1429 796 1479 850 per
1489 781 1660 851 sanguinem
1672 782 1775 838 Christi

136 869 177 920 tet
186 863 215 918 in
225 862 356 918 cordibus
368 861 476 926 vestris,
487 860 514 916 in
531 877 586 931 qua
603 866 633 914 et
647 858 737 913 vocati
751 858 818 912 estis
834 858 863 912 in
876 873 932 912 uno
974 860 1111 933 redempti
1124 881 1231 931 sumus,
1248 882 1298 936 per
1313 867 1408 921 omnia
1423 869 1567 925 servitutis
1582 869 1722 943 obsequia
1735 888 1775 926 re-

136 968 262 1026 corpore,
275 957 304 1006 et
311 950 385 1022 grati
396 955 494 1015 estote,
508 954 537 1004 et
544 948 660 1003 verbum
670 946 774 1002 Christi
791 946 932 1001 habitatin
974 949 1127 1022 demptoris
1139 953 1256 1024 imperio
1270 970 1434 1025 pareamus:
1445 957 1603 1030 demusque
1614 976 1732 1031 operam
1741 976 1774 1015 ue

135 1040 266 1098 cordibus
279 1040 388 1101 vestris,
402 1038 576 1094 abundantes
587 1037 616 1091 in
632 1036 708 1092 omni
718 1035 865 1107 sapientia,
881 1035 932 1090 do·
974 1038 1041 1110 quid
1056 1040 1234 1096 immundum
1252 1049 1281 1097 et
1300 1044 1449 1116 profanum
1469 1047 1576 1119 templo
1599 1047 1653 1103 Dei
1675 1048 1774 1104 infera·

135 1135 230 1187 centes
244 1134 274 1185 et
286 1132 496 1184 commonentes
510 1125 692 1197 vosmetipsos
709 1124 834 1196 psalmis,
850 1124 932 1196 bym-
973 1133 1029 1195 tur,
1046 1146 1098 1184 nec
1111 1131 1233 1186 oliensus
1243 1132 1338 1187 sedem
1354 1149 1410 1204 qua
1424 1134 1565 1191 inhabitat
1583 1136 1772 1209 derelinquat.

135 1220 180 1275 nis
193 1225 222 1275 et
235 1216 351 1274 canticis
360 1215 562 1287 spiritualibus,
583 1214 612 1270 in
626 1214 719 1287 gratia
736 1218 882 1269 cantantes
902 1213 932 1268 in
975 1216 1141 1289 Sospitantis
1155 1220 1268 1275 Domini
1283 1221 1367 1277 verba
1380 1229 1447 1278 sunt
1461 1229 1491 1279 et
1502 1224 1633 1280 docentis
1651 1227 1773 1283 curantis

135 1307 265 1364 cordibus
279 1305 379 1362 vestris
393 1305 460 1361 Deo.
477 1303 568 1360 Omne
582 1303 777 1375 quodcumque
797 1301 888 1357 facitis
903 1301 932 1357 in
973 1305 1078 1378 pariter
1091 1314 1119 1362 et
1134 1309 1282 1363 monentis.
1303 1328 1317 1361 (ι
1345 1311 1423 1378 Ecce,
1445 1312 1548 1384 inquit,
1574 1329 1661 1370 sanus
1685 1314 1772 1371 factus

135 1395 230 1464 verbo,
245 1402 296 1451 aut
306 1395 336 1450 in
351 1410 445 1466 opere,
462 1393 557 1448 omnia
570 1391 600 1446 in
612 1392 726 1447 nomine
739 1390 851 1446 Domini
865 1391 880 1446 J
883 1407 932 1446 esu
973 1408 1003 1447 es
1015 1410 1023 1447 ι
1035 1394 1094 1464 jam
1108 1396 1295 1468 nolipeccare,
1308 1415 1343 1453 ne
1357 1399 1482 1456 deterius
1499 1400 1550 1456 tibi
1565 1403 1618 1457 ilat
1633 1405 1724 1471 (loon.
1745 1420 1769 1458 v.

135 1485 249 1551 Christi,
264 1484 370 1556 gratias
381 1487 497 1553 agentes
511 1482 569 1535 Deo
582 1485 610 1535 et
623 1480 701 1536 Patri
724 1496 775 1551 per
799 1479 901 1551 ipsum.
915 1495 930 1532 a
976 1478 1029 1549 14).
1043 1483 1123 1537 »Dat
1136 1482 1398 1549 vivenditimorem,
1414 1487 1464 1542 dat
1487 1489 1657 1547 innocentia·
1683 1492 1769 1564 legem

135 1573 207 1630 Hinc
222 1590 288 1645 ergo
297 1571 478 1627 manifestum
490 1576 534 1624 est
547 1569 621 1640 quod
640 1575 813 1624 memoratus
828 1568 932 1623 Ductor
972 1571 1120 1637 postquam
1131 1570 1251 1624 contulit
1259 1572 1408 1626 sanitatem
1420 1592 1427 1626 :
1442 1589 1494 1628 nec
1504 1573 1624 1629 habenis
1637 1574 1733 1631 liberis
1745 1582 1771 1631 et

20 1660 23 1665 ’
131 1661 260 1732 gentium
274 1659 486 1732 disciplinaliter
498 1657 586 1713 voluit
595 1657 737 1714 auditores
747 1674 812 1713 suos
826 1657 927 1724 vivero,
938 1652 962 1712 B
973 1654 1071 1709 solutis
1084 1658 1180 1728 sagari
1195 1675 1365 1730 quemquam
1378 1663 1558 1733 postmodum
1580 1664 1699 1735 patitur,
1725 1666 1770 1720 sed

133 1756 162 1807 et
186 1756 262 1806 recte
281 1749 419 1805 credendo
442 1763 475 1802 ac
497 1747 568 1801 beno
593 1747 744 1818 operando,
766 1763 845 1819 spem
868 1745 931 1800 vitae
972 1740 1031 1814 ipse
1044 1744 1137 1815 potius
1157 1747 1205 1818 qui
1230 1756 1346 1803 sanatus
1360 1748 1452 1805 fuerat
1474 1751 1637 1824 mancipato
1660 1754 1770 1824 gravius

132 1844 244 1896 eternae
257 1838 371 1897 babere.
972 1832 1168 1901 comminatur,
1196 1836 1264 1908 quid
1283 1838 1336 1892 scit
1355 1838 1461 1895 scilicet
1487 1840 1583 1895 minor
1605 1841 1689 1913 culpa
1707 1842 1770 1897 deli·

414 1983 419 1992 ·
453 1983 458 1993 .
495 1982 499 1993 Ι
613 1981 618 1992 ,
650 1982 655 1992 ,
972 1919 1066 1989 quisse
1079 1927 1145 1977 ante
1159 1939 1223 1979 cum
1239 1926 1359 1981 necdum
1374 1942 1470 1983 nosses
1494 1927 1677 2000 disciplinam
1701 1931 1767 1985 Dei:

337 1982 375 2035 Μ
387 1981 538 2049 amima
551 1980 720 2035 mmm·
969 2007 1047 2064 nulla
1061 2010 1099 2064 sit
1115 2012 1198 2067 venia
1211 2013 1287 2069 ultra
1309 2014 1482 2087 delinquere,
1504 2023 1658 2090 postquam
1684 2018 1768 2075 Deum

167 2103 319 2177 Disciplina
331 2109 427 2159 custos
441 2103 500 2174 spei
516 2109 568 2169 est,
584 2101 768 2157 retinaculum
783 2101 858 2167 fidei,
872 2101 928 2158 dux
969 2112 1051 2154 nosse
1060 2100 1176 2172 cepisti.
1190 2101 1224 2157 Et
1232 2102 1347 2173 quidem
1354 2103 1408 2158 hoc
1417 2109 1477 2159 tam
1491 2105 1553 2172 viri,
1571 2124 1658 2178 quam
1675 2108 1768 2163 mulie·

131 2193 240 2252 itineris
253 2190 395 2259 salutaris,
407 2192 538 2246 fomesac
555 2191 761 2246 nutrimentum
782 2190 862 2245 bonae
885 2189 928 2245 in·
970 2201 1024 2253 ros,
1040 2192 1099 2242 tam
1117 2188 1198 2261 pueri
1218 2207 1303 2263 quam
1325 2192 1434 2264 puella,
1457 2210 1540 2249 sexus
1565 2195 1660 2251 omnis
1687 2202 1767 2270 atque

131 2280 211 2350 dolis,
228 2281 497 2355 magistravirtutis.
514 2281 579 2336 Hac
594 2279 660 2335 facit
681 2279 710 2334 in
732 2279 844 2335 Christo
868 2296 928 2334 ma·
969 2276 1060 2330 omnis
1084 2285 1151 2332 aetas
1166 2277 1293 2334 observet
1307 2286 1337 2336 et
1351 2288 1429 2337 curet
1442 2300 1493 2354 pro
1509 2284 1647 2356 religione
1666 2290 1696 2340 et
1716 2286 1767 2342 fide

129 2387 198 2428 nere
211 2385 331 2442 semper,
347 2385 379 2425 ac
389 2369 498 2442 jugiter
521 2369 580 2425 Deo
601 2368 693 2425 vivere
706 2388 712 2422 :
735 2369 770 2423 ad
791 2367 929 2440 pmmissa
969 2381 1053 2436 quarn
1064 2367 1122 2422 Deo
1136 2368 1228 2435 debet,
1245 2387 1280 2425 ne
1294 2372 1368 2443 quod
1383 2379 1512 2429 sanctum
1532 2375 1568 2429 de
1590 2375 1705 2432 Domini
1726 2377 1767 2432 di·

79 2470 86 2479 ’
129 2460 263 2528 coelestia,
279 2465 308 2516 et
322 2459 417 2515 divina
436 2457 550 2530 praemia
564 2457 718 2529 pertenire.
733 2457 813 2512 Hauc
837 2463 866 2511 et
882 2473 928 2513 se·
967 2454 1100 2524 gnatione
1111 2457 1264 2529 percipitur
1278 2459 1370 2515 minus
1384 2461 1504 2517 sollicito
1514 2463 1617 2518 timore
1627 2470 1764 2520 teneatur.

129 2549 199 2605 stari
213 2549 325 2606 salubre
349 2555 401 2616 est,
418 2555 446 2604 et
460 2548 584 2603 aversari
598 2565 631 2602 ac
651 2547 793 2618 negligere
813 2546 925 2603 lethus.
968 2542 1031 2615 Non
1045 2544 1120 2599 enim
1133 2544 1237 2601 debent
1251 2547 1393 2619 negligere
1406 2550 1534 2622 magistri
1548 2551 1712 2624 discipulos,
1719 2571 1767 2608 nee

129 2637 208 2694 Unde
221 2637 250 2692 in
265 2637 384 2692 Psalmis
398 2636 523 2707 loquitur
537 2635 659 2707 Spiritus
672 2640 800 2690 sanctus:
819 2653 832 2688 o
852 2636 926 2690 Con·
968 2640 1099 2703 parentes
1114 2634 1196 2701 illios,
1217 2635 1266 2689 sed
1289 2637 1318 2691 in
1332 2637 1410 2691 omni
1425 2638 1574 2711 disciplina
1586 2657 1654 2696 cum
1669 2642 1766 2699 discre-

128 2725 216 2781 tinete
225 2725 411 2798 disciplinam,
425 2742 459 2780 ne
468 2724 755 2791 irascaturDominus,
768 2730 797 2779 et
805 2724 927 2796 pereatis
967 2720 1044 2776 tione
1057 2727 1152 2777 tamen
1164 2724 1296 2779 erudiant
1309 2725 1381 2793 illos,
1397 2727 1465 2797 quia
1479 2728 1616 2801 scriptum
1630 2737 1684 2785 est.
1702 2751 1713 2782 ι
1725 2732 1764 2788 Ne

51 2839 61 2856 ε
129 2813 205 2868 avia
218 2820 304 2880 recta,
321 2830 385 2870 cum
402 2813 537 2869 exarserit
555 2813 610 2868 cito
629 2813 672 2867 ira
690 2814 751 2883 ejus
772 2828 857 2883 super
878 2829 926 2867 vos
968 2810 1033 2880 quid
1043 2811 1164 2876 nimias
1181 2829 1217 2868 ne
1227 2813 1294 2868 dum
1309 2815 1427 2885 cupiunt
1437 2816 1522 2871 nimis
1532 2817 1650 2873 eradere
1665 2819 1764 2892 rubigi-

129 2903 212 2971 (reat.
226 2919 252 2969 11,
264 2901 346 2974 tet»
364 2902 399 2957 Et
411 2902 514 2957 iterum
528 2920 534 2953 :
551 2921 562 2953 s
579 2900 722 2956 Peccatori
740 2907 835 2955 autem
856 2900 925 2956 dicit
967 2913 1041 2966 nem,
1057 2900 1204 2972 frangatur
1217 2917 1274 2956 vas.
1288 2901 1362 2957 Dicit
1376 2903 1452 2959 enim
1464 2905 1617 2977 Apostolus
1631 2927 1638 2963 :
1655 2928 1667 2961 ι
1682 2910 1714 2964 In
1727 2909 1763 2964 di-

126 2991 216 3047 Deus:
227 2992 270 3047 Ad
276 2991 343 3065 quid
354 2991 468 3063 exponis
480 2990 695 3062 justificationes
701 3006 787 3055 meas,
801 2996 831 3045 et
843 3006 923 3045 assu·
932 2965 955 3027 (i
964 2987 1082 3060 sciplina
1091 2994 1120 3044 et
1134 2991 1310 3062 correptione
1319 2992 1431 3048 Domini
1446 2993 1564 3049 educate
1573 2996 1647 3051 tilios
1662 3003 1762 3053 vestros

126 3079 181 3136 mis
194 3085 394 3136 testamentum
405 3095 500 3134 meum
512 3095 564 3151 per
573 3095 604 3132 os
613 3083 708 3133 tuum:
719 3084 751 3132 tu
758 3083 853 3133 autem
862 3078 922 3133 odi·
967 3077 1043 3147 (Epi.
1060 3093 1094 3145 vi,
1112 3077 1148 3148 l).
1170 3098 1181 3130 ι
1198 3072 1270 3136 ilinc
1290 3086 1319 3135 et
1343 3081 1488 3152 Sapientia
1511 3100 1563 3154 per
1586 3085 1759 3142 Salomonem

126 3168 162 3224 sti
176 3168 362 3242 disciplinam,
379 3174 409 3224 et
422 3168 563 3241 projecisti
585 3183 729 3222 sermones
745 3183 823 3223 meos
847 3175 922 3224 retro
964 3165 1094 3221 hortatur
1108 3167 1222 3222 dicens:
1236 3188 1248 3219 ι
1265 3168 1327 3223 Noli
1338 3185 1354 3223 a
1365 3186 1452 3241 puero
1463 3170 1631 3229 abstrahere
1644 3174 1758 3247 discipli·

125 3257 299 3332 (Psalmis,
318 3253 370 3327 16).
388 3277 401 3310 v
419 3256 454 3312 Et
463 3256 555 3311 denuo
569 3256 704 3327 legimus:
724 3275 736 3306 a
753 3256 806 3321 Qui
822 3256 924 3328 abjecit
965 3270 1039 3308 iiam.
1056 3255 1084 3310 Si
1099 3261 1194 3310 autem
1208 3258 1379 3329 percusseris
1402 3276 1477 3319 eum,
1499 3261 1626 3316 animam
1648 3265 1708 3336 ejus
1727 3264 1756 3318 li·

125 3344 302 3418 disciplinam
318 3345 413 3401 infelix
426 3351 478 3401 est.
495 3363 509 3398 v
526 3346 561 3401 Et
577 3345 612 3400 de
628 3344 776 3401 Salomone
790 3345 924 3401 mandata
964 3341 1074 3398 berabis
1088 3359 1103 3397 a
1119 3350 1219 3410 morte,
1235 3345 1264 3400 in
1288 3347 1368 3417 virga
1392 3348 1532 3418 percuties
1556 3366 1632 3417 eum,
1658 3358 1686 3407 et
1704 3368 1752 3407 non

125 3434 271 3507 sapientia
284 3434 424 3491 monentis
435 3434 602 3507 accipimus:
620 3454 632 3487 a
648 3433 710 3500 Fili,
721 3451 757 3489 no
767 3435 923 3505 neglexeris
964 3432 1101 3486 morietur
1115 3434 1202 3501 (Pras.
1216 3449 1293 3501 xxiii,
1314 3433 1367 3504 li).
1387 3455 1398 3487 ι
1423 3437 1555 3493 Studium
1570 3440 1648 3494 enim
1662 3441 1753 3496 debent

124 3522 301 3595 disciplinam
315 3524 376 3591 Dei,
392 3528 421 3578 et
434 3539 491 3579 non
505 3523 638 3578 defeceris
660 3521 695 3577 ab
709 3539 742 3578 eo
766 3529 920 3596 correptus,
963 3518 1176 3576 habereomnes
1191 3523 1312 3594 praelatae
1322 3540 1458 3596 personae,
1477 3532 1510 3580 ut
1531 3526 1673 3598 subjectos
1696 3546 1752 3585 suos

125 3627 209 3684 quem
222 3613 298 3668 euim
319 3612 413 3684 diligit
435 3613 510 3668 Deus
533 3611 648 3683 corripit
672 3610 744 3685 [Sap.
769 3630 806 3679 ιιι,
837 3611 919 3677 11).ι
963 3623 1014 3681 per
1027 3608 1202 3681 disciplinam
1212 3612 1381 3678 custodiant,
1389 3619 1523 3685 etregere
1537 3632 1595 3671 non
1608 3619 1749 3690 negligant:

124 3699 153 3756 Si
163 3706 259 3756 autem
272 3718 356 3774 quem
371 3701 463 3771 diligit
477 3702 552 3757 Deus
572 3699 696 3772 corripit,
719 3706 748 3756 et
761 3701 877 3772 corripit
891 3708 923 3757 ut
964 3697 1031 3768 quia
1045 3698 1221 3754 solummodo
1236 3701 1277 3756 ita
1291 3700 1326 3754 ab
1340 3701 1381 3756 eis
1395 3702 1424 3756 in
1438 3702 1533 3758 divino
1542 3705 1650 3776 iudicio
1665 3707 1751 3761 libem·

124 3790 264 3846 emendet.
290 3790 403 3846 Fratres
430 3806 542 3861 qnoque
565 3795 595 3844 et
616 3789 737 3845 maxime
764 3790 922 3845 sacerdotes
963 3784 1079 3841 buntur.
1107 3787 1187 3844 Unde
1216 3805 1267 3844 nos
1295 3790 1439 3861 Sapientia
1467 3791 1600 3849 hortatur
1621 3801 1651 3850 et
1676 3795 1749 3850 dicit:

123 3894 181 3934 non
195 3879 324 3946 oderunt,
346 3879 395 3933 sed
412 3878 534 3949 diligunt
547 3895 595 3934 eos
618 3894 688 3950 quos
712 3878 868 3951 corripiunt
890 3884 923 3935 ut
966 3892 978 3927 (ι
1003 3874 1065 3942 Fili,
1091 3875 1146 3932 nisi
1172 3879 1355 3950 spoponderis
1378 3896 1429 3951 pro
1453 3881 1544 3937 amico
1563 3888 1623 3944 tuo,
1646 3883 1749 3939 defixisti

123 3967 282 4034 emendent,
291 3967 519 4039 quandoetDeus
530 3967 738 4039 perieremiam
748 3972 814 4023 ante
824 3968 923 4040 praedi·
964 3964 1038 4035 apud
1046 3970 1211 4021 extraneum
1221 3983 1337 4022 manum
1345 3974 1434 4023 tuam.
1448 3970 1621 4042 illaqueatus
1633 3989 1663 4027 es
1672 3972 1749 4028 verbis

122 4062 202 4111 xerat
216 4061 245 4110 et
256 4061 385 4128 tempora
398 4061 495 4110 nostra
508 4056 714 4126 significaverat
728 4055 841 4111 dicens:
858 4075 872 4111 c
888 4057 923 4113 Et
963 4051 1019 4107 oris
1033 4053 1076 4109 tui
1087 4073 1093 4107 :
1106 4062 1135 4110 et
1146 4060 1245 4128 captus
1260 4057 1380 4128 propriis
1399 4058 1586 4114 sermonibus.
1611 4061 1666 4116 Fac
1682 4077 1747 4132 eiga

123 4143 195 4199 dabo
209 4142 286 4199 vobis
296 4149 423 4216 pastores
434 4144 643 4200 secundumcor
652 4161 757 4212 meum,
772 4150 922 4217 etpascent
963 4141 1002 4196 fili
1017 4142 1066 4210 mi,
1082 4144 1157 4216 quod
1171 4142 1232 4200 dico
1244 4144 1306 4211 tibi,
1318 4151 1348 4201 et
1354 4147 1535 4218 temetipsum
1546 4147 1638 4204 libera
1648 4169 1654 4203 :
1663 4149 1749 4222 quiin-

124 4249 187 4289 ros:
206 4252 219 4287 ι
235 4238 452 4306 pascentescum
461 4233 609 4306 disciplina
620 4252 626 4287 :
639 4234 705 4305 quid
718 4234 741 4289 si
757 4234 787 4290 in
799 4233 922 4307 Scriptu-
964 4230 1056 4286 cidisti
1068 4231 1097 4287 in
1111 4247 1212 4289 manus
1226 4232 1345 4305 proximi
1358 4234 1409 4291 tui.
1423 4235 1673 4304 Discurrs,festina
1684 4258 1690 4293 :
1701 4255 1757 4294 sus·

123 4322 161 4376 ris
176 4321 280 4378 sanctis
300 4321 463 4395 frequenter
485 4327 514 4376 et
533 4321 637 4395 ubique
659 4322 806 4394 disciplina
826 4323 922 4395 praeci·
962 4318 1019 4373 cita
1027 4319 1149 4375 amicum
1159 4319 1295 4389 tuumne
1311 4322 1560 4380 dederissomnum
1580 4327 1668 4382 oculis
1685 4327 1753 4382 tuis:

44 4416 52 4429 ⁴
122 4410 209 4484 pitur,
222 4417 253 4468 et
264 4411 479 4467 fundamentum
492 4427 575 4466 omne
590 4410 733 4482 religionis
753 4430 785 4467 ac
800 4412 865 4467 fidei
885 4412 921 4467 de
962 4423 1013 4463 nec
1028 4409 1182 4465 dormitent
1203 4409 1343 4482 palpebrae
1361 4417 1417 4468 tue
1436 4415 1533 4481 (l’rou.
1548 4429 1587 4480 rr,
1604 4414 1645 4487 2).
1661 4433 1673 4465 ι
1689 4416 1786 4471 lliuct

120 4499 314 4556 observatione
328 4518 361 4556 ac
373 4501 474 4557 timore
494 4500 695 4572 proficiscitur:
711 4501 778 4572 quid
792 4501 921 4572 cupidius
962 4501 992 4552 et
1005 4497 1041 4552 ad
1055 4498 1226 4557 Ezechielem
1241 4499 1405 4571 prophetam
1420 4499 1558 4557 Dominus
1572 4503 1704 4577 loquitur,
1718 4504 1805 4559 dis

121 4593 264 4661 appetere,
276 4588 344 4660 quid
353 4589 443 4662 magis
453 4589 523 4645 velle
533 4589 672 4645 actimerc
685 4590 823 4654 convenit,
836 4606 920 4661 quam
962 4600 1044 4641 cens:
1064 4605 1075 4638 ι
1092 4586 1145 4642 Fili
1159 4586 1291 4655 hominis,
1307 4589 1512 4661 speculatorem
1533 4590 1599 4647 dedi
1617 4584 1647 4648 ie
1666 4579 1805 4648 domu?

121 4682 163 4743 ut,
179 4675 319 4733 radicibus
334 4677 396 4733 fixis
409 4678 509 4734 fortius
518 4684 547 4733 et
556 4677 704 4733 domiciliis
718 4677 821 4734 riostris
836 4695 921 4750 super
962 4675 1049 4729 lsrael
1060 4693 1066 4728 :
1078 4680 1107 4730 et
1121 4675 1218 4732 audies
1228 4676 1263 4732 de
1273 4693 1392 4734 oremeo
1405 4676 1570 4744 verbumst
1579 4680 1805 4737 annuntiabiff

120 4771 231 4840 petram
246 4765 361 4822 robusta
384 4767 457 4822 mole
472 4766 608 4831 solidatis
624 4766 782 4822 inconcussi
795 4767 831 4820 ad
854 4782 919 4838 pro·
961 4763 1002 4819 eis
1012 4781 1045 4819 ex
1058 4765 1150 4821 mesi
1158 4765 1267 4822 dicente
1278 4766 1510 4839 meadimpium:
1521 4768 1614 4825 Morte
1621 4771 1805 4838 morieris«

120 4855 205 4911 cellas
219 4861 247 4909 ct
256 4854 384 4910 turbines
393 4856 487 4911 saculi
501 4861 618 4921 stemus,
629 4855 665 4910 ad
676 4855 727 4911 Dei
737 4872 856 4911 munem
870 4872 920 4927 per
960 4867 1017 4908 non
1031 4853 1241 4911 annuntiaveris
1255 4854 1293 4923 ei,
1309 4872 1400 4928 neque
1414 4856 1525 4912 locutus
1538 4857 1805 4922 mensurat-ew

119 4944 214 5002 divina
227 4949 366 5018 praecepta
376 4944 530 5011 veniamus,
545 4943 754 5000 considerantes
768 4944 874 5015 pariter
886 4961 919 4999 ac
960 4946 1038 4999 tatur
1052 4960 1069 4997 a
1082 4943 1128 4998 via
1141 4961 1193 5000 sua
1206 4945 1293 5017 impia
1307 4951 1336 5001 et
1349 4945 1441 5000 vivat:
1459 4945 1520 5018 ipse
1534 4946 1641 5020 impius
1654 4949 1685 5005 in
1705 4949 1755 5006 iui-
1772 4963 1805 4984 ³

119 5036 239 5091 scientes
252 5033 327 5105 quod
340 5033 447 5106 templa
460 5033 512 5088 Dei
533 5033 590 5088 sint
617 5031 744 5089 membra
763 5038 860 5089 nostra
882 5033 918 5090 ab
961 5032 1068 5105 quitata
1091 5049 1143 5088 sua
1166 5034 1311 5101 morietur,
1332 5034 1500 5105 sanguinem
1525 5044 1624 5093 autem
1644 5039 1706 5110 sius
1723 5039 1755 5094 de
1778 5041 1805 5080 ἑ

119 5125 196 5180 omni
211 5123 277 5179 face
289 5121 468 5194 cogitationis
480 5122 602 5194 antiqua
622 5120 725 5178 lavacri
743 5121 834 5176 vitalis
855 5138 918 5178 sau·
960 5136 1046 5177 manu
1070 5128 1120 5176 tua
1146 5120 1299 5193 requiram.
1328 5122 1359 5177 Si
1383 5122 1460 5177 enim
1486 5129 1519 5179 tu
1547 5127 1756 5184 annuntiaveris
1787 5129 1805 5167 ἰ

118 5213 288 5269 ctillaatioua
301 5217 431 5287 purgato,
441 5228 492 5266 nec
507 5211 603 5267 violari
613 5228 647 5267 ca
655 5216 706 5267 aut
718 5212 806 5284 pollui
815 5211 857 5267 fas
869 5211 915 5279 sit,
958 5209 1055 5283 impio,
1068 5215 1097 5266 et
1107 5210 1154 5267 ille
1166 5227 1222 5266 non
1231 5211 1316 5266 merit
1325 5227 1474 5267 conversus
1483 5212 1520 5267 ab
1535 5213 1684 5286 impietate
1697 5234 1753 5285 aua,

118 5299 231 5373 quando
245 5299 294 5373 qui
305 5299 428 5357 violatet
440 5300 500 5373 ipse
513 5299 654 5356 violetur?
664 5300 767 5356 Eorum
780 5316 831 5357 nos
847 5303 918 5355 tcm-
957 5300 1104 5368 morietur,
1115 5307 1147 5360 tu
1157 5308 1253 5357 autem
1268 5301 1394 5357 animam
1410 5307 1491 5358 biam
1509 5302 1637 5363 liberasti
1649 5306 1753 5375 (Erech.

117 5386 230 5462 plorum
241 5388 372 5457 cultores,
386 5393 416 5446 et
429 5387 570 5446 antistites
583 5405 691 5457 sumus,
707 5388 862 5445 serviamus
875 5388 917 5445 illi
957 5404 1051 5454 uarii,
1076 5388 1114 5459 7).
1135 5409 1146 5441 ι
1169 5388 1329 5447 δοεηιιάυιιι
1350 5390 1427 5447 enim
1449 5392 1605 5464 qualitates
1624 5394 1752 5462 bominis,

117 5475 199 5548 cujus
211 5476 345 5547 cassiam
356 5476 501 5550 coepimus.
518 5477 622 5535 Paulus
644 5478 788 5551 apostolus
809 5477 839 5534 in
853 5476 916 5551 Epi·
957 5476 997 5533 sic
1006 5475 1091 5534 debet
1103 5476 1254 5550 temperari
1278 5477 1426 5553 disciplina
1439 5481 1654 5552 magistromm.
1679 5482 1753 5541 Unde

116 5563 196 5620 stolis
210 5563 270 5620 suis
279 5562 356 5633 dicit,
373 5565 474 5638 quibus
487 5581 538 5622 nos
548 5566 584 5622 ad
597 5567 737 5626 curricula
745 5565 856 5624 vivendi
864 5581 916 5639 per
956 5564 1279 5641 Pauluvaidiscipulum
1285 5567 1482 5632 scribomait:
1493 5571 1749 5645 «Arguaobsecra
