3772 6120
118 308 170 364 285
347 311 636 368 ENARRATIONUM
654 314 693 368 IN
712 314 789 369 EPP.
810 315 918 372 PAULI
937 317 1004 372 LIB.
1025 319 1187 375 xit-IN
1206 319 1317 375 EPIS'l'.
1338 318 1385 373 rui
1404 318 1532 373 (imni.
1705 313 1758 369 '286

119 435 146 488 in
152 450 208 505 qus
214 435 416 505 predicatione
425 435 1096 509 utiqueudventumetpraescientidmAditionem
1107 444 1255 514 significat,
1269 446 1359 509 idest,
1372 445 1465 498 iidem.
1478 445 1616 515 (Hieron.)
1625 442 1758 497 Conside-

117 524 205 577 suncti
214 524 341 594 Spiritus
350 532 507 589 senserant,
519 526 591 579 sieut
600 526 648 580 iiio
658 535 784 598 tempore
800 529 828 583 in
843 530 919 582 novi·
961 549 1055 586 remus
1064 533 1223 601 diligenter,
1236 534 1302 604 quia
1316 550 1371 587 non
1386 532 1488 587 dixerit
1503 551 1509 584 :
1534 535 1592 586 l'oio
1604 548 1621 584 a
1633 533 1707 585 robis
1716 533 1757 583 di·

118 612 919 675 isteimitationisadiidemetiamsensibiiibusmiraculis
959 638 1039 687 scere,
1059 628 1151 676 retium
1178 639 1210 675 m·
1232 624 1357 690 operibus
1371 623 1509 690 Spiritrmi
1532 623 1686 689 accepistis,
1708 621 1755 672 sed

119 702 269 771 presentia
282 702 373 756 saneti
384 702 505 773 Spiritus
515 704 676 774 apparebat.
687 706 760 760 sieut
769 706 797 760 in
804 707 919 762 Actibus
960 711 1103 780 adjecerit,
1121 728 1153 763 rr
1161 713 1286 779 ‹prribus
1298 714 1363 778 lepis
1374 729 1380 770 :
1398 709 1503 764 sciebat
1509 709 1585 763 enim
1595 708 1756 763 Cornelium

117 791 311 860 apostolorum
328 791 441 861 iegitur.
457 792 515 846 Hoc
528 797 623 847 autem
643 795 746 848 iactum
763 803 825 850 eret
845 797 918 867 apud
959 800 1150 853 centurionem
1176 799 1246 868 (Ari.
1264 806 1301 855 xl.
1326 799 1463 869 Spiritum
1487 815 1520 851 ex
1535 797 1667 868 operibus
1682 813 1757 850 nece-

118 879 243 947 (lslatas,
256 884 413 950 antequam
433 881 479 934 isti
494 882 529 935 ad
545 898 592 935 eos
613 885 811 953 pervertendos
826 892 854 939 et
867 887 919 939 cir·
960 888 1043 958 pisse,
1060 889 1108 942 sed
1124 905 1179 942 non
1192 905 1225 941 ex
1244 888 1375 958 operibus
1393 889 1472 956 legis.
1491 903 1575 957 quam
1591 885 1733 940 nesciebat
1749 904 1754 936 :

118 968 319 1023 eumeidendos
333 970 482 1023 venissent.
499 971 554 1024 iste
568 988 635 1041 ergo
653 989 752 1026 sensus
774 979 825 1035 est,
842 975 866 1028 si
891 976 917 1029 in
959 977 983 1030 si
998 983 1092 1031 aritern
1105 977 1261 1030 econtrario
1276 977 1380 1031 dicitur
1396 996 1401 1029 :
1415 993 1483 1043 erpo
1496 982 1525 1029 et
1537 976 1597 1029 sine
1612 974 1756 1028 auditione

119 1057 170 1110 iliis
194 1057 331 1127 operibus
355 1059 426 1128 legis
450 1067 523 1113 esset
546 1061 621 1113 selus
645 1068 746 1117 restra.
763 1079 819 1116 non
842 1063 919 1117 robis
960 1066 1024 1119 iidei
1049 1066 1135 1136 accipi
1160 1066 1281 1136 Spiritus
1307 1066 1423 1137 potest?
1446 1067 1502 1118 Nos
1527 1061 1756 1134 respondebimus

118 1146 240 1215 Spiritus
259 1154 376 1201 sanetus
398 1146 450 1200 nisi
476 1148 646 1204 circumcisis
671 1151 795 1205 daretur.
813 1153 919 1207 Deinde
960 1154 1098 1224 rreeepisse
1108 1154 1221 1224 quidem
1237 1171 1300 1206 curru
1313 1153 1517 1224 Spiriturn,sed
1533 1170 1564 1205 ex
1580 1151 1678 1205 auditu
1691 1150 1754 1203 adri

118 1234 230 1287 intulit:
245 1237 919 1307 Sirsiultr'rstis,atrumspiritucuprritis;rrunr
959 1251 988 1297 et
1001 1244 1123 1297 naturali
1139 1244 1209 1311 iege,
1226 1260 1286 1313 quse
1302 1243 1426 1312 loquitur
1443 1242 1469 1294 in
1490 1240 1619 1295 cordibus
1640 1239 1753 1294 uostris.

118 1325 831 1397 ramerensummeminiiHoeestquodsuperiusiu
841 1346 918 1385 exor·
959 1333 1030 1386 bona
1045 1348 1162 1402 quasque
1177 1332 1312 1385 ferienda.
1328 1337 1356 1384 et
1371 1330 1484 1384 vitanda
1499 1330 1592 1392 maia;
1610 1346 1660 1399 per
1670 1345 1754 1399 quam

117 1411 526 1482 diodixerat.nisiehq'uisunt
536 1417 730 1470 eorrtmbentrs
743 1434 785 1470 ros
795 1425 820 1471 ri
831 1423 919 1473 rolen-
959 1421 1065 1474 dudum
1080 1438 1191 1491 qumque
1205 1420 1356 1475 libruhnm.
1373 1421 1497 1489 iioysen,
1514 1425 1671 1472 eleuteros
1690 1433 1756 1471 ssu·

118 1504 151 1554 irs
164 1507 324 1555 ronrrrirre
334 1503 636 1569 ErrurprliamChristi.
649 1505 831 1560 Conturbatio
842 1508 917 1562 enim
960 1518 1018 1563 ctos
1031 1509 1199 1579 justitieatos
1221 1509 1378 1562 retulimus.
1396 1524 1481 1578 quam
1505 1524 1608 1576 augere
1625 1506 1757 1575 deinceps

117 1589 206 1642 ordini
217 1590 364 1643 centraria
381 1594 433 1644 est.
450 1590 524 1645 Ordo
539 1596 582 1645 est
596 1598 701 1659 sutem,
721 1611 738 1647 a
759 1596 917 1651 carnalibus
959 1605 1052 1668 potest
1065 1614 1182 1668 operum
1198 1597 1364 1654 observatio.
1376 1597 1503 1666 legisque
1516 1595 1636 1665 justitie,
1648 1611 1705 1648 non
1715 1600 1757 1647 ts·

118 1678 439 1750 adspiritaiiasurgere.
452 1679 734 1752 nonabspiritalibus
747 1684 918 1740 edeamaiia
959 1703 1024 1740 men
1039 1687 1158 1740 earnalis
1182 1687 1252 1756 legis
1274 1703 1336 1756 quse
1362 1685 1507 1755 praeteriit,
1537 1684 1585 1737 sed
1608 1683 1752 1753 spiritalis.

118 1767 234 1821 eadere:
252 1767 329 1821 sieut
347 1768 408 1822 istis
422 1769 569 1823 aecidemt.
594 1771 628 1824 Et
644 1771 701 1825 brec
715 1778 757 1825 est
776 1774 917 1843 Evangelii
928 1758 1016 1829 Blex
1030 1775 1105 1829 enim
1120 1775 1254 1846 spiritalis
1263 1782 1314 1828 est
1326 1775 1423 1844 Neque
1434 1790 1507 1828 reni.
1518 1774 1584 1843 quia
1593 1773 1677 1826 iidem
1689 1788 1757 1842 pne·

117 1856 262 1910 conversio
275 1863 427 1921 retrorsus,
443 1858 516 1928 quod
527 1859 593 1928 quia
607 1859 711 1914 bonum
726 1878 782 1915 non
797 1867 848 1929 est,
861 1879 917 1917 non
958 1864 1084 1929 serimus
1097 1865 1166 1933 legis
1176 1881 1261 1933 opera
1270 1863 1450 1927 destruimus,
1461 1879 1511 1916 nec
1527 1862 1646 1915 dicimus
1655 1877 1757 1915 serun-

118 1954 155 1999 sst
166 1946 429 2015 Ei'angeliumeum
441 1947 697 2002 becennuntiutur.
714 1948 760 2003 Sir
773 1955 862 2017 stulti,
875 1952 916 2005 in·
959 1954 1025 2007 dum
1042 1954 1188 2023 quosdam,
1207 1956 1344 2019 sociamus
1366 1953 1541 2006 cristodenes
1557 1954 1668 2004 rrnient
1688 1951 1757 2002 inum

118 2034 184 2104 quit.
201 2038 278 2099 estis,
297 2041 399 2088 ericum
416 2037 750 2105 spiritureperitispmur
760 2056 842 2093 earne
857 2057 918 2094 rou·
960 2045 1044 2101 (Ηιιιιι.
1063 2045 1110 2109 ιιι).
1127 2058 1247 2112 quorum
1260 2041 1404 2094 damnatio
1412 2042 1491 2109 juste
1504 2045 1556 2098 est,
1567 2039 1615 2092 sed
1626 2037 1754 2092 servituti

118 2127 303 2176 rrrrumeminr‘
308 2121 437 2191 rtamb.)
445 2124 543 2178 Adbuc
550 2142 613 2179 cum
621 2127 766 2181 stornaebo
774 2129 914 2199 loquitur:
958 2132 1078 2200 gratiam
1093 2129 1299 2200 anteponimus,
1313 2129 1488 2199 dicimusque
1510 2127 1754 2198 quodludaeipro·

119 2213 190 2266 dolet
199 2212 281 2266 enirn
294 2213 373 2266 vaide
388 2229 473 2283 super
484 2229 578 2267 errore
588 2218 695 2282 eorum,
712 2216 761 2286 qui
784 2217 917 2271 fabricam
960 2226 1023 2290 pter
1033 2226 1139 2272 metum
1161 2218 1276 2281 iaciunt,
1302 2217 1330 2269 id
1356 2233 1407 2270 nos
1425 2216 1516 2270 iacere
1537 2221 1652 2286 propter
1668 2214 1757 2267 eberi-

118 2318 195 2355 suam
210 2318 271 2372 qua
282 2318 332 2354 eos
345 2319 396 2372 per
410 2302 589 2370 Erangeiium
605 2303 919 2366 aedifieavemt,i·idebst
959 2314 1046 2361 tatem
1065 2327 1070 2359 :
1087 2307 1148 2360 ilios
1164 2324 1258 2359 serres
1274 2322 1344 2369 esse,
1360 2321 1412 2358 nos
1423 2304 1505 2357 iiiios.
1516 2304 1580 2358 ilios
1591 2303 1652 2372 cogi
1663 2304 1696 2356 ad
1706 2301 1755 2355 bo·

119 2407 174 2442 esse
193 2390 381 2444 destructam.
399 2392 463 2444 Non
477 2391 517 2444 sic
535 2392 569 2443 de
589 2393 742 2446 Corinthiis
757 2401 849 2448 motus
864 2402 916 2461 est,
960 2412 1037 2457 num,
1053 2412 1104 2449 nos
1118 2395 1221 2465 bonum
1237 2403 1335 2464 sponte
1349 2394 1499 2463 suscipere.
1512 2394 1647 2461 Nonergo
1659 2391 1688 2444 in
1700 2390 1754 2443 ilde

119 2480 181 2549 quia
206 2480 339 2550 quemvis
361 2479 487 2533 carnales
510 2480 572 2533 iilos
595 2481 726 2551 appellet,
743 2498 799 2536 non
821 2490 917 2538 tainen
959 2485 1063 2538 Christi
1086 2484 1197 2538 lieentia
1218 2483 1343 2536 nuscitur
1357 2481 1547 2551 delinquendi,
1564 2480 1612 2533 sed
1631 2496 1663 2532 ex
1685 2479 1755 2532 diie-

120 2584 202 2639 usque
224 2569 298 2622 odeo
315 2568 428 2622 suerunt
443 2574 535 2622 mente
551 2569 635 2639 capti,
651 2575 684 2623 ut
706 2571 865 2626 eircumcidi
887 2590 917 2626 se
958 2564 1050 2627 ctione
1073 2573 1136 2627 iidei
1162 2573 1288 2626 voluntas
1311 2571 1375 2623 boni
1403 2570 1495 2641 operis
1519 2575 1638 2639 augetur
1660 2587 1666 2620 ;
1688 2569 1755 2622 ιΙιιιιι

120 2664 291 2727 paterentur.
308 2657 375 2712 ldee
390 2657 459 2710 ethi
475 2658 553 2711 stulti
568 2665 595 2711 et
615 2659 675 2713 sine
697 2659 838 2714 intellectu
857 2678 917 2716 esse
959 2662 1032 2716 bona
1047 2662 1109 2716 ideo
1125 2662 1252 2726 iacimus,
1269 2677 1325 2714 non
1341 2661 1408 2730 quin
1422 2658 1546 2728 Judirem
1560 2658 1754 2712 formidamus.

119 2747 259 2813 dicuntur,
277 2747 345 2817 quia
358 2763 409 2800 nec
424 2745 513 2799 dolori
528 2747 620 2800 carnis
634 2763 691 2801 sure¹
710 2750 854 2804 consulere
873 2769 918 2804 va·
959 2752 1006 2805 sed
1024 2752 1090 2821 quia
1112 2751 1216 2804 scimus
1231 2766 1264 2802 ea
1277 2749 1302 2802 ei
1325 2749 1435 2818 plaeere
1461 2749 1588 2818 inquom
1605 2746 1754 2800 eredimus.

120 2836 238 2895 luerunt,
260 2835 401 2905 usquead
415 2835 467 2889 hoc
482 2834 557 2888 enim
572 2836 642 2889 solet
658 2836 720 2906 quis
735 2838 828 2892 induci
844 2840 917 2909 quod
959 2840 1072 2903 Quaerat
1082 2839 1232 2910 quispiam,
1253 2838 1277 2891 si
1300 2838 1369 2891 tides
1390 2854 1445 2891 ιιοιι
1462 2844 1504 2890 est
1519 2837 1572 2891 nisi
1594 2853 1627 2890 ex
1646 2834 1754 2898 auditu,

119 2924 246 2987 deiectat,
258 2924 623 2995 sutdoioremnonpraestat
642 2926 918 2998 interrogantisergo
959 2929 1099 3000 quomodo
1124 2929 1170 2998 qui
1188 2927 1266 2981 surdi
1285 2927 1343 2980 nati
1364 2931 1438 2992 sunt,
1461 2932 1578 2996 possunt
1595 2925 1655 2979 sieri
1674 2924 1756 2977 thil-

120 3013 200 3067 rerbe
213 3020 292 3076 sunt,
309 3019 338 3066 et
351 3014 426 3083 quod
444 3013 638 3081 interrogatex
653 3021 732 3085 parte
749 3018 917 3071 consuman-
959 3018 1043 3071 stiani
1060 3037 1065 3070 ε
1080 3018 1170 3070 Deum
1177 3017 1281 3087 quippe
1293 3016 1405 3068 Patrem
1412 3032 1445 3067 ex
1453 3013 1647 3083 magnitudine
1656 3019 1684 3065 et
1692 3013 1754 3082 pui-

121 3103 162 3157 tis.
183 3119 250 3156 eum
266 3102 335 3155 dicit
355 3120 360 3153 :
380 3104 434 3155 lior
453 3105 540 3156 solum
562 3107 621 3155 roio
640 3105 741 3156 discere
760 3122 777 3157 e
789 3106 870 3161 robis.
888 3075 1119 3160 excelsitudine
1133 3111 1327 3159 creaturarum
1343 3108 1434 3174 potest
1448 3104 1510 3173 quis
1523 3103 1689 3172 intelligere,-
1703 3107 1757 3154 ets

120 3192 243 3259 mutus
256 3194 324 3259 lepis
337 3193 468 3259 spiritum
480 3195 673 3259 accepistisne
682 3210 713 3244 er
722 3195 821 3247 creditu
835 3197 919 3261 fidei?
960 3194 1166 3248 conditionibus
1189 3193 1317 3246 eonditor
1341 3198 1545 3262 consequenter
1568 3191 1731 3261 agnoscitur
1749 3207 1754 3242 ε

121 3279 274 3333 ilocobeis
284 3279 393 3350 querit,
407 3280 435 3332 in
450 3296 505 3349 quo
515 3286 544 3334 et
557 3280 761 3350 gloriabantur,
777 3289 806 3336 et
816 3299 919 3352 negare
961 3284 1064 3337 Christi
1084 3290 1179 3337 autem
1203 3282 1344 3341 nativitas,
1361 3299 1437 3335 erus.
1465 3297 1549 3342 mors,
1576 3280 1754 3334 resurrectio.

121 3384 172 3422 non
183 3373 328 3440 poterant,
345 3368 412 3439 quia
427 3369 564 3439 Spiritum
579 3372 708 3424 sanctum
723 3388 773 3441 per
782 3372 865 3425 sidem
876 3389 919 3426 ar·
962 3373 1014 3425 nisi
1029 3389 1061 3425 ex
1077 3372 1185 3426 auditu.
1202 3371 1267 3425 sciri
1290 3387 1347 3425 non
1363 3376 1472 3441 potest,
1499 3376 1549 3423 eut
1570 3369 1648 3423 surdi
1671 3369 1758 3438 igitur

120 3466 259 3528 reperent,
272 3473 328 3511 non
343 3474 395 3527 per
409 3457 509 3528 legem,
525 3466 557 3512 ut
567 3458 777 3529 resispiscentes
789 3477 920 3530 agnosce-
960 3460 1111 3514 Christiani
1127 3476 1182 3514 non
1197 3466 1272 3523 sunt,
1290 3466 1340 3513 aut
1358 3460 1382 3512 si
1405 3458 1482 3513 surdi
1503 3466 1569 3511 sunt
1591 3457 1754 3517 Christiani,

121 3552 180 3600 rent
200 3547 270 3617 quio
294 3545 399 3600 donum
424 3548 484 3609 liei,
509 3548 536 3601 ιιι
561 3564 616 3617 quo
634 3548 801 3616 gloriantur.
816 3566 871 3603 nou
887 3566 918 3603 ex
960 3549 1059 3602 laisum
1077 3549 1208 3619 estquod
1223 3549 1290 3602 aiibi
1306 3548 1341 3600 ab
1356 3548 1489 3618 Apostoio
1504 3547 1606 3599 dieitur
1631 3565 1636 3597 :
1664 3549 1757 3612 linque

121 3651 202 3706 opere
217 3635 289 3705 legis
304 3644 478 3705 acceperant,
496 3637 543 3690 sed
559 3636 703 3690 erudientes
719 3637 747 3690 ιιι
762 3638 916 3705 Ciuistum,
959 3640 1022 3705 fides
1051 3656 1082 3690 rr
1109 3639 1218 3695 auditu,
1247 3640 1361 3691 ariditas
1388 3642 1478 3689 αιιιιιιι
1500 3651 1549 3702 prr
1573 3636 1684 3687 turbina
1711 3636 1758 3688 liri

120 3734 149 3777 ut
160 3725 204 3778 rei
223 3724 266 3778 sic
278 3723 353 3794 greti
371 3724 483 3778 Christo
503 3725 593 3794 legem
616 3741 700 3794 squam
724 3725 776 3778 sibi
797 3726 825 3778 in
841 3726 918 3780 nulio
961 3730 1045 3787 (lieri.
1060 3736 1097 3792 x).
1114 3726 1154 3779 rid
1172 3726 1303 3796 quodqui
1317 3724 1437 3794 simplici
1453 3723 1634 3792 responsione
1645 3730 1758 3775 eonten-

120 3812 830 3884 prodessedidieersntreiiuquerent.Hocproponit,
844 3817 917 3886 quod
959 3822 1005 3869 tus
1018 3821 1070 3879 est,
1086 3814 1163 3876 dicit,
1185 3831 1240 3868 non
1266 3827 1330 3866 eum
1355 3812 1526 3883 generaliter
1550 3811 1663 3874 dixisse,
1687 3810 1757 3863 fides

120 3901 163 3955 iiio
181 3902 212 3955 in
235 3908 366 3972 tempore
389 3902 486 3971 negari
505 3919 560 3955 non
584 3907 703 3972 poterat,
719 3903 849 3973 spiritum
868 3905 915 3958 Ilei
958 3905 1084 3957 omnium
1098 3902 1238 3956 exauditu
1255 3901 1359 3959 estsed
1373 3898 1672 3969 ssdrsereudituquod
1687 3897 1755 3951 etin

118 3989 205 4045 inesse
224 3988 415 4044 credentibus.
432 3990 473 4042 Ad
490 3990 650 4044 rudimenta
664 3991 739 4045 enim
756 3991 821 4045 ildei
844 4008 917 4045 com·
959 3998 1038 4063 perte
1052 3998 1081 4045 et
1094 3991 1123 4044 in
1139 3996 1198 4044 toto
1213 3990 1299 4060 areipi
1316 3992 1409 4061 potest
1425 4009 1430 4042 :
1444 3994 1542 4042 'eorum
1566 3986 1673 4042 scilieet
1687 3986 1756 4041 fides

118 4079 286 4143 uendsude,
297 4079 404 4132 donum
416 4079 467 4131 hor
484 4079 534 4132 Dei
551 4078 783 4133 manifestabatur
799 4081 917 4134 homini·
958 4099 989 4134 ex
1006 4080 1102 4134 auditu
1118 4080 1163 4151 qui
1177 4080 1305 4146 audiunt,
1318 4079 1364 4148 qui
1377 4077 1505 4132 eredunt.
1515 4077 1567 4141 Qui
1579 4083 1674 4131 autem
1689 4076 1754 4131 huie

119 4166 174 4231 bus,
188 4167 266 4222 sieut
284 4168 361 4220 inter
379 4167 440 4237 ipsa
456 4167 536 4221 initia
553 4168 654 4221 hictum
671 4175 712 4221 est
729 4169 759 4221 in
779 4170 918 4238 apostolis
959 4172 1089 4240 scrupulo
1113 4169 1273 4223 satisfacere
1298 4175 1424 4225 conetur,
1446 4168 1523 4238 prius
1546 4167 1614 4221 iliud
1638 4164 1758 4220 tentabit

118 4266 143 4309 et
156 4257 268 4311 ceteris
282 4255 427 4326 discipulis
443 4275 448 4308 :
466 4273 517 4310 nee
533 4273 587 4310 non
602 4265 631 4310 et
645 4257 674 4311 in
689 4257 745 4310 iliis
760 4257 916 4313 duodecim
959 4276 1094 4324 asserere,
1116 4259 1187 4329 quod
1208 4259 1321 4312 nutibus
1337 4273 1449 4328 quoque
1468 4262 1497 4309 et
1512 4256 1675 4327 quotidiana
1690 4271 1757 4307 eon-

118 4345 282 4416 quosquis
306 4345 334 4398 in
362 4345 521 4399 adulterino
540 4345 718 4416 baptismate,
738 4346 790 4400 sub
805 4347 918 4400 nomine
961 4349 1125 4403 versatione.
1144 4353 1172 4401 et
1198 4355 1230 4400 ut
1258 4348 1298 4401 ita
1319 4346 1447 4410 dixerim,
1470 4345 1556 4397 totius
1581 4342 1704 4412 eorporis
1719 4342 1758 4395 le-

119 4433 249 4505 baptismi
264 4433 382 4487 Josnnis
401 4433 513 4488 fuerant
527 4450 582 4487 non
600 4435 690 4501 tincti,
706 4435 754 4487 sed
770 4435 915 4493 sordidati,
959 4444 1062 4507 quente
1076 4444 1167 4505 gestu,
1191 4437 1267 4490 surdi
1296 4439 1415 4506 possunt
1435 4431 1614 4501 Evangelium
1639 4430 1756 4486 discere.

119 4522 220 4577 Paulus
226 4523 380 4593 Apostolus
391 4523 419 4575 in
428 4522 574 4576 Trinitatis
584 4524 697 4576 nomine
705 4523 839 4593 baptizari
850 4540 918 4594 pue-
959 4525 1060 4579 deinde
1072 4527 1158 4579 etiam
1167 4526 1219 4578 bec
1229 4525 1301 4594 quod
1319 4524 1367 4577 ilei
1383 4537 1485 4577 sermo.
1501 4520 1545 4573 eui
1557 4518 1627 4572 nihii
1640 4518 1756 4571 surdum

119 4612 199 4683 oepit,
214 4610 320 4682 quibus
331 4611 470 4682 impositis
485 4612 624 4677 menibus,
641 4612 745 4665 decidit
761 4612 788 4665 in
801 4629 848 4665 eos
858 4613 918 4682 Spi-
959 4621 1010 4678 est,
1028 4615 1062 4667 ad
1079 4632 1126 4668 eas
1142 4614 1232 4682 inagis
1242 4612 1373 4682 loquatur
1383 4626 1476 4670 aures,
1489 4608 1525 4661 de
1536 4607 1637 4678 quibus
1648 4613 1677 4661 et
1696 4607 1756 4677 ipse

119 4699 188 4754 ritus
200 4696 359 4765 sanctorem
372 4699 546 4755 diversarum
565 4702 724 4769 linguarum
740 4700 919 4755 ministrabat
959 4703 998 4756 ait
1015 4704 1042 4755 in
1059 4701 1209 4769 Evangelio
1223 4719 1228 4752 :
1243 4703 1296 4767 (lui
1316 4700 1394 4753 hahet
1407 4713 1489 4751 sarrs
1502 4697 1647 4761 eridiendr',
1659 4697 1757 4749 arrdiat

119 4788 793 4859 eloquiseuminterpretationeearummtnuilus
802 4790 918 4844 auderet
961 4792 1066 4857 tiieltb.
1089 4802 1141 4859 sq:
1166 4796 1195 4843 et
1215 4789 1243 4842 in
1263 4786 1449 4858 Apocalypsi:
1473 4786 1524 4852 Qui
1547 4786 1624 4838 bubrt
1647 4800 1755 4847 arerem,

119 4875 371 4947 osgareSpintum
381 4884 509 4930 sanctum
519 4878 610 4931 inesse
622 4878 651 4931 in
661 4878 710 4931 eis.
729 4878 916 4941 Quamobrem
959 4882 1056 4934 arrrliei
1080 4881 1148 4947 qnid
1176 4880 1292 4945 spirihn
1316 4878 1390 4929 dirui
1414 4877 1530 4930 ecelesiis
1547 4876 1635 4942 (Apus.
1663 4876 1702 4939 ιι).
1724 4873 1758 4927 Et

118 4965 331 5021 dneintelieetu
348 4965 462 5019 (inlatas
480 4983 540 5020 esse
557 4968 688 5037 appellat,
706 4967 753 5037 qui
768 4967 853 5037 hujus
877 4967 916 5020 rei
959 4968 1069 5022 isaias:
1087 4969 1220 5021 ilmm'nus
1235 4966 1344 5019 (rddidit
1358 4966 1432 5018 mild
1449 4966 1621 5017 arrrieulam.
1640 4962 1694 5015 Iste
1714 4968 1757 5015 est

116 5054 336 5124 guedeteonseii
343 5055 530 5123 degradantes
539 5073 579 5119 se,
588 5056 679 5109 rsunis
693 5073 766 5110 curre
780 5073 810 5109 se
824 5055 917 5126 snbje·
958 5057 1029 5110 niter
1039 5056 1133 5119 homo,
1145 5056 1189 5108 cui
1201 5055 1275 5108 Deus
1286 5053 1411 5125 loquitur
1421 5053 1448 5105 ιιι
1460 5051 1578 5108 occuito,
1594 5049 1642 5118 qui
1653 5049 1756 5103 clamat

116 5150 219 5199 oerunt.
240 5145 415 5212 incipientes,
427 5143 528 5213 inquit,
544 5148 655 5213 spiritu,
670 5160 745 5198 ›rrrnr
759 5161 842 5199 rernm
854 5161 915 5197 ron·
957 5145 984 5199 in
999 5145 1081 5198 eorde
1096 5143 1244 5201 credentis,
1272 5144 1347 5197 :ibba
1367 5145 1457 5195 Peter.
1481 5141 1516 5193 Et
1536 5144 1568 5191 ut
1593 5137 1757 5207 frequenter

116 5231 465 5295 mirsinensim‘iHocdicit,
478 5233 542 5303 quia
558 5250 620 5286 cum
635 5232 669 5286 ab
685 5234 863 5287 interioribus
879 5235 914 5287 ad
956 5233 1145 5304 exposuimus,
1158 5232 1297 5302 quomodo
1307 5246 1408 5301 eorpus
1420 5224 1754 5282 omniumernbraetseu·

117 5337 223 5375 semma
237 5320 304 5374 odei
323 5336 457 5374 aseensus
473 5322 518 5387 sit,
536 5322 563 5374 hi
579 5329 686 5386 contra,
700 5323 735 5376 de
749 5323 868 5377 summis
886 5322 913 5375 in
956 5340 1003 5376 sus
1019 5322 1113 5377 habet.
1134 5321 1173 5374 ite
1183 5321 1308 5374 animam
1319 5335 1431 5390 quoque
1446 5316 1591 5369 universos
1606 5332 1705 5371 sensus
1725 5322 1753 5370 et

118 5409 169 5465 ima
179 5409 290 5481 delapsi
309 5418 386 5463 sunt.
405 5410 458 5463 Per
467 5410 550 5463 iidem
569 5412 643 5464 enim
659 5412 800 5482 spiritales
811 5411 911 5478 eil'eeti,
955 5410 1082 5464 membra
1097 5409 1208 5467 habere,
1222 5415 1250 5461 et
1265 5408 1463 5469 intercutem,
1477 5404 1752 5475 suresetimmquss

119 5499 240 5555 moreni
260 5498 297 5552 ad
325 5499 427 5568 legem,
451 5500 631 5569 perdiderant
648 5501 770 5570 gratiam
792 5499 913 5570 Spiritus
955 5500 1002 5571 qui
1015 5498 1155 5562 habuerit,
1171 5514 1226 5551 non
1244 5512 1414 5566 magnopere
1429 5492 1566 5563 indigebit
1576 5493 1621 5546 his
1636 5492 1752 5548 nuribus

120 5604 198 5659 qm
214 5588 331 5647 suenni
351 5589 503 5648 sommo,
527 5590 731 5643 consummatio
752 5588 828 5642 euim
850 5603 913 5660 per·
954 5588 1078 5661 corporis
1093 5587 1129 5642 ad
1139 5587 1243 5641 Christi
1259 5585 1441 5655 Eramgeiium
1453 5580 1689 5653 cognoscendum.
1708 5581 1751 5634 Si·
