3772 6120
78 284 129 340 aar
302 282 647 338 missiamanum
666 281 743 336 aar.
764 280 871 336 naun
890 281 958 336 urs.
979 282 1040 336 xn.
1059 311 1091 321 -
1114 282 1153 335 m
1172 282 1283 338 arrsr.
1304 284 1329 339 11
1349 285 1498 342 aocoa
1592 262 1595 267 ’
1665 265 1753 349 aoa‘

80 425 144 479 quae
155 408 233 469 dicit,
249 414 282 462 ιιι
296 408 416 478 receptis
430 407 473 460 his
483 408 512 460 ιιι
527 406 664 467 animum,
679 405 823 460 conferant
837 424 881 460 εε-
889 404 976 464 Asibi
987 404 1053 475 quid
1066 406 1126 474 jam
1133 404 1253 470 timeret,
1266 406 1313 476 qui
1323 406 1490 476 patiebatur,
1502 418 1646 481 praterea,
1656 431 1720 470 cum

79 513 144 552 cum
159 514 227 550 vera
240 513 301 551 esse
317 496 520 567 quaeloquitur,
537 501 565 549 et
575 501 738 565 spernentes
752 494 803 548 hos
813 512 882 565 quos
923 492 998 546 dicat
1012 493 1040 546 iu
1059 493 1135 547 dctis
1151 494 1341 563 apostolorum
1356 495 1426 562 (Act.
1440 501 1497 567 xxi)
1513 516 1569 555 non
1585 503 1675 558 solum
1685 503 1722 558 li·

79 585 181 655 tangit,
199 601 314 638 omnem
326 584 452 638 animum
463 583 634 637 transferant
647 583 682 636 ad
697 599 744 636 eos
758 599 827 654 quos
840 583 883 636 vi·
922 581 982 650 gari
1000 581 1047 635 sed
1062 588 1090 635 et
1099 582 1171 635 mori
1181 587 1310 653 paratum
1321 601 1350 636 εε
1358 601 1408 655 pro
1416 586 1531 665 nomine
1536 589 1648 646 Domini
1654 592 1724 648 lesu

79 673 148 727 dent
161 690 228 728 vero
244 673 345 726 aflectu
364 690 394 725 se
412 672 538 742 diligere.
561 671 791 742 pseudoapostoli
806 672 883 726 euim
924 670 1048 724 Christi?
1061 670 1179 724 Videtur
1193 687 1259 741 ergo
1274 677 1365 726 totum
1380 673 1523 729 hominem
1543 677 1679 735 afflictum
1692 681 1722 736 in

80 768 170 821 eraut,
188 762 236 833 qui
255 768 285 815 et
307 760 445 815 nocebant
460 761 516 814 illis
534 765 746 830 corrumpentes
768 776 882 814 sensum
923 775 1007 812 came
1019 758 1201 828 significasse,
1215 766 1248 812 ut
1265 776 1298 812 ex
1313 767 1392 830 parte
1407 762 1528 832 Spiritus
1548 767 1595 835 qui
1615 767 1722 823 homini

80 851 206 913 illorum,
232 855 262 904 et
280 848 437 920 gravabant
449 850 580 908 ,sacculos
599 865 697 902 eorum
714 849 884 903 circumren-
924 847 1016 910 datur,
1026 846 1723 925 utmaneat,quiaestimpassibilis,ailligipotuisse

80 940 158 993 tione
181 938 351 1009 serpentinae
365 938 485 992 astutiae.
506 939 566 992 Non
580 940 617 991 ad
630 939 882 991 condemnationem
926 935 1041 988 minime
1062 934 1245 1004 intelligatur,
1271 938 1319 990 sed
1340 944 1372 991 ut
1390 938 1474 993 homo
1492 945 1568 995 totus
1588 960 1620 996 ex
1642 952 1723 1015 parte

80 1030 149 1081 dieo.
168 1029 229 1081 Hoc
243 1033 295 1090 est,
312 1044 367 1080 non
384 1044 432 1081 ros
442 1025 551 1097 abjicio,
564 1027 612 1080 sed
626 1032 658 1080 ut
671 1025 817 1096 corrigatis
826 1042 883 1080 mo·
924 1024 1048 1094 eorporis
1062 1030 1090 1078 et
1102 1024 1203 1078 animm
1211 1024 1331 1079 aillictus
1339 1026 1367 1079 iu
1375 1043 1458 1081 carne
1466 1028 1591 1084 dicatur:
1603 1039 1723 1103 exparte

81 1134 150 1179 neo;
168 1116 217 1186 qui
230 1117 307 1170 enim
315 1116 439 1187 aliquem
447 1120 616 1179 contemnet,
633 1131 688 1168 non
703 1114 880 1170 illidimittit.
924 1129 988 1166 vero
1003 1112 1124 1183 Spiritus
1138 1112 1328 1184 impassibilis.
1342 1115 1437 1170 Potest
1451 1122 1480 1170 et
1494 1117 1533 1171 sic
1548 1119 1676 1192 intelligi,
1692 1128 1725 1178 ιιι

82 1207 268 1259 l’radirimus
282 1208 357 1259 enim
374 1206 446 1273 quod
458 1204 490 1258 in
504 1205 631 1257 cordibus
655 1206 757 1257 nostris
771 1205 833 1257 estis
847 1204 884 1256 ad
924 1200 991 1255 foris
1006 1218 1115 1271 pugna,
1125 1201 1153 1255 id
1163 1207 1215 1266 est,
1226 1202 1255 1255 in
1268 1202 1405 1272 publicoa
1419 1206 1533 1274 perfidis
1546 1208 1646 1264 fierent
1658 1227 1722 1265 coa-

82 1295 331 1357 commoriendum,
340 1294 408 1346 etad
414 1292 668 1346 convicendam&
676 1292 814 1361 praedictis
823 1291 883 1345 vult
924 1295 969 1343 tra
983 1290 1062 1356 sidoS,
1079 1290 1148 1343 dum
1161 1290 1256 1344 surore
1270 1291 1344 1361 pleni
1359 1292 1528 1349 resistebant
1536 1297 1657 1365 ιειιιιιιι,
1673 1315 1722 1354 cu·

81 1381 145 1435 illas
159 1398 337 1451 cognoscere,
349 1397 405 1452 quo
420 1381 514 1434 animo
528 1381 661 1450 loquatur
675 1380 710 1435 ad
727 1396 775 1434 eos
791 1398 796 1432 ι
814 1396 883 1450 quos
921 1379 969 1448 jus
987 1378 1029 1431 rei
1049 1379 1164 1432 nuntius
1187 1379 1263 1432 intus
1281 1379 1397 1434 timores
1415 1383 1578 1452 generabat,
1596 1385 1644 1440 ubi
1662 1395 1725 1443 erat

80 1469 156 1523 enim
171 1470 323 1540 participes
330 1470 391 1523 vult
404 1467 516 1535 habere,
529 1469 600 1522 etad
616 1476 766 1540 praesentes
775 1469 882 1539 passio·
925 1468 1082 1537 Apostolus.
1104 1468 1204 1535 (deep.)
1218 1468 1286 1531 Quis
1301 1468 1376 1522 enim
1391 1469 1475 1524 homo
1490 1488 1545 1526 non
1559 1480 1661 1529 timeat
1675 1493 1724 1531 an·

81 1576 131 1612 nes
146 1576 198 1629 pro
214 1558 336 1624 Christo,
348 1565 376 1612 et
391 1557 427 1611 ad
441 1558 565 1612 suturam
579 1557 664 1611 vitam
673 1574 729 1610 non
742 1557 839 1627 utique
852 1556 884 1609 il·
924 1553 1040 1624 gastins,
1052 1555 1098 1609 sed
1109 1555 1209 1626 quiain
1219 1557 1268 1610 Dei
1279 1556 1362 1610 rebus
1374 1560 1539 1629 propensior
1550 1568 1620 1629 erat,
1637 1564 1723 1619 timo·

82 1647 123 1700 los
137 1647 244 1717 abiicit,
262 1647 310 1700 sed
326 1652 359 1700 ut
376 1645 591 1717 participatione
612 1645 711 1714 dignos
727 1662 757 1699 se
770 1645 882 1711 faciant,
925 1659 985 1696 rem
999 1644 1074 1697 hunc
1088 1661 1137 1714 spe
1150 1644 1309 1714 superabat.
1328 1645 1421 1700 Sancti
1437 1648 1488 1701 viri
1508 1644 1723 1707 tribulationum

81 1736 256 1790 exhortatur·
269 1737 357 1789 puna
376 1735 449 1789 ‚mpp-
463 1736 564 1801 fiducia
582 1740 619 1787 ὥς
634 1735 709 1802 apud
726 1750 779 1799 vos,
791 1737 880 1787 mum
892 1718 995 1785 Bbeilo
1010 1731 1186 1803 deprehensi,
1202 1750 1265 1786 cum
1276 1750 1331 1787 uuo
1346 1735 1500 1807 eodemque
1510 1743 1637 1810 tempore
1653 1741 1723 1796 alios

83 1826 152 1877 aiibi
165 1827 299 1892 gloriatio
315 1839 366 1892 pro
382 1824 465 1888 cabis,
482 1826 675 1891 reputassem
689 1825 880 1887 consolatione,
924 1820 1064 1886 ferientes,
1082 1826 1166 1891 atque
1180 1821 1250 1875 alios
1269 1822 1418 1878 suadentes
1434 1825 1547 1892 feriunt,
1564 1828 1620 1882 illis
1636 1846 1724 1901 oppo-

80 1914 276 1981 ruperabundo
284 1913 388 1981 peractio
401 1915 432 1965 tn
444 1914 522 1964 oanni
536 1912 715 1965 tribulatione
729 1911 883 1965 abstemii·
924 1914 996 1963 nunt
1008 1915 1118 1964 scutum
1131 1909 1282 1980 patientia,
1305 1911 1366 1966 istis
1378 1913 1474 1983 jacula
1489 1914 1654 1988 intorquent
1669 1919 1721 1973 do-

82 2002 164 2055 duria
174 2002 234 2055 haec
248 2001 284 2055 de
298 2001 397 2072 primae
412 1999 540 2070 Epistola
555 1999 730 2070 correptione
738 2004 789 2059 est,
798 2015 882 2070 quam
925 1998 1020 2052 ctrinae
1033 2006 1117 2069 atque
1132 1999 1166 2052 ad
1181 2004 1334 2070 utrumque
1353 2002 1496 2071 pugnandi
1519 2004 1592 2059 mira
1612 2006 1724 2063 virtutis

83 2090 220 2161 quianon
234 2106 333 2160 aspere
348 2093 531 2161 susceperunt
541 2089 672 2142 fiduciam
686 2089 825 2143 dederunt
837 2088 884 2142 ad·
925 2091 985 2140 arte
1000 2104 1029 2140 se
1042 2086 1162 2156 erigunt,
1175 2094 1313 2157 quatenus
1324 2094 1352 2141 et
1361 2105 1492 2159 perversa
1499 2091 1574 2146 intus
1582 2094 1725 2166 sapienter

83 2178 216 2233 monendi
232 2195 272 2231 se.
290 2177 349 2231 Visi
359 2183 425 2231 sunt
437 2177 512 2230 enim
525 2177 594 2231 velle
605 2177 745 2247 corrigere
759 2194 798 2242 se,
810 2177 883 2235 unde
925 2175 1052 2239 doceant,
1067 2181 1096 2229 et
1109 2176 1183 2229 foras
1198 2175 1308 2229 fortiter
1322 2177 1439 2232 adversa
1452 2185 1634 2237 contemnant
1648 2202 1654 2236 :
1673 2185 1724 2240 hos

81 2268 220 2336 gloriatur
233 2284 239 2318 ε
258 2283 309 2337 pro
322 2266 366 2319 ιιιε
376 2266 502 2319 animum
516 2266 602 2319 etima
617 2282 699 2320 suum
710 2267 883 2321 consolatum
925 2263 1056 2317 docentes
1070 2264 1221 2333 corrigant,
1239 2263 1301 2317 illos
1314 2264 1468 2320 tolerantes
1482 2276 1620 2338 premant.
1631 2272 1725 2328 lusur-
1791 2324 1794 2331 .

83 2373 114 2408 ex
128 2356 182 2410 hac
194 2361 275 2426 parte
285 2355 458 2426 pronuntiat,
471 2355 627 2417 intantum,
640 2355 711 2409 utin
724 2355 799 2409 οιιιιιι
809 2372 884 2426 pres-
924 2357 1151 2422 gentesnamque
1158 2352 1251 2406 hostes
1256 2352 1388 2422 patiendo
1398 2353 1567 2426 despiciunt;
1576 2358 1723 2416 infirman-

83 2461 148 2498 sura
162 2443 394 2515 superabundare
408 2461 438 2497 se
457 2443 560 2514 gaudio
581 2447 761 2514 protestetur.
778 2444 882 2498 Videns
924 2447 967 2495 tes
980 2457 1045 2495 rero
1060 2441 1133 2494 cives
1159 2441 1353 2511 compatiendo
1374 2442 1409 2495 ad
1431 2444 1551 2498 salutem
1574 2447 1722 2517 reducunt,

84 2533 158 2586 enim
172 2549 235 2586 esse
249 2549 328 2602 spem
343 2532 372 2586 in
382 2532 427 2586 his
437 2531 604 2602 proquibus
618 2533 764 2602 angustias
778 2533 885 2604 patitur
925 2529 980 2583 illis
994 2529 1138 2595 resistunt,
1155 2545 1190 2582 nc
1204 2534 1233 2582 et
1242 2529 1312 2583 alios
1327 2529 1503 2598 subtrahant,
1517 2533 1579 2589 istis
1594 2541 1725 2593 metuunt

82 2622 196 2688 gaudet,
218 2638 283 2675 eum
298 2620 511 2684 contribulatur,
532 2628 624 2674 certus
642 2621 799 2676 mercedem
819 2638 849 2674 sa
867 2637 884 2674 a
925 2635 961 2672 ne
975 2619 1061 2673 vitam
1080 2617 1257 2672 rectitudinis
1273 2617 1399 2673 funditus
1420 2621 1548 2691 perdant.
1571 2624 1724 2682 Videamus

85 2710 139 2764 Deo
152 2717 335 2781 accepturum
354 2709 497 2779 acquisitae
524 2710 623 2764 salutis
648 2726 755 2764 eorum.
774 2711 884 2764 Etenim
925 2713 1081 2761 castrorum
1091 2706 1211 2760 militem
1222 2706 1281 2770 Dei,
1292 2713 1389 2762 contra
1399 2715 1519 2781 utraque
1531 2713 1725 2783 praeliantem?

83 2816 143 2852 αιιη
153 2802 322 2853 venissemus
331 2799 529 2861 iliacedoniam,
538 2801 647 2852 nattam
658 2802 779 2867 reperiam
788 2799 884 2852 babuit
926 2795 973 2849 Αιι
987 2796 1062 2850 ειιιιιι
1072 2798 1142 2862 soris
1148 2811 1258 2863 papiam
1267 2798 1342 2849 intus
1354 2800 1473 2863 timores,
1488 2798 1637 2857 innumera
1651 2803 1726 2858 bella

85 2904 146 2941 caro
161 2893 270 2941 nostra.
280 2887 431 2940 Pressuras
450 2892 478 2939 ει
491 2886 579 2940 caedes
595 2890 734 2940 memorat
748 2903 817 2958 quas
832 2904 884 2958 pa·
926 2900 987 2954 quae
998 2883 1279 2938 extrinsecustolerat
1288 2884 1383 2938 dicens
1396 2903 1401 2937 :
1414 2888 1549 2943 Pcricalis
1558 2894 1722 2960 flaminum,

84 2975 227 3030 tiebantur
240 2992 326 3030 causa
340 2975 525 3036 credentium,
537 2980 570 3029 ut
583 2975 673 3044 magis
692 2981 822 3045 provocet
836 2992 884 3029 eos
922 2977 1056 3042 perinuu
1071 2976 1224 3039 latronum,
1233 2976 1366 3041 periculis
1381 2990 1531 3043 exgenere,
1544 2981 1677 3046 pem'culir
1692 2998 1724 3036 ea

85 3065 119 3118 ad
128 3064 309 3119 charitatem.
327 3065 453 3128 Nullam,
468 3062 569 3133 inquit,
582 3066 704 3132 requiem
714 3064 810 3117 babuit
820 3034 916 3117 caroC
924 3063 1058 3131 pentibus,
1067 3063 1200 3131 perieritis
1210 3063 1243 3115 ia
1253 3064 1371 3126 ciuitate,
1380 3067 1514 3130 periculis
1524 3067 1721 3135 insolitadina,

84 3159 187 3206 neura.
204 3152 243 3207 Ut
256 3157 487 3223 compaterentur
502 3151 551 3213 eis,
562 3151 640 3216 certi,
655 3152 778 3222 quiapro
793 3153 883 3206 salute
921 3153 1055 3220 periculis
1066 3153 1097 3204 in
1108 3152 1191 3215 niori,
1199 3152 1333 3218 periculis
1342 3152 1458 3217 insulsis
1466 3154 1604 3218 fratribus
1613 3158 1652 3217 (II
1660 3159 1721 3214 θον.

84 3241 209 3295 fidebam
220 3241 330 3295 animas
343 3257 408 3295 suas
421 3241 566 3294 traderent
580 3256 670 3310 usque
694 3241 728 3293 ad
750 3246 880 3294 mortem.
924 3242 974 3307 rr).
984 3240 1137 3293 Pensemus
1150 3255 1226 3308 ergo,
1239 3240 1318 3308 cujus
1332 3237 1436 3293 laboris
1448 3240 1485 3294 sit
1499 3257 1556 3296 uno
1568 3243 1723 3317 eodemque

84 3331 243 3399 Antequam
258 3328 333 3382 enim
347 3329 523 3399 digereretur
532 3327 677 3382 tribulatio
693 3335 722 3382 ct
731 3330 883 3400 corporalis
923 3333 1050 3399 tempore
1066 3327 1132 3381 foris
1147 3327 1264 3380 adversa
1271 3328 1401 3393 tolerare,
1416 3328 1492 3383 intus
1506 3330 1620 3387 infirma
1632 3341 1724 3405 prote·

86 3417 198 3487 injuria,
208 3416 478 3484 alteraveniebat,ut
487 3418 599 3489 requies
608 3417 727 3489 patienti
736 3424 881 3472 nonesset.
924 3416 1079 3487 genetoris
1087 3416 1317 3488 pugnaspatitur,
1328 3416 1395 3486 quia
1405 3416 1566 3475 verberibus
1577 3421 1722 3493 scinditur,
1817 3466 1832 3477 .

86 3506 154 3559 Nam
168 3513 198 3559 et
211 3506 347 3576 quoniam
362 3523 446 3560 sensu
460 3505 544 3560 bruta
558 3512 601 3560 εει
619 3506 711 3560 οιιιιιιε
725 3523 799 3572 caro,
820 3508 883 3561 nul·
925 3505 1154 3575 catanisligatur3
1164 3504 1240 3559 intus
1251 3509 1356 3558 metum
1366 3506 1477 3573 tolerat,
1491 3508 1724 3580 quiapassionem

87 3595 139 3647 lam
150 3594 280 3664 requiem
291 3594 363 3648 hanc
374 3594 506 3649 habuisse
525 3595 567 3648 vel
588 3594 692 3648 habere
706 3594 736 3648 in
756 3596 884 3666 passione
925 3611 1005 3648 suam
1018 3593 1148 3656 nonsibi,
1162 3593 1210 3647 sed
1223 3592 1367 3663 discipulis
1377 3593 1474 3648 obesse
1490 3596 1632 3652 formidat.
1643 3601 1723 3657 Unde

86 3683 224 3753 significat
244 3701 249 3735 :
267 3683 393 3737 animam
408 3689 513 3749 autem,
536 3699 699 3754 quanquam
713 3683 776 3754 ipsa
794 3684 884 3754 patie-
926 3687 954 3735 et
968 3681 1074 3734 eisdem
1089 3680 1200 3750 scripsit
1213 3680 1307 3732 dicens
1315 3680 1342 3746 (I
1352 3681 1437 3735 Thess.
1454 3684 1492 3750 ιιι)
1506 3700 1511 3734 :
1524 3683 1607 3738 Nemo
1618 3702 1723 3742 movea-

87 3771 165 3826 batur
179 3773 209 3826 in
225 3789 352 3843 corpore,
369 3789 403 3826 cx
417 3772 469 3826 bae
484 3777 580 3826 tamen
596 3778 675 3842 parte
690 3772 817 3843 requiem
832 3774 883 3827 ha·
927 3775 973 3823 tur
988 3772 1020 3822 in
1035 3769 1262 3823 tribulationibus
1276 3770 1345 3832 istis,
1358 3770 1412 3836 ipsi
1424 3772 1500 3822 enim
1513 3773 1589 3825 scitis
1605 3776 1676 3841 qeeod
1691 3778 1724 3830 in

87 3861 157 3925 bere,
181 3878 235 3932 qua
256 3867 352 3933 sperat
368 3878 418 3932 pro
439 3859 666 3915 tribulationibus
683 3860 738 3925 his,
756 3878 817 3931 quae
833 3877 883 3931 pro
925 3859 972 3910 boe
984 3860 1069 3926 posit-i
1086 3872 1199 3919 sarnum·
1215 3854 1333 3909 aliorum
1349 3856 1451 3927 quippe
1470 3846 1550 3912 ansus
1564 3859 1594 3914 in
1610 3863 1724 3934 propria

86 3951 136 4003 tide
149 3951 315 4020 irrogantur
334 3967 352 4003 a
372 3950 495 4020 pertidia,
513 3950 646 4004 daturum
667 3950 756 4003 Deum
776 3965 883 4003 mereo·
925 3945 1053 4017 passione
1068 3943 1220 4009 metuebat,
1231 3942 1436 4015 nedumipsum
1450 3945 1578 4018 discipuli
1586 3949 1723 4007 afflictum

85 4039 146 4092 dem
163 4039 307 4109 :denique
321 4039 351 4093 in
365 4039 425 4109 ipsa
440 4055 571 4110 pressura
588 4039 646 4092 Deo
666 4039 785 4110 hymnos
799 4054 883 4093 cane-
925 4051 974 4106 pro
990 4033 1215 4089 fidcrerberibus
1229 4040 1422 4103 agnoscerent,
1438 4035 1534 4090 fideles
1553 4054 1583 4091 so
1598 4041 1722 4110 profiteri

86 4126 158 4182 bant.
175 4127 229 4181 Sed
244 4144 352 4182 amnem
368 4129 576 4182 tribulationem
589 4131 673 4196 passi.
690 4128 774 4182 Juxta
794 4127 882 4183 histo·
924 4128 1096 4178 recusarent.
1113 4123 1135 4177 0
1151 4123 1290 4177 immensa
1304 4122 1450 4177 charitatis
1463 4124 1587 4180 viscera?
1606 4128 1724 4201 despicit

85 4217 153 4270 riam
170 4217 292 4271 Domino
307 4223 422 4271 vocante
443 4217 620 4270 intraverunt
635 4217 836 4279 Macedoniam,
855 4223 883 4270 et
925 4213 999 4284 quod
1014 4213 1072 4284 ipse
1083 4212 1198 4284 patitur,
1215 4218 1243 4265 et
1257 4217 1337 4266 curat
1352 4229 1387 4266 ne
1407 4213 1473 4284 quid
1494 4231 1585 4284 pravae
1606 4234 1723 4288 persua.

84 4321 144 4359 curn
161 4322 219 4360 non
228 4305 310 4377 pauci
317 4305 503 4360 credidissent
514 4305 741 4375 invenissentque
752 4304 882 4359 solatium
924 4301 1011 4357 sionis
1023 4301 1152 4372 discipuli
1165 4300 1194 4354 in
1208 4300 1291 4355 corde
1307 4301 1464 4372 patiantur;
1481 4303 1509 4356 in
1525 4320 1554 4357 se
1569 4309 1724 4364 contemnit

85 4394 176 4464 Lydiae
182 4395 321 4461 mulieris,
331 4411 464 4464 quaecum
474 4394 671 4448 omnibussuis
680 4393 806 4455 credidit,
815 4400 883 4447 tunc
924 4391 1040 4445 vulnera
1053 4390 1178 4461 corporis
1188 4394 1216 4443 et
1226 4389 1255 4443 ιιι
1270 4390 1332 4443 ειιιε
1346 4389 1462 4443 uulnera
1475 4392 1606 4446 medetur
1620 4396 1721 4450 cordis.

86 4482 188 4537 ιεειιιιιι
203 4489 257 4544 εει,
272 4488 304 4536 ut
315 4483 451 4553 Spiritum
461 4482 624 4554 pythonem,
637 4483 665 4536 id
676 4488 726 4543 est,
744 4482 880 4547 divinum,
924 4479 1036 4533 Habent
1050 4479 1153 4551 quippo
1160 4478 1212 4532 hoc
1215 4478 1284 4548 justi
1291 4478 1445 4548 proprium,
1454 4478 1519 4532 utin
1530 4480 1626 4534 dolore
1639 4483 1721 4554 positi

86 4570 883 4643 ingaretdeancillaquorumdam,quividentesperdidisse
923 4568 1113 4623 tribulationis
1141 4584 1207 4626 suae,
1238 4582 1333 4621 curam
1355 4583 1411 4619 non
1434 4566 1565 4622 deserant
1590 4570 1722 4627 utilitatis

85 4677 121 4724 sc,
139 4677 197 4714 non
211 4659 362 4714 minimum
377 4666 525 4730 questum,
542 4676 624 4731 quem
639 4660 731 4731 puella
747 4659 884 4714 referebat
924 4658 1031 4723 aliena,
1048 4662 1076 4711 et
1090 4673 1153 4710 cum
1165 4656 1199 4708 de
1210 4671 1240 4708 sc
1254 4654 1370 4708 adversa
1384 4655 1522 4725 patientes
1537 4657 1643 4725 dolent,
1660 4660 1723 4716 aliis

85 4749 884 4816 divinando,concitaveruntseditionemPauloetSilae,et
924 4746 1082 4801 neccssaria
1098 4745 1230 4798 docentes
1254 4743 1415 4813 praevident,
1436 4749 1465 4798 et
1492 4746 1572 4816 quasi
1598 4751 1722 4820 percussi

86 4844 230 4892 traxerunt
245 4854 292 4891 eos
307 4839 342 4891 ad
355 4837 448 4892 iorum
463 4838 498 4892 ad
513 4837 704 4908 magistratus,
716 4838 763 4908 qui
778 4839 883 4892 multas
925 4836 1040 4907 quidam
1053 4833 1148 4904 magni
1164 4832 1265 4886 medici
1280 4838 1425 4902 aegrotant,
1442 4833 1495 4905 ipsi
1512 4835 1635 4892 tolerant
1653 4841 1722 4895 scis·

86 4928 122 4980 eis
127 4928 226 4999 plagas
234 4927 411 4998 imponentes
419 4927 558 4981 miserunt
566 4927 646 4981 cosin
655 4927 744 4980 imum
753 4927 880 4993 carceris,
925 4940 1004 4978 suras
1018 4923 1150 4985 vulneris,
1163 4927 1192 4976 et
1204 4920 1268 4975 aliis
1278 4921 1423 4991 proferunt
1436 4923 1641 4982 medicamenta
1650 4929 1724 4984 sani·

86 5016 121 5069 ita
134 5023 167 5071 ιιι
179 5021 209 5071 ει
228 5016 315 5087 pedes
331 5033 429 5071 eorum
448 5016 478 5070 in
492 5032 576 5070 nervo
591 5015 796 5069 concluderent.
819 5015 883 5070 Haec
924 5014 1000 5067 tatis.

86 5111 124 5158 est
135 5121 271 5176 pressura
281 5121 367 5176 quam
382 5105 456 5176 passi
469 5112 536 5160 sunt
547 5104 575 5158 in
590 5104 761 5167 Macedonia,
778 5110 806 5158 et
818 5103 883 5158 hinc
959 5101 1065 5170 Sedqui
1072 5103 1229 5155 consolatur
1235 5101 1520 5159 ramnus.consolaus
1526 5108 1593 5157 estet
1600 5120 1648 5159 aas
1654 5107 1722 5163 beas

88 5195 211 5249 munde
225 5194 310 5249 dicit:
326 5194 441 5248 Nullam
456 5197 578 5263 requiem
593 5193 689 5247 babuit
703 5208 767 5246 earo
776 5198 880 5247 nostra.
923 5193 1084 5245 inlaborata
1098 5191 1163 5243 Titi.
1177 5187 1294 5258 (naor.)
1308 5189 1447 5252 Quoniam
1455 5190 1529 5243 Deus
1543 5207 1723 5253 suorumnon

89 5282 593 5351 loeispapna,intastimorea.pugnae
602 5286 683 5335 erant
693 5280 801 5352 corpori
814 5280 882 5334 dum
923 5277 1720 5355 estimmemor,semperdateisintribulationesolatium,

89 5370 251 5434 acdebamr,
268 5370 364 5424 auimo
376 5370 492 5424 timores
508 5389 513 5422 :
531 5370 588 5424 illic
601 5369 676 5423 enim
691 5369 777 5423 timor
786 5368 883 5423 estubi
925 5368 1088 5423 acceleravit
1102 5369 1253 5422 adventum
1265 5367 1331 5432 Titi,
1344 5371 1376 5419 ut
1386 5365 1531 5437 refrigerio
1542 5377 1615 5425 esset
1624 5375 1722 5443 positis

90 5460 347 5522 ειιιιιειιεειιιεεεις
358 5459 408 5512 sed
417 5459 504 5514 timor
513 5459 559 5512 hic
571 5464 686 5529 propter
694 5474 741 5511 eos
751 5463 821 5523 erat,
836 5458 884 5529 qui
925 5458 953 5512 in
968 5458 1075 5511 fervore
1092 5476 1097 5508 :
1113 5473 1217 5527 magna
1231 5455 1306 5510 enim
1316 5455 1469 5509 consolatio
1484 5461 1527 5511 est
1541 5459 1682 5529 patieutis
1698 5462 1721 5519 si

90 5549 273 5615 crediderant,
279 5564 316 5603 ne
323 5547 453 5619 passione
462 5549 523 5619 ejus
534 5546 805 5613 scandalizarentur,
818 5563 884 5601 nam
925 5563 1020 5601 secum
1028 5544 1130 5601 habeat
1136 5545 1336 5600 consolantem.
1350 5544 1509 5599 Noasotum
1518 5551 1611 5602 airum
1625 5552 1656 5605 ia
1670 5553 1721 5606 ael-

288 5647 516 5710 Paracassxll
1544 5641 1563 5700 ⁷
