3772 6120
169 247 220 303 lot
461 244 492 299 Β.
514 242 649 319 ΒΑῌΑΝΙ
674 238 789 296 naum
808 239 975 295 Ancurae.
996 238 1158 296 MOGUNT.
1179 239 1328 295 OPERUM
1347 239 1439 297 PARS
1458 239 1509 296 Ill.
1753 237 1805 295 tos

169 388 234 426 nem
246 371 382 425 Ecclesia.
395 371 492 440 Neque
501 368 576 422 enim
586 372 666 422 tanta
675 368 704 422 iu
721 367 763 421 eis
777 373 846 434 emt,
859 367 1064 439 quantaAipse
1084 367 1227 437 hagellum
1251 366 1330 420 heret
1351 366 1592 438 disciplinatius
1613 371 1709 420 tamen
1732 365 1806 419 bene

168 460 199 515 in
211 460 344 532 Apostolo
364 457 548 531 providentia,
564 464 596 511 ut
609 457 706 511 statim
719 457 909 527 intelligerent
923 457 964 511 ia·
1004 462 1085 526 gesta
1099 455 1272 526 poenitentia,
1285 455 1352 508 dum
1362 457 1536 526 cognovisset
1546 454 1707 509 Corinthios
1718 470 1807 524 super

168 549 299 603 ciendum
310 565 370 602 esse
385 547 459 618 quod
477 546 586 600 dicebat
597 546 746 616 Apostolus
765 545 793 598 in
816 563 900 599 eausa
915 546 965 598 hu-
1006 561 1070 598 euris
1082 546 1142 614 jam
1152 543 1371 597 misericorditer
1381 551 1482 609 metes,
1497 543 1538 597 ait
1549 561 1554 595 :
1567 543 1620 597 Cni
1639 544 1750 612 aliquid
1762 543 1807 596 do·

165 640 213 710 jus
227 639 371 699 duntaxat,
382 636 443 689 ideo
459 634 585 689 obsecrat
599 640 630 689 ut
644 634 789 688 dimittant
802 634 965 703 illi,signil1-
1006 637 1102 699 nostis,
1125 639 1149 687 et
1171 649 1226 701 eqo.
1243 633 1312 686 h'orn
1334 637 1359 686 et
1372 649 1418 700 eqo
1433 635 1505 702 quod
1518 634 1629 697 denari,
1641 634 1667 685 si
1680 633 1748 701 qaid
1762 633 1809 683 do-

168 742 234 780 cans
249 727 337 780 Deum
352 724 392 778 illi
407 723 555 793 ignovisse,
567 722 710 793 quianihil
722 722 782 775 sine
793 722 842 776 Dei
857 721 958 792 spiritu
1005 724 1083 789 anei,
1096 726 1207 790 propter
1220 737 1265 775 vas
1283 724 1315 774 in
1329 737 1447 789 persona
1463 721 1576 776 Christi.
1593 719 1808 774 Communionis

169 813 270 884 agebat
277 812 435 883 Apostolus.
445 812 545 880 (Greq.)
557 811 631 864 Bene
642 815 736 863 autern
747 809 776 863 in
787 809 893 863 visione
902 810 966 862 Eze·
1008 808 1102 880 itaque
1115 809 1237 879 gratiam
1253 809 1378 878 cogitans
1394 809 1443 871 ait,
1456 812 1502 863 eni
1521 809 1631 877 aliquid
1645 809 1769 861 donastis
1783 813 1808 861 et

78 922 93 934 ·
169 902 266 956 clrielis
277 902 380 969 theeth.
393 902 436 967 rs)
453 917 516 954 euni
531 913 693 953 mensarum
709 897 784 952 labia
799 898 964 962 metiuntur,
1007 915 1062 968 eqo.
1075 900 1113 952 lle
1124 898 1148 951 si
1157 898 1270 961 diceret,
1282 897 1383 951 Abona
1395 903 1486 951 restro
1496 897 1807 962 uoudissentio,meum

169 997 198 1045 et
210 1007 342 1045 mensura
356 989 443 1060 palmi
458 989 570 1051 dicitur,
587 987 700 1041 additur
712 990 809 1052 aetites,
822 994 854 1041 ut
868 1003 900 1039 ex
915 987 965 1040 do·
1008 986 1045 1040 sit
1060 986 1194 1057 quidquid
1206 985 1260 1057 ipsi
1272 985 1386 1051 lecistis
1399 993 1483 1056 atque
1502 1002 1566 1039 mex
1576 984 1712 1050 subdidit,
1724 990 1748 1038 et
1762 1001 1807 1052 eqo

168 1086 277 1135 etorum
300 1078 497 1151 praedicatione
516 1077 589 1131 sieut
612 1077 706 1130 unitas
728 1080 841 1130 tenetur
855 1075 883 1129 in
899 1075 964 1136 side,
1006 1077 1107 1144 siquid
1116 1077 1397 1142 donoeiproptere-os,
1411 1090 1443 1128 ac
1456 1074 1480 1128 si
1490 1074 1604 1140 diceret,
1622 1073 1723 1127 vestris
1737 1073 1808 1127 acti·

169 1169 210 1224 ita
223 1185 334 1240 quoque
350 1168 486 1222 mentium
496 1166 590 1220 unitas
601 1172 727 1219 serretur
737 1164 765 1218 in
776 1181 907 1235 operase
917 1181 967 1234 per
1007 1161 1059 1217 bus
1073 1162 1179 1217 bonum
1191 1162 1295 1228 addidi,
1308 1163 1444 1235 quidquid
1460 1168 1575 1234 propter
1588 1178 1636 1216 ros
1651 1162 1809 1216 misericor-

169 1274 239 1329 opus
249 1257 353 1311 bonum
365 1256 439 1326 quod
448 1255 520 1308 alter
534 1253 601 1323 agit,
613 1254 686 1306 alter
700 1253 735 1306 ad
749 1251 894 1306 discordias
910 1269 967 1305 ma-
1009 1252 1083 1306 diter
1092 1251 1153 1317 ieci,
1166 1256 1258 1305 restra
1269 1267 1335 1321 ergo
1347 1257 1390 1305 est
1399 1249 1635 1317 utilitas,bonitas
1646 1267 1711 1305 mea
1724 1269 1730 1303 :
1745 1266 1808 1304 mea

170 1347 228 1401 lum
243 1350 416 1417 prorumpat.
434 1346 477 1398 lta
493 1342 569 1397 enim
581 1341 654 1396 bona
673 1342 763 1395 iacere
784 1357 870 1411 opera
886 1339 968 1394 delie-
1009 1341 1116 1395 utilitas
1132 1339 1353 1395 bonitasrestra.
1367 1339 1420 1403 Qui
1444 1340 1535 1410 ipsam
1556 1356 1620 1393 mex
1643 1355 1808 1410 compagem

170 1452 242 1495 mus,
253 1440 284 1489 ut
298 1451 348 1504 per
364 1434 423 1486 haee
439 1448 549 1503 qunque
564 1448 628 1485 cum
643 1431 687 1484 his
709 1446 773 1484 cum
788 1429 889 1500 quibus
903 1428 968 1481 riri·
1008 1429 1144 1489 cordium,
1160 1430 1188 1482 iu
1202 1446 1259 1500 qua
1272 1421 1443 1491 sie'teuetur,
1456 1429 1613 1498 adjungens
1626 1427 1762 1494 subdidit,
1776 1431 1809 1482 in

170 1539 232 1578 rrius
242 1522 499 1584 unanimitatem,in
511 1526 647 1590 quantum
660 1524 734 1572 recte
745 1534 969 1589 possumus,cou·
1006 1534 1124 1587 persona
1138 1519 1242 1572 Christi
1258 1537 1266 1571 :
1283 1517 1337 1582 eui,
1353 1518 1428 1570 relut
1447 1516 1471 1570 si
1485 1517 1577 1571 dicere
1592 1533 1806 1588 praesumamus.

169 1628 321 1672 servemus,
335 1611 363 1664 id
379 1616 430 1674 est,
446 1626 502 1663 non
522 1608 676 1663 deserendo
691 1606 805 1672 bonum,
822 1607 897 1677 quod
911 1606 969 1676 agi·
1009 1607 1102 1671 Quare
1111 1613 1139 1660 te
1151 1606 1191 1660 ita
1201 1610 1281 1660 caute
1292 1606 1435 1677 discipulis
1445 1606 1576 1677 copulas?
1587 1622 1674 1676 quare
1684 1609 1712 1659 te
1724 1607 1766 1660 rel
1778 1606 1811 1659 il·

170 1717 242 1765 mus,
254 1700 303 1754 sed
313 1698 508 1771 preveniente
521 1696 602 1750 bonis
617 1695 846 1768 persuasionibus
861 1694 968 1748 malum
978 1685 1110 1760 Blorum,
1124 1694 1166 1748 rel
1178 1695 1241 1749 illos
1254 1694 1310 1748 tuis
1319 1692 1427 1748 actibus
1437 1698 1496 1748 tam
1507 1694 1627 1747 sollicita
1637 1700 1732 1748 mente
1741 1710 1808 1748 con-

170 1788 314 1844 discordim
325 1788 397 1858 quod
410 1787 553 1841 timemus.
569 1786 614 1840 Sic
625 1785 653 1839 in
664 1785 722 1839 suis
733 1784 864 1855 operibus
874 1783 968 1837 unita-
1009 1784 1135 1839 termas?
1149 1783 1222 1837 illico
1237 1783 1390 1853 subjunxit,
1407 1788 1437 1836 at
1453 1799 1510 1836 nen
1523 1785 1778 1837 cireenneeniamar
1791 1800 1810 1836 a

168 1883 228 1932 tem
246 1876 330 1948 palmi
351 1875 510 1930 custodiens
529 1875 633 1929 Paulus
652 1872 819 1927 discordiam
839 1872 968 1941 generari
1009 1871 1125 1927 Salano.
1144 1873 1230 1941 Cujus
1245 1872 1355 1927 Satanae
1369 1872 1435 1942 [An
1452 1872 1576 1942 sagaces]
1591 1871 1709 1925 insidias
1723 1889 1809 1942 quam

170 1965 344 2038 prohibebat,
352 1982 416 2018 curn
428 1964 578 2034 querndam
587 1964 648 2033 jam
663 1963 773 2032 lapsum
783 1961 910 2032 atqueab
920 1961 968 2015 Ec·
1010 1966 1184 2016 acutoseusu
1194 1961 1352 2030 transfigat,
1364 1960 1488 2014 insinuat
1502 1959 1624 2014 subdens
1640 1978 1646 2012 ε
1662 1961 1723 2014 Non
1734 1964 1810 2016 enim

170 2055 254 2109 elesia
260 2053 410 2123 abjectum,
414 2054 474 2123 jam
480 2051 549 2106 velle
555 2051 678 2121 recipere
685 2049 844 2104 Corinthios
850 2049 965 2115 rideret,
1008 2053 1172 2119 iqnoramns
1182 2052 1356 2118 recitationes
1366 2052 1434 2118 ejas,
1445 2066 1477 2103 ac
1487 2049 1511 2102 si
1528 2048 1618 2102 serbis
1632 2049 1696 2103 aliis
1710 2049 1787 2103 dicat
1801 2067 1807 2101 :

171 2142 318 2197 dicens:Si
331 2145 378 2195 cai
392 2143 501 2209 aliquid
511 2142 643 2203 donastis,
660 2144 684 2192 et
697 2155 752 2207 eqo,
766 2155 831 2192 nam
846 2143 871 2192 et
884 2155 929 2207 eqo
943 2140 968 2191 si
1008 2139 1104 2193 Acuta
1115 2143 1229 2193 auctore
1238 2138 1358 2192 Domino
1371 2138 1454 2192 sudes
1472 2154 1579 2204 sumus,
1590 2143 1619 2191 et
1629 2154 1712 2192 nares
1724 2138 1811 2193 Belle·

169 2233 239 2301 quid
253 2233 362 2294 donavi,
372 2234 484 2299 propter
502 2245 547 2282 ees
562 2231 593 2281 in
604 2243 722 2297 person-n
737 2227 847 2291 Christi,
865 2232 897 2280 ut
913 2242 968 2280 non
1010 2227 1090 2280 moth
1104 2227 1185 2282 istius
1199 2226 1340 2281 subtiliter
1352 2226 1600 2298 circumspiciendo
1616 2233 1809 2298 penetramus,

170 2316 575 2374 eireneneeniomuraSatana.
588 2315 642 2380 Qui
651 2315 779 2369 videlicet
789 2316 860 2369 solet
869 2315 903 2369 de
919 2314 968 2368 bo·
1010 2331 1046 2369 ne
1061 2316 1113 2370 hoc
1127 2314 1201 2386 quod
1216 2313 1287 2370 bone
1306 2332 1385 2369 niens
1404 2315 1517 2369 inchoat
1530 2315 1590 2385 ipse
1605 2315 1634 2369 in
1649 2316 1764 2370 malitia
1780 2317 1811 2369 sr-

170 2408 214 2463 nis
225 2408 300 2462 mala
305 2422 451 2478 generare,
461 2412 490 2460 et
496 2405 629 2475 hocquod
636 2403 857 2475 pereharitatem
864 2403 966 2474 agitur,
1010 2421 1076 2458 nem
1090 2410 1243 2458 convertat.

172 2497 207 2552 ad
216 2496 385 2551 discordiam
397 2495 572 2549 contrahere.
581 2492 660 2547 Unde
671 2499 700 2546 ot
710 2509 774 2546 mox
784 2492 819 2546 de
832 2492 892 2563 ipso
902 2491 969 2546 sub·
1047 2494 1115 2547 eam
1123 2496 1254 2548 venissem
1263 2498 1355 2547 antem
1369 2495 1499 2548 Troadem
1507 2500 1618 2563 propter
1627 2495 1809 2561 annqetiam

168 2585 238 2654 jecit
251 2585 345 2638 dicens
361 2602 366 2636 :
384 2584 445 2638 Non
454 2585 529 2637 enim
541 2586 702 2650 iqnaramus
713 2583 887 2649 eoqitate'ones
901 2584 968 2647 eins.
1011 2581 1124 2646 Christi,
1137 2587 1161 2635 et
1170 2584 1270 2635 ostium
1280 2583 1353 2635 ‘neihi
1362 2588 1489 2650 apertam
1499 2588 1564 2638 esset
1574 2585 1604 2636 in
1613 2584 1738 2646 Derriine,
1756 2598 1811 2636 non

171 2672 275 2727 Doctae
289 2678 384 2726 autem
399 2671 447 2741 qui
463 2688 513 2741 per
532 2670 605 2723 bona
626 2686 687 2739 qum
709 2669 842 2740 praedicat
864 2669 894 2723 in
913 2669 970 2723 suis
1011 2670 1097 2723 lenoni
1110 2673 1232 2738 requiem
1246 2673 1363 2739 spiritui
1375 2687 1442 2737 meo,
1457 2673 1572 2739 eoquod
1586 2687 1642 2725 non
1656 2673 1811 2725 invenerim

171 2760 346 2815 auditoribus
366 2765 471 2813 rectam
486 2757 678 2829 operationem
691 2757 803 2822 format,
821 2757 843 2811 si
859 2763 968 2812 mentes
1012 2759 1104 2812 Titum
1118 2761 1235 2825 fratrem
1256 2775 1347 2812 eirenen
1356 2778 1364 2823 ,·
1381 2761 1427 2813 sed
1441 2761 1606 2827 valefaciens
1621 2763 1659 2813 eis
1671 2761 1811 2828 prefectus

171 2848 348 2921 operantium
360 2847 618 2903 adunanimitatem
628 2862 684 2899 non
694 2845 772 2916 ligat,
781 2845 809 2899 in
817 2845 968 2916 labiispnl·
1008 2863 1071 2900 sain
1083 2849 1115 2900 in
1129 2848 1325 2901 llaeedaniam.
1345 2848 1444 2919 (Hier.)
1460 2849 1564 2903 Narrat
1579 2847 1732 2902 Corinthiis
1747 2865 1810 2919 quae

171 2954 250 2993 mum
263 2937 355 3000 habet,
367 2936 416 2989 sed
433 2952 495 2989 earn
506 2951 567 3005 quio
577 2934 651 2989 dicta
665 2940 716 2997 est,
729 2934 814 3006 palmi
829 2934 967 2988 unitatem
1011 2934 1117 3000 lecerit,
1135 2951 1195 3005 quae
1210 2952 1308 3006 passus
1322 2935 1368 2999 sit,
1380 2941 1408 2990 et
1422 2936 1561 3006 quomodo
1577 2936 1606 2989 in
1621 2936 1729 2990 cunctis
1744 2943 1812 3007 agat

170 3025 333 3081 nonhabet.
350 3026 422 3080 aaa
435 3029 459 3078 et
478 3041 523 3092 eqo
537 3025 609 3092 qaod
620 3024 730 3088 dottam,
749 3024 774 3076 si
791 3025 858 3091 quid
871 3024 973 3076 donam
980 2999 1002 3061 C
1011 3023 1127 3094 gratias
1144 3029 1176 3077 ut
1194 3024 1246 3078 sub
1264 3025 1389 3095 exemplo
1405 3025 1458 3091 sui,
1474 3025 1536 3079 illos
1551 3030 1680 3096 provocet
1695 3026 1730 3079 ad
1752 3042 1810 3079 cer·

168 3121 282 3186 propter
293 3131 336 3168 eos
347 3117 377 3167 in
392 3113 628 3182 persanaChristi.
638 3110 741 3180 (herib.)
752 3111 891 3165 Hocdicto
904 3128 971 3181 gra·
1013 3112 1227 3180 tandumlleni,
1240 3113 1340 3185 inquit,
1352 3114 1499 3179 Troadem,
1511 3131 1572 3185 quae
1582 3115 1660 3185 prius
1670 3114 1811 3185 Trojaap·

171 3204 295 3269 vatillos
304 3202 399 3273 quiesi
410 3203 464 3272 [tlt.
475 3200 717 3271 quasilmagisten
726 3199 971 3270 petentibusdisci·
1011 3200 1808 3274 pellabatur,utEvangeliumChristiinAsiapraedicarem.

172 3291 245 3364 pulis
255 3291 377 3355 donarit,
389 3290 432 3344 cui
444 3291 591 3343 voluerunt
601 3294 754 3358 peccatum,
766 3289 970 3359 quantomagis
1012 3290 1133 3360 Cererique
1144 3294 1243 3345 ostium
1259 3292 1331 3344 mihi
1340 3296 1464 3360 apertam
1477 3297 1541 3345 esset
1550 3294 1582 3346 in
1592 3293 1717 3357 Coruino,
1728 3292 1756 3345 id
1768 3299 1812 3346 est

113 3440 118 3448 ¹
173 3376 552 3447 obaudiredebeutdiscipuli
562 3377 748 3447 magistrum?
759 3377 968 3440 etutratumei,
1011 3379 1125 3449 plurimi
1140 3379 1333 3444 credidissent,
1351 3379 1408 3433 sive
1422 3396 1472 3450 per
1488 3380 1669 3450 signentque
1680 3380 1809 3446 virtutes,

171 3470 215 3524 cui
230 3467 344 3523 donarit
357 3467 518 3521 ostenderet
530 3466 605 3537 apud
620 3467 720 3531 Deum,
736 3465 785 3529 ait,
804 3468 836 3519 in
852 3481 970 3535 persona
1011 3483 1072 3537 quae
1082 3467 1112 3520 in
1122 3484 1166 3521 me
1176 3467 1345 3538 operabatur
1357 3469 1442 3535 Deus,
1455 3485 1518 3539 spes
1535 3475 1610 3523 esset
1623 3469 1765 3523 nascentis
1780 3470 1811 3523 sr-

171 3558 275 3613 Christi
284 3574 313 3611 se
328 3557 446 3610 donasse
456 3555 530 3625 quod
539 3553 661 3619 donarit,
674 3554 727 3608 hoc
738 3559 782 3609 est
791 3560 904 3624 accepto
919 3558 965 3608 tu·
1007 3554 1061 3621 dei,
1074 3563 1103 3609 et
1114 3555 1142 3609 in
1156 3556 1275 3611 Domino
1286 3558 1494 3622 succrescentis,
1511 3574 1567 3612 non
1581 3559 1668 3612 liubai
1686 3560 1810 3628 requiem

171 3642 966 3714 lissoChristurn,cujuslegationefungebatur‚utlactum
1006 3647 1124 3714 spiritui
1135 3645 1263 3711 meo,hoc
1278 3651 1329 3709 est,
1347 3652 1488 3717 speratam
1504 3645 1723 3700 consolationem
1734 3645 1809 3701 inre·

171 3733 308 3807 Apostoli,
322 3734 426 3787 sactum
438 3733 475 3786 sit
488 3731 601 3793 Christi,
614 3732 686 3786 sieut
700 3731 787 3785 dixit:
800 3747 966 3801 quacunque
1011 3733 1072 3787 nire
1086 3750 1142 3787 non
1156 3734 1244 3805 potui,
1260 3751 1292 3789 eo
1306 3735 1380 3805 quod
1390 3735 1486 3789 Titum
1504 3735 1620 3789 fratrem
1642 3751 1737 3789 meum
1752 3751 1808 3790 non

170 3827 307 3879 solveritis
323 3838 405 3891 super
430 3827 543 3885 terram,
570 3826 652 3875 erunt
679 3824 769 3875 solnta
796 3826 819 3874 et
848 3824 878 3874 in
908 3823 970 3874 caio
1011 3822 1175 3887 invenerim,
1191 3823 1258 3889 sire,
1275 3840 1359 3893 quern
1384 3823 1423 3877 ibi
1441 3824 1638 3894 reperiendum
1662 3823 1807 3894 putabam.

173 3914 281 3980 (ltatth.
295 3919 379 3975 xviri).
394 3910 424 3964 Si
439 3927 503 3963 vero
522 3909 587 3963 huic
603 3925 653 3980 pro
669 3925 723 3979 quo
744 3909 901 3980 petiverunt
919 3925 970 3980 per
1011 3911 1068 3964 sire
1084 3927 1167 3981 quern
1179 3909 1218 3964 ibi
1228 3911 1373 3965 audieram
1388 3911 1499 3981 degere,
1512 3913 1555 3965 rel
1569 3912 1617 3982 qui
1632 3912 1698 3966 illuc
1712 3918 1809 3967 ventu·

171 4000 336 4071 Apostolum
345 3998 487 4053 Christum
499 3997 614 4067 ignorit,
623 4004 728 4068 quanto
738 3997 902 4066 magishuic
908 3998 969 4067 jam
1011 4015 1073 4052 rum
1088 4016 1149 4054 esse
1161 4000 1318 4054 sedixerat.
1331 4001 1398 4064 Qute
1413 4006 1508 4055 autem
1523 4000 1576 4054 suit
1589 4006 1669 4055 tanta
1683 4002 1808 4055 consola·

173 4080 301 4157 ig'netum
311 4092 381 4152 erat,
394 4087 439 4139 eui
450 4092 482 4139 ut
492 4086 597 4165 donent
607 4085 692 4139 etiam
706 4086 766 4156 ipse
775 4086 921 4140 hortatur?
937 4087 969 4140 lte
1009 4087 1060 4153 tio,
1072 4093 1100 4143 et
1114 4105 1175 4159 quae
1189 4089 1301 4159 requies
1315 4089 1427 4158 spiritui
1442 4089 1472 4143 in
1487 4089 1637 4160 praesentia
1648 4089 1807 4161 Titi,quem

171 4191 228 4230 non
236 4173 642 4238 eirearnveniamaraSatana,
657 4190 712 4228 non
724 4177 798 4228 enirn
807 4177 969 4242 iquoranms
1011 4176 1078 4246 quia
1098 4192 1154 4230 non
1172 4177 1288 4243 invenit,
1302 4178 1468 4232 valefaciens
1490 4179 1531 4232 eis
1554 4177 1693 4249 proiectus
1716 4183 1760 4233 est
1777 4179 1806 4234 in

170 4267 345 4333 oeqitationes
360 4266 427 4331 ejas.
444 4262 503 4315 Hoc
517 4261 585 4316 dicit
603 4261 677 4332 quod
698 4278 784 4332 supra
804 4263 966 4329 memorari,
1011 4265 1679 4338 Macedoniamthliquotiesdiximusapostolum
1688 4267 1809 4323 Paulum

171 4353 238 4424 quia
251 4349 750 4421 consolatiodebetsubsequiiratrem
758 4350 889 4405 delictum
901 4354 969 4405 llen-
1010 4353 1101 4407 rhum
1116 4354 1202 4409 fuisse
1218 4354 1411 4410 doctissimum
1421 4361 1449 4409 et
1459 4356 1601 4411 eruditum
1612 4357 1647 4410 ad
1660 4356 1745 4427 pedes
1756 4356 1809 4411 Ga-

169 4447 237 4507 tem,
253 4458 288 4496 ne
303 4441 351 4495 diu
366 4439 547 4495 contristatus
567 4444 596 4492 et
610 4444 786 4510 contemptus
801 4457 818 4492 a
831 4439 968 4495 charitate
1010 4443 1114 4508 maliel,
1127 4443 1175 4514 qui
1186 4444 1215 4497 in
1222 4445 1413 4515 apostolorum
1419 4445 1535 4499 Actibus
1545 4444 1771 4512 concionabatur,
1781 4450 1809 4499 et

169 4531 307 4595 Ecclesia,
328 4529 444 4601 incipiat
463 4529 613 4600 desperare
632 4528 666 4581 de
689 4546 737 4595 so;
754 4534 782 4583 et
796 4528 902 4594 videm,
919 4531 967 4600 qai
1009 4530 1133 4586 dicittdt
1150 4548 1225 4586 eterne
1239 4535 1308 4601 quid
1322 4534 1424 4587 tratetis
1440 4551 1502 4587 cum
1519 4535 1679 4588 hoeerinidus
1694 4537 1810 4591 ististsi

168 4636 280 4690 semper
288 4619 318 4672 in
329 4619 438 4672 insidiis
449 4624 492 4672 est
505 4617 615 4672 subtilis
625 4617 762 4681 diabolus,
772 4623 896 4672 mentem
907 4619 968 4689 ejus
1009 4623 1084 4674 enim
1099 4636 1117 4674 a
1130 4622 1182 4676 lieo
1197 4627 1243 4688 est,
1263 4622 1354 4687 stabit,
1376 4624 1401 4675 si
1417 4638 1449 4676 ea
1467 4623 1634 4688 hominibus,
1652 4624 1809 4676 destruetur

168 4708 252 4761 vilem
260 4707 513 4773 effectam,acce‹lat
522 4712 551 4760 et
560 4712 694 4777 suggerat
706 4706 741 4770 ei,
754 4713 786 4760 ut
797 4707 838 4760 vel
848 4724 968 4777 praesen·
1011 4709 1078 4773 (Aet.
1091 4711 1129 4776 s).
1140 4710 1267 4780 Cumque
1277 4709 1394 4764 haberet
1404 4715 1564 4764 sanctarum
1579 4710 1726 4765 scientiam
1737 4710 1809 4765 Scri·

169 4794 245 4850 tibus
254 4794 373 4859 fruatur,
383 4795 431 4865 qui
440 4795 475 4848 de
485 4811 534 4864 spe
549 4795 635 4849 futuri
651 4795 759 4866 praemii
777 4795 902 4865 dejectus
913 4802 965 4862 est,
1010 4800 1168 4867 ptumrum,
1183 4803 1211 4852 et
1232 4799 1370 4853 sermonis
1394 4799 1624 4870 diversarumque
1646 4800 1808 4870 linguarum

169 4889 198 4938 et
205 4888 301 4954 pereat
311 4883 398 4937 trater
406 4899 549 4953 possessus
560 4883 705 4950 adiabolo,
717 4884 762 4939 cui
772 4883 808 4938 ad
818 4885 870 4939 hoc
880 4885 968 4956 pami-
1008 4885 1130 4954 gratiam
1139 4887 1303 4957 possideret,
1313 4888 1387 4941 unde
1399 4887 1604 4959 ipsegloriatur
1614 4888 1770 4943 inDomino
1779 4894 1808 4942 et

168 4972 258 5027 tentia
274 4972 340 5025 data
354 4978 424 5035 erat,
438 4977 470 5024 ut
489 4987 637 5027 conversus
658 4973 824 5027 reformaret
838 4990 877 5039 se,
894 4973 967 5027 sicut
1009 4974 1093 5028 dicit:
1110 4976 1281 5031 Crat-iasine
1294 4994 1346 5046 aqo
1362 4979 1435 5045 qaod
1448 4979 1600 5032 Corinnam
1611 4983 1733 5031 cestra-m
1749 4993 1807 5031 ma·

168 5061 236 5115 dicit
247 5060 370 5116 Ezechiel
382 5059 520 5130 propheta
532 5077 537 5111 :
551 5062 617 5114 Nota
632 5067 747 5115 rnortem
757 5065 909 5128 morientis,
920 5065 967 5116 sed
1009 5066 1052 5132 qis
1067 5066 1172 5132 tinqnis
1196 5068 1292 5134 toquor
1305 5067 1330 5131 (l
1343 5066 1403 5120 Cor.
1422 5069 1489 5131 xiv),
1511 5065 1670 5120 divinorum
1692 5082 1808 5120 sensum

168 5153 257 5218 rriaqis
267 5156 298 5204 ut
310 5153 494 5204 reeer·taturet
504 5149 788 5219 oieattlizeehnrur);
801 5156 830 5204 et
844 5150 946 5205 iterum
960 5168 965 5202 :
1010 5152 1197 5221 majestatem,
1209 5154 1294 5225 digno
1305 5170 1361 5207 non
1374 5159 1485 5224 poterat
1500 5155 1589 5208 Graeei
1605 5154 1708 5226 eloquii
1723 5154 1809 5226 expli-

169 5236 490 5309 Coneertantnr,inquit,
499 5242 523 5290 et
540 5240 697 5306 replantabo
705 5255 746 5292 eos
755 5240 965 5309 (assaturam).
1010 5257 1073 5295 care
1084 5259 1222 5297 sermone.
1236 5242 1363 5297 Habebat
1375 5259 1441 5313 ergo
1452 5243 1547 5298 Titum
1562 5244 1746 5315 interpretem
1756 5244 1810 5298 sie-

169 5326 278 5399 [G1·eg.]
293 5328 395 5396 Magna
409 5326 512 5396 quippe
527 5331 587 5379 arte
607 5326 762 5397 magisterii
786 5327 839 5398 ipsi
855 5335 899 5383 est
911 5333 968 5383 tra·
1010 5335 1043 5383 ut
1056 5336 1084 5383 st
1103 5331 1133 5384 Β.
1150 5331 1251 5386 Petrus
1264 5331 1398 5398 Marcum,
1415 5333 1495 5403 cujus
1515 5333 1697 5402 Euangelium
1724 5333 1808 5387 Petro

170 5415 245 5470 ditus
260 5421 371 5469 coactus
387 5415 417 5468 in
432 5430 553 5485 paenam,
564 5413 609 5467 cui
623 5420 721 5484 sponte
737 5423 780 5470 est
794 5416 967 5472 substractus
1009 5423 1143 5474 narrante
1156 5425 1185 5473 et
1201 5419 1249 5473 illo
1265 5418 1403 5473 scribente
1414 5420 1599 5491 compositum
1614 5427 1667 5475 est.
1679 5420 1808 5492 Denique

170 5503 199 5559 in
213 5501 524 5575 cidpa,utqui1auctor
541 5502 634 5559 fuerat
655 5501 691 5558 ad
711 5504 809 5560 vitium
823 5506 965 5578 nequitiae,
1009 5511 1038 5562 et
1047 5507 1109 5563 dua
1121 5508 1245 5580 epistolae
1256 5525 1318 5580 quae
1332 5508 1462 5564 feruutur
1475 5510 1560 5576 Petri,
1569 5510 1643 5583 style
1653 5510 1730 5567 inter
1738 5525 1769 5565 se
1780 5516 1810 5565 et
