3772 6120
63 344 133 404 issi
341 309 344 315 '
791 353 982 410 nnsronn.
1637 352 1705 413 isra

61 489 77 525 ι
92 487 159 525 curn
174 475 302 525 tentatur
315 471 390 526 dicat
399 471 533 543 quoniam
545 474 629 528 aDeo
640 478 775 529 tentatur.
792 476 866 531 Deus
874 479 899 538 Α
910 477 1036 531 aliudest
1042 478 1155 531 tentari.
1173 479 1245 530 Narn
1260 478 1319 530 sine
1330 478 1486 532 tentatione
1496 478 1630 549 probatus
1644 493 1705 535 esse

61 581 74 610 a
100 560 177 615 enim
202 560 358 614 intentator
372 561 510 615 malorum
525 568 576 627 est,
595 563 654 633 ipse
669 567 763 617 autem
778 565 865 618 nemi·
905 566 999 621 nullus
1008 570 1109 637 potest.
1127 566 1189 619 Non
1200 581 1266 635 ergo
1280 565 1429 620 hieoratur
1439 572 1470 620 ut
1480 583 1536 621 non
1548 571 1701 634 tentemur,

61 668 75 701 a
93 666 160 704 nern
173 653 275 704 tentat.
286 650 483 721 Unusquisque
491 668 556 704 vero
571 653 864 724 tentaturaconcupi-
904 655 953 708 sed
969 660 1069 708 utnon
1090 655 1247 708 inferamur
1261 655 1289 708 in
1304 655 1489 709 tentationem
1504 673 1510 708 ε
1530 660 1665 727 tanquam
1680 657 1703 710 si

62 760 75 791 r
92 739 202 794 scentia
214 754 266 792 sua
280 737 436 793 abstractus
452 739 596 794 etillectus
609 758 614 792 :
625 741 726 795 deinde
736 742 864 813 concupi·
904 743 1053 813 quispiam,
1069 743 1114 798 eui
1129 759 1243 797 necesse
1259 750 1302 798 est
1315 744 1381 814 igne
1393 743 1556 810 examinari,
1573 761 1629 799 non
1644 750 1706 800 oret

60 847 73 878 ι
92 826 201 882 scentia
214 844 278 881 cum
291 828 529 898 conceperitpnrit
546 834 700 900 peecatum,
718 836 862 901 peccatum
904 835 936 884 ut
947 831 1011 900 igne
1022 848 1078 885 non
1086 832 1274 901 contingatur,
1283 832 1330 886 sed
1343 838 1440 887 utnon
1450 839 1591 887 exuratur.
1607 854 1618 883 r
1631 834 1705 888 Vasa

59 935 74 969 e
89 933 157 970 vero
170 933 234 971 curn
250 922 474 971 consummatum
500 917 585 971 luerit
605 926 724 988 generat
743 924 862 974 mormm
906 938 918 969 r
936 919 1010 974 enirn
1021 920 1099 990 liguli
1110 920 1209 992 probat
1221 921 1328 986 fornax,
1339 926 1368 976 et
1379 921 1507 976 homines
1516 924 1706 992 justostenta·

57 1008 129 1075 (loe.
142 1023 160 1072 r,
181 1004 234 1074 13).
251 1024 264 1055 n
283 1005 417 1075 Superius
433 1006 467 1060 de
484 1007 694 1069 tentationibus,
718 1024 787 1079 quas
802 1026 863 1080 per-
906 1008 970 1062 «tio
981 1008 1169 1064 tribulationis
1180 1011 1272 1075 (Ereti.
1292 1027 1375 1073 xxviv,
1386 1010 1424 1077 6).
1445 1031 1456 1062 v
1472 1010 1554 1066 Multi
1564 1017 1659 1067 numm
1675 1011 1704 1065 in

57 1094 192 1149 mittente
203 1093 321 1148 Domino
341 1095 464 1149 exterius
486 1093 621 1166 probandi
634 1097 727 1166 gratia
739 1097 863 1170 perpeti·
903 1098 1043 1169 precando
1055 1098 1095 1152 ita
1106 1097 1211 1153 dicunt:
1220 1099 1261 1153 Ne
1270 1115 1320 1153 nos
1331 1100 1447 1170 patiaris
1465 1100 1558 1154 induci
1570 1100 1598 1154 in
1610 1106 1703 1155 tenta-

59 1199 136 1249 mur,
150 1183 312 1254 disputavit.
334 1184 414 1237 Nune
423 1184 521 1255 incipit
538 1201 621 1255 agere
631 1186 728 1239 deillis
738 1202 808 1258 quas
823 1187 864 1240 in·
903 1187 1020 1252 tionem,
1033 1192 1202 1259 exponentes
1212 1187 1703 1258 videlicetquornododieturnsitia-

58 1272 151 1328 terius
165 1272 319 1342 instigante
335 1271 455 1337 diabolo,
472 1274 513 1327 vel
529 1274 614 1328 etiarn
630 1280 738 1330 nature
760 1280 863 1331 nostrae
903 1276 997 1330 ducor.
1010 1277 1103 1344 (Cypr.
1120 1277 1151 1330 de
1166 1280 1290 1330 oratione
1304 1279 1468 1345 dominico).
1483 1296 1496 1328 o
1510 1278 1608 1342 Quain
1623 1284 1704 1349 parte

58 1360 214 1432 hngilitate
229 1362 375 1427 suadente,
392 1362 558 1417 toleramus.
573 1362 626 1418 Ubi
647 1364 738 1435 primo
751 1364 862 1421 illorum
904 1365 1064 1419 ostenditur
1078 1364 1149 1418 nihil
1159 1371 1257 1419 contra
1268 1382 1320 1419 nos
1335 1366 1526 1420 adversarium
1542 1384 1632 1438 posse,
1649 1367 1703 1422 nisi

57 1449 183 1505 destruit
192 1450 385 1520 errorern,qui
401 1451 474 1504 sieut
484 1450 790 1522 bonascogitationesa
804 1455 862 1508 Deo
903 1454 979 1507 Deus
990 1460 1055 1507 ante
1070 1453 1242 1524 permiserit:
1259 1460 1290 1508 ut
1305 1454 1396 1508 omnis
1411 1455 1610 1522 tirnornoster,
1622 1456 1705 1511 etde·

57 1538 141 1594 nobis
156 1544 266 1593 constat
289 1539 430 1610 inspirari,
447 1539 488 1593 ita
503 1540 590 1594 etiam
606 1542 694 1596 malas
707 1542 767 1612 ipso
784 1543 863 1598 insti·
903 1542 1278 1613 votio,atqueobservatioad
1291 1543 1380 1597 Deum
1392 1549 1578 1607 eonvertatur,
1592 1546 1704 1616 quando

55 1633 146 1700 gente
158 1632 361 1699 putantnostra
371 1629 400 1682 in
413 1633 508 1683 mente
516 1630 658 1700 generari.
672 1647 685 1682 a
698 1632 785 1685 Neuro
797 1648 863 1702 ergo
904 1629 933 1684 in
947 1630 1150 1685 tentationibus
1165 1631 1269 1686 nostris
1285 1631 1353 1685 nihil
1369 1633 1443 1686 malo
1458 1632 1541 1687 liceat
1555 1632 1607 1687 nisi
1624 1640 1704 1704 pete-

57 1733 125 1772 cum
148 1722 275 1771 tentatur
288 1717 364 1772 dicat
377 1717 509 1789 qnoniam
525 1735 543 1772 a
557 1719 614 1772 Deo
629 1723 765 1782 tentatur,
784 1740 796 1771 n
814 1721 863 1776 illa
904 1724 964 1773 stas
976 1718 1042 1773 inde
1057 1719 1208 1774 tribuatur.
1229 1739 1240 1770 x
1257 1720 1335 1784 Quod
1353 1726 1447 1775 autem
1462 1721 1509 1775 ille
1528 1721 1704 1778 corbeiensis

57 1805 190 1861 videlieet
199 1806 364 1873 tentatione,
377 1823 432 1878 qua
442 1807 517 1861 dives
536 1807 666 1862 incedens
676 1808 706 1862 in
713 1808 862 1865 itineribus
874 1821 894 1877 ῃ
904 1808 1057 1862 monachus
1068 1809 1097 1862 in
1108 1809 1285 1878 epistolasua
1298 1810 1468 1880 vituperavit
1481 1827 1541 1876 nos,
1558 1828 1614 1866 non
1629 1818 1705 1868 recte

57 1895 119 1951 suis
132 1895 289 1960 marcescit,
302 1895 393 1961 idest,
412 1912 495 1951 nerno
515 1913 579 1950 cum
590 1896 728 1968 rapinam,
744 1897 861 1966 furtum,
903 1896 1043 1966 Fulgentii
1054 1897 1222 1951 sententiam
1235 1899 1396 1969 exposuisse
1415 1898 1562 1955 scribendo
1577 1901 1612 1954 de
1627 1899 1703 1956 vobis

56 1982 163 2040 falsum
171 1984 375 2051 testimonium,
387 1984 580 2051 homicidium,
592 1991 731 2057 stuprum,
756 1988 799 2041 vel
813 2004 864 2042 cae-
903 1986 938 2039 ad
952 1985 1073 2040 amicum
1089 2001 1172 2040 suum
1185 1986 1225 2040 ita
1237 1985 1332 2040 dicens
1345 2005 1350 2039 ε
1363 1988 1436 2041 Nam
1452 1986 1525 2058 quod
1548 1988 1589 2042 nit
1602 1987 1704 2044 dixisse

55 2077 120 2128 tera
132 2073 295 2143 hujusmodi
315 2073 499 2140 commiserit,
512 2074 588 2128 dicat
602 2075 736 2145 quoniam
749 2076 807 2131 Deo
819 2093 863 2131 co·
905 2074 1094 2145 Lulgentium,
1113 2091 1126 2127 r
1142 2075 1310 2146 praeparavit
1328 2075 1402 2129 Deus
1421 2076 1510 2130 malos
1536 2077 1570 2130 ad
1599 2076 1703 2132 luenda

55 2167 143 2233 gente
153 2178 267 2217 necesse
279 2161 410 2217 habuerit
421 2163 481 2218 haec
491 2167 613 2235 patrare,
626 2164 688 2218 ideo
701 2165 862 2221 nullatenus
902 2163 1070 2235 suppliciam
1082 2180 1134 2235 pro
1145 2179 1178 2217 eo
1190 2164 1263 2233 quod
1275 2169 1338 2218 est«
1361 2165 1512 2235 praeparari
1532 2165 1669 2236 permisit,
1685 2185 1700 2219 n

57 2250 163 2306 horum
177 2251 308 2305 ellectum
321 2251 462 2306 declinare
471 2253 633 2323 potuerit.‘x
649 2254 724 2308 Deus
735 2255 809 2308 enirn
821 2255 862 2309 in·
901 2252 1010 2307 invenit
1020 2252 1094 2324 quod
1105 2252 1220 2318 diceret,
1232 2269 1288 2307 nen
1299 2269 1362 2307 vero
1372 2253 1441 2307 dixit
1458 2254 1531 2324 quod
1541 2253 1656 2308 debuit:
1673 2259 1702 2309 et

56 2343 184 2394 tentator
195 2339 332 2393 malorum
343 2344 395 2404 est,
407 2360 418 2391 e
431 2339 599 2396 subauditur
609 2346 847 2398 tentamentorum
901 2358 950 2396 vos
965 2342 1095 2396 seductos
1111 2358 1171 2396 esse
1181 2343 1283 2396 asserit
1293 2342 1365 2413 stylo
1376 2342 1523 2412 cujusdam
1543 2342 1639 2409 libelli,
1652 2343 1700 2414 qui

59 2448 71 2479 ι
87 2427 685 2500 lpseenimneminemtentat,reavidelicet
693 2432 859 2499 tentatione,
903 2431 993 2485 fertur
1008 2448 1069 2485 esse
1081 2431 1255 2503 Hieronymi,
1271 2432 1305 2485 de
1321 2431 1502 2486 lnduratione
1516 2431 1607 2485 cordis
1625 2432 1700 2486 Pha-

57 2532 121 2589 quae
142 2517 247 2589 deripit
259 2517 377 2572 miseros
400 2523 434 2572 ut
447 2525 573 2590 pereant.
590 2520 696 2591 Duplex
710 2526 752 2574 est
766 2526 860 2576 autem
901 2520 1045 2584 raonis,ut
1053 2519 1184 2575 diceretis
1194 2537 1248 2574 non
1262 2520 1350 2574 Deum
1362 2519 1508 2574 indurasse
1518 2537 1566 2574 eor
1578 2521 1700 2575 Pharao·

56 2620 149 2677 genus
163 2607 347 2661 tentationis:
367 2624 455 2662 unum
472 2609 546 2679 quod
566 2608 679 2681 decipit,
695 2610 769 2664 aliud
786 2611 860 2681 quod
901 2609 954 2671 nis,
978 2609 1027 2663 sed
1049 2608 1174 2663 indurari
1201 2608 1369 2680 permisisse,
1385 2626 1440 2664 non
1455 2615 1591 2663 necteres
1606 2626 1697 2680 repre*

60 2694 171 2767 probat.
188 2695 347 2751 Secundum
360 2696 411 2751 hoo
422 2697 496 2768 quod
505 2696 618 2769 decipit.
631 2698 705 2753 lleus
720 2699 861 2756 neminem
901 2698 1023 2768 pendere
1041 2697 1110 2752 mihi
1124 2697 1252 2752 videtur:
1268 2697 1336 2768 quia
1358 2714 1413 2751 non
1441 2698 1516 2752 Deus
1529 2700 1695 2770 cujusquam

59 2788 171 2839 tentat:
186 2785 340 2840 secundum
356 2786 424 2840 illud
440 2786 514 2857 quod
528 2786 637 2858 probat,
655 2788 729 2843 lleus
743 2791 861 2844 tentavit
900 2802 948 2840 cor
961 2802 1013 2840 sua
1024 2785 1144 2840 factione
1159 2786 1282 2851 indurat,
1299 2792 1331 2840 ut
1352 2786 1532 2856 semetipsum
1555 2787 1639 2840 homo
1662 2787 1697 2841 ab

57 2871 269 2939 Abraham3de
284 2891 339 2945 quo
358 2880 387 2929 et
399 2876 540 2946 Propheta
554 2877 697 2947 postulat:
726 2897 738 2929 ι
768 2878 860 2935 Proba
900 2891 995 2929 errore
1013 2891 1070 2929 non
1086 2875 1217 2946 corrigat,
1230 2875 1278 2930 sed
1288 2874 1479 2945 justoJudicio
1495 2875 1621 2930 indurari
1635 2893 1697 2947 per·

57 2978 113 3028 me,
128 2962 258 3031 Domine,
274 2969 304 3017 et
314 2969 393 3018 tenta
408 2981 452 3018 me
473 2981 486 3017 r
504 2967 585 3030 (Ptol.
605 2982 667 3028 xxv,
683 2965 722 3035 2).
741 2987 751 3018 r
769 2968 859 3023 Unus·
899 2963 996 3032 mittit,
1022 2970 1072 3018 aut
1095 2965 1209 3036 propria
1236 2964 1369 3035 nequitia,
1386 2968 1435 3018 aut
1448 2963 1552 3018 diaboli
1576 2964 1694 3019 malitia.

58 3051 178 3123 quisque
190 3069 256 3107 vero
271 3058 398 3107 tentatur
411 3070 429 3107 a
440 3054 663 3126 concupiscentia
686 3072 737 3110 sna
751 3056 857 3111 abstra-
899 3053 978 3118 Quod
1000 3052 1155 3108 manifestis
1169 3053 1280 3107 indiciis
1294 3052 1404 3124 probari
1417 3057 1518 3125 potest.
1536 3054 1609 3108 Nam
1623 3054 1694 3108 Pau·

57 3146 121 3196 ctus
134 3147 164 3195 et
187 3141 306 3207 illectus,
334 3160 348 3195 n
372 3142 528 3197 abstractus
544 3143 671 3198 videlicet
684 3162 701 3197 a
717 3149 792 3199 recto
811 3124 887 3200 iti·G
898 3142 942 3195 lus
957 3142 1109 3212 apostolus,
1125 3158 1189 3196 curn
1204 3142 1233 3194 in
1247 3141 1371 3211 Epistola
1389 3157 1441 3195 sua
1455 3141 1490 3194 ad
1505 3141 1646 3196 Romanos
1661 3142 1696 3196 de

57 3246 136 3296 nere,
146 3231 292 3285 etillectus
301 3231 329 3285 in
338 3232 453 3285 malum.
469 3233 569 3286 Dehoc
580 3249 661 3287 versu
669 3234 856 3306 Hieronymus
900 3230 1048 3285 Pharaone
1056 3230 1228 3285 mentionem
1243 3229 1398 3295 habuisset,
1410 3230 1451 3284 ita
1462 3229 1565 3298 adjecit
1578 3230 1692 3284 dicens:

56 3325 156 3375 contm
170 3320 349 3375 Iovinianum
361 3321 430 3383 (Lib.
442 3337 468 3388 n,
480 3322 529 3375 suh
542 3324 670 3391 initium)
684 3341 689 3375 :
709 3342 722 3373 x
739 3324 818 3378 Sicut
827 3324 856 3379 in
901 3338 914 3367 ο
928 3319 1082 3373 Dicitenirn
1096 3319 1241 3390 Scriptura
1250 3318 1401 3383 Pharaoni,
1414 3319 1486 3382 Quia
1499 3319 1534 3371 ad
1545 3318 1693 3389 hooipsum

57 3407 147 3475 bonis,
165 3408 267 3480 inquit,
283 3408 416 3480 operibus
432 3409 572 3480 perfector
584 3415 627 3464 est
641 3411 725 3477 Deus,
741 3417 856 3467 nonest
898 3430 910 3454 t
927 3408 1042 3462 excitavi
1058 3413 1086 3461 te
1107 3413 1139 3461 ut
1153 3408 1300 3462 ostendam
1314 3407 1342 3460 in
1357 3412 1385 3460 te
1399 3407 1531 3461 virtutem
1546 3423 1647 3467 meam,
1666 3411 1695 3460 et

55 3495 133 3551 enim
147 3496 276 3563 volentis,
293 3513 383 3567 neque
396 3496 544 3564 currentis,
556 3497 604 3551 scd
618 3498 669 3552 Dei
684 3499 852 3560 miserentis,
898 3517 907 3547 ι
922 3494 1691 3557 utannuntieturnomonmeuminuniversaterratliom.

55 3585 265 3657 &adjuvantis
281 3592 313 3639 ut
326 3586 471 3656 pervenire
482 3587 626 3641 valeamus
640 3587 675 3640 ad
689 3587 803 3653 caleem;
815 3588 854 3642 sie
895 3601 933 3651 rx,
954 3583 994 3652 tl)
1007 3606 1019 3635 n
1031 3586 1118 3652 (Oriq.
1135 3588 1166 3638 in
1180 3585 1309 3652 Eptvtod
1322 3586 1410 3645 Rom,
1423 3600 1445 3636 c.
1456 3583 1494 3648 9).
1511 3601 1524 3635 o
1541 3583 1611 3637 Vide
1617 3582 1693 3638 enirn

53 3674 82 3730 in
99 3673 183 3728 rnalis
197 3679 282 3746 atque
302 3675 431 3746 peccatis,
452 3675 561 3729 semina
571 3681 668 3729 nostra
681 3681 748 3730 sunt
757 3675 853 3730 incen·
894 3672 961 3744 quia
975 3689 1030 3727 non
1043 3673 1121 3733 dixit.
1138 3672 1173 3727 ad
1184 3673 1237 3726 hoc
1246 3672 1338 3744 ipsum
1348 3679 1376 3725 te
1387 3670 1448 3738 feci,
1464 3670 1570 3742 alioqui
1579 3671 1614 3726 ad
1628 3687 1692 3726 con-

53 3763 112 3821 tire
122 3768 153 3818 et
164 3763 297 3835 perfectio
316 3763 429 3829 diaboli,
440 3780 504 3818 cum
520 3763 620 3817 vident
629 3781 680 3818 nos
694 3780 779 3836 super
792 3764 854 3819 fun·
893 3763 1014 3817 ditarem
1024 3761 1122 3816 referri
1136 3761 1219 3832 culpa
1235 3761 1389 3815 videretur:
1404 3760 1452 3815 sed
1467 3759 1516 3825 ait,
1533 3760 1568 3815 ad
1579 3760 1641 3825 ‚hoe
1651 3760 1692 3833 ip·

51 3853 219 3908 dementum
227 3852 329 3907 Christi
336 3852 487 3908 aedificasse
497 3853 602 3919 fennrn,
611 3853 696 3924 ligna,
709 3854 851 3925 stipulam,
893 3856 998 3905 sumta
1013 3850 1153 3916 suscitavi,
1170 3855 1202 3904 ut
1216 3866 1266 3922 per
1281 3849 1367 3903 animi
1381 3848 1423 3903 tui
1442 3848 1588 3916 malitiam,
1606 3865 1690 3920 quam

51 3947 120 3999 tunc
133 3942 267 4013 supponit
282 3942 453 3997 incendium.
474 3963 485 3994 v
503 3943 594 4013 Igitur
613 3960 670 3998 non
685 3947 728 3997 est
741 3960 853 4015 aequum
892 3938 943 3994 tibi
955 3939 1089 3994 infrunite
1104 3943 1133 3993 et
1145 3938 1206 3993 sine
1221 3939 1272 3993 Dei
1282 3939 1383 3993 timore
1397 3938 1514 3992 vivendo
1525 3938 1693 4009 quaesistiet

52 4036 86 4087 ut
100 4031 278 4086 salvatorem
295 4036 423 4084 nostrum
444 4031 611 4102 perditionis
625 4037 727 4087 nostra*
742 4049 852 4087 assera·
891 4029 920 4083 in
936 4029 1006 4083 alios
1019 4028 1160 4099 irrogetur
1170 4027 1249 4082 utilis
1264 4044 1296 4082 ac
1309 4027 1453 4082 fructuosa
1460 4027 1608 4099 correptio,
1626 4028 1691 4082 etin

49 4136 114 4176 mus
128 4125 283 4186 auctorem,
300 4120 348 4173 sed
365 4126 396 4174 ut
411 4119 620 4174 misericordem
644 4127 753 4192 patrem
777 4138 852 4176 ame-
891 4118 1012 4188 teipsum
1019 4117 1053 4171 ad
1063 4116 1401 4188 posteritatisexemplum
1409 4117 1613 4171 famosissimus
1623 4133 1691 4172 con-

49 4226 124 4275 mus,
136 4213 166 4263 et
176 4209 287 4279 justum
298 4208 422 4279 judicem
443 4208 602 4275 timeamus,
619 4210 767 4281 ipsumque
782 4211 851 4265 assi·
890 4205 998 4261 feratur
1010 4206 1150 4261 interitus.
1168 4225 1181 4258 n
1199 4207 1226 4272 (A
1233 4209 1331 4260 nebrot.
1344 4209 1376 4260 in
1391 4209 1476 4275 Epist,
1492 4207 1529 4259 ad
1543 4208 1689 4275 limacem.

47 4296 105 4352 due
119 4298 313 4369 deprecemur,
329 4303 362 4352 ut
375 4303 456 4351 eruat
471 4314 522 4351 nos
537 4315 554 4351 a
570 4299 660 4373 malis.
678 4304 706 4353 et
720 4299 852 4354 desendet
892 4293 933 4365 tl.)
952 4315 962 4345 ι
980 4295 1023 4349 Ad
1032 4295 1166 4350 hocenim
1180 4301 1307 4350 servatus
1322 4301 1365 4350 est
1374 4295 1493 4360 Priamo.
1506 4300 1538 4348 ut
1551 4294 1640 4348 multa
1655 4295 1692 4348 Si·

47 4384 85 4442 ab
97 4384 228 4440 omnibus
243 4385 372 4440 inimicis.
384 4386 472 4450 Qniin
487 4388 613 4441 oratione
629 4388 784 4454 Dominica‚
792 4390 852 4458 jus·
891 4400 948 4453 gna
959 4389 987 4437 et
1001 4384 1090 4456 plagae
1103 4384 1354 4439 ostenderenturin
1369 4383 1447 4437 illurn
1460 4383 1539 4453 quasi
1544 4383 1602 4452 jam
1613 4398 1690 4436 mor-

46 4475 87 4531 sit
102 4475 216 4529 Patrem
230 4475 371 4529 ooelestern
396 4491 445 4529 nos
461 4482 565 4546 petere,
587 4481 618 4530 ut
632 4477 758 4530 dimittat
773 4477 852 4532 nobis
862 4476 983 4564 Dtuurn.
1001 4473 1158 4527 Suscitatus
1173 4478 1267 4526 autern
1282 4472 1373 4525 dictus
1388 4477 1440 4535 est,
1456 4471 1522 4542 quia
1536 4487 1599 4525 cum
1616 4471 1691 4541 apud

47 4562 146 4619 debita
160 4568 265 4629 nostra,
283 4564 356 4618 sicut
369 4569 398 4617 et
416 4580 467 4618 nos
489 4564 657 4619 dimittimus
676 4564 849 4620 debitoribus
890 4562 977 4615 Deum
994 4567 1122 4615 mortuus
1132 4567 1214 4626 esset,
1227 4561 1368 4614 modicum
1380 4565 1490 4630 tempus
1499 4559 1642 4631 accepitut
1653 4560 1691 4613 vi-

45 4652 162 4717 nostris,
176 4656 204 4706 et
214 4669 249 4706 ne
259 4652 431 4706 nosinducat
446 4653 677 4719 intentationem,
690 4655 739 4708 sed
750 4642 849 4709 liberet
888 4666 952 4703 vere
967 4649 1110 4703 videretur
1125 4668 1130 4702 :
1161 4654 1193 4703 ut
1208 4656 1282 4703 esset
1299 4649 1334 4702 ed
1349 4650 1429 4719 cujus
1444 4665 1555 4719 parumn
1571 4649 1691 4703 etruria

45 4757 99 4796 nos
113 4756 132 4795 a
146 4741 231 4796 malo.
254 4742 315 4796 Non
330 4742 406 4796 enim
421 4741 536 4797 inducet
553 4758 603 4796 nos
618 4743 646 4795 in
662 4743 846 4797 tentationem
888 4742 1093 4793 tormentorum
1102 4754 1302 4809 gencrausque
1311 4738 1344 4791 ad
1352 4745 1471 4791 mortem
1479 4738 1686 4808 ingererentur,

45 4846 195 4903 perquam
205 4829 388 4901 decipiamur,
401 4832 448 4885 sed
460 4832 512 4885 hoo
518 4831 640 4902 petimus
650 4848 742 4887 nenos
753 4832 846 4887 induci
888 4833 918 4881 et
929 4844 1028 4882 ornnes
1040 4826 1087 4898 qni
1105 4827 1165 4881 sine
1173 4827 1231 4881 Deo
1244 4832 1333 4892 erant,
1346 4827 1411 4880 inde
1420 4827 1606 4893 motuterriti,
1614 4827 1688 4881 hunc

43 4918 194 4993 permittat
206 4919 237 4974 in
250 4919 435 4975 tentationem
451 4921 572 4984 noxiam,
585 4938 635 4991 per
645 4938 729 4992 (quarn
740 4921 847 4975 incida·
887 4917 977 4970 solrmr
993 4917 1081 4970 Deum
1092 4933 1153 4970 esse
1162 4932 1225 4970 cunr
1239 4913 1425 4969 admiratione
1437 4915 1559 4969 maxima
1568 4913 1687 4969 fateren-

43 5024 110 5063 mus
122 5008 152 5062 in
166 5012 345 5080 peccatorum
357 5009 469 5064 ruinam
482 5028 489 5069 ;
502 5009 569 5080 quin
583 5009 675 5080 potius
686 5010 785 5064 liberet
796 5027 847 5065 nos
888 5010 943 5070 tur,
953 5021 970 5058 a
980 5004 1084 5075 quohae
1098 5005 1226 5059 vindicte
1241 5010 1316 5058 sunt.
1329 5005 1386 5058 lloc
1397 5004 1482 5057 etiarn
1494 5019 1596 5073 genere
1616 5003 1688 5058 anti·

43 5108 62 5147 a
75 5091 161 5158 melo,
174 5092 227 5146 hoc
237 5091 409 5158 estdiabolo,
427 5098 456 5147 et
467 5091 501 5146 ab
512 5099 616 5147 aeterno
627 5093 743 5148 interitu
758 5094 839 5163 (neq.
887 5093 935 5165 qui
949 5094 1051 5147 medici
1066 5093 1096 5147 in
1114 5093 1275 5148 hominibus
1291 5098 1381 5147 rnorte
1405 5092 1505 5164 dignis,
1528 5092 1570 5146 rel
1585 5093 1685 5147 mortis

42 5182 76 5236 de
87 5179 220 5235 Sermone
236 5183 349 5236 deretini
356 5185 387 5235 in
402 5183 557 5247 attentant.
571 5183 713 5253 u,rap.il).
729 5184 845 5253 olgitur
886 5183 1054 5237 sententiam
1063 5183 1228 5247 consecutis,
1238 5181 1564 5253 requirebantquomodo
1572 5182 1685 5252 prodes·

44 5285 102 5324 non
115 5285 167 5341 per
180 5270 304 5340 seipsum
320 5271 427 5325 inducit
448 5271 533 5336 Deus,
558 5271 606 5324 sed
632 5271 724 5325 induci
739 5273 845 5343 patitur
885 5271 1686 5342 sentvivis,quaeinhominelatebantapertisuthiscogno·

42 5375 121 5422 eum,
139 5375 224 5429 quern
239 5375 289 5413 suo
303 5359 405 5414 auxilio
419 5360 585 5423 deseruerit,
602 5361 699 5414 ordine
720 5361 845 5415 occultis·
885 5365 996 5414 seerent
1009 5377 1109 5415 sarisas
1121 5360 1303 5431 aegritudinis,
1316 5366 1435 5430 utpoena
1445 5360 1591 5414 morientis
1603 5362 1686 5431 proli-

43 5449 117 5504 simo
137 5449 299 5502 armentis.
316 5449 414 5503 Causis
424 5449 510 5503 etiarn
525 5466 598 5520 saepe
618 5449 782 5513 manifestis,
800 5451 843 5502 di·
885 5449 1585 5516 ceretadsalutemviventisstlnpust.irtdpistad
1595 5451 1682 5517 lione,

40 5553 131 5611 gnum
140 5537 249 5607 judicat
260 5538 339 5592 illurn
350 5554 432 5609 quern
447 5538 567 5603 deserat,
581 5544 608 5592 et
623 5539 844 5601 intentationem
884 5556 907 5591 c.
927 5538 978 5606 lt.)
997 5538 1104 5602 «Quod
1120 5554 1186 5608 ergo
1198 5538 1256 5608 jam
1272 5538 1381 5591 Pharao
1402 5554 1458 5592 non
1473 5536 1685 5609 obtemperabat

41 5627 139 5684 induci
149 5627 376 5683 sinat.Aliudest
386 5635 481 5683 autem
493 5628 587 5682 induci
605 5630 632 5681 in
648 5626 841 5695 tentationem,
885 5627 1030 5698 preceptis
1040 5627 1101 5688 Dei,
1112 5627 1358 5698 jamdesupplieio
1372 5626 1507 5681 veniebat.
1520 5628 1684 5682 Nenautem
