3772 6120
98 275 152 332 217
328 275 616 334 ENARRATIONUM
634 279 674 334 IN
692 279 769 335 ΕΡΡ.
790 278 897 334 PAULI
916 278 984 333 LlB.
1005 279 1162 335 xlia-liv
1182 279 1292 335 uniar.
1312 278 1339 335 11
1358 278 1406 333 AD
1426 278 1506 334 COR.
1681 279 1735 335 tit

97 417 183 456 seam.
199 403 282 457 Nunc
296 403 438 474 significat
456 403 523 474 quia
541 405 670 476 superius
684 421 714 458 se
730 403 897 469 humiliavit,
907 402 1008 463 Adicit
1021 407 1168 474 potestate,
1183 409 1289 473 quanta
1297 419 1429 457 concessa
1438 403 1528 460 catab
1542 411 1666 470 auctore,
1682 402 1734 460 ned
1779 420 1783 429 ·

98 490 167 560 ipsis
183 509 213 546 se
229 493 430 563 comparando,
440 509 504 545 curn
519 493 543 546 si
558 509 588 546 se
607 494 706 563 erigat,
726 510 782 546 nou
796 492 897 546 erube·
938 509 1099 546 mensuram
1106 493 1200 561 egredi
1212 492 1284 557 vult3
1296 492 1399 546 idcirco
1413 508 1470 546 uon
1485 493 1613 563 superba,
1630 493 1731 564 inquit,

95 585 157 633 scat
172 581 240 650 quia
251 597 269 634 a
282 580 404 636 Domino
419 581 524 652 accepit
538 587 706 652 potestatem
717 581 894 652 praedicandi,
938 581 992 634 crit
1004 581 1095 650 gloria
1110 588 1215 647 nostra,
1232 582 1343 651 quando
1360 598 1415 635 non
1425 581 1568 651 egreditur
1582 583 1734 639 terminum

95 676 127 720 ut
141 669 241 735 salvet,
256 686 315 723 non
327 675 359 722 ut
373 669 473 741 perdat
492 669 685 724 obaudientes.
699 671 729 725 Si
751 687 817 740 ergo
840 670 894 735 hic,
937 669 1008 723 datae
1023 669 1178 740 potestatis.
1192 669 1316 723 Gloriam
1331 686 1381 740 pro
1390 670 1556 724 auctun'tate
1564 670 1666 742 posuit,
1679 688 1735 741 qua

94 757 143 826 qui
158 758 309 812 aDomino
320 758 423 812 missus
436 765 488 825 est,
500 759 617 814 inclinat
628 777 657 814 se
674 768 703 814 et
711 765 856 830 comparat
866 776 896 813 se
937 759 1069 813 utebatur
1093 760 1121 812 iii
1144 758 1366 829 correptionibus
1387 765 1574 829 peccatorum,
1595 766 1627 812 ut
1644 759 1734 815 salvos

93 845 287 914 inferioribus,
317 851 422 919 quanto
440 848 529 918 magis
558 849 587 902 hi
611 850 659 920 qui
683 849 788 903 nullius
816 856 897 903 erant
937 849 1107 914 cosmocrat,
1118 863 1169 902 nec
1179 853 1275 901 tamen
1289 864 1318 900 se
1345 847 1459 918 gloriari
1475 846 1543 901 dicit
1557 847 1734 903 inextolleii·

93 936 263 1003 testimonii,
278 953 442 1007 comparare
452 953 482 990 se
501 953 557 991 non
577 937 720 1004 deberent,
733 954 788 991 non
803 938 895 991 dicam
937 937 976 991 tia
987 936 1142 1009 potcstatis,
1154 937 1203 990 sed
1218 936 1477 990 adedisicationein
1487 936 1599 990 illorum
1616 956 1621 989 :
1639 943 1733 995 osten·

95 1026 228 1092 praeferre
237 1025 895 1096 maioribus?b'tuatemnonemstirucrtanqaam
936 1027 978 1080 dit
994 1027 1068 1080 enim
1083 1031 1259 1097 potestatem,
1277 1026 1311 1078 de
1326 1042 1382 1095 qua
1405 1025 1427 1078 si
1443 1025 1557 1094 gloriari
1568 1026 1661 1091 vellet,
1678 1042 1734 1079 uon
1795 1074 1798 1079 .

94 1120 200 1171 terrere
215 1131 259 1167 uos
271 1130 320 1183 per
347 1117 482 1183 epistolas.
509 1116 560 1170 Ille
574 1121 667 1186 potest
687 1115 774 1170 videri
788 1123 895 1170 tenere
937 1117 1015 1170 illuin
1039 1115 1166 1186 puderet,
1188 1115 1254 1185 quia
1278 1114 1345 1168 data
1368 1120 1410 1168 est
1428 1114 1468 1167 illi
1490 1131 1507 1168 a
1528 1115 1656 1168 Domino.
1679 1115 1734 1170 Sed

94 1218 146 1272 per
152 1203 299 1273 epistolas,
310 1204 358 1275 qui
373 1221 464 1276 neque
474 1205 648 1260 auctoritatis
658 1206 776 1276 aliquus
786 1211 838 1269 est,
849 1221 897 1259 ne-
937 1206 982 1259 bic
996 1204 1035 1258 sic
1050 1204 1098 1257 illa
1111 1204 1208 1268 utitur,
1228 1210 1259 1256 ut
1274 1220 1330 1256 non
1344 1203 1482 1273 glorietur
1496 1203 1549 1256 nisi
1564 1203 1593 1257 iu
1607 1203 1734 1274 prosectu

94 1308 150 1361 que
165 1308 291 1363 presens
301 1293 432 1348 liduciam
441 1293 526 1349 habet
534 1295 680 1365 arguendi,
692 1293 792 1348 absens
802 1300 896 1349 autem
937 1295 1120 1354 credentium,
1136 1293 1621 1363 corripiensconstantervitiosos,ut
1633 1292 1734 1363 glorie·

94 1380 159 1434 ideo
174 1381 342 1452 audet‚quia
356 1400 478 1454 praesens
496 1384 586 1437 timet.
599 1384 733 1453 Epistola,
750 1387 894 1452 inquiunt,
937 1383 1117 1437 turinsalute
1128 1381 1583 1451 illorum,utpotestasdatasaluti
1593 1381 1731 1452 proficiat,

93 1473 395 1539 oraressantetsortas,
402 1476 646 1540 praecollocatam
653 1475 895 1541 corperisirifirrnu
937 1488 993 1526 non
1007 1471 1130 1525 elationi.
1143 1470 1252 1540 Duplici
1259 1470 1455 1540 igiturgenere
1471 1486 1527 1523 non
1541 1469 1606 1523 seiri
1617 1470 1733 1524 immen-

93 1566 118 1611 ιε
133 1575 225 1611 serum
237 1563 458 1629 contemptibilis,
475 1563 523 1615 boc
532 1565 627 1628 sopitat
636 1564 686 1629 qai
699 1563 834 1630 ejusmodi
846 1567 891 1625 est,
936 1577 999 1615 sum
1013 1559 1128 1630 gloriari
1142 1564 1272 1625 testatur,
1284 1564 1312 1612 et
1327 1560 1394 1629 quia
1408 1559 1562 1613 secundum
1576 1559 1671 1612 datam
1685 1575 1734 1630 po·

92 1651 161 1715 qaia
173 1651 270 1716 quales
285 1665 382 1702 sanem
393 1650 472 1703 serbo
483 1665 533 1717 per
542 1653 668 1717 apestolus
681 1651 812 1713 absentes,
829 1654 895 1704 tutes
935 1648 1229 1714 testatem,sicutdixit
1235 1653 1263 1702 et
1269 1648 1396 1718 quianon
1404 1649 1477 1702 ultra
1483 1647 1733 1718 quampredieatio

91 1741 275 1805 representes
290 1740 322 1790 iri
336 1740 417 1804 facto.
437 1738 501 1792 ldeo
517 1755 572 1793 noii
587 1755 617 1792 se
628 1738 714 1792 alium
724 1754 784 1792 esse
796 1719 997 1809 absen-BcJ'us
1016 1737 1192 1809 personabat,
1210 1736 1367 1790 vindicabat
1386 1736 1437 1790 sibi
1459 1737 1663 1790 auctoritatem.
1693 1737 1733 1790 lle

90 1832 253 1896 tamquam
274 1842 397 1897 presens
412 1832 463 1891 est,
475 1827 583 1897 probat,
602 1829 667 1898 quia
682 1844 739 1881 non
754 1833 894 1898 eratpiaa
934 1828 978 1882 his
992 1827 1066 1880 enini
1091 1826 1248 1880 considebat
1275 1843 1345 1896 quos
1364 1826 1422 1897 ipsc
1445 1827 1611 1879 laudaverat
1630 1826 1659 1879 in
1679 1825 1733 1880 lldo

89 1921 258 1985 sumptor,a
272 1914 391 1969 Domino
401 1915 477 1970 enim
486 1923 631 1988 acceperat
645 1922 830 1988 potestatem:
848 1918 892 1971 cui
936 1917 1053 1983 Christi3
1070 1916 1205 1986 partitum
1221 1915 1295 1969 cnim
1306 1914 1373 1968 dicit
1386 1914 1537 1985 unicuique
1556 1914 1591 1968 ad
1614 1931 1683 1984 quos
1703 1915 1731 1969 in

87 2005 164 2057 enim
181 2021 239 2059 noii
265 2010 309 2058 est
324 2005 391 2058 data
414 2010 538 2075 potestas
552 2005 652 2059 absens
671 2011 764 2076 potest
777 2006 891 2074 audere,
935 2005 1132 2077 praedicatione
1146 2003 1364 2073 diiigei·etur,ut
1378 2003 1480 2074 singuli
1490 2003 1597 2074 aliquas
1607 2003 1732 2058 civitates
1783 1997 1789 2005 ’

88 2110 214 2163 praeseus
224 2099 321 2147 autem
327 2094 462 2164 pudorem
472 2095 588 2166 patitur.
600 2094 666 2148 Ideo
676 2095 825 2164 Apostolus
835 2111 890 2150 non
934 2095 1062 2167 proprias
1071 2093 1216 2158 haberent,
1234 2093 1268 2146 de
1280 2109 1399 2163 quoruin
1410 2093 1465 2146 tide
1474 2092 1673 2162 gloriarentur.
1681 2093 1732 2146 Ilei

88 2181 233 2236 embescit
246 2182 314 2236 duni
328 2183 453 2253 corripit,
470 2183 536 2253 quia
555 2183 657 2236 fiducia
677 2183 824 2253 potestatis
840 2183 892 2238 boe
935 2183 1010 2236 cniiii
1023 2189 1094 2237 nutu
1105 2181 1302 2236 Macedonibus
1317 2181 1468 2251 praedicare
1478 2181 1628 2234 advocatus
1638 2179 1732 2233 estliic

89 2271 157 2340 agit.
169 2271 238 2325 Haec
248 2276 364 2341 propter
374 2271 425 2324 lios
435 2271 560 2343 loquitur
573 2271 620 2342 qui
631 2287 687 2325 non
701 2272 779 2325 missi
794 2273 893 2342 praedi·
934 2273 1092 2343 Apostolua
1105 2277 1133 2324 et
1150 2277 1181 2324 ut
1196 2269 1347 2324 Corinthiis
1363 2269 1566 2339 evangelizaret
1582 2286 1599 2322 a
1613 2269 1732 2322 Domino

89 2361 193 2413 cabant
200 2360 349 2414 adulantes
361 2360 539 2430 quiaseipsos
548 2360 742 2414 commendare
753 2360 890 2415 velebant.
934 2360 1058 2416 monitus
1073 2367 1124 2413 cst.
1138 2359 1188 2413 llis
1198 2375 1264 2428 crgo
1282 2359 1419 2412 audenter
1434 2358 1566 2427 loquitur,
1584 2373 1653 2428 quos
1672 2357 1730 2427 ipsc

90 2450 195 2516 (Grec.)
208 2448 264 2502 Sed
270 2449 435 2519 plerumque
443 2448 638 2518 predicatores
645 2449 734 2502 sancti
745 2449 892 2503 ostendere
933 2448 1068 2515 fundarit,
1080 2455 1109 2502 et
1123 2449 1158 2501 ad
1171 2464 1240 2518 quos
1254 2447 1304 2501 Dei
1317 2455 1387 2500 nutu
1396 2446 1523 2516 pervenit
1539 2464 1544 2497 :
1557 2445 1664 2499 caeteris
1674 2461 1730 2499 nou

91 2537 271 2607 semetipsos
284 2542 315 2590 ut
325 2538 443 2607 prosint,
458 2538 585 2608 cupiunt,
602 2543 890 2608 nectamenpossunt,
933 2538 982 2592 tali
997 2536 1108 2601 fiducia,
1125 2536 1191 2606 quia
1205 2537 1233 2589 in
1248 2535 1340 2589 aliena
1358 2535 1457 2605 regula
1471 2540 1560 2593 erant.
1579 2535 1630 2587 hoc
1645 2540 1687 2588 est
1702 2534 1729 2588 in

89 2627 260 2696 plerumque
275 2626 404 2696 utquieti
420 2625 477 2679 sint
486 2631 632 2697 appetunt,
648 2642 699 2680 nec
713 2631 808 2680 tamen
828 2643 892 2697 per·
933 2624 1731 2697 partealteriusevangelistai.il'orrerr-liuquon'nonperlr'ii·

89 2715 258 2769 mittuntur.
275 2715 364 2768 Nemo
380 2715 468 2785 igitur
481 2715 534 2768 scit
547 2715 658 2785 quando
669 2715 759 2769 lucein
775 2714 892 2769 nubium
932 2715 1442 2784 peritesadcossuperextendimusrsus.
1452 2713 1510 2766 Hoc
1521 2719 1572 2771 est,
1588 2712 1731 2782 nonquasi
1762 2782 1765 2791 Δ

89 2804 192 2874 pluviae
207 2803 368 2870 ostendant,
380 2803 447 2873 quia
461 2820 543 2857 nemo
554 2804 771 2874 comprehendet
781 2803 892 2875 quando
934 2821 988 2858 non
997 2804 1073 2857 missi
1082 2803 1299 2874 pervenimusud
1307 2819 1355 2856 vos
1366 2802 1394 2855 iii
1405 2801 1733 2873 pradicationeseddea·

87 2892 164 2946 Deus
175 2893 310 2946 virtutem
329 2892 535 2961 praedicationis
549 2893 607 2956 dat,
628 2899 660 2946 ut
680 2892 892 2963 predicantium
932 2893 1078 2946 tinatiDeo
1092 2892 1221 2945 mittente
1236 2908 1288 2945 nos
1303 2891 1338 2944 ad
1353 2908 1409 2944 vos.
1422 2890 1624 2961 Supercxtendi
1636 2896 1731 2943 autem

87 2982 182 3051 gloria
203 2981 348 3035 clarescat.
370 2981 450 3036 Unde
464 2981 599 3035 Dominus
616 2981 652 3034 ad
666 2980 717 3035 Job
737 2981 797 3035 ait:
815 2982 892 3036 Nun·
933 2987 976 3035 est
988 2982 1064 3034 ultra
1079 2980 1200 3045 extendi,
1220 2996 1305 3051 quain
1321 2980 1492 3045 conceditur,
1508 2979 1556 3032 scd
1573 2994 1630 3031 non
1646 2979 1730 3044 ultra,

87 3072 223 3139 gaideris
237 3071 586 3139 quaadopracoperr'tlleas
599 3073 710 3138 pluuias,
726 3076 757 3123 at
773 3072 891 3124 osteude-
902 3037 999 3140 Cquia
1013 3085 1174 3123 mensuram
1185 3068 1263 3122 dedit
1270 3069 1353 3134 Deus,
1366 3085 1451 3138 quain
1461 3074 1606 3122 servarent
1615 3084 1731 3136 evange-

87 3165 152 3211 rent
168 3162 258 3211 lucem
275 3160 393 3212 nubium
409 3161 467 3226 ejas
483 3165 494 3211 ?
509 3159 577 3226 (lob.
590 3161 688 3227 xxxii.)
703 3160 743 3212 Ac
756 3159 779 3212 si
794 3165 890 3229 aperte
933 3159 1002 3213 listae
1009 3160 1079 3229 ejus,
1092 3174 1175 3225 qiiam
1183 3157 1226 3210 bic
1237 3174 1266 3210 se
1277 3157 1567 3211 custodissetestatur.
1580 3156 1645 3212 Ideo
1655 3155 1730 3210 enim

86 3247 175 3309 dicat,
195 3247 322 3317 nunquid
337 3247 362 3300 si
374 3252 506 3300 venturos
530 3247 558 3300 in
574 3247 678 3301 mundo
693 3248 890 3318 predicatores
932 3248 984 3302 hoc
999 3248 1130 3313 ostendit,
1142 3254 1175 3301 ut
1188 3246 1278 3300 sciant
1292 3247 1423 3316 quoniam
1439 3264 1456 3298 a
1470 3247 1527 3299 Deo
1542 3246 1577 3299 ad
1595 3245 1646 3299 bos
1659 3245 1731 3299 dire·

83 3338 147 3405 J'am
162 3335 310 3405 conspicis,
318 3335 481 3406 quandoeos
492 3336 526 3389 ad
536 3336 744 3406 praedicandum
755 3336 890 3390 Dominus
931 3344 992 3390 ctus
1016 3341 1067 3402 est,
1089 3353 1121 3388 ac
1136 3352 1187 3406 per
1200 3335 1252 3389 lioc
1272 3333 1405 3389 obaudire
1427 3335 1489 3388 illos
1504 3335 1605 3389 debere
1624 3334 1731 3389 monita

86 3424 247 3495 repletione
257 3424 373 3495 spiritus
388 3424 522 3494 impellat,
541 3424 674 3495 quibusve
688 3424 779 3478 modis
794 3440 890 3479 eorum
931 3427 1002 3495 ejus,
1019 3442 1054 3478 ne
1065 3431 1275 3479 contemnentes
1283 3424 1365 3477 Deoa
1378 3441 1433 3495 quo
1441 3424 1543 3478 missus
1550 3429 1593 3478 est
1600 3424 1730 3478 resistere

86 3513 153 3566 ritae
162 3512 320 3567 claritatem
330 3513 413 3567 modo
424 3513 590 3576 innotescat,
600 3512 890 3584 apprehendislunde
931 3514 1101 3567 riderentur.
1122 3515 1205 3581 llsquc
1219 3515 1256 3566 cd
1270 3528 1314 3565 cos
1324 3516 1398 3566 cirini
1408 3516 1583 3581 peruenerunt
1600 3517 1629 3566 in
1639 3513 1730 3566 uvan-

88 3602 184 3656 adbuc
200 3608 265 3672 apte
280 3601 461 3672 subjungitur
472 3621 478 3654 :
491 3603 626 3670 ll'unqur'd
637 3607 709 3655 nosti
718 3605 828 3655 scenitas
840 3619 891 3656 nu·
931 3606 1000 3673 pelio
1011 3605 1122 3665 Christi,
1133 3605 1225 3654 nonin
1240 3604 1407 3654 tartaricorum
1421 3604 1572 3668 gloriantes
1587 3604 1618 3653 iri
1627 3603 1729 3654 alicnis

88 3692 168 3744 marii
180 3706 309 3758 magnas,
325 3696 351 3744 et
361 3693 494 3759 perfectos
507 3693 635 3744 scenitas
650 3692 763 3759 aluid)
780 3689 892 3746 Habent
932 3692 1081 3746 laboribus.
1094 3689 1145 3743 llic
1160 3688 1335 3742 manifestius
1349 3694 1467 3759 apparet
1482 3688 1556 3758 quod
1571 3688 1647 3751 dicit,
1664 3687 1730 3757 quia

88 3781 150 3834 istae
160 3779 252 3834 nubes
260 3779 375 3833 semitas
383 3778 701 3846 subtilissimas,scilicet
709 3784 812 3832 sancta
823 3795 891 3849 prae-
931 3780 990 3851 ipse
1005 3779 1067 3832 illos
1076 3777 1251 3843 fundaverat,
1263 3776 1325 3830 ideo
1336 3782 1417 3830 tanta
1426 3776 1569 3830 fiduciaad
1577 3776 1627 3828 hos
1642 3775 1730 3844 loqui-

86 3868 240 3922 dieationis
253 3868 323 3934 vias,
340 3874 460 3939 augusta
470 3868 572 3939 quippe
587 3872 668 3938 porta
682 3872 725 3920 cst
735 3883 795 3937 qum
814 3867 891 3922 ducit
931 3874 995 3923 tur:
1012 3884 1063 3921 nec
1078 3866 1152 3920 enim
1175 3865 1270 3919 labore
1291 3865 1406 3919 alterius
1425 3864 1553 3935 acquisiti
1568 3863 1680 3917 fuerant
1693 3864 1728 3917 ad

87 3958 122 4011 ad
134 3957 233 4010 deam.
247 3957 300 4011 Eos
322 3973 389 4026 ergo
403 3974 453 4028 per
469 3957 583 4010 semitas
599 3956 768 4025 astringant,
785 3957 833 4027 qui
855 3956 890 4010 ab
931 3958 1025 4022 tidem,
1041 3957 1115 4009 sicut
1128 3955 1158 4009 in
1168 3954 1224 4008 alia
1238 3954 1363 4025 Epistola
1377 3955 1417 4008 ait
1431 3955 1457 4019 (1
1465 3955 1526 4010 Cor.
1539 3956 1596 4021 1v):
1609 3953 1640 4006 ln
1652 3952 1729 4006 Obri-

86 4046 256 4100 intentionis
265 4062 363 4099 eorum
377 4046 491 4099 tramite
505 4062 555 4117 per
571 4040 628 4098 lata
642 4045 739 4098 mundi
750 4045 890 4099 desideria
930 4053 970 4100 sto
976 4048 1051 4099 enirn
1057 4060 1107 4113 per
1118 4045 1298 4110 Eecrrqeliurn
1309 4060 1354 4111 epo
1361 4059 1406 4096 eos
1411 4043 1533 4111 perturb
1535 4059 1570 4096 on
1578 4046 1729 4112 ergoextra

86 4135 234 4206 evagando
245 4151 301 4188 non
317 4141 420 4189 exeunt
436 4141 530 4188 :arcta
540 4135 616 4187 enlin
624 4133 695 4187 bene
704 4134 813 4188 vivendi
827 4151 889 4188 cen·
931 4132 1091 4188 mensuram
1108 4133 1254 4202 gloriatur,
1277 4133 1324 4202 qui
1346 4132 1374 4186 in
1398 4131 1492 4186 labore
1507 4147 1558 4185 suo
1579 4130 1726 4200 gloriatur.

86 4242 154 4278 sura
164 4223 606 4294 nonestamplaria,scdseinita,
618 4223 648 4276 iu
658 4239 714 4291 qua
724 4223 889 4293 praedicator
931 4224 1010 4292 Spain
1027 4228 1119 4276 autern
1134 4222 1260 4275 babentes
1276 4225 1417 4275 crescentis
1428 4223 1492 4289 fidoi
1502 4226 1595 4277 vestre
1609 4223 1640 4273 in
1655 4221 1728 4272 cobis

88 4315 194 4384 quique
207 4312 334 4367 studiose
344 4311 554 4381 constringitur,
565 4312 612 4382 qui
628 4328 657 4364 se
665 4310 717 4364 sub
738 4317 920 4409 praccepteD
930 4314 1117 4380 rrioprn'flcaru'.
1134 4310 1207 4374 Quia
1224 4310 1347 4365 fructum
1362 4309 1465 4363 laboris
1487 4315 1582 4378 sperat
1604 4307 1727 4377 quaesitae

87 4419 149 4455 rum
166 4400 297 4454 custodia
310 4400 430 4455 sollicite
445 4405 655 4470 coangustatur.
929 4401 994 4454 sidei
1015 4416 1124 4464 eorum,
1141 4399 1243 4453 idcirco
1258 4416 1314 4453 noii
1336 4399 1509 4467 negligenter
1524 4397 1576 4448 hoc
1599 4413 1683 4464 agere
1697 4412 1726 4448 sc

121 4490 888 4556 Nonenimartemasinserereauicompararenusqui-
928 4490 1078 4562 profitetur
1093 4504 1128 4542 ne
1143 4487 1233 4541 tediis
1250 4493 1279 4541 et
1297 4487 1432 4540 molestiis
1447 4485 1567 4543 cederet,
1584 4484 1649 4554 quia
1668 4500 1726 4537 iiia·

87 4579 273 4646 territoriaqui
278 4580 376 4646 seipsos
385 4578 585 4631 continendam.
597 4575 715 4643 (Ambrl
724 4576 760 4628 Hi
768 4575 888 4646 suntqui
927 4577 1055 4648 guillenci
1065 4594 1094 4631 se
1108 4575 1198 4629 credit
1211 4576 1285 4645 apud
1302 4576 1400 4638 Deum,
1417 4574 1440 4626 si
1456 4578 1613 4642 augeantur
1626 4572 1656 4625 in
1670 4571 1725 4625 tide

87 4661 256 4737 semetipsos
267 4665 473 4732 commendant,
488 4666 535 4736 qui
551 4682 607 4719 non
622 4670 736 4735 accepta
749 4669 887 4736 potestate
929 4667 1071 4720 auditores
1085 4666 1155 4735 ejus,
1167 4664 1238 4717 sicut
1251 4662 1319 4716 dicit
1327 4662 1462 4716 Dominus
1478 4664 1583 4727 :Poler·,
1592 4665 1663 4715 sicut
1674 4663 1725 4714 rni-

86 4754 229 4809 dominari
243 4755 350 4819 volunt,
366 4755 473 4808 nomini
489 4771 539 4808 suo
552 4754 724 4808 vindicantes
739 4753 887 4808 auctorita·
928 4760 989 4810 sisti
1000 4773 1041 4809 nec
1056 4758 1087 4808 in
1102 4755 1178 4806 lianc
1192 4753 1340 4815 >incendaris
1358 4757 1382 4804 ct
1401 4768 1446 4819 cpe
1461 4754 1526 4804 ruisi
1544 4768 1585 4805 eos
1603 4753 1635 4803 in.
1650 4752 1724 4804 literrc

85 4856 157 4911 tem;
171 4843 303 4915 quienim
314 4844 437 4897 mittitur
446 4842 571 4909 nonsibi,
583 4843 631 4897 sed
642 4842 690 4895 eia
700 4858 755 4912 quo
764 4842 887 4896 mittitur
928 4846 1076 4907 errandum,
1084 4848 1163 4912 etpro
1174 4847 1212 4896 eis
1222 4844 1361 4907 sanctifico
1371 4843 1505 4909 rac-ipsaru-
1523 4840 1613 4905 (loun.
1630 4842 1704 4907 xviii)
1714 4857 1727 4894 ε.

85 4934 209 4987 vindicat
224 4937 404 5003 potestatem,
423 4948 473 5003 per
487 4933 559 5002 quod
575 4932 661 4985 etiam
685 4931 806 4985 ostendit
825 4947 855 4984 se
870 4948 887 4985 a
926 4933 979 4986 hoc
988 4932 1063 4996 dicit,
1082 4932 1148 5002 quia
1162 4930 1353 4985 testimonium
1365 4929 1491 5000 magistri
1501 4928 1566 4982 etin
1581 4926 1722 4998 discipubs

87 5022 206 5076 Domino
215 5022 438 5092 dispensatorem
447 5022 575 5074 electura.
586 5021 631 5074 Sic
642 5037 707 5089 crgo
715 5037 772 5073 non
782 5036 811 5073 se
822 5036 885 5073 coii·
906 5052 908 5056 .
926 5020 1149 5075 obaudientibus.
1162 5021 1241 5075 Uudc
1252 5020 1305 5073 ait:
1316 5022 1348 5074 lii
1358 5020 1430 5072 cobis
1439 5020 1722 5086 iri-oqrrilicoripccun-

84 5110 187 5181 jungit,
200 5117 251 5165 aut
267 5116 411 5180 comparat
430 5109 474 5162 his
490 5111 536 5180 qui
555 5125 611 5163 non
626 5108 705 5162 missi
720 5108 882 5179 praedicant,
925 5113 993 5164 datin
1007 5112 1131 5176 reputant
1144 5109 1528 5165 riostrantr'nabundantiora.
1540 5106 1721 5160 alteminello

84 5200 149 5253 duin
169 5199 242 5253 nihil
257 5198 334 5253 ultra
358 5214 520 5253 concessum
548 5197 700 5269 presumit.
718 5199 770 5253 Sed
784 5200 838 5265 ipsi
852 5200 883 5250 in
925 5216 984 5267 que
998 5201 1073 5251 altra
1088 5215 1132 5250 ros
1146 5198 1426 5264 sunteioaqcli'carcf
1450 5195 1595 5249 Latiorde
1610 5193 1721 5247 lideeo·

86 5290 161 5341 uobis
172 5291 350 5357 nosmetipsos
366 5291 512 5354 irretientes,
526 5293 551 5341 et
566 5291 754 5355 coniparantes
769 5291 883 5339 nosriict-
924 5286 1075 5351 rum,ultra
1081 5286 1386 5356 eospredicaturumse
1394 5283 1550 5337 necessario
1561 5284 1718 5354 profitetur,

85 5375 824 5444 ipsosnobite't'osaatemintmrnansaniploriobirnur,
837 5377 883 5429 sed
923 5376 959 5429 ad
975 5391 1114 5444 augenam
1129 5375 1248 5443 gloriam
1262 5372 1475 5445 praedicationis,
1487 5371 1534 5425 ubi
1551 5388 1607 5425 non
1627 5372 1719 5425 adhuc

85 5468 622 5533 remandarnniensuromrepule,quam
638 5480 748 5517 morasus
758 5470 796 5518 cst
806 5465 882 5518 uubis
922 5464 1016 5519 fuerat
1025 5463 1215 5535 predicatum.
1232 5465 1291 5517 lt'on
1306 5466 1338 5515 r'n
1351 5463 1546 5528 alieriarepala
1560 5461 1646 5523 inbi's,
1660 5476 1718 5527 que
1752 5502 1757 5509 .

84 5553 883 5622 uem,mensurampernnpendiasqaeadsustentarunt
921 5555 1284 5622 preparatosuntploriari.
1296 5549 1474 5604 Manifestum
1484 5547 1717 5619 estquiaiirpru-
