3772 6120
116 257 191 318 1005
503 255 732 314 GARMANI.·-
751 258 880 319 sumto
898 262 922 319 1.
938 261 1111 321 Pomm
1128 263 1177 322 Il!
1193 264 1373 329 nwansrs.
1691 272 1763 330 idid

156 383 292 450 Membra,
309 398 361 439 nec
375 386 502 438 ventrem
517 384 621 457 excipit
633 386 698 442 iude
711 388 833 460 pigrum.
931 394 957 454 Α
1001 392 1041 447 'l'e
1055 392 1108 448 sibi
1121 398 1215 451 totum
1231 397 1308 463 iubas
1321 397 1443 452 vindicet
1456 396 1516 470 ipse
1529 398 1614 455 Deus.

117 474 241 529 Currere
265 490 331 527 cum
357 472 484 545 pedibus,
506 474 593 529 oculis
611 491 644 530 ac
667 492 782 532 cernere
804 477 847 532 fes
867 483 919 546 est,
962 480 1027 535 Haec
1040 482 1102 548 tibi,
1117 490 1214 541 sancte
1235 492 1325 557 peter,
1346 488 1469 559 optando
1491 493 1650 559 grammate
1672 489 1761 561 pinxi,

155 563 277 619 Auribus
293 563 401 617 audire‘
418 579 523 634 oreque
536 563 620 618 verbe
634 565 712 620 dare.
998 570 1035 625 Ut
1049 573 1100 626 tias
1113 573 1178 627 selis
1192 574 1325 646 dogmata
1336 594 1417 632 sacra
1429 577 1531 633 mione

118 653 193 724 Ergo
208 669 310 707 manns
324 653 417 707 solum
431 652 522 707 ventri
536 653 560 707 si
573 654 699 725 porrigat
708 671 813 720 escam,
961 658 1021 714 lloc
1034 676 1148 733 quoque
1156 663 1341 735 poscolleum
1352 681 1404 737 pm·
1412 667 1536 738 palmo,
1553 666 1609 722 [ηρ
1623 667 1759 724 mm,

155 744 264 798 Cuncta
275 749 306 796 et
318 741 449 797 membra
463 741 548 797 simul
558 742 634 797 hune
646 744 751 799 satiare
759 744 884 801 student.

119 832 189 897 Quis
208 837 374 903 tegumenta
389 837 480 903 parat,
500 838 632 888 ornatum
656 834 758 905 querit
770 839 801 889 et
812 839 920 907 aptum,
964 836 1078 902 (uereor
1092 845 1197 905 ecura,
1214 842 1291 909 soliis
1305 847 1427 911 quotuor
1440 845 1551 899 circiter
1565 846 1697 911 ummah.)

154 922 223 987 Quis
237 923 368 993 elypeum
382 922 418 975 ad
440 937 575 992 pugnem,
597 922 661 994 quis
682 939 752 995 rogo
765 925 823 980 tale
835 925 919 997 rapit

118 1012 225 1067 Venter
238 1013 275 1066 sit
288 1028 366 1077 escae,
382 1011 472 1065 ventri
487 1011 627 1066 deserviat
639 1029 712 1079 esca,
1152 974 1260 1037 xx'x·
1278 1008 1316 1022 ““
1331 992 1371 1037 ⁸⁰
1390 981 1404 1024 b
1419 992 1568 1041 ⁸⁰⁸⁰⁵⁰¹·

155 1103 237 1156 Hune
250 1102 326 1156 Deus
340 1105 425 1172 atque
440 1101 517 1154 illam
532 1101 659 1156 desnuet
672 1102 733 1174 ipse
747 1103 812 1158 cito.
962 1101 1025 1159 Una
1036 1103 1096 1158 dies
1115 1104 1197 1171 ridet,
1213 1123 1309 1164 cassus
1323 1126 1385 1166 cras
1399 1111 1489 1167 altera
1503 1110 1622 1184 plangit,

117 1191 173 1246 Sed
185 1191 255 1245 mihi
269 1191 428 1246 eommunis
442 1207 543 1263 nempe
558 1207 590 1245 ac
598 1192 708 1261 justum
722 1208 784 1248 esse
799 1191 919 1257 ridetur,
997 1193 1043 1247 Nil
1056 1194 1142 1248 fixum
1156 1198 1297 1266 quomodo
1311 1204 1421 1255 tessere
1434 1201 1498 1256 leta
1511 1201 1603 1261 debit.

152 1280 346 1336 Membrorum
359 1286 391 1335 ut
405 1296 474 1335 cura
487 1297 540 1352 par
554 1281 604 1335 liat
625 1286 710 1353 etque
724 1280 813 1336 labor.
962 1281 1056 1336 AEstas
1070 1283 1146 1338 elam
1161 1284 1256 1352 micat,
1270 1292 1423 1345 autumnus
1438 1291 1563 1346 conferet
1576 1290 1700 1356 umbras,

117 1369 269 1426 Ulmanus
284 1371 346 1442 ipsa
359 1370 438 1442 operi
455 1369 587 1435 deservit,
604 1370 644 1425 sic
659 1386 770 1443 quoque
788 1375 886 1426 venter
997 1371 1054 1426 Ver
1069 1371 1152 1427 lloret
1162 1375 1293 1444 gemmis,
1308 1376 1360 1432 has
1373 1378 1432 1434 iera
1444 1381 1519 1436 tollit
1533 1381 1634 1437 hiems.

154 1459 286 1514 Consiliis
300 1464 390 1514 certet
401 1464 502 1513 cuncta
515 1475 631 1514 monere
644 1459 714 1514 suis.
964 1460 1037 1524 Quid
1049 1477 1133 1532 porro
1142 1468 1185 1518 est
1201 1464 1276 1535 quod
1289 1482 1346 1520 nou
1360 1469 1517 1539 properetis
1531 1471 1630 1543 elingit
1642 1471 1705 1539 elis,

121 1549 189 1612 Quae
202 1549 303 1603 domus
318 1565 351 1603 ex
371 1552 452 1620 parte
465 1547 636 1616 defenditur,
653 1549 712 1605 hrec
725 1554 805 1622 petet
826 1550 920 1617 husti;
998 1549 1033 1603 Et
1045 1550 1155 1606 varium
1169 1553 1278 1608 nonsit
1292 1555 1367 1626 quod
1381 1560 1459 1627 teget
1472 1575 1536 1614 eree
1549 1560 1640 1631 polus.

157 1639 225 1702 Quae
240 1655 351 1710 quoque
364 1638 485 1693 vallatur
500 1639 635 1710 undique,
648 1644 711 1694 tuta
725 1645 830 1697 manet.
927 1638 1060 1729 Bherias
1073 1640 1155 1712 pinus
1170 1641 1287 1698 inclinet
1299 1643 1381 1715 pigra
1393 1651 1532 1713 senectus,

123 1726 258 1783 Providus
272 1743 308 1783 eu
321 1733 415 1783 mente
429 1733 528 1783 cautus
547 1727 586 1782 sis
600 1743 712 1799 semper
730 1734 759 1783 et
773 1734 847 1796 actu,
997 1728 1128 1784 Dissolvit
1140 1746 1234 1803 rupes,
1251 1733 1369 1789 flumina
1382 1734 1456 1790 sicca
1468 1735 1545 1796 facit.

157 1817 285 1872 Prudens
299 1823 399 1872 cuncta
412 1834 486 1882 cave,
502 1817 597 1872 tristia
610 1817 688 1872 nulla
698 1817 775 1873 time.
959 1816 1033 1871 Dum
1047 1817 1199 1890 loquimur,
1213 1837 1294 1892 seges
1303 1822 1362 1877 alta
1373 1823 1453 1891 viret,
1469 1826 1604 1883 maturiet
1617 1840 1640 1894 ο,
1652 1834 1723 1897 aret,

122 1903 218 1960 Victor
227 1907 265 1960 sit
278 1906 416 1971 Christus,
428 1906 469 1961 sic
482 1912 525 1961 est
534 1905 651 1960 victoria
665 1911 740 1975 iero,
996 1907 1154 1963 Canescunt
1166 1909 1255 1975 viole,
1271 1910 1332 1965 lilia
1341 1911 1420 1967 tusca
1433 1915 1540 1970 cedunt

157 1994 212 2059 Qui
231 1995 337 2066 Regem
352 1996 426 2050 hune
441 1995 578 2066 sequitur,
592 1995 682 2050 victor
695 2000 723 2050 et
736 1995 796 2068 ipse
812 2000 916 2052 manet.
960 1994 1025 2068 Ipsa
1037 2012 1103 2052 suos
1116 1996 1199 2053 citius
1209 2003 1305 2069 gratos
1321 2017 1387 2056 rosa
1399 2003 1479 2072 ponit
1498 2005 1628 2072 amictus,

117 2082 172 2138 Tot
185 2101 282 2139 versus
291 2084 389 2156 scripsi
403 2090 473 2156 quot
485 2085 561 2140 horae
571 2100 673 2156 nempe
685 2085 741 2139 diei
993 2087 1125 2157 Agrestes
1139 2088 1223 2142 liores
1237 2105 1356 2161 moxque
1370 2097 1528 2162 sequuntur
1546 2110 1619 2150 eam.
1645 2130 1650 2141 ·

154 2175 235 2242 Sunt,
252 2179 353 2248 optans
367 2190 479 2246 semper
492 2190 588 2246 sospes
603 2180 636 2230 ut
647 2173 708 2247 ipse
727 2177 787 2230 llas.
959 2173 1097 2230 Omnibus
1111 2174 1155 2230 bis
1169 2175 1259 2231 brevis
1273 2194 1350 2243 usus,
1368 2185 1398 2233 et
1418 2186 1460 2234 est
1478 2180 1605 2253 sublege
1627 2198 1757 2240 noverca.

272 2309 409 2373 mm·
491 2325 531 2371 ⁸¹³
549 2325 763 2373 mmmm·
957 2263 1661 2428 Τυέιιξῗῗυᾜῗῗοῗιῑῗξζοῗῗέηῗὲᾚωοᾱιι
1675 2361 1755 2431 nou,

118 2441 311 2516 Omnipotens,
327 2442 431 2500 summi
445 2443 538 2498 Petris
560 2443 708 2516 sapientia,
724 2443 845 2514 Christe,
993 2442 1108 2498 AEtemo
1127 2448 1157 2499 et
1169 2443 1254 2499 simili
1266 2461 1379 2518 semper
1395 2447 1498 2504 habere
1512 2449 1601 2522 cupis.

153 2533 207 2598 Qui
219 2534 318 2588 intima
331 2549 395 2589 cum
406 2533 515 2604 superis
528 2539 631 2590 cuncta
642 2534 765 2590 tenendo
779 2533 862 2607 regis.
957 2530 1098 2586 Paulatim
1110 2532 1229 2589 miseros
1242 2534 1324 2589 effert
1337 2536 1374 2590 ad
1389 2543 1454 2592 vota
1474 2543 1613 2595 senectus.

115 2621 158 2676 Tu
172 2621 242 2676 mibi
256 2621 390 2676 dilectum
405 2638 539 2677 conserva
552 2639 665 2695 semper
676 2623 807 2690 amicum,
992 2621 1027 2675 Et
1037 2622 1120 2676 modo
1136 2621 1183 2692 qui
1195 2622 1310 2690 fuimus,
1325 2624 1386 2694 jam
1401 2626 1484 2681 modo
1498 2626 1663 2686 desinimus.

149 2710 187 2764 Ut
202 2709 297 2780 vigeat
308 2726 412 2782 sospes,
426 2727 514 2781 regna
527 2726 651 2783 superna
664 2716 772 2783 pateus.
956 2709 1081 2766 Nutricis
1094 2710 1202 2781 gremio
1216 2711 1310 2769 subito
1324 2729 1395 2784 puer
1403 2714 1488 2770 altitu
1498 2715 1564 2783 exit,

113 2798 152 2854 Ut
165 2803 272 2854 crescat
285 2799 405 2866 meritis,
418 2799 519 2854 crescit
532 2817 582 2855 seu
597 2800 733 2872 temporis
747 2817 814 2867 aero,
991 2799 1166 2872 Miraturque
1177 2800 1250 2857 truci
1264 2819 1295 2857 se
1308 2801 1377 2858 dare
1390 2819 1456 2859 voce
1470 2821 1583 2862 sonum.

150 2889 218 2943 Post
231 2887 339 2943 obitam
354 2887 452 2943 mortis
466 2888 541 2944 done
558 2888 641 2944 besta
656 2895 775 2947 metens.
956 2887 1020 2943 lam
1035 2889 1139 2945 celeres
1153 2888 1256 2956 barbae,
1270 2892 1331 2962 jam
1345 2891 1427 2948 uncti
1441 2899 1532 2949 morte
1545 2893 1648 2966 capilli,

116 2977 176 3032 Hoc
189 2983 221 3034 tu
234 2977 313 3049 virgo
328 2977 388 3043 Dei,
398 2977 521 3049 genitrix
534 2978 641 3034 intacta
648 2978 792 3046 Tonantis,
925 2948 951 3014 c
991 2976 1006 3032 l
1009 2993 1111 3050 amque
1122 2978 1235 3034 acclinis
1249 2979 1336 3036 humo
1347 2982 1496 3053 predaque
1510 2983 1611 3040 mortis
1620 2982 1685 3040 erit.

154 3068 291 3138 Impetres
300 3066 439 3138 precibus,
454 3073 561 3135 sancta,
577 3068 676 3136 Maria,
687 3082 797 3140 precor.
810 3096 815 3108 ·
957 3065 1060 3122 Omnia
1074 3066 1129 3123 sert
1140 3073 1217 3136 etas,
1233 3075 1318 3141 atque
1328 3069 1424 3126 omnia
1437 3071 1502 3127 linis
1513 3072 1629 3129 ademit.

117 3157 228 3227 Agmeu
242 3155 427 3226 apostolicum
442 3155 550 3227 primus
565 3156 635 3211 etin
649 3156 748 3212 ordine
763 3156 864 3213 Petms
992 3155 1038 3209 Nil
1056 3162 1154 3211 manet
1166 3162 1313 3226 aeternum,
1328 3159 1431 3214 secula
1445 3165 1626 3232 pretereunt.

154 3244 299 3299 Fratribus
309 3245 402 3300 ascitis
416 3245 521 3317 poscite
533 3245 613 3301 valde
627 3247 729 3301 Deum.
958 3245 1121 3318 Cunctaque
1130 3251 1242 3319 tempus
1248 3247 1362 3314 hebent,
1374 3248 1404 3303 ni
1413 3249 1489 3304 solua
1501 3250 1638 3324 temporis
1649 3257 1756 3319 auctor,

119 3333 213 3389 Pmco
228 3333 372 3406 propheta}
383 3334 443 3403 Dei,
460 3334 680 3406 paranymphus,
692 3339 803 3407 martyr
816 3341 845 3391 et
858 3336 917 3408 ipse
993 3333 1048 3398 Qui
1056 3334 1117 3400 fuit,
1134 3341 1177 3389 est
1186 3352 1306 3408 semper,
1323 3344 1352 3392 et
1362 3338 1423 3392 siue
1437 3339 1493 3394 ssne
1503 3346 1599 3396 manet

156 3424 227 3478 Cum
236 3429 331 3479 vatum
342 3421 427 3478 turbe
440 3424 541 3494 sepius
555 3424 608 3479 hoc
621 3424 738 3496 rogites.
957 3421 1039 3478 Hunc
1050 3427 1082 3478 tu
1095 3439 1207 3495 semper
1220 3440 1294 3488 ama,
1310 3425 1385 3480 hunc
1398 3431 1458 3482 toto
1472 3428 1555 3482 corde
1568 3427 1666 3495 tamne,

119 3511 166 3567 Sic
178 3516 254 3583 peto,
269 3517 300 3567 tu
314 3512 400 3567 facias
416 3513 427 3535 ⁶
440 3512 538 3567 Levita
551 3513 563 3537 ·
577 3518 768 3584 protomartyr
781 3514 882 3587 etipse
994 3512 1075 3568 Hunc
1089 3512 1219 3584 precibus
1236 3528 1328 3584 posce,
1342 3513 1388 3568 hie
1400 3513 1451 3568 tibi
1466 3521 1549 3586 grata
1562 3515 1651 3572 dabit.

156 3601 227 3657 Cum
241 3601 323 3656 suciis
338 3601 496 3673 Stephanus
514 3608 625 3674 sceptra
648 3618 770 3674 superna
788 3619 916 3674 precans.
957 3600 1022 3656 Non
1033 3605 1062 3655 te
1079 3599 1228 3656 conturbet
1239 3610 1336 3656 sancte
1350 3599 1540 3659 inconstantia
1553 3602 1650 3672 freter,

118 3689 179 3745 Hoc
189 3691 270 3761 justi,
286 3690 377 3753 electi,
394 3691 487 3746 felices
502 3691 607 3763 poscite
629 3691 722 3747 cuncti
995 3690 1060 3746 Hac
1074 3689 1219 3745 mundana
1236 3689 1351 3762 quidem
1366 3691 1525 3761 gurgitibus
1541 3693 1631 3749 variis.
1711 3757 1713 3761 ¹

155 3779 294 3835 ¹Buoloni
308 3784 341 3835 ut
355 3795 473 3851 regnum
488 3780 536 3835 det
550 3796 635 3852 super
652 3787 729 3836 astra
743 3782 828 3837 Deus.
960 3779 1006 3836 Sic
1019 3779 1081 3846 fuit,
1098 3784 1150 3845 est,
1161 3784 1191 3834 et
1199 3778 1254 3834 erit
1267 3779 1340 3835 secli
1353 3779 1491 3837 versatilis
1500 3782 1579 3849 ordo,

117 3867 189 3935 Hoc,
198 3868 282 3924 Pater
290 3869 464 3936 alme,modo
472 3869 648 3925 dum‘vacat
655 3860 917 3944 quoerere'rmnum,
994 3869 1109 3926 Laetitire
1123 3884 1269 3940 nunquam
1279 3868 1317 3923 sit
1330 3869 1376 3924 eui
1391 3875 1468 3925 certa
1480 3870 1560 3926 tides.

155 3957 285 4022 Quaerere
305 3975 361 4014 uon
381 3975 482 4025 cesses,
501 3964 534 4014 ut
548 3959 652 4031 capias,
669 3961 776 4032 cupias,
946 3940 1050 4014 'Multa
1062 3958 1176 4031 quidem
1193 3957 1301 4031 patitur
1316 3964 1477 4015 sauctorum
1493 3959 1588 4032 plebes
1601 3958 1631 4015 in
1645 3959 1722 4029 erbo,

116 4047 184 4102 Vim
198 4049 265 4102 aule
281 4048 337 4120 poli
350 4048 467 4120 patitur,
482 4048 597 4103 violenti
619 4055 648 4104 et
660 4049 754 4106 sidera
767 4052 918 4123 prendunt,
995 4047 1106 4102 iudicio
1121 4047 1239 4115 occulto,
1253 4063 1306 4103 nec
1321 4064 1372 4119 ege
1387 4046 1457 4103 scire
1472 4065 1554 4120 queo.

155 4137 209 4201 Qui
218 4136 288 4192 bene
301 4154 376 4192 nune
390 4141 490 4201 certat,
502 4136 577 4194 doua
589 4137 687 4194 tuturo
699 4139 782 4213 capit.
961 4136 1052 4193 Credo
1065 4153 1130 4192 suos
1139 4152 1243 4204 servos,
1260 4137 1335 4210 quod
1345 4136 1423 4192 nullo
1434 4138 1572 4210 spreverit
1584 4156 1653 4197 tero.

117 4225 241 4281 Certasti
255 4227 355 4291 valide,
372 4232 401 4281 et
411 4227 520 4283 hostem
535 4244 610 4284 nunc
625 4233 752 4284 sternere
767 4234 845 4285 certa
929 4210 955 4270 Ῑ)
995 4226 1198 4298 Adjuveritque
1211 4226 1289 4294 eatis
1307 4243 1371 4283 cum
1391 4244 1444 4283 sua
1457 4235 1523 4284 vota
1535 4234 1643 4301 petant.

155 4314 285 4371 Vincenti
299 4315 329 4370 in
344 4317 399 4371 tine
413 4316 468 4371 rite
482 4333 587 4373 corona
599 4318 693 4385 detur,
961 4315 1035 4371 Nam
1044 4316 1134 4371 altera
1144 4315 1201 4371 rite
1210 4316 1269 4372 suis
1284 4325 1413 4372 servatur
1425 4317 1455 4371 in
1468 4334 1532 4372 arce
1548 4318 1686 4390 polorum.

120 4403 160 4459 Os
170 4409 284 4459 resonet
293 4405 446 4468 Christum,
457 4407 551 4478 palme
560 4423 672 4480 quoque
681 4411 779 4480 pesmt
788 4422 918 4477 egsum.
998 4405 1060 4469 Qua
1073 4422 1126 4477 pax
1135 4406 1211 4460 alme
1221 4405 1305 4475 viget,
1317 4405 1414 4477 prelia
1423 4406 1501 4460 nulla
1510 4406 1583 4461 liunt

157 4494 211 4548 Pes
224 4510 329 4565 aegrum
342 4495 453 4561 inviset,
469 4497 554 4551 eorda
564 4497 654 4552 Deum
669 4496 803 4568 cogitent.
961 4495 1027 4550 Hrec
1042 4511 1153 4566 quoque
1165 4510 1278 4566 semper
1291 4500 1351 4549 erat
1362 4495 1440 4565 justa
1454 4495 1573 4551 tentatio
1584 4494 1650 4563 vito,

118 4582 161 4639 ‘l'e
173 4581 226 4638 sibi
237 4589 330 4641 totum
342 4590 424 4641 extra
435 4587 618 4642 temulantem
628 4586 734 4642 sentiat
741 4590 849 4652 auctor,
996 4583 1129 4639 Parnasis
1140 4583 1257 4640 mmms
1276 4588 1308 4637 nt
1321 4598 1409 4638 aurea
1425 4600 1493 4641 rasa
1506 4582 1617 4656 probat.

623 4781 779 4839 solioum
796 4778 1067 4837 CHRISTOPHORI
1086 4778 1267 4837 Baowsm.

158 4942 173 4972 ⁸
185 4933 344 4989 Buolom‘ot
359 4950 476 5004 regnum
488 4935 541 4999 det,
557 4939 611 4990 etc.
626 4936 684 4991 Aut
695 4933 860 5006 Irmiugildo
873 4950 923 4989 no-
962 4949 1014 5007 per
1040 4949 1129 4990 annos
1154 4931 1254 5005 viginti
1276 4931 1346 4989 duos
1366 4932 1487 4990 discrete
1505 4938 1535 4990 et
1554 4932 1760 4991 modestissime

120 5019 189 5060 men
200 5003 340 5061 diversum
349 5005 377 5060 id
387 5005 496 5089 obtigit,
513 5012 563 5063 aut
576 5006 666 5062 amico
682 5006 766 5062 tertio
775 5005 846 5061 bene
861 5021 923 5077 pre·
962 5005 1037 5062 rexit
1051 5005 1081 5061 in
1100 5021 1208 5060 morem
1222 5004 1322 5078 Moysi,
1338 5004 1372 5060 de
1388 5022 1444 5090 quo
1457 5004 1594 5087 scriptum
1609 5012 1673 5062 est:
1690 5006 1759 5063 Brut

120 5080 213 5131 eatur.
229 5077 370 5132 Carminis
383 5077 533 5133 umbilicus
548 5077 698 5144 abscissus,
713 5079 787 5133 unde
802 5082 832 5133 et
844 5076 922 5133 inse·
963 5081 1314 5146 unitissimossuperomncs
1322 5076 1522 5133 teminosibr
1530 5075 1649 5133 subditis
1658 5076 1760 5135 disme-

121 5147 237 5219 quentis
260 5147 331 5203 bene
348 5149 425 5220 longi
440 5149 788 5220 poematie,dePat1entia
809 5154 922 5205 saucto-
962 5155 1009 5205 tus
1022 5154 1051 5204 et
1064 5148 1140 5204 mitis
1153 5167 1159 5216 ;
1179 5146 1340 5219 potentibus
1355 5154 1450 5202 autem
1466 5147 1558 5203 saeculi
1574 5148 1653 5203 valde
1666 5149 1760 5220 gravis

120 5235 198 5285 anm,
214 5219 328 5274 exordio
361 5220 496 5276 erieruut.
963 5226 993 5276 et
1000 5237 1097 5293 requus
1108 5219 1261 5274 exstiteret.
1273 5218 1324 5274 llic
1333 5218 1605 5291 eternorirginitate
1615 5219 1758 5291 preditus,

159 5289 267 5346 dHunc
281 5307 333 5362 ego
388 5291 460 5347 bano
473 5292 504 5347 in
517 5291 618 5347 studiis
632 5291 769 5365 aqualem
783 5291 922 5348 astitisse
962 5291 1164 5348 monasterium
1176 5306 1280 5361 magara
1293 5290 1415 5347 utilitate
1428 5290 1623 5362 adimpletum,
1637 5291 1760 5364 glorioso

121 5361 305 5435 interpretor,
316 5363 364 5436 qui
379 5371 409 5419 et
422 5363 476 5436 ipsi
490 5364 519 5419 in
532 5362 642 5420 abbatis
651 5380 767 5421 munere
778 5364 920 5431 suecessit,
962 5363 1113 5420 dnevitaru
1124 5367 1289 5434 presentem
1303 5361 1448 5427 conclusit,
1460 5378 1535 5418 auno
1550 5361 1661 5419 Domini
1671 5362 1759 5422 stu.»

121 5433 181 5489 alio
194 5433 424 5560 stpilieetnomiue
434 5440 611 5507 nuncupatus
622 5435 722 5503 llattc3
734 5435 923 5508 pictorisurte
963 5437 1020 5491 Nee
1035 5433 1173 5490 attlrmeru
1187 5440 1295 5490 minere
1308 5433 1383 5490 hune
1396 5434 1475 5490 illum
1486 5449 1547 5491 esse
1558 5433 1699 5491 mucium
1714 5432 1762 5491 ab·

221 5511 298 5571 tusae,
331 5522 374 5563 nte

121 5520 368 5650 dswargumtbe
384 5579 508 5633 Hatteno
521 5583 616 5633 autem
631 5582 710 5634 reum
724 5595 776 5634 ms.
789 5576 924 5635 abbatum
963 5577 1050 5633 refert
1069 5575 1173 5631 librum
1187 5575 1346 5644 ,confecisse
1362 5573 1509 5633 &benum
1529 5577 1564 5634 de
1585 5577 1735 5652 comedeia

120 5648 269 5722 catalogus
280 5665 313 5704 :s
322 5649 409 5706 liudo
419 5650 546 5706 Bonosus
560 5647 652 5706 dietus
664 5654 693 5706 et
703 5649 854 5723 gloriosus,
864 5665 925 5705 sns-
964 5647 1172 5716 commixtione,
1186 5652 1216 5702 et
1229 5645 1340 5719 magica
1350 5652 1412 5703 arte
1420 5646 1544 5706 maudo.

120 5719 201 5793 cepit
217 5719 440 5794 gubernaculum
456 5719 577 5780 abbatie
598 5734 675 5782 auno
690 5719 804 5780 Dumim
817 5719 882 5794 stt,
895 5725 927 5778 st
1002 5721 1172 5790 erosos,
1187 5715 1224 5776 sb
1234 5716 1374 5777 inusitato
1387 5724 1524 5778 mutereo.

385 5507 421 5561 ad
432 5506 561 5562 eumdem
576 5506 689 5579 scripsit
700 5508 866 5563 hexametro
880 5522 924 5561 se·
962 5506 1067 5571 batem,
1083 5505 1119 5561 ad
1134 5506 1213 5576 cuius
1222 5505 1396 5575 interrogata
1406 5504 1572 5579 Rudolphus
1585 5504 1614 5562 iu
1627 5505 1724 5563 Catule
