3772 6120
117 270 169 332 aaa
335 275 627 335 nammuouun
644 280 685 336 1u
703 280 781 336 ser.
802 280 910 338 raum
928 281 997 338 nm.
1019 283 1092 338 xvi.
1111 314 1144 325 -
1162 285 1203 341 ru
1221 285 1333 341 nrrsr.
1351 270 1402 358 An
1420 285 1548 343 enar.
1711 289 1762 348 aas

116 395 253 464 rioribus,
268 398 361 469 quiet
375 399 490 455 Galatas
503 417 522 455 a
534 402 651 457 veritate
665 403 808 475 Evangelii
822 405 949 476 depraA
959 405 1000 460 sic
1019 406 1187 478 intelligant,
1202 409 1268 480 quia
1293 410 1462 466 ludebantur
1479 412 1556 467 velut
1567 413 1646 469 stulti
1661 422 1689 471 et
1716 417 1764 471 he·

117 493 226 552 valant,
242 488 333 543 linem
346 489 471 560 epistolae
479 506 579 545 manus
587 508 644 547 suae
654 493 836 548 annotatione
844 511 918 549 coni·
958 495 1045 562 betas,
1057 497 1092 550 de
1107 514 1227 567 quorum
1254 499 1397 554 doloribus
1409 500 1608 570 gloriarentur.
1622 506 1692 559 Mihi
1710 521 1763 560 au-

117 574 200 646 plerit
210 576 312 631 dicens
328 596 335 631 :
354 580 440 633 Videte
454 582 584 648 qualibus
611 584 712 636 litteris
726 586 825 651 scripsi
834 586 917 650 riobis,
960 588 1013 637 tem
1028 587 1098 639 obsit
1109 589 1240 653 plorimi,
1253 591 1310 641 nisi
1324 591 1355 642 in
1376 606 1456 643 cruce
1470 591 1585 644 Deretini
1599 596 1689 647 nostri
1700 597 1764 648 iesu

117 680 171 718 uon
185 667 481 736 quograndeslitterae
489 668 604 735 suarim,
616 670 777 742 hocquippe
785 671 814 726 in
823 672 919 727 Graeco
961 672 1073 738 Christi,
1088 691 1222 743 perquem
1237 678 1309 730 tltihr'
1325 679 1448 731 ineundus
1458 681 1607 747 craumers
1621 687 1668 747 est,
1680 687 1704 735 et
1719 699 1765 749 eqo
1845 710 1849 715 »

117 757 493 829 sonatesqlis02<‚sedquod
507 775 564 814 suae
576 765 784 816 manasessent
797 761 838 815 eis
852 768 920 817 nota
960 764 1075 816 maredo.
1089 764 1183 834 (Aug.)
1198 765 1320 820 Mundus
1334 766 1403 820 mihi
1417 767 1565 822 crucifixus
1579 774 1630 836 est,
1658 770 1707 836 ait,
1733 776 1766 825 ut

118 844 244 915 vestigia,
262 850 307 912 nt,
322 848 392 901 dum
415 848 574 903 litterarum
595 850 688 920 apices
705 858 918 922 recognoseunt,
960 867 1068 906 menen
1083 856 1556 925 taneat;etegomundo,uteu1n
1571 874 1628 912 non
1641 863 1763 926 teneam,

118 933 208 1004 ipsum
222 951 256 989 se
271 941 408 1007 putarent
421 937 525 1003 videre,
538 939 920 1010 quiscripserat.(iuicunque
960 938 1087 1007 idest,ut
1100 944 1603 1016 nequemundusmihinocerepossit,
1612 963 1703 1017 neque
1712 965 1764 1018 ego
1865 976 1870 983 ·

119 1026 212 1077 rulant
220 1027 370 1093 picuereis
379 1042 472 1094 carne,
485 1026 669 1096 iiicopunteos
679 1031 921 1096 circumciditur·
961 1029 995 1083 de
1007 1031 1111 1085 mundo
1122 1031 1228 1102 aliquid
1238 1033 1350 1104 cupiam
1367 1052 1373 1087 :
1390 1033 1438 1104 qui
1452 1040 1546 1089 autem
1552 1035 1583 1089 in
1591 1052 1673 1090 cruce
1685 1037 1764 1091 Chri·

120 1117 177 1165 tam
192 1118 226 1166 ut
236 1117 331 1168 mucis
347 1114 451 1170 Christi
458 1119 673 1184 persecutionem
689 1135 746 1172 riou
759 1122 917 1187 protientur.
961 1119 997 1172 sti
1010 1119 1157 1189 gloriatur,
1171 1138 1226 1176 non
1239 1122 1298 1176 vult
1312 1122 1421 1193 placere
1431 1122 1461 1177 in
1478 1140 1570 1191 earne,
1587 1125 1654 1196 quia
1668 1142 1764 1196 perse-

122 1199 260 1270 (llicron.)
282 1202 420 1274 Superius
441 1203 565 1258 ostendit
578 1222 611 1259 ex
635 1222 690 1276 quo
710 1206 770 1261 loco
785 1223 837 1262 sua
851 1207 920 1261 scri·
960 1208 1087 1262 cationes
1096 1210 1252 1266 camaliam
1267 1227 1322 1265 non
1340 1212 1431 1277 timet,
1449 1229 1519 1284 quas
1533 1213 1619 1284 prior,
1648 1220 1681 1269 ut
1699 1231 1764 1270 cru-

122 1289 204 1360 pserit
219 1307 319 1356 manu,
335 1309 410 1347 nunc
429 1293 497 1364 quid
511 1293 654 1365 scripserit
681 1296 806 1366 replicat.
836 1296 921 1351 Caius
961 1296 1131 1367 cingeretur,
1143 1298 1190 1352 ille
1200 1299 1342 1366 sustinuit,
1361 1307 1392 1355 ut
1405 1301 1523 1372 vestigia
1531 1318 1583 1357 sua
1592 1303 1763 1358 sectantibus

124 1379 252 1435 cesara
263 1381 593 1453 OctavianusAugustus,
609 1383 922 1440 etTiberiussuccessor
962 1385 1101 1456 preberet
1114 1388 1282 1459 exeruplum.
1300 1389 1401 1457 (Ami.)
1415 1390 1559 1455 Quomodo
1587 1392 1763 1464 pseudoapo-

126 1469 242 1538 Augusti
252 1469 329 1540 leges
347 1471 604 1541 promulgaverant,
620 1478 653 1527 ut
666 1473 764 1539 iudaei,
783 1474 922 1544 quierant
962 1474 1026 1529 stoli
1044 1475 1240 1531 tribulationes
1259 1494 1310 1548 pro
1333 1479 1447 1533 nomine
1468 1479 1572 1533 Christi
1590 1482 1671 1550 quasi
1694 1481 1764 1536 nihil

128 1556 224 1612 intoto
240 1558 363 1614 Romani
377 1560 490 1633 imperii
501 1559 567 1615 orbe
581 1560 711 1632 dispersi,
723 1562 837 1634 proprio
864 1564 921 1619 ritu
961 1564 1122 1634 profuturas
1131 1582 1183 1636 per
1197 1566 1357 1637 hypocrisin
1372 1567 1557 1636 redimebant,
1569 1568 1765 1624 erubescentes

128 1646 255 1709 viserent,
271 1654 301 1702 et
314 1649 414 1721 patriis
429 1650 920 1715 caeremoniisdeservirent.Quicun·
961 1652 991 1706 in
1008 1653 1071 1719 his3
1088 1653 1167 1708 itaet
1186 1656 1336 1726 Apostolus
1351 1656 1526 1726 gloriabatur
1540 1658 1574 1711 dc
1588 1658 1642 1724 his,
1672 1659 1764 1713 sciens

130 1752 175 1807 que
184 1737 272 1807 igitur
285 1739 468 1795 circumcisus
482 1746 552 1806 erat,
573 1740 638 1794 licet
648 1741 677 1795 in
693 1741 837 1796 Christum
857 1729 1090 1812 ere-Bmagnam
1103 1760 1154 1813 pro
1167 1743 1229 1797 istis
1243 1744 1302 1798 iore
1326 1747 1494 1812 mercedem,
1526 1747 1763 1817 quemadmodum

131 1825 207 1893 deret,
224 1827 327 1899 quasit
330 1828 426 1883 udaeus
434 1828 589 1883 habebatur
603 1847 620 1884 a
633 1830 783 1900 gentibus:
797 1833 918 1902 quivero
959 1836 988 1884 et
1003 1833 1169 1902 coaspostoli
1180 1834 1250 1903 ejus,
1259 1833 1331 1887 sicut
1340 1835 1524 1906 scriptumest
1534 1835 1563 1888 in
1576 1836 1693 1890 Actibus
1699 1853 1765 1908 ape·

132 1914 223 1986 absque
238 1917 453 1972 circumcisione
477 1936 508 1973 se
529 1935 585 1973 non
609 1936 669 1974 esse
693 1920 821 1974 Judaeum
846 1938 917 1992 prae·
958 1920 1212 1989 stolorum:Tunc‚
1237 1922 1337 1993 inquit,
1358 1923 1420 1977 censi
1449 1926 1578 1978 ericrunt
1592 1925 1711 1995 apostoli
1732 1928 1764 1980 de

133 2005 196 2075 patio
216 2005 393 2076 praeierebat,
411 2007 653 2078 persecutionibus
680 2014 738 2063 tam
767 2009 917 2080 gentilium
958 2011 1412 2079 concilio,pandentesquiudiqni
1425 2013 1765 2082 hahitisuntpronominc

135 2109 201 2164 qaam
215 2095 379 2150 ludaeorum
393 2096 479 2151 fiebat
493 2096 636 2153 obnoxius.
654 2098 711 2152 Has
727 2097 815 2169 igitur
826 2116 918 2170 perse·
959 2098 1064 2153 Christi
1078 2103 1276 2155 contaiuch'om
1285 2104 1347 2169 pati
1363 2101 1432 2167 (Aci.
1449 2106 1486 2166 vl.
1499 2102 1586 2172 Cujus
1596 2119 1664 2173 ergo
1673 2103 1764 2158 onmis

137 2185 254 2251 catones,
283 2184 324 2250 hi,
341 2186 389 2256 qui
414 2185 529 2240 Galatas
552 2188 748 2259 depravarant,
777 2187 918 2243 declinare
959 2204 1023 2259 spes
1035 2188 1064 2241 in
1083 2188 1195 2243 Christo
1205 2195 1257 2255 est,
1270 2189 1316 2242 hic
1326 2190 1465 2259 gloriatur
1475 2180 1601 2243 in'cruco
1610 2192 1681 2261 ejus,
1699 2191 1764 2246 huic

139 2274 271 2344 capientes,
290 2274 531 2330 circumcisionem
541 2293 592 2346 pro
603 2276 764 2331 defensione
774 2277 918 2349 discipulis
960 2277 1120 2331 etmundus
1144 2277 1292 2331 crucifixus
1321 2284 1372 2343 est,
1405 2283 1499 2332 certus
1520 2295 1645 2333 amorem
1674 2279 1763 2335 crucis

141 2363 335 2433 persuadebant,
362 2380 448 2434 quam
466 2381 540 2420 nunc
557 2365 707 2436 Apostolus
720 2366 919 2420 confidentiam
960 2364 1065 2420 Christi
1093 2366 1178 2420 vitam
1203 2382 1264 2420 esse
1280 2385 1286 2419 :
1304 2366 1401 2420 mundi
1423 2382 1488 2420 vero
1509 2382 1635 2420 aurorem
1664 2384 1764 2438 parere

142 2451 245 2506 hearne
260 2458 353 2517 uocat,
370 2454 445 2524 quod
465 2454 578 2518 scilicet,
596 2460 655 2509 tam
670 2454 832 2524 gentilibus,
849 2473 919 2527 quos
959 2460 1089 2509 mortem.
1122 2457 1257 2525 (liicron.)
1280 2456 1361 2510 Solus
1389 2460 1482 2525 potest
1501 2455 1531 2508 in
1569 2472 1651 2510 cruce
1681 2456 1763 2510 Chri-

142 2540 265 2603 t'nebant,
283 2558 370 2612 quam
394 2543 507 2608 ludaeis,
525 2543 626 2614 quibus
639 2543 770 2598 volebant
797 2545 917 2615 placere,
960 2544 997 2598 sti
1023 2543 1148 2614 gloriari,
1178 2544 1225 2614 qui
1247 2544 1322 2599 tollit
1344 2560 1407 2597 eam
1432 2550 1461 2598 et
1489 2544 1617 2615 sequitur
1636 2545 1762 2601 Salvato-

142 2629 361 2685 n'rcnmcisionem
377 2632 407 2685 in
423 2633 829 2705 persecutionepraeponerent.
845 2634 919 2688 Nam
960 2649 1030 2697 rem,
1059 2633 1107 2704 qui
1134 2632 1272 2687 crudirxit
1295 2649 1409 2689 carnem
1427 2650 1509 2687 suam
1531 2650 1596 2687 cuni
1632 2634 1707 2688 vitiis
1734 2641 1764 2689 et

142 2719 272 2774 auludrei
287 2721 420 2791 persequi
434 2726 631 2792 eospoterant,
648 2723 837 2792 neegentiles,
849 2739 919 2794 quos
960 2721 1200 2793 concupiscentiis,
1224 2722 1271 2794 qui
1292 2727 1420 2776 mortuus
1445 2729 1489 2776 est
1514 2723 1629 2789 mundo,
1658 2729 1687 2777 et
1707 2739 1763 2778 non

140 2806 249 2863 ridebant
262 2797 293 2862 et
306 2809 464 2881 proselytos
482 2810 692 2877 circumcidere,
712 2812 827 2882 etipeos
851 2811 920 2881 legis
962 2812 1170 2882 contemplatur
1198 2827 1231 2865 ea
1257 2828 1318 2883 qum
1349 2812 1498 2877 ridentur,
1529 2811 1577 2866 sed
1611 2828 1672 2882 quie
1707 2828 1763 2866 non

141 2905 259 2969 precepta
268 2914 392 2952 servare.
411 2899 515 2971 (Aine.)
524 2900 647 2954 lncarne
662 2901 781 2970 placere,
799 2901 921 2956 homini·
961 2900 1115 2967 videntur;
1136 2900 1232 2954 videns
1259 2900 1396 2955 mundum
1423 2900 1586 2955 crucifixum
1613 2906 1642 2955 et
1674 2906 1765 2955 trans·

71 3046 74 3081 ι
139 2983 175 3039 bas
183 2990 288 3055 morere
302 2987 453 3058 siginificat.
470 2988 507 3042 Ut
516 2988 592 3042 enim
613 2989 716 3044 Judaeis
731 2989 860 3061 propitiis
871 2995 921 3044 aut
962 2994 1076 3044 euntem
1104 2990 1225 3060 figuram
1248 2991 1318 3060 ejus.
1349 2989 1529 3059 Cruciiigitur
1560 2996 1655 3045 autern
1686 2991 1764 3060 justo

138 3075 307 3130 mninicnsis
320 3077 455 3142 viverent,
482 3094 552 3148 quos
576 3078 824 3149 pseudoapostolos
838 3058 1084 3145 dicit,Gmundus
1115 3078 1162 3131 ille
1197 3078 1231 3131 de
1264 3094 1320 3149 quo
1361 3079 1489 3133 Salvator
1524 3079 1566 3133 ait
1592 3097 1599 3132 ε
1626 3079 1681 3146 Epo
1709 3081 1763 3133 rici

136 3163 316 3219 archristum
337 3165 535 3235 predicabant,
552 3172 585 3220 ut
600 3173 628 3221 et
641 3167 732 3237 legem
751 3167 917 3221 servandam
959 3169 1098 3243 retundam
1114 3185 1121 3231 ;
1137 3171 1166 3220 et
1182 3185 1187 3219 :
1201 3167 1291 3221 Nolite
1300 3168 1416 3234 diiipere
1424 3169 1574 3231 inuitatum,
1587 3172 1630 3221 et:
1644 3168 1705 3222 Non
1718 3183 1762 3222 oc-

136 3252 267 3308 iocerent:
283 3254 360 3325 quod
382 3255 533 3325 Apostolus
556 3271 702 3326 nunquam
727 3257 838 3321 metuit,
868 3256 917 3311 sed
958 3259 1064 3324 cepistis
1075 3259 1206 3324 spiritum
1225 3257 1333 3309 visundi.
1344 3255 1499 3310 Crucifixus
1510 3261 1554 3310 eet
1568 3256 1690 3310 mundus
1711 3256 1760 3322 illi,

71 3372 73 3399 ι
134 3349 297 3409 mutanter,
315 3343 390 3414 quod
403 3360 501 3398 verum
515 3351 567 3411 est,
583 3361 640 3399 non
653 3346 751 3410 tacuit,
767 3351 796 3400 et
810 3345 874 3411 sibi,
890 3353 918 3399 et
959 3345 1003 3399 cui
1016 3345 1139 3399 mundus
1154 3350 1331 3399 mortuusest
1342 3345 1488 3414 3venitque
1499 3344 1763 3401 eimundiconsum-

133 3429 165 3485 bis
176 3432 325 3503 presidens
339 3448 410 3504 quos
424 3432 549 3488 docebat.
565 3434 693 3504 Denique
710 3452 715 3487 :
733 3435 798 3503 iipo,
813 3435 914 3505 inquit,
958 3433 1054 3500 matio,
1073 3440 1101 3488 et
1115 3433 1217 3503 dignus
1232 3433 1430 3486 effectusnovo
1449 3434 1528 3499 coelo,
1549 3450 1621 3488 nova
1632 3439 1718 3502 terra,
1735 3442 1764 3489 et
1802 3423 1817 3439 ’

132 3535 176 3574 non
182 3525 271 3576 solum
284 3522 432 3589 &praised
442 3526 466 3574 ct
477 3525 550 3576 inari
564 3525 596 3576 in
607 3525 917 3593 iiierosolqmapurotiu
958 3523 1036 3578 Novo
1045 3523 1234 3587 Testamenta,
1244 3521 1320 3574 canit
1333 3521 1473 3575 canticum
1487 3538 1599 3588 novum,
1612 3530 1641 3576 et
1663 3524 1765 3594 accipit

130 3625 189 3675 uia,
200 3627 255 3680 pro
274 3613 390 3665 nantino
403 3612 518 3665 havuini
528 3613 591 3665 iesu
602 3612 707 3666 Christi
722 3615 789 3680 (Aci.
807 3615 916 3682 xxi).-
957 3627 1061 3665 nomen
1075 3609 1365 3681 novumscriptumin
1380 3610 1495 3675 calculo,
1510 3611 1585 3681 quod
1604 3627 1687 3665 nemo
1714 3628 1762 3664 no-

130 3697 256 3768 illieron.)
265 3700 361 3768 licque
373 3702 450 3753 enim
465 3703 515 3768 qui
524 3702 860 3770 circumcidunturleqem
871 3718 917 3755 cu·
957 3700 1006 3766 vit,
1017 3700 1072 3754 nisi
1087 3699 1134 3771 qui
1150 3698 1290 3769 acceperit
1304 3699 1374 3751 illud
1391 3701 1478 3766 (Apso.
1496 3701 1537 3768 11).
1555 3697 1672 3768 [Gragi
1687 3699 1763 3753 Bene

127 3789 402 3856 tarantasmum
413 3790 638 3854 nosrircumcidi‚
650 3794 681 3843 at
697 3792 916 3844 incurncvcstru
957 3804 1024 3858 ergo
1039 3788 1152 3853 Paulus,
1169 3803 1232 3840 cum
1256 3786 1389 3841 saecalum
1415 3786 1537 3857 perfecte
1548 3785 1712 3857 despiceret,
1733 3794 1762 3841 et

126 3879 284 3941 amnentur.
300 3878 420 3949 Propter
433 3877 637 3946 infirmitatem,
645 3878 746 3950 inquit,
758 3879 860 3945 carnis,
872 3879 915 3933 lex
956 3877 1043 3932 mlem
1058 3894 1088 3931 se
1109 3876 1213 3931 iactum
1229 3875 1346 3942 videret,
1364 3890 1448 3946 quem
1467 3876 1527 3945 jam
1548 3874 1602 3929 hoc
1629 3876 1762 3929 saeculum

126 3963 227 4036 inpleri
236 3982 296 4020 non
309 3971 412 4037 potest.
428 3966 509 4021 Unde
524 3974 552 4021 ct
566 3967 654 4021 iudaei
670 3952 809 4038 praecepta
826 3969 916 4038 magis
956 3966 1152 4037 concupiscere
1168 3965 1282 4020 omnino
1296 3981 1352 4019 non
1372 3970 1475 4035 posset,
1493 3964 1583 4035 ruptis
1597 3965 1681 4034 hujus
1700 3965 1762 4020 vitae

125 4053 463 4118 bominumetdoctrinas,
490 4073 575 4128 quam
602 4057 654 4111 Dei
676 4058 810 4111 mandata
826 4062 917 4112 custo·
956 4055 1325 4109 vinculisliberdicitzldihi
1339 4055 1667 4120 irritanduscrucifinuseat
1681 4059 1762 4122 eteqo

124 4143 206 4207 dium,
217 4145 917 4216 nequecorporalemiacienteslegem,impossibile
958 4147 1073 4199 inundo.
1089 4145 1211 4199 Mundus
1227 4143 1330 4214 quippe
1345 4143 1370 4197 ei
1396 4142 1544 4198 crucifixus
1572 4143 1673 4209 fuerat,
1696 4144 1763 4215 quia

125 4232 218 4305 quippe
231 4240 276 4288 est
292 4250 402 4305 :neque
411 4233 575 4304 spiritalem,
586 4251 670 4306 quam
682 4251 737 4289 non
746 4234 915 4304 intelligunt.
958 4234 1032 4289 hunc
1046 4233 1123 4288 cordi
1141 4250 1192 4288 suo
1199 4235 1261 4304 jam
1270 4238 1412 4287 mortuum
1427 4249 1484 4287 non
1497 4232 1623 4302 amabat:
1637 4233 1687 4287 sed
1694 4238 1724 4287 et
1732 4250 1761 4288 se

125 4320 194 4376 Unde
221 4323 274 4377 hoc
293 4328 346 4389 est,
367 4339 449 4377 omne
465 4323 538 4394 quod
557 4324 693 4389 student,
715 4324 790 4395 quod
819 4330 916 4393 agunt,
958 4322 1051 4395 ipsum
1061 4324 1166 4377 mundo
1191 4322 1376 4388 crucifixerat,
1393 4322 1459 4393 quia
1472 4322 1559 4374 talem
1584 4338 1614 4374 se
1637 4322 1663 4375 ei
1682 4322 1760 4375 exhi-

124 4411 191 4480 quod
197 4412 338 4477 nituntur,
358 4418 392 4467 ut
406 4413 480 4482 apud
494 4414 508 4467 J
511 4412 605 4467 udaeos
618 4414 653 4467 de
672 4383 949 4468 vestrmcarnisin-D
959 4411 1025 4466 bere
1036 4412 1155 4477 studuit,
1172 4410 1248 4466 atah
1259 4427 1292 4464 eo
1307 4410 1387 4481 quasi
1399 4414 1526 4464 mortuus
1536 4409 1693 4479 concupisci
1703 4425 1760 4463 non

123 4499 191 4568 jana
202 4501 370 4571 glorientur,
387 4507 417 4556 et
426 4501 557 4571 jactitent
571 4518 621 4556 suo
640 4508 738 4572 gentes
756 4502 917 4573 magisterio
959 4507 1063 4572 posset.
1079 4501 1108 4555 Si
1123 4500 1200 4554 enim
1210 4499 1240 4553 in
1255 4515 1311 4553 uno
1320 4498 1381 4553 loco
1396 4497 1453 4552 sint
1463 4502 1591 4551 mortuus
1612 4502 1641 4550 et
1653 4497 1757 4563 vivens,

126 4589 303 4645 circumcisas.
324 4591 385 4645 Hoc
399 4596 494 4645 autem
516 4596 607 4645 totum
622 4591 738 4659 faciunt,
754 4596 787 4645 ut
813 4591 917 4646 Judaeis
959 4595 987 4644 et
1005 4589 1028 4644 si
1041 4596 1169 4643 mortuus
1186 4588 1279 4641 nuum
1304 4603 1360 4641 non
1374 4586 1459 4650 videt,
1481 4585 1665 4638 rivustamen
1686 4602 1760 4639 rnor-

126 4677 254 4747 plaeeant,
277 4686 306 4733 et
329 4686 495 4751 expugnatae
510 4680 579 4751 legis
606 4680 711 4734 invidia
728 4680 913 4751 conquiescat.
957 4685 1038 4734 tuum
1053 4678 1129 4732 videt
1145 4697 1150 4731 :
1167 4677 1192 4730 si
1207 4693 1271 4729 vero
1280 4675 1393 4745 utrique
1405 4673 1508 4727 mortui
1522 4679 1597 4740 sunt,
1610 4674 1682 4728 alter
1692 4675 1760 4729 alte·

127 4768 350 4833 ilmhh'l'aleest
368 4768 430 4834 hoc,
443 4769 524 4839 quale
538 4775 567 4822 et
580 4769 649 4823 illud
666 4769 772 4824 dictum
796 4769 831 4823 ad
847 4786 915 4840 apo·
957 4785 1021 4822 rum
1034 4781 1213 4838 nequaquam
1227 4764 1311 4817 videt.
1329 4763 1372 4817 lta
1388 4761 1436 4833 qui
1448 4763 1508 4832 jam
1537 4762 1673 4817 mundum
1702 4778 1758 4818 non

126 4856 219 4912 stolum
236 4858 353 4913 Petrum
370 4875 377 4910 ε
392 4856 425 4912 Si
443 4863 482 4923 tu,
500 4875 563 4912 craia
578 4860 747 4924 sisludcus,
773 4861 916 4927 pentiiitcr
956 4861 1043 4921 amat,
1059 4855 1108 4909 sed
1117 4861 1213 4908 tamen
1227 4850 1263 4906 ab
1276 4851 1324 4904 illo
1339 4851 1381 4904 vel
1400 4866 1456 4904 non
1471 4851 1566 4905 volens
1581 4856 1703 4918 amatur,
1730 4859 1760 4906 et

126 4947 193 5011 airis,
208 4948 343 5016 monsedo
357 4950 496 5015 compellis
505 4952 595 5013 pentes
603 4949 753 5016 judaizare
769 4947 915 5016 (Goi.11.)i
956 4945 980 4999 si
989 4945 1050 5017 ipse
1069 4944 1145 4999 velut
1160 4946 1288 4996 manuus
1306 4939 1442 4994 mundum
1456 4955 1513 4994 non
1524 4940 1608 5006 videt,
1619 4941 1694 4995 hunc
1716 4947 1760 4994 ta·

126 5032 200 5091 laet
215 5036 254 5103 hi,
268 5052 335 5090 cum
354 5035 409 5106 ipsi
427 5035 518 5106 legem
536 5051 592 5090 non
606 5035 788 5101 custodirent,
804 5051 916 5090 conver·
957 5050 1022 5088 men
1047 5033 1170 5087 mundus
1191 5030 1283 5085 adhuc
1307 5045 1364 5083 non
1382 5033 1511 5083 mortuus
1525 5029 1626 5100 ,videtz
1658 5029 1757 5085 sivero

124 5131 207 5179 nates
224 5125 340 5196 injuste,
356 5124 596 5179 circumcisionem
620 5124 790 5191 zelabantur,
808 5130 840 5179 ut
853 5141 916 5197 pro-
956 5139 1008 5176 nec
1018 5122 1077 5194 ipse
1093 5121 1122 5175 in
1137 5136 1233 5174 amore
1249 5117 1385 5172 mundum
1410 5117 1522 5183 retinet,
1548 5133 1599 5171 nec
1612 5133 1757 5173 rursuma

123 5209 178 5266 inde
204 5213 328 5268 vindices
346 5219 377 5269 et
397 5218 538 5267 amatores
559 5214 629 5283 legis
655 5214 826 5279 viderentur,
851 5230 914 5267 cum
955 5211 1054 5267 mundi
1069 5227 1165 5265 amore
1180 5209 1327 5269 retinetur,
1340 5205 1757 5277 vicissimsibiutliqueexstin-

120 5309 221 5357 annet
247 5303 323 5357 hunc
353 5305 447 5373 legem
475 5303 623 5357 deiendere
652 5309 680 5357 et
695 5303 845 5369 custodire,
866 5303 914 5374 qui
956 5301 1084 5367 etisunt3
1097 5299 1162 5371 quia
1175 5298 1244 5352 dum
1258 5297 1333 5351 alter
1345 5296 1465 5350 alterum
1475 5310 1532 5349 non
1543 5295 1660 5366 appetit,
1676 5297 1754 5368 quasi

117 5388 233 5456 institiae
245 5393 308 5463 eius
318 5391 490 5463 exsequitur,
508 5399 537 5446 et
551 5392 716 5446 mandatum
727 5393 801 5462 quod
816 5392 852 5446 ad
871 5392 913 5444 vi·
955 5395 1097 5444 mortuum
1121 5392 1249 5443 mortuus
1258 5402 1316 5440 non
1340 5384 1469 5440 attendit.
1496 5383 1568 5448 Quia
1594 5384 1681 5454 igitur
1703 5402 1755 5442 nec
1848 5376 1853 5387 ⁶

119 5486 168 5533 tam
195 5481 340 5552 pertinens
354 5481 453 5536 datum
468 5487 519 5548 est,
537 5498 593 5535 non
612 5481 811 5552 praetermittit.
837 5481 913 5536 Talis
954 5479 1058 5533 Paulus
1064 5477 1161 5533 mundi
1168 5476 1288 5548 gloriam
1296 5473 1448 5546 quaerebat,
1460 5489 1512 5527 nec
1525 5489 1543 5526 a
1556 5474 1653 5527 mundi
1664 5474 1755 5545 gloria

117 5569 357 5639 mensurarum
379 5570 521 5626 excusatio
540 5575 610 5624 erat.
634 5571 698 5625 llaec
723 5569 798 5635 dicit,
821 5575 854 5625 ut
869 5570 912 5623 rel
953 5569 1013 5640 ipse
1026 5566 1213 5639 querebatur,
1228 5561 1754 5626 etsemundoetmundumsibicruci,
