3772 6120
79 250 103 302 ii
282 243 573 301 ENARRATIONUM
592 245 630 301 IN
651 246 727 302 EPP.
750 247 856 305 PAULI
877 244 945 308 Llii.
966 256 999 310 x.
1029 286 1060 297 -
1088 244 1126 312 iN
1146 248 1256 312 aelst.
1278 255 1290 311 Ι
1309 256 1357 311 ΑΙ)
1376 209 1457 312 CDR.
1656 253 1689 309 58

78 370 181 426 fraudem
195 368 348 424 Μίδεω
362 370 404 424 rei
420 376 496 436 Sunt,
511 371 559 425 8θᾶ
574 377 603 424 ei
616 379 725 442 pamm
741 373 854 447 habent,
865 381 975 451 Atum;
995 384 1070 439 unde
1089 390 1118 437 ct
1132 383 1221 437 dicit:
1242 383 1294 437 Sed
1316 399 1361 450 eoo
1383 382 1433 435 sub
1452 380 1559 436 araitins
1580 381 1690 449 redibas*

75 458 148 512 dilicti
161 458 283 523 fflffilffli
295 459 344 528 qui
358 460 446 512 macti
460 459 729 530 issiuiiaffllifi'aude
744 486 851 537 corani,
891 476 1028 546 potestate.
1046 473 1141 542 <nugs
1164 470 1260 525 Potest
1275 470 1379 541 aliquid
1394 471 1476 524 licere
1491 477 1519 524 ct
1538 487 1592 524 non
1607 487 1690 541 expe-

75 547 335 617 infititlesfflt'stsstssd
349 548 546 624 judicandum,
558 560 854 616 etcumfraudemaut
895 561 964 619 dire.
988 562 1123 634 Erpedire
1143 567 1237 616 autem
1256 561 1328 632 quod
1349 562 1486 615 nonlicet
1510 578 1565 615 non
1589 567 1689 631 potest.

74 633 171 704 injurias
189 635 282 691 illatas
302 650 435 721 'persequi
454 667 510 705 non
530 650 673 717 deberent,
689 668 745 705 nem
761 652 853 706 solum
894 655 934 709 tle
948 671 997 725 per
1012 653 1064 706 lroc
1078 662 1133 706 uon
1145 650 1325 705 omnialicita
1343 650 1502 721 expediunt,
1518 647 1613 704 omnia
1628 656 1691 703 reto

75 724 205 804 striclam,
225 737 275 791 sed
294 743 323 791 et
338 738 391 809 ipsi
408 739 536 794 fraudem
555 747 583 794 et
602 741 720 812 injurias
737 741 851 799 iaciunt.
896 743 992 797 illicita
1010 759 1066 796 non
1087 741 1245 812 expediunt.
1267 742 1343 794 Tunc
1367 757 1422 793 non
1442 740 1553 810 expedit
1571 739 1599 792 id
1619 739 1692 809 quod

72 826 95 880 'i't
102 827 230 897 puniendi
245 828 653 898 exemplatratribustribuant.
667 831 701 884 Et
711 830 778 901 quid
791 830 854 883 aliis
895 832 1003 885 licitum
1022 838 1073 897 est,
1094 830 1205 900 quando
1226 826 1398 900 permittitur
1415 829 1538 899 quidem,
1559 827 1693 881 seclusus

70 915 144 968 brer-e
155 915 286 969 credatur
299 917 415 987 quinon
427 918 516 988 parcit
525 919 583 972 suis
591 918 603 970 ⁷?
614 921 657 972 rin
672 922 854 987 nescitisquiu
895 919 983 991 ipsius
1003 919 1148 990 potcstatis
1159 918 1249 971 adscit
1260 918 1322 970 aliis
1333 917 1565 988 impedimentum
1576 915 1675 969 salutis
1685 934 1691 968 ι

69 1007 271 1073 iniquireqaam
279 1007 327 1060 lici
337 1009 570 1075 ›cortpossidabant
579 1008 856 1061 tHocdicensosten-
896 1009 965 1062 mihi
976 1009 1105 1062 ridentur
1113 1007 1195 1061 licere
1206 1024 1261 1060 non
1269 1007 1408 1077 expedire,
1418 1021 1478 1076 (pua
1486 1004 1690 1076 perlustitiann

67 1093 100 1146 dit
115 1093 176 1146 illos
193 1110 250 1147 non
268 1095 378 1148 nescios
394 1112 518 1166 peccare,
540 1113 572 1150 ac
597 1115 648 1168 per
668 1098 720 1150 hoc
743 1097 855 1165 gravius
895 1114 1058 1168 quaererem
1070 1099 1126 1150 [leo
1137 1100 1188 1162 est,
1200 1096 1411 1167 permittuntur,
1424 1095 1470 1148 sed
1478 1094 1636 1148 ostensione
1647 1092 1695 1145 lus

66 1182 261 1250 rinelicandum,
278 1184 303 1238 si
321 1185 397 1238 enim
408 1185 642 1240 immisericordes
652 1187 693 1240 rei
704 1193 770 1240 sunt
779 1187 853 1257 apud
896 1187 1014 1250 minum,
1027 1186 1050 1239 si
1061 1179 1095 1238 ob
1110 1187 1162 1238 boc
1175 1184 1366 1255 impediantur
1383 1184 1418 1237 ad
1435 1184 1565 1248 salutem,
1582 1181 1694 1234 vitanda

63 1271 152 1336 Deum,
170 1282 277 1342 quanto
298 1274 390 1343 magis
408 1275 515 1346 iniqui?
529 1276 619 1330 Nolite
633 1292 729 1330 errare
745 1295 753 1330 s
770 1289 854 1344 neeric
895 1280 962 1330 sunt
974 1294 979 1328 :
993 1293 1025 1328 ea
1037 1292 1101 1328 rero
1112 1292 1166 1328 non
1177 1275 1260 1327 licere
1272 1273 1379 1344 qumsic
1390 1279 1520 1327 rotantur
1531 1278 1561 1325 ut
1570 1270 1695 1325 facienda

61 1362 213 1428 (ornimrir,
223 1378 310 1430 neque
323 1365 564 1427 idotisscrcicntcs,
574 1366 800 1433 nequeeduttcri,
811 1381 854 1418 nc·
895 1380 951 1418 non
961 1365 1027 1417 sint.
1043 1365 1137 1431 (drop.)
1156 1364 1234 1434 Saepe
1247 1363 1275 1416 hi
1291 1363 1338 1433 qui
1350 1363 1378 1416 in
1388 1367 1527 1433 potestate
1536 1368 1611 1427 sunt,
1628 1361 1694 1415 duni

59 1465 103 1517 pur
120 1453 224 1515 extolles,
248 1468 335 1520 neque
353 1456 542 1507 enascutoeam
560 1455 754 1520 condibitores,
772 1470 856 1522 nepem
897 1469 957 1505 sese
968 1451 1116 1505 etalicitis
1134 1452 1255 1505 retinere
1272 1452 1410 1517 nesciunt,
1431 1451 1466 1504 ad
1491 1451 1588 1504 illicita
1605 1457 1634 1504 et
1656 1450 1696 1504 in·

57 1539 137 1605 sures,
154 1556 244 1606 ireque
265 1545 359 1603 orori,
382 1557 466 1610 nepteo
484 1544 592 1605 ebriosi,
610 1560 693 1611 ireque
714 1545 852 1606 erralrdici,
898 1541 993 1611 quieta
1003 1540 1172 1594 delabuntur
1187 1559 1192 1593 :
1205 1541 1279 1594 solus
1290 1541 1365 1594 enim
1380 1541 1410 1594 in
1420 1539 1524 1594 illicitis
1534 1556 1589 1593 non
1605 1539 1695 1603 cadet,

59 1643 137 1694 neque
158 1643 273 1696 rapaces
295 1646 413 1697 repleam
435 1633 483 1684 Ilei
502 1634 685 1700 possidebunt.
715 1633 777 1686 Non
799 1631 857 1684 lreec
898 1631 944 1700 qui
964 1646 993 1681 se
1013 1636 1042 1683 et
1060 1629 1210 1699 aliquamlo
1230 1646 1246 1682 a
1266 1629 1349 1682 licitis
1368 1637 1449 1682 caute
1465 1627 1618 1697 restringit.
1642 1641 1697 1697 qtra

57 1715 155 1768 idcirco
178 1719 350 1772 memorarit
364 1720 445 1789 quasi
463 1721 611 1787 nescirent,
632 1721 707 1790 apud
721 1737 790 1791 quos
809 1718 1025 1779 arn-Bridelicet
1039 1719 1348 1788 contritionemligatus
1358 1718 1456 1772 beatus
1463 1719 1566 1772 Paulus
1574 1716 1698 1792 insinuat

57 1820 120 1858 num
136 1813 165 1859 et
182 1824 232 1860 sex
253 1823 366 1862 menses
385 1808 467 1873 sedit,
483 1809 584 1863 docens
600 1809 780 1878 Evangelium
796 1809 855 1874 llci,
898 1807 1006 1860 dicens:
1026 1809 1417 1875 bertreiainitiilicent,sednon
1433 1811 1528 1861 orrrrn'a
1539 1807 1695 1875 erpediunt.

58 1893 102 1945 sed
117 1896 297 1949 commonuit
310 1903 343 1949 ut
360 1897 539 1951 resuscitaret
552 1897 581 1950 in
600 1897 656 1951 illis
672 1897 857 1950 reverentiam
898 1898 989 1966 Atque
1001 1903 1032 1949 ut
1042 1912 1074 1948 ex
1092 1897 1152 1966 ipsa
1168 1897 1332 1966 religatione
1351 1897 1519 1958 ostenderet,
1547 1896 1574 1948 in
1593 1902 1697 1966 spuantu

58 1981 123 2053 legis
139 1992 169 2037 et
181 1984 318 2038 meritum
332 1985 368 2039 ad
385 2002 472 2056 regna
481 1987 623 2040 coelorum.
632 1988 666 2041 Et
681 1987 735 2040 trac
748 1988 858 2055 quidem
899 2002 928 2039 sc
942 1985 1045 2038 trientis
1059 1984 1189 2039 libertate
1204 1986 1344 2051 dilataret,
1352 1986 1425 2038 illico
1440 1985 1568 2055 adjunxit
1582 1985 1697 2055 :Omma

57 2074 212 2140 fuistisNe
224 2074 857 2143 omnibushocascribercrideretur,autcertc
898 2075 971 2127 aiibi
987 2076 1078 2135 licent,
1095 2077 1140 2127 sed
1158 2092 1204 2142 epo
1221 2075 1271 2127 sab
1287 2078 1395 2128 nuliius
1414 2080 1541 2143 potestate
1562 2074 1697 2140 rcdipor:

56 2178 152 2215 omnes
162 2162 198 2216 ab
209 2163 255 2216 his
263 2163 429 2219 criminibus
439 2165 578 2219 immunes
586 2166 698 2231 taceret,
711 2166 735 2219 si
743 2170 857 2225 taceret,
899 2179 963 2215 cum
980 2164 1054 2217 enim
1078 2180 1157 2216 inens
1179 2170 1312 2234 concepta
1328 2163 1468 2217 desideria
1487 2163 1623 2232 sequitur,
1643 2177 1700 2214 ser-

60 2251 332 2321 prohibuissemus
345 2252 501 2318 ridebatur,
518 2270 574 2307 non
590 2255 726 2308 revelasse
741 2253 860 2307 crimina
902 2252 958 2305 vire
974 2252 1057 2306 rebus
1073 2253 1254 2309 convincitur.
1280 2269 1399 2323 (luorum
1424 2268 1520 2305 amore
1540 2256 1697 2320 superatur.

58 2339 190 2407 illorum„
207 2341 313 2395 idcirco
328 2343 369 2395 sic
383 2343 424 2396 ait
440 2361 445 2394 :
462 2343 496 2396 Iit
511 2344 566 2397 trac
584 2344 695 2411 quiden
709 2344 815 2411 sitistis,
832 2348 861 2396 et
902 2341 1015 2404 Paulus,
1033 2342 1077 2394 cui
1093 2348 1192 2394 cuncta
1210 2341 1303 2401 licent,
1322 2340 1373 2394 sub
1395 2340 1499 2393 nullius
1516 2343 1654 2409 potestate.
1670 2354 1700 2390 se

60 2445 92 2482 ue
105 2430 140 2482 ad
154 2430 229 2483 iram
245 2430 310 2484 illos
326 2437 491 2501 provocaret
499 2431 610 2501 adjecit,
618 2432 670 2486 Sed
678 2433 769 2485 obtati
783 2435 845 2484 estis
850 2451 858 2495 ;
902 2430 1014 2498 redigit,
1027 2430 1093 2499 quia
1102 2430 1284 2498 semetipsum
1294 2429 1379 2481 etiam
1390 2428 1495 2481 alicitis
1505 2423 1700 2495 restringendo

59 2528 87 2570 ut
101 2527 288 2588 agnoscentes
299 2520 420 2574 crimina
437 2520 477 2573 rei
488 2520 563 2584 tacti,
579 2520 674 2574 statim
690 2520 862 2591 respirarent
902 2535 937 2571 ea
956 2535 1017 2587 qum
1036 2517 1174 2571 delectata
1189 2523 1350 2587 premerent
1370 2517 1500 2586 despecta
1517 2514 1698 2569 transcendit..

59 2608 203 2662 audientes
218 2610 265 2661 sed
278 2610 370 2662 obtati
383 2615 455 2662 estis.
468 2609 564 2662 Solent
577 2609 653 2663 enim
668 2609 756 2679 aliqui
771 2609 860 2679 pudo·
903 2607 969 2659 Esca
984 2610 1075 2659 tuntri
1089 2612 1112 2658 rt
1130 2612 1221 2659 center
1240 2610 1305 2659 cuis
1323 2624 1327 2657 :
1349 2608 1419 2659 Deus
1438 2611 1528 2657 autem
1552 2609 1575 2656 rt
1589 2605 1664 2655 barre
1677 2606 1701 2654 et
1738 2637 1744 2649 ,

58 2712 115 2750 rcm
124 2698 194 2768 pati,
212 2703 242 2751 et
254 2699 396 2767 corrigere
417 2714 480 2752 cum
495 2698 529 2751 de
543 2715 572 2751 sc
587 2698 707 2752 audiunt
716 2697 799 2752 bona
810 2699 862 2754 Sed
903 2697 975 2749 barre
989 2697 1118 2748 destruct.
1137 2694 1240 2757 (llinis)
1265 2695 1423 2749 Destructio
1444 2693 1549 2747 ventris
1568 2697 1620 2752 est,
1638 2700 1701 2743 cum

60 2789 224 2852 sanctificati
241 2791 315 2849 estis,
332 2789 378 2840 scd
391 2790 540 2855 justificati
554 2790 617 2840 estis
632 2790 662 2840 in
678 2790 788 2846 seoretius
808 2790 861 2844 Do·
903 2784 1002 2838 edendi
1024 2791 1114 2837 cessat
1134 2784 1266 2845 otliciunr,
1285 2802 1353 2838 esem
1373 2800 1437 2837 rero
1457 2776 1609 2836 destructio
1635 2784 1703 2833 tunc

61 2877 129 2926 sirini
140 2882 229 2928 nostra
245 2878 310 2930 iesu
321 2876 435 2941 Christi,
453 2881 477 2929 ct
496 2876 604 2944 Spiritu
622 2878 673 2930 Dei
687 2879 784 2929 nostri.
798 2877 861 2930 Hae
903 2873 965 2939 erit,
985 2874 1096 2943 quando
1115 2873 1225 2927 steterit
1243 2874 1382 2927 nativitas.
1407 2869 1636 2942 pseudoapostoli
1655 2886 1703 2922 au-

61 2963 151 3016 omnia
166 2962 305 3018 beneficia
323 2964 456 3035 puritatis
478 2965 507 3018 in
523 2963 691 3034 baptismate
709 2965 859 3030 consecuti,
903 2970 970 3026 tem,
992 2963 1112 3032 quinon
1126 2963 1222 3032 utique
1245 2963 1389 3032 religionis
1408 2979 1492 3015 eausa
1511 2961 1559 3015 sed
1580 2967 1703 3031 quastus

62 3058 221 3113 comuntur,
235 3052 310 3122 quod
323 3052 589 3106 estsundamentum
607 3053 777 3123 Evangelicm
792 3054 863 3106 reri-
870 3087 891 3147 C
903 3050 1066 3111 circuibant,
1080 3051 1257 3121 peccantibus
1271 3052 1361 3105 arnari
1371 3069 1431 3104 esse
1449 3050 1590 3104 nolebant.
1608 3050 1701 3115 ttap.)

31 3190 34 3195 ⁴
62 3139 125 3191 tatis
142 3158 147 3190 :
161 3140 219 3193 illic
230 3140 307 3193 enim
321 3139 451 3194 omnibus
464 3140 598 3211 depositis
608 3141 728 3210 pcccatis
739 3140 863 3195 abluitur
903 3139 1053 3193 Reticimus
1069 3140 1247 3209 quotidianas
1260 3141 1356 3194 ruinas
1367 3140 1489 3210 celsioris
1505 3138 1612 3192 edendo
1626 3145 1654 3190 et
1664 3137 1704 3189 bi-

64 3228 184 3292 medena,
192 3229 862 3300 jumiticaturinDomininomine,ctSpirituDei
903 3227 1003 3294 bendo,
1013 3229 1176 3299 priusquam
1186 3245 1262 3282 escas
1271 3235 1428 3282 etrentrem
1438 3227 1703 3282 destruassatietate

65 3317 158 3379 nostri,
176 3316 228 3370 Dei
242 3317 319 3370 iilius
329 3318 488 3388 adoptatur.
501 3318 556 3371 Per
575 3318 632 3372 brec
643 3319 776 3372 admonet
789 3318 860 3382 illos,
904 3317 1023 3370 mirilico
1043 3334 1106 3371 eum
1130 3317 1263 3371 occideris
1283 3318 1448 3387 indigentia,
1472 3325 1499 3370 ct
1524 3314 1704 3386 corruptibile

67 3411 165 3473 quanta
176 3413 205 3459 et
215 3406 308 3476 qualis
324 3406 363 3459 sit
378 3407 479 3476 gratia,
496 3423 581 3477 quam
598 3423 649 3477 per
665 3423 759 3460 veram
778 3408 864 3461 tradi·
905 3405 956 3458 hoc
970 3405 1093 3459 induerit
1108 3407 1463 3478 incorruptionemterpus
1475 3411 1568 3459 utitem
1583 3421 1636 3458 reon
1649 3406 1705 3472 tor-

67 3493 166 3547 tionem
176 3495 298 3548 assecuti
309 3501 384 3548 sunt.
401 3496 502 3548 Postea
510 3512 575 3548 vero
585 3502 681 3548 contra
696 3496 769 3549 lianc
783 3513 864 3565 regu·
906 3497 1051 3552 rtimlioni,
1066 3496 1111 3547 scd
1126 3497 1250 3549 Dorm'no.
1270 3496 1374 3557 (Andr.)
1390 3496 1471 3549 Nurrc
1485 3494 1557 3548 redit
1571 3494 1605 3546 ad
1621 3511 1704 3564 supc-

69 3581 192 3637 lamtidci
204 3584 329 3654 impulsu
340 3583 479 3637 malorum
488 3585 634 3638 doctorum
645 3585 807 3647 sentientes,
819 3586 863 3639 liis
904 3582 1006 3636 riorcm
1031 3600 1154 3636 sensum.
1178 3586 1311 3638 bertricus
1333 3587 1450 3652 corpori.
1475 3584 1547 3647 Quid
1568 3583 1705 3636 Dominus

70 3670 203 3726 bneficiis
212 3690 243 3726 sc
261 3680 408 3727 eruerunt.
420 3673 499 3727 Unde
517 3673 546 3726 id
560 3673 655 3743 agitur
664 3680 696 3728 ut
709 3680 818 3728 revocet
832 3675 864 3727 il·
904 3671 1040 3741 corpori?
1064 3671 1239 3736 subauditur,
1266 3673 1508 3726 immortalitatem
1541 3671 1706 3724 resuscitato

71 3759 106 3812 los
116 3762 148 3814 ad
158 3761 284 3832 primam
298 3760 478 3826 sententiam,
493 3767 526 3815 ut
535 3766 701 3831 recuperent
717 3762 790 3832 quod
807 3762 864 3816 fue·
904 3759 1047 3830 praestabit
1059 3779 1065 3826 3
1077 3777 1177 3830 corpus
1193 3761 1268 3813 enim
1284 3762 1341 3813 Deo
1359 3761 1482 3813 dicatum
1498 3760 1571 3811 dono
1586 3758 1705 3828 spiritali

74 3862 127 3901 rant
140 3850 293 3903 consecuti.
303 3850 577 3914 Oniniomtbiliccnt,
586 3851 683 3917 ardeae
693 3852 743 3903 sab
754 3846 878 3905 sterilius*
904 3847 1132 3902 renmnerabitur
1145 3849 1246 3901 merito
1256 3849 1343 3914 ducis,
1356 3849 1384 3901 id
1395 3855 1437 3901 est
1447 3847 1544 3900 animi.
1556 3849 1625 3900 licus
1644 3861 1706 3898 rcro

74 3940 176 4004 redipor
187 3943 327 4007 potestate.
336 3937 440 3992 Omnia
453 3937 506 3992 sibi
520 3939 604 3992 licere
616 3938 693 3999 dicit,
713 3955 746 3992 ca
759 3939 864 3993 scilicet
904 3943 929 3991 ct
943 3939 1093 3990 bornicum
1103 3940 1287 4001 sascz'tucit,et
1300 3955 1347 3990 reos
1356 3937 1498 3990 sciscitabit
1510 3953 1561 4004 per
1574 3937 1704 3987 virtutem

74 4041 125 4094 qua
134 4035 162 4079 et
171 4027 340 4097 coapostolis
350 4028 412 4096 ejus
422 4026 570 4091 licuerunt,
581 4044 642 4097 (pure
653 4027 731 4081 etlex
740 4028 865 4082 continet
905 4042 995 4078 saone.
1020 4025 1097 4079 Idem
1127 4041 1225 4079 sensus
1250 4033 1301 4086 est,
1329 4042 1412 4096 quem
1440 4024 1592 4078 Dominicre
1621 4023 1708 4076 relisit

75 4116 210 4175 muralis,
221 4132 279 4169 non
289 4116 404 4187 Moysis
421 4115 486 4186 quia
496 4116 586 4168 multa
598 4115 742 4186 prohibuit
755 4117 864 4187 Moyses
906 4115 1032 4184 exenrplo
1057 4115 1269 4168 resurrectionis
1297 4117 1420 4180 liemare,
1447 4115 1536 4167 virtus
1561 4114 1636 4167 enim
1657 4113 1706 4166 Dei

74 4210 179 4273 propter
196 4204 331 4257 duritiam
350 4203 442 4258 cordis
461 4204 555 4274 populi
576 4204 711 4258 increduli
731 4210 759 4258 et
782 4205 867 4258 cerri·
907 4203 1035 4256 Christus
1047 4210 1097 4266 est,
1107 4220 1161 4273 qua
1175 4220 1226 4256 nos
1236 4203 1391 4270 suscitabit,
1404 4208 1432 4257 et
1442 4203 1534 4273 ipsum
1544 4202 1706 4265 Dominum,

72 4292 132 4356 rosi,
152 4300 249 4345 tamen
269 4292 293 4345 si
310 4292 343 4345 ad
364 4308 477 4345 causam
501 4291 643 4363 respicias
663 4292 740 4345 aliud
764 4293 818 4346 suit
836 4293 865 4346 in
907 4291 960 4344 boc
978 4292 1056 4356 dixit,
1084 4292 1150 4361 quia
1169 4293 1228 4362 ipse
1248 4292 1383 4346 Dominus
1403 4308 1503 4362 corpus
1520 4308 1602 4345 suum
1623 4291 1708 4344 susci-

71 4396 149 4432 seusu
162 4382 299 4451 Apostoli,
311 4389 343 4434 ut
354 4380 590 4452 haecloqucretur.
601 4380 990 4466 Haecenimpraemi-Dtarit,
1007 4381 1116 4435 sicutet
1136 4381 1195 4451 ipse
1214 4382 1350 4434 Dominus
1369 4381 1430 4434 ait:
1454 4381 1555 4434 Solvite
1576 4383 1708 4446 ternplum

71 4468 112 4527 sit,
124 4476 220 4539 postea
230 4469 425 4523 acturuslianc
435 4486 558 4534 causam,
569 4469 642 4523 sicut
651 4469 726 4535 tecit,
738 4470 808 4523 etde
820 4469 867 4523 illo
909 4468 965 4527 icoc,
978 4475 1001 4522 et
1015 4487 1060 4536 epo
1077 4471 1166 4522 tribas
1181 4472 1274 4522 diebus
1288 4470 1424 4522 sessu'tabo
1441 4469 1533 4521 illud:
1554 4468 1602 4519 boe
1616 4472 1707 4520 aretem

70 4557 114 4626 qui
133 4558 271 4610 incestum
293 4557 456 4625 admiserat,
475 4557 605 4629 proponit
622 4558 698 4611 enim
716 4558 873 4628 designans·
908 4559 1012 4611 dicebat
1026 4560 1057 4610 de
1073 4562 1171 4626 tempto
1187 4561 1308 4626 corporis
1320 4560 1365 4609 siri
1380 4557 1471 4626 (iuuet.
1484 4559 1523 4622 ιι).
1535 4554 1708 4618 Quibusdam

70 4645 451 4715 quidacturusessetpostea.
463 4646 868 4717 Deniquestatimadsuperio-
907 4652 1003 4699 tanuen
1024 4646 1134 4700 ridetur
1148 4651 1262 4717 propter
1279 4644 1439 4698 libertatem
1458 4645 1581 4697 concessi
1600 4643 1710 4697 arbitrii

69 4750 123 4786 rem
138 4751 253 4787 seersum
264 4732 395 4793 breviter,
407 4734 520 4787 interim
531 4750 561 4787 re
576 4735 772 4788 commendata
783 4736 864 4800 redit,
907 4734 1010 4787 dixisse
1020 4736 1198 4805 Apostolum:
1209 4734 1310 4788 Olenia
1321 4735 1540 4797 rnitn'liceut,sed
1551 4750 1606 4786 non
1614 4736 1710 4787 sintrio

69 4820 201 4875 bocenim
218 4822 281 4875 ideo
291 4822 360 4876 dicit
371 4822 437 4892 quia
447 4820 547 4875 licebat
562 4821 603 4875 illi
622 4822 656 4874 ab
673 4822 717 4876 his
737 4830 866 4893 sumptus
907 4825 1061 4891 repudiant,
1072 4823 1192 4876 utliceat
1199 4822 1339 4886 fornicari,
1347 4838 1402 4875 non
1410 4828 1505 4875 tamen
1513 4822 1709 4892 expediatSed

68 4912 198 4981 accipere.
216 4911 271 4965 Sed
287 4911 421 4981 quoniam
438 4910 543 4964 sciebat
559 4911 807 4982 pseudoapostolos
824 4929 867 4964 oc·
908 4912 1047 4982 quomodo
1062 4912 1126 4965 licet
1139 4911 1213 4981 quod
1223 4910 1389 4981 prohibetur
1399 4911 1410 4962 l
1420 4917 1469 4964 aut
1479 4917 1553 4963 certe
1568 4911 1592 4963 si
1616 4913 1711 4965 omnia

68 5000 205 5052 rasionem
215 5016 345 5070 quaerere
353 4999 517 5070 accipiendi,
530 4999 621 5053 noluit
630 4998 665 5052 ab
675 5000 720 5052 his
731 5000 865 5071 accipere,
908 5001 1001 5065 licent,
1024 5000 1093 5053 nillil
1114 5006 1206 5070 potest
1224 4999 1278 5053 dici
1300 4999 1438 5059 illicitum,
1459 4999 1590 5064 sedlicet,
1602 5016 1657 5052 non
1669 5006 1711 5052 ta·

68 5104 99 5139 ue
120 5105 205 5142 causa
227 5090 333 5142 ventris
353 5088 617 5158 sig01·Erangelicae
638 5089 763 5142 veritatis
776 5095 868 5160 torpe·
909 5105 973 5142 men
990 5089 1109 5159 expedit.
1131 5090 1195 5143 llaec
1211 5095 1359 5143 susurrant
1376 5088 1564 5159 potiusquam
1580 5098 1711 5144 asserunt

69 5188 153 5230 sceret
165 5197 171 5228 :
185 5178 210 5230 si
221 5161 343 5231 cnim’ab
354 5177 399 5230 his
409 5176 555 5248 acciperet,
569 5193 639 5247 quos
653 5176 681 5229 in
697 5178 783 5231 tantis
794 5179 868 5231 vitiis
909 5184 958 5231 aut
968 5178 1156 5243 immemores
1169 5183 1218 5231 aut
1227 5178 1410 5248 negligentes.
1421 5177 1495 5231 Dicit
1505 5177 1579 5231 enim
1588 5178 1710 5231 ioannes

69 5265 209 5335 arguebat,
222 5266 421 5320 auctoritatem
431 5266 584 5336 magisterii
595 5281 754 5319 concessam
769 5266 821 5320 sibi
833 5268 868 5321 ad
910 5267 1034 5337 Baptista
1051 5267 1086 5319 ad
1096 5267 1252 5322 Herodem:
1270 5269 1330 5322 b'on
1342 5271 1402 5320 liert
1418 5268 1469 5320 tibi
1482 5268 1580 5320 trabere
1595 5283 1708 5321 errorem

70 5370 114 5406 rios
134 5372 151 5407 a
171 5354 293 5407 Domino
315 5353 483 5420 inclinabat,
506 5370 562 5407 non
586 5353 661 5407 enim
691 5361 784 5423 potest
805 5372 869 5408 con·
909 5358 1010 5423 fratris
1027 5357 1238 5421 latiburum).
1256 5356 1710 5427 Sedtorteloanncsexpersfuit

69 5450 173 5497 stanter
193 5443 287 5514 argui,
308 5459 326 5496 a
349 5459 404 5513 quo
421 5443 564 5514 accipitur,
582 5443 703 5495 maxime
726 5459 789 5497 cum
807 5445 869 5499 ide-o
910 5444 1027 5498 humani
1038 5445 1150 5515 eloquii,
1164 5446 1317 5517 inspiratus
1328 5445 1356 5498 in
1370 5451 1460 5511 utero,
1478 5445 1576 5517 quiasi
1594 5446 1645 5499 hoc
1656 5452 1707 5502 est.

70 5540 211 5605 promptus
223 5533 259 5589 ad
276 5532 401 5587 dandum
415 5532 462 5590 sit.
479 5537 512 5586 ut
526 5531 580 5588 sibi
595 5531 726 5586 humiliet
740 5525 870 5604 praeposi-
911 5532 1007 5588 debuit
1025 5533 1117 5588 dicere
1129 5553 1135 5587 :
1149 5535 1225 5589 Licet
1244 5534 1305 5594 tibi,
1326 5533 1374 5587 sed
1394 5551 1450 5588 non
1470 5535 1589 5605 expedit.
1611 5535 1709 5589 Sedet
