3772 6120
127 250 179 315 oo
419 191 744 307 omonimum
767 238 1400 307 oeconomorumomaoarsas
1418 241 1470 311 111.

125 378 212 433 finem
227 376 407 431 retineamus.
416 374 497 429 Nunc
512 390 593 428 verus
608 374 687 429 sedet
698 372 818 443 pontifex
828 371 1041 433 nosterActute
1055 366 1095 421 ita
1108 365 1274 419 inhonestus
1287 370 1340 431 est,
1347 364 1488 439 quomodo
1498 364 1578 437 divit

125 467 206 521 Jesus
217 466 303 521 Filius
312 464 363 521 Dei
378 464 407 519 in
422 463 524 517 throno
538 462 644 533 gratim.
654 469 768 533 paratus
779 463 925 530 indulgere
966 456 1041 511 modi
1056 472 1151 509 senem
1167 453 1312 525 nppmliari,
1322 454 1371 525 qui
1387 470 1478 527 neque
1488 453 1566 511 ninii

126 556 247 626 maeatis
256 553 360 609 nostris
371 553 625 622 iubocopportuno
636 551 750 607 ziusilio.
765 553 845 605 Nunc
860 567 924 603 rero
967 544 1096 599 exbibet?
1109 561 1156 615 qm
1167 542 1242 597 enirn
1258 543 1342 597 dicit:
1356 544 1475 599 Peccata
1485 544 1578 615 jurent

126 652 315 716 opportunum
330 650 441 711 tempus
458 650 502 695 est
515 640 609 695 auxilii
630 648 659 693 et
674 640 870 695 misericordie
890 639 925 693 il·
967 633 1138 689 memineris.
1151 632 1236 685 veluti
1250 631 1280 685 iu
1292 638 1438 687 senectute
1450 636 1578 689 correcta

126 734 192 797 iius,
202 735 276 789 sicut
290 733 343 786 iste
355 732 453 785 doctor
468 730 597 797 egregius
612 729 667 783 aiio
682 730 742 783 loco
751 729 837 783 dixit:
854 754 864 771 ιι
879 728 928 782 Ee·
968 724 1032 777 Nou
1043 722 1130 791 igitur
1143 739 1176 773 ex
1191 721 1234 775 bis
1249 738 1310 793 quae
1324 721 1353 775 in
1367 728 1579 797 senectutecont

126 840 157 877 co
171 840 245 879 nunc
260 828 373 891 tempus
388 819 566 890 acceptabile.
583 836 645 871 iaceo
664 835 739 873 nunc
754 818 814 870 dies
830 816 927 871 salutis
968 812 1017 865 des
1032 812 1153 883 teipsum
1169 830 1185 863 a
1201 810 1283 864 reaia
1297 810 1381 865 etimu
1392 828 1491 867 eorum
1505 826 1568 883 quae

128 913 240 979 tllt'or.
253 920 331 977 rm»
352 916 381 962 ot
399 908 539 979 Propheta
560 907 649 961 multo
673 912 739 961 ante
760 906 813 959 boc
831 904 926 957 auxilii
967 900 1067 955 fecisti.
1082 900 1227 965 Quomodo
1252 900 1327 953 enim
1350 916 1406 953 non
1430 906 1459 953 ct
1481 898 1579 955 absurt

127 998 276 1070 opportuni
291 1004 402 1067 tempus
425 995 587 1063 significans
603 1012 609 1045 :
628 1013 640 1045 ι
656 994 803 1063 Tempore,
820 992 920 1062 iuquit,
965 1006 1016 1061 pra
1031 989 1140 1043 verrium
1156 989 1230 1059 quod
1245 990 1286 1051 sn,
1302 996 1332 1043 ut
1353 1005 1437 1043 senex
1456 989 1486 1045 iu
1505 986 1579 1045 taber

126 1093 284 1157 opportuno
310 1084 403 1139 audiri
431 1092 468 1149 ω,
494 1089 523 1137 et
543 1082 573 1137 in
597 1082 643 1135 die
664 1080 763 1135 salutis
784 1080 878 1151 adjuri
895 1088 923 1133 te
966 1094 1047 1133 senex
1063 1078 1098 1131 ad
1115 1078 1220 1131 cirrum
1234 1077 1579 1141 ibatinetmene-xadtheu

128 1180 192 1243 (bo.
207 1188 293 1244 anm).
307 1195 317 1225 ι
332 1176 459 1245 Namque
475 1180 501 1225 et
517 1188 590 1227 nune
604 1170 846 1242 postbaptismum
859 1186 923 1240 pee-
966 1167 1023 1229 dat,
1042 1167 1126 1221 reluti
1141 1166 1222 1238 pueri
1245 1172 1391 1223 currentes
1413 1183 1477 1223 curn
1500 1164 1579 1239 plebe

126 1272 222 1319 caritas
237 1264 361 1319 inveniro
376 1260 640 1325 irrise1·iconiiam‚si
650 1259 842 1330 penitentiam
859 1277 924 1327 iege-
965 1255 1037 1311 fusio
1052 1262 1095 1311 est
1119 1261 1146 1311 et
1171 1255 1272 1313 irrisio,
1288 1261 1321 1311 ut
1335 1255 1436 1311 carritie
1452 1256 1568 1327 quidem

125 1354 192 1413 rint.
209 1353 301 1424 gratia
315 1359 358 1407 eat
379 1351 464 1411 iilius,
480 1350 527 1421 ‹pri
547 1350 626 1403 sedet
645 1349 674 1403 in
693 1349 795 1403 throno
814 1348 922 1417 grentio.
966 1345 1113 1401 trinsecus.
1141 1344 1308 1399 intrinsecus
1335 1352 1430 1399 autem
1456 1345 1579 1403 intellect

127 1443 206 1507 Quod
221 1459 285 1497 vero
299 1448 474 1512 opportunus
484 1440 623 1493 tirctusest
632 1454 682 1509 pro
692 1437 924 1505 nobiamagnum
967 1434 1116 1504 pueriiem:
1130 1442 1158 1487 et
1167 1434 1305 1505 siquidem
1321 1434 1437 1505 iniuriat
1447 1434 1529 1489 ilium
1537 1434 1579 1507 J'ur

126 1540 170 1591 est
189 1530 356 1587 hamilitatis
377 1529 520 1587 indicium.
538 1544 623 1598 qaam
639 1544 671 1581 ex
691 1534 790 1581 nostra
803 1525 925 1596 suscepit
967 1523 1092 1578 corrosio
1108 1522 1232 1577 medium
1244 1522 1365 1595 proferet
1373 1522 1487 1577 dicens:
1504 1522 1579 1579 Vela

127 1627 237 1677 nutura.
254 1636 310 1673 non
326 1636 382 1673 suae
398 1618 560 1672 substantiae
574 1633 659 1689 quarm
675 1615 758 1669 babet
771 1615 924 1685 triumpim-
967 1611 1031 1665 hibe
1055 1612 1250 1665 reverentiam.
1272 1613 1301 1667 Si
1318 1630 1381 1667 reru
1396 1620 1425 1665 tu
1441 1612 1481 1665 eis
1495 1628 1579 1667 lione

128 1709 293 1763 biiitereum
303 1709 395 1763 Patre
412 1707 457 1761 cui
472 1725 521 1759 rios
532 1706 689 1759 iidemcum
699 1704 800 1759 iidoc-ia
815 1703 925 1757 bouita-
935 1707 958 1765 Β
968 1701 1087 1755 rentiam
1097 1702 1157 1771 jam
1168 1701 1409 1771 senea.quomodo
1417 1702 1580 1772 jurenemir

125 1798 162 1853 tis
178 1815 235 1855 suae
249 1798 408 1851 aderamus.
426 1796 483 1849 lior
498 1802 655 1865 opportuno
670 1802 796 1863 tempore
806 1809 869 1846 eum
880 1810 925 1845 se·
967 1789 1580 1861 rereridesideras3Nonrmereris,inquiabr

126 1886 174 1941 det
188 1886 326 1956 ingratior
342 1886 453 1943 throno,
469 1889 497 1937 et
506 1883 601 1937 oroma
614 1882 713 1937 tribuit
725 1899 787 1952 queo
801 1882 925 1937 nobisad
967 1883 1050 1931 tucos
1060 1878 1299 1933 contunde-beas
1309 1886 1337 1932 te
1346 1879 1503 1940 bonoravit,
1516 1878 1580 1935 cant'

124 1976 246 2029 salutem
269 1974 414 2045 provenire
429 1973 616 2027 certissimum
631 1977 683 2037 est,
704 1971 788 2025 modo
815 1978 925 2040 nerrrpus
967 1966 1044 2021 dedit
1053 1967 1278 2021 tibiPrimatum
1288 1967 1545 2023 imbereconsessus
1554 1984 1580 2041 qi

126 2063 490 2119 esidorroru111.Ncrrr‹›de
511 2060 925 2132 seipsodcsperet3tirmmmus
967 2056 1045 2109 ilium
1072 2057 1206 2110 bonorem
1223 2058 1361 2129 quomodo
1388 2058 1580 2129 revereaturj

125 2154 259 2207 thronum
273 2152 414 2223 aequitatia
428 2153 498 2222 ejus.
507 2168 571 2205 euro
583 2149 689 2204 venerit
701 2148 854 2219 dijudicare
868 2166 926 2202 om·
966 2150 994 2197 tc
1000 2144 1100 2198 viderit
1113 2145 1580 2215 ampliuslascisitededitu11130m

126 2242 175 2297 nia
189 2241 344 2297 secundum
356 2240 506 2311 justitiam.
522 2248 551 2293 et
563 2246 629 2293 tum·
649 2238 704 2291 erit
721 2236 925 2308 desperationis
966 2240 1033 2287 tuuc
1043 2234 1377 2307 estvenerabilisquando
1388 2236 1575 2309 reageritquoe

128 2337 239 2402 tammus
253 2348 328 2385 narro
343 2329 503 2383 radentibus
515 2327 638 2381 consorti
656 2327 800 2381 adsedem
815 2326 923 2395 genitia,
966 2329 1109 2379 cerebrum
1122 2340 1185 2377 rero
1197 2324 1354 2394 juveniliter
1375 2331 1580 2397 eom-ematur„

125 2438 191 2475 curn
207 2421 348 2475 tiraiamus
362 2419 416 2473 erit
428 2420 549 2478 clausus,
560 2424 728 2486 tantumque
746 2433 810 2470 emo
824 2432 925 2485 sponso
967 2411 1018 2465 bas
1030 2412 1164 2468 ridiculus
1180 2416 1242 2467 erit.
1251 2414 1395 2478 Quomodo
1406 2414 1580 2487 poteritisjm

125 2516 274 2563 remanent
284 2508 331 2578 qui
341 2509 466 2562 lucentes
478 2506 557 2560 inertis
565 2503 810 2575 operibusierreut
818 2504 924 2573 lampa·
967 2517 1043 2559 nere.
1055 2502 1122 2554 dum
1133 2519 1188 2565 ros,
1204 2519 1296 2557 senes.
1311 2502 1457 2557 ebriemini
1469 2519 1520 2574 per
1532 2502 1580 2557 inc

126 2598 297 2661 dentitione
316 2594 662 2663 «Festinerrrus,airrquit
679 2611 684 2645 :
702 2592 925 2647 naureti'auius
968 2592 1105 2643 rostram!
1132 2592 1194 2644 Non
1219 2591 1295 2645 eninr
1327 2608 1399 2644 uunr
1416 2591 1536 2647 irrideus
1558 2608 1580 2645 si

124 2685 217 2738 dixit:
236 2704 247 2735 r
265 2683 311 2738 Sic
318 2700 410 2747 curro,
426 2701 481 2737 mm
498 2683 577 2752 quasi
592 2683 619 2735 in
636 2682 788 2745 incertum·
810 2706 820 2723 ..
842 2698 923 2737 (rursu
966 2678 1092 2741 dieo,sed
1104 2681 1222 2749 juvenes
1232 2681 1322 2751 magis
1332 2680 1507 2743 irrideoQui
1518 2680 1581 2737 enin

125 2789 196 2843 opus
207 2778 249 2827 eat
257 2779 286 2825 et
295 2789 377 2826 cmsu
389 2772 488 2825 valido.
501 2771 555 2834 Qui
569 2770 665 2831 currit,
682 2770 821 2825 rienrinem
832 2786 925 2823 oeeur-
967 2772 992 2819 or
1001 2765 1023 2819 si
1032 2767 1067 2821 ad
1078 2769 1260 2823 centesimum
1269 2769 1387 2823 veniatis
1398 2786 1515 2836 atinum,
1525 2768 1581 2823 mih

124 2870 234 2915 rentem
258 2860 310 2915 sibi
330 2861 413 2925 ridet,
429 2860 487 2913 sire
503 2877 553 2931 per
572 2868 662 2929 pram,
679 2859 736 2913 sire
755 2876 805 2929 per
825 2876 923 2929 aspera
966 2855 1081 2917 «lentini,
1093 2866 1121 2909 et
1134 2857 1239 2911 similes
1256 2859 1358 2928 pueris.
1374 2860 1387 2912 J
1393 2876 1495 2915 avenes
1509 2858 1581 2915 enim

125 2950 185 3003 loca
202 2956 337 3003 uanaoat.
350 2949 404 3012 Qui
419 2949 517 3005 currit.
530 2965 674 3018 nunquam
689 2954 754 3013 stat,
766 2964 833 3001 nam
848 2948 871 3002 si
882 2949 923 3001 rei
965 2960 1026 2997 carn
1042 2944 1216 3016 disciplinam
1224 2947 1363 3019 arteipiam
1374 2954 1402 3001 et
1411 2949 1581 3019 corrigantur

127 3038 267 3093 modicum
283 3038 416 3107 negligent,
433 3044 524 3092 totum
539 3037 653 3091 miiittit.
671 3037 723 3101 uui
740 3020 953 3091 currit'nibilC
965 3033 1094 3087 meliores
1103 3042 1177 3089 sunt.
1187 3036 1220 3089 m
1228 3053 1284 3091 non
1291 3036 1443 3091 istesermo
1453 3054 1543 3099 numa,
1550 3054 1581 3093 se

124 3126 272 3196 anteponit
287 3126 345 3183 riui.
363 3127 412 3181 sed
429 3126 518 3195 tnagis
533 3126 568 3179 ad
583 3142 647 3178 eum
667 3125 817 3195 perterruit.
836 3125 893 3179 lioc
908 3144 925 3178 a
966 3138 998 3176 ra
1005 3123 1077 3177 banc
1086 3123 1163 3177 norit
1172 3125 1398 3179 discretionem«
1411 3130 1548 3181 Senectus
1564 3142 1580 3181 e

125 3232 170 3269 me
181 3214 288 3269 dictum
304 3214 514 3285 aeterternam
525 3215 622 3267 dieunt
633 3232 638 3265 :
651 3215 683 3267 ln
696 3215 844 3283 juvenum
860 3215 923 3285 qui-
966 3211 1146 3267 honorabilis.
1164 3229 1220 3266 non
1238 3214 1317 3267 inulti
1330 3215 1474 3285 bmrporis,
1484 3222 1513 3269 et
1530 3221 1581 3271 aeta

125 3304 189 3357 dem
201 3305 396 3360 meastudium
409 3303 502 3367 babai,
512 3303 540 3357 in
547 3302 923 3374 juventutejeJunari:nune
965 3300 1021 3353 rim
1031 3301 1296 3371 irmnaeulataffiap,
1311 3310 1356 3371 rr).
1372 3325 1383 3353 i
1402 3304 1514 3359 Euenim
1529 3320 1581 3359 nos

124 3400 219 3449 nutem
234 3394 324 3447 senui.
342 3393 460 3451 biamme
475 3409 540 3447 sero
559 3391 771 3461 religiositatem
786 3408 922 3461 angimur·
964 3389 1137 3461 panitiemi]
1159 3408 1214 3446 non
1238 3392 1304 3463 quia
1325 3393 1447 3446 colorem
1461 3392 1581 3449 mirrdidu

125 3488 185 3535 ture
195 3482 325 3535 debuisti.
337 3484 426 3537 Nerrio
436 3481 504 3536 mibi
515 3487 622 3535 rem-os
632 3480 748 3535 virtutes
759 3490 919 3534 enumeret:
964 3476 1067 3545 ideoab
1081 3479 1160 3549 nigro
1171 3481 1262 3534 eoiore
1270 3482 1391 3552 arnpiius
1401 3482 1581 3549 bonor-tunna,

123 3586 198 3625 nunc
209 3571 299 3640 irrrtgis
308 3571 380 3641 riget
391 3571 686 3642 quie‚etinjurentute
697 3573 795 3623 tirmus
804 3576 919 3623 nonest.
964 3566 1067 3621 dicium
1082 3580 1125 3621 est
1139 3569 1201 3623 ritae
1225 3570 1252 3623 in
1273 3572 1374 3627 uirtute
1390 3579 1535 3643 proverbe,
1547 3576 1577 3627 et

122 3660 526 3730 Quieuimcorporaiemistum
536 3659 625 3713 currit
634 3658 920 3721 cursumreetedicit,
964 3655 1015 3707 hor
1026 3657 1191 3726 conjicimus
1199 3659 1361 3713 inaniorem
1373 3668 1547 3715 senectutem
1562 3678 1573 3715 τ

122 3748 189 3818 quia
199 3749 317 3803 canities
327 3766 391 3803 eam
402 3749 596 3820 apprehendit,
608 3755 637 3802 et
646 3765 701 3803 non
711 3747 923 3802 ralctsimiliter
963 3745 1051 3799 traria
1066 3747 1202 3801 senectuti
1215 3748 1517 3815 presserint.irrisibiles
1527 3750 1582 3805 iinn

122 3838 322 3908 currere,quia
332 3838 506 3907 omnisagoo
520 3839 548 3891 in
559 3854 674 3908 corpore
684 3837 852 3892 constitutus
867 3844 919 3889 est.
964 3850 1028 3886 meu
1046 3851 1097 3887 nee
1109 3836 1220 3905 juvenis
1240 3837 1348 3890 alienus
1361 3844 1404 3891 est
1419 3838 1501 3909 errlpa
1513 3856 1518 3890 :
1531 3840 1582 3910 pur

121 3927 163 3981 Tu
187 3944 251 3981 rero
272 3928 306 3981 ob
329 3944 413 3997 quam
437 3944 549 3982 causam
573 3944 686 3981 cursum
716 3926 845 3981 minues?
870 3925 921 3979 iiio
964 3920 1000 3974 ibi
1016 3928 1126 3978 tantum
1144 3924 1245 3978 babere
1261 3926 1370 3979 reniam
1386 3926 1498 3999 poterit.
1515 3927 1582 3983 dum

123 4015 198 4069 enim
212 4016 306 4070 auimo
322 4033 392 4085 opus
405 4023 458 4080 est,
474 4016 567 4069 ariimo
583 4021 685 4069 arrecto.
701 4014 802 4069 beirna
819 4014 922 4085 quippe
963 4010 1056 4075 lber-ic,
1073 4013 1141 4067 dum
1160 4022 1285 4086 tempore
1307 4015 1416 4085 indiget
1436 4022 1465 4069 et
1487 4016 1582 4089 expeti

120 4102 150 4156 in
173 4108 315 4157 mnenon
340 4105 433 4173 potius
454 4104 635 4165 confortatur,
660 4109 726 4157 tunc
750 4104 833 4171 riget,
854 4110 921 4158 tunc
962 4107 1139 4173 autoruopus
1153 4103 1206 4157 erit
1221 4105 1435 4177 tenrperautimn
1449 4105 1582 4161 autfertii

121 4192 340 4247 exsultatzsicut
351 4193 426 4247 emm
443 4210 543 4262 corpus
552 4208 698 4263 usquequo
708 4192 830 4246 febribus
847 4193 921 4249 deti-
962 4198 1130 4247 rnonsbnre.
1149 4210 1337 4264 nequaqumn,
1354 4211 1445 4265 neque.
1461 4195 1574 4265 quando

122 4287 215 4341 netur,
225 4287 253 4335 et
264 4280 497 4351 mbsequentibus
506 4281 800 4349 aegritudinibuaacsi
810 4281 846 4335 sit
857 4282 921 4335 rnli-
962 4278 1089 4351 pecuniis
1100 4280 1241 4335 abstinere
1255 4300 1259 4333 :
1274 4300 1338 4337 nam
1353 4292 1394 4337 est
1410 4283 1456 4337 ubi
1468 4284 1558 4353 magis
1572 4301 1582 4359 p

121 4369 199 4435 dum,
213 4376 309 4425 taruen
325 4370 474 4439 affligitur:
486 4387 550 4425 cum
566 4376 660 4425 autem
677 4369 826 4425 liberatum
837 4363 1040 4425 saeritDreuis
1053 4369 1192 4441 culpatur.
1211 4370 1260 4425 lile
1285 4372 1388 4443 quippe
1416 4373 1505 4427 multu
1527 4390 1583 4429 cun

122 4458 157 4512 ab
168 4458 327 4515 obsessione
336 4458 917 4530 morborum.recreatpropriamrietatem:
962 4454 1085 4519 babebit,
1105 4457 1269 4513 debilitante
1292 4460 1372 4514 illum
1394 4468 1565 4517 senectuto:

121 4547 162 4603 sic
176 4549 261 4603 etiarn
277 4549 372 4605 anima
395 4549 424 4605 in
444 4550 592 4619 jurenmu
616 4547 738 4607 febribus
756 4548 875 4614 laborat,
892 4555 920 4603 et
961 4544 1041 4601 sortis
1055 4552 1107 4605 est.
1126 4548 1150 4603 si
1172 4549 1291 4603 volucrit
1308 4549 1432 4621 seipsum
1455 4568 1567 4620 regere;

121 4652 200 4691 arnor
213 4639 309 4707 gloriae
331 4638 466 4709 opprimit
480 4656 551 4701 eam,
567 4645 595 4692 et
615 4638 780 4693 deliciorum
793 4644 823 4693 et
836 4654 919 4693 reue-
962 4634 1038 4691 niam
1046 4642 1275 4691 rnereantorcum
1283 4640 1358 4709 rapit
1368 4641 1488 4711 mopiius
1497 4658 1583 4711 cluam

119 4739 234 4781 reatum
242 4728 503 4791 r·crum‚etaiiarum
512 4728 665 4781 rmrlmrum
673 4727 917 4797 irnuginatiorrurrr;
962 4731 1040 4779 tenet
1049 4727 1155 4779 iunium
1170 4726 1197 4780 in
1209 4728 1377 4783 cordarium
1389 4746 1444 4785 nou
1455 4731 1583 4801 mljusatr

115 4810 185 4867 'curn
199 4820 292 4869 autmn
304 4822 432 4871 senectus
441 4817 594 4875 advenerit,
604 4833 701 4871 ornucs
712 4816 762 4871 bas
777 4817 920 4887 passiones
962 4816 1049 4869 multa
1057 4817 1199 4887 superflua
1208 4817 1341 4888 loquitur,
1353 4819 1419 4873 dum
1431 4819 1558 4887 injuriat,
1569 4821 1583 4875 d

121 4902 318 4972 cdugatmlias
335 4922 384 4973 pm
393 4906 562 4970 satietatem,
575 4906 643 4961 alim
655 4923 705 4976 per
713 4906 919 4976 philosophiam
962 4904 1009 4970 cit,
1026 4905 1093 4960 ilum
1110 4905 1317 4961 inebriatur38i
1334 4916 1428 4961 autem
1440 4907 1583 4981 dctempei

120 4991 294 5047 constrictas.
310 4993 365 5058 Qui
380 4994 454 5049 enim
470 4995 500 5049 in
515 5000 659 5049 senectute
674 4995 713 5051 ita
727 4995 850 5049 furiosus
865 5001 917 5049 est.
962 5011 1016 5047 non
1027 5011 1108 5065 posse
1122 4996 1239 5065 culpari,
1252 4997 1365 5050 attende
1376 4996 1453 5050 iilum
1465 4996 1542 5052 etibi
1552 5014 1581 5055 m

121 5081 243 5137 ostendit
254 5082 319 5153 quia
330 5090 358 5137 et
372 5082 569 5153 injuventute,
587 5102 641 5139 non
656 5101 707 5156 per
718 5084 917 5155 ignorantiam.
962 5083 1005 5137 ria
1014 5083 1204 5150 babentem‚si
1213 5090 1306 5139 tirrneu
1315 5086 1446 5138 soluerit:
1456 5103 1488 5139 ac
1498 5086 1522 5141 si
1535 5087 1581 5143 eni

121 5186 177 5225 non
193 5188 244 5241 per
262 5171 444 5242 imperitiam,
458 5190 513 5227 non
528 5191 577 5244 per
591 5180 702 5229 aetatem
717 5173 781 5229 talis
794 5173 856 5238 suit,
870 5174 919 5227 sed
961 5172 1092 5228 diusemu
1104 5191 1291 5245 quarmsenem
1302 5175 1583 5245 copiditas-stimulet,

121 5274 172 5327 por
185 5261 395 5331 negligentiam.
414 5262 462 5315 ilie
477 5263 580 5332 quipp¹
591 5270 682 5333 potest
696 5263 789 5317 dicere
805 5282 810 5315 :
830 5290 841 5313 a
864 5265 918 5318 De·
962 5263 1050 5315 irruite
1064 5263 1092 5316 in
1104 5264 1204 5333 quibas
1215 5265 1305 5333 inagis
1316 5280 1399 5335 apuam
1412 5281 1495 5319 serim
1505 5271 1583 5335 poten

121 5344 188 5399 licta
206 5348 362 5417 juventutis
386 5357 414 5406 et
436 5351 602 5422 ignorantiae
622 5369 690 5405 urea·
705 5368 739 5405 uc
755 5352 918 5407 memineris
961 5358 992 5405 ut
1003 5351 1120 5405 bestiam
1135 5352 1212 5406 iilam
1229 5353 1361 5408 innodet.
1383 5355 1449 5418 Quae
1463 5362 1530 5409 sunt
1541 5356 1584 5411 ist·

118 5433 205 5495 (Psal-
225 5453 307 5505 aaut,
324 5459 337 5495 r
355 5440 401 5510 qui
418 5440 446 5494 in
466 5447 609 5495 senectute
628 5441 815 5511 competentia
831 5442 915 5512 gerit.
959 5440 1102 5503 lectiones,
1118 5438 1227 5509 aegilia,
1246 5442 1297 5495 Sed
1314 5443 1380 5514 quid
1393 5444 1428 5498 ad
1444 5460 1495 5498 nos
1508 5445 1579 5511 lraec,

121 5521 169 5593 qui
184 5526 353 5593 procedente
363 5536 445 5585 emto
458 5535 586 5585 mutatur
597 5546 603 5581 :
616 5528 640 5583 si
655 5536 749 5587 autern
759 5536 788 5587 et
800 5530 830 5585 in
839 5546 917 5585 serre·
958 5545 1016 5585 non
1026 5545 1122 5585 sarnus
1135 5529 1282 5585 moranni?
1292 5532 1434 5589 ilaocniibi
1443 5533 1584 5599 dicisdrbr
