<?xml version="1.0" encoding="UTF-8"?>
<!DOCTYPE html PUBLIC "-//W3C//DTD XHTML 1.0 Transitional//EN"
    "http://www.w3.org/TR/xhtml1/DTD/xhtml1-transitional.dtd">
<html xmlns="http://www.w3.org/1999/xhtml" xml:lang="en" lang="en">
 <head>
  <title>
</title>
<meta http-equiv="Content-Type" content="text/html;charset=utf-8" />
  <meta name='ocr-system' content='tesseract 3.04.00' />
  <meta name='ocr-capabilities' content='ocr_page ocr_carea ocr_par ocr_line ocrx_word'/>
</head>
<body>
  <div class='ocr_page' id='page_1' title='image "./patrologiaecurs22goog_0228.png"; bbox 0 0 3786 6128; ppageno 0'>
   <div class='ocr_carea' id='block_1_1' title="bbox 197 318 1835 415">
    <p class='ocr_par' dir='ltr' id='par_1_1' title="bbox 197 318 1835 415">
     <span class='ocr_line' id='line_1_1' title="bbox 197 318 1835 415; baseline 0.007 -11"><span class='ocrx_word' id='word_1_1' title='bbox 197 346 253 404; x_wconf 76' lang='lat' dir='ltr'><strong>ue</strong></span> <span class='ocrx_word' id='word_1_2' title='bbox 492 318 1187 408; x_wconf 69' lang='lat' dir='ltr'><strong>ammomuarmmmnnosmrr.</strong></span> <span class='ocrx_word' id='word_1_3' title='bbox 1208 350 1536 412; x_wconf 67' lang='lat' dir='ltr'><strong>omuurmasm</strong></span> <span class='ocrx_word' id='word_1_4' title='bbox 1782 360 1835 415; x_wconf 75' lang='lat' dir='ltr'><strong>su</strong></span> 
     </span>
    </p>
   </div>
   <div class='ocr_carea' id='block_1_2' title="bbox 192 474 1870 5624">
    <p class='ocr_par' dir='ltr' id='par_1_2' title="bbox 192 474 1870 2867">
     <span class='ocr_line' id='line_1_2' title="bbox 199 474 1837 552; baseline 0.003 -17"><span class='ocrx_word' id='word_1_5' title='bbox 199 474 458 552; x_wconf 73' lang='lat' dir='ltr'><strong>eathlasphemsre,</strong></span> <span class='ocrx_word' id='word_1_6' title='bbox 475 494 562 551; x_wconf 83' lang='lat' dir='ltr'><strong>quam</strong></span> <span class='ocrx_word' id='word_1_7' title='bbox 575 480 730 552; x_wconf 79' lang='lat' dir='ltr'><strong>perjurare,</strong></span> <span class='ocrx_word' id='word_1_8' title='bbox 751 480 885 551; x_wconf 89' lang='lat' dir='ltr'><strong>quoniam</strong></span> <span class='ocrx_word' id='word_1_9' title='bbox 900 481 1837 552; x_wconf 62' lang='lat' dir='ltr'><strong>perqu-Aipsisnobisdetumsitatdonatum,dumdemaiisinbo-</strong></span> 
     </span>
     <span class='ocr_line' id='line_1_3' title="bbox 198 568 1836 645; baseline 0.003 -21"><span class='ocrx_word' id='word_1_10' title='bbox 198 571 286 624; x_wconf 81' lang='lat' dir='ltr'><strong>randi&gt;</strong></span> <span class='ocrx_word' id='word_1_11' title='bbox 299 569 385 624; x_wconf 75' lang='lat' dir='ltr'><strong>iitlsus</strong></span> <span class='ocrx_word' id='word_1_12' title='bbox 406 568 571 640; x_wconf 85' lang='lat' dir='ltr'><strong>periribetur</strong></span> <span class='ocrx_word' id='word_1_13' title='bbox 581 570 662 625; x_wconf 84' lang='lat' dir='ltr'><strong>testis</strong></span> <span class='ocrx_word' id='word_1_14' title='bbox 677 570 761 628; x_wconf 77' lang='lat' dir='ltr'><strong>Deus.</strong></span> <span class='ocrx_word' id='word_1_15' title='bbox 776 568 996 641; x_wconf 81' lang='lat' dir='ltr'><strong>blasphemando</strong></span> <span class='ocrx_word' id='word_1_16' title='bbox 1038 587 1088 624; x_wconf 88' lang='lat' dir='ltr'><strong>nos</strong></span> <span class='ocrx_word' id='word_1_17' title='bbox 1103 572 1240 626; x_wconf 82' lang='lat' dir='ltr'><strong>vertimur</strong></span> <span class='ocrx_word' id='word_1_18' title='bbox 1249 578 1277 626; x_wconf 90' lang='lat' dir='ltr'><strong>et</strong></span> <span class='ocrx_word' id='word_1_19' title='bbox 1290 572 1349 626; x_wconf 76' lang='lat' dir='ltr'><strong>hec</strong></span> <span class='ocrx_word' id='word_1_20' title='bbox 1363 573 1425 642; x_wconf 84' lang='lat' dir='ltr'><strong>ipsa</strong></span> <span class='ocrx_word' id='word_1_21' title='bbox 1439 571 1575 627; x_wconf 78' lang='lat' dir='ltr'><strong>donamus</strong></span> <span class='ocrx_word' id='word_1_22' title='bbox 1586 573 1675 635; x_wconf 89' lang='lat' dir='ltr'><strong>nobis,</strong></span> <span class='ocrx_word' id='word_1_23' title='bbox 1689 590 1751 645; x_wconf 69' lang='lat' dir='ltr'><strong>quae</strong></span> <span class='ocrx_word' id='word_1_24' title='bbox 1760 575 1836 629; x_wconf 83' lang='lat' dir='ltr'><strong>Deus</strong></span> 
     </span>
     <span class='ocr_line' id='line_1_4' title="bbox 198 658 1834 729; baseline 0.003 -17"><span class='ocrx_word' id='word_1_25' title='bbox 198 658 373 729; x_wconf 60' lang='lat' dir='ltr'><strong>deipso‘lleo</strong></span> <span class='ocrx_word' id='word_1_26' title='bbox 387 658 458 714; x_wconf 81' lang='lat' dir='ltr'><strong>falsa</strong></span> <span class='ocrx_word' id='word_1_27' title='bbox 468 659 608 714; x_wconf 84' lang='lat' dir='ltr'><strong>dicuntur.</strong></span> <span class='ocrx_word' id='word_1_28' title='bbox 622 658 916 724; x_wconf 70' lang='lat' dir='ltr'><strong>(drab-‚p‘iimmenim</strong></span> <span class='ocrx_word' id='word_1_29' title='bbox 926 664 996 714; x_wconf 86' lang='lat' dir='ltr'><strong>tem·</strong></span> <span class='ocrx_word' id='word_1_30' title='bbox 1038 661 1122 714; x_wconf 81' lang='lat' dir='ltr'><strong>Pater</strong></span> <span class='ocrx_word' id='word_1_31' title='bbox 1144 660 1262 716; x_wconf 83' lang='lat' dir='ltr'><strong>donavit</strong></span> <span class='ocrx_word' id='word_1_32' title='bbox 1275 662 1306 715; x_wconf 89' lang='lat' dir='ltr'><strong>in</strong></span> <span class='ocrx_word' id='word_1_33' title='bbox 1320 662 1441 716; x_wconf 84' lang='lat' dir='ltr'><strong>Christo.</strong></span> <span class='ocrx_word' id='word_1_34' title='bbox 1467 662 1496 715; x_wconf 86' lang='lat' dir='ltr'><strong>Si</strong></span> <span class='ocrx_word' id='word_1_35' title='bbox 1515 662 1601 728; x_wconf 85' lang='lat' dir='ltr'><strong>enim,</strong></span> <span class='ocrx_word' id='word_1_36' title='bbox 1617 663 1731 717; x_wconf 83' lang='lat' dir='ltr'><strong>omissis</strong></span> <span class='ocrx_word' id='word_1_37' title='bbox 1749 664 1834 723; x_wconf 82' lang='lat' dir='ltr'><strong>vitiis.</strong></span> 
     </span>
     <span class='ocr_line' id='line_1_5' title="bbox 197 746 1834 821; baseline 0.003 -19"><span class='ocrx_word' id='word_1_38' title='bbox 197 762 296 818; x_wconf 83' lang='lat' dir='ltr'><strong>parare</strong></span> <span class='ocrx_word' id='word_1_39' title='bbox 304 746 396 808; x_wconf 74' lang='lat' dir='ltr'><strong>deret,</strong></span> <span class='ocrx_word' id='word_1_40' title='bbox 405 754 433 802; x_wconf 90' lang='lat' dir='ltr'><strong>et</strong></span> <span class='ocrx_word' id='word_1_41' title='bbox 446 747 562 803; x_wconf 86' lang='lat' dir='ltr'><strong>modurn</strong></span> <span class='ocrx_word' id='word_1_42' title='bbox 571 748 915 820; x_wconf 81' lang='lat' dir='ltr'><strong>imponere-accidentibus</strong></span> <span class='ocrx_word' id='word_1_43' title='bbox 928 765 995 803; x_wconf 85' lang='lat' dir='ltr'><strong>cau-</strong></span> <span class='ocrx_word' id='word_1_44' title='bbox 1037 748 1153 802; x_wconf 75' lang='lat' dir='ltr'><strong>virtutes</strong></span> <span class='ocrx_word' id='word_1_45' title='bbox 1168 749 1358 815; x_wconf 81' lang='lat' dir='ltr'><strong>habuerimus,</strong></span> <span class='ocrx_word' id='word_1_46' title='bbox 1375 750 1439 821; x_wconf 88' lang='lat' dir='ltr'><strong>ipsa</strong></span> <span class='ocrx_word' id='word_1_47' title='bbox 1458 750 1539 804; x_wconf 81' lang='lat' dir='ltr'><strong>nobis</strong></span> <span class='ocrx_word' id='word_1_48' title='bbox 1554 751 1640 805; x_wconf 88' lang='lat' dir='ltr'><strong>etiem</strong></span> <span class='ocrx_word' id='word_1_49' title='bbox 1659 757 1834 807; x_wconf 73' lang='lat' dir='ltr'><strong>restruatu-</strong></span> 
     </span>
     <span class='ocr_line' id='line_1_6' title="bbox 196 836 1836 912; baseline 0.004 -22"><span class='ocrx_word' id='word_1_50' title='bbox 196 836 243 901; x_wconf 65' lang='grc' dir='ltr'><strong>εἰς,</strong></span> <span class='ocrx_word' id='word_1_51' title='bbox 260 836 389 908; x_wconf 84' lang='lat' dir='ltr'><strong>sedquin</strong></span> <span class='ocrx_word' id='word_1_52' title='bbox 404 842 522 908; x_wconf 86' lang='lat' dir='ltr'><strong>possunt</strong></span> <span class='ocrx_word' id='word_1_53' title='bbox 538 837 634 908; x_wconf 80' lang='lat' dir='ltr'>aliqui,</span> <span class='ocrx_word' id='word_1_54' title='bbox 647 838 785 908; x_wconf 76' lang='lat' dir='ltr'><strong>pressain</strong></span> <span class='ocrx_word' id='word_1_55' title='bbox 800 839 894 893; x_wconf 86' lang='lat' dir='ltr'><strong>animo</strong></span> <span class='ocrx_word' id='word_1_56' title='bbox 910 839 955 891; x_wconf 85' lang='lat' dir='ltr'><strong>ira·</strong></span> <span class='ocrx_word' id='word_1_57' title='bbox 967 844 995 892; x_wconf 90' lang='lat' dir='ltr'><strong>et</strong></span> <span class='ocrx_word' id='word_1_58' title='bbox 1036 837 1082 891; x_wconf 92' lang='lat' dir='ltr'><strong>dio</strong></span> <span class='ocrx_word' id='word_1_59' title='bbox 1096 854 1302 908; x_wconf 78' lang='lat' dir='ltr'><strong>comparamus,</strong></span> <span class='ocrx_word' id='word_1_60' title='bbox 1312 838 1453 892; x_wconf 84' lang='lat' dir='ltr'><strong>othabare</strong></span> <span class='ocrx_word' id='word_1_61' title='bbox 1467 855 1520 894; x_wconf 86' lang='lat' dir='ltr'><strong>nos</strong></span> <span class='ocrx_word' id='word_1_62' title='bbox 1532 840 1660 903; x_wconf 82' lang='lat' dir='ltr'><strong>fecimus,</strong></span> <span class='ocrx_word' id='word_1_63' title='bbox 1673 858 1748 912; x_wconf 78' lang='lat' dir='ltr'><strong>quus</strong></span> <span class='ocrx_word' id='word_1_64' title='bbox 1761 843 1836 897; x_wconf 86' lang='lat' dir='ltr'><strong>Deus</strong></span> 
     </span>
     <span class='ocr_line' id='line_1_7' title="bbox 194 925 1870 1000; baseline 0.004 -22"><span class='ocrx_word' id='word_1_65' title='bbox 194 925 325 991; x_wconf 83' lang='lat' dir='ltr'><strong>clamore,</strong></span> <span class='ocrx_word' id='word_1_66' title='bbox 340 927 462 980; x_wconf 88' lang='lat' dir='ltr'><strong>retinere</strong></span> <span class='ocrx_word' id='word_1_67' title='bbox 477 927 615 981; x_wconf 75' lang='lat' dir='ltr'><strong>militiam</strong></span> <span class='ocrx_word' id='word_1_68' title='bbox 628 927 664 980; x_wconf 86' lang='lat' dir='ltr'><strong>ed</strong></span> <span class='ocrx_word' id='word_1_69' title='bbox 685 926 898 981; x_wconf 87' lang='lat' dir='ltr'><strong>retributionem</strong></span> <span class='ocrx_word' id='word_1_70' title='bbox 913 934 995 981; x_wconf 87' lang='lat' dir='ltr'><strong>nacte</strong></span> <span class='ocrx_word' id='word_1_71' title='bbox 1036 927 1116 981; x_wconf 87' lang='lat' dir='ltr'><strong>nobis</strong></span> <span class='ocrx_word' id='word_1_72' title='bbox 1131 928 1246 981; x_wconf 85' lang='lat' dir='ltr'><strong>donarit</strong></span> <span class='ocrx_word' id='word_1_73' title='bbox 1260 929 1289 980; x_wconf 94' lang='lat' dir='ltr'><strong>in</strong></span> <span class='ocrx_word' id='word_1_74' title='bbox 1312 928 1432 990; x_wconf 81' lang='lat' dir='ltr'><strong>Christo,</strong></span> <span class='ocrx_word' id='word_1_75' title='bbox 1449 929 1526 983; x_wconf 80' lang='lat' dir='ltr'><strong>Alius</strong></span> <span class='ocrx_word' id='word_1_76' title='bbox 1548 945 1612 983; x_wconf 78' lang='lat' dir='ltr'><strong>sero</strong></span> <span class='ocrx_word' id='word_1_77' title='bbox 1628 930 1680 983; x_wconf 88' lang='lat' dir='ltr'><strong>hoc</strong></span> <span class='ocrx_word' id='word_1_78' title='bbox 1694 931 1770 1000; x_wconf 91' lang='lat' dir='ltr'><strong>quod</strong></span> <span class='ocrx_word' id='word_1_79' title='bbox 1786 932 1835 991; x_wconf 85' lang='lat' dir='ltr'><strong>ait,</strong></span> <span class='ocrx_word' id='word_1_80' title='bbox 1865 966 1870 975; x_wconf 88' lang='lat'><strong>·</strong></span> 
     </span>
     <span class='ocr_line' id='line_1_8' title="bbox 195 1014 1837 1092; baseline 0.004 -24"><span class='ocrx_word' id='word_1_81' title='bbox 195 1015 348 1080; x_wconf 83' lang='lat' dir='ltr'><strong>occasione,</strong></span> <span class='ocrx_word' id='word_1_82' title='bbox 365 1015 468 1069; x_wconf 88' lang='lat' dir='ltr'><strong>idcirco</strong></span> <span class='ocrx_word' id='word_1_83' title='bbox 489 1014 608 1092; x_wconf 82' lang='lat' dir='ltr'><strong>subjecit</strong></span> <span class='ocrx_word' id='word_1_84' title='bbox 631 1016 694 1070; x_wconf 66' lang='lat' dir='ltr'><strong>irasc·</strong></span> <span class='ocrx_word' id='word_1_85' title='bbox 713 1015 816 1069; x_wconf 87' lang='lat' dir='ltr'><strong>auferri</strong></span> <span class='ocrx_word' id='word_1_86' title='bbox 838 1033 901 1069; x_wconf 77' lang='lat' dir='ltr'><strong>curn</strong></span> <span class='ocrx_word' id='word_1_87' title='bbox 918 1020 996 1070; x_wconf 81' lang='lat' dir='ltr'><strong>oruru‘</strong></span> <span class='ocrx_word' id='word_1_88' title='bbox 1036 1018 1169 1069; x_wconf 74' lang='lat' dir='ltr'><strong>doliorum</strong></span> <span class='ocrx_word' id='word_1_89' title='bbox 1181 1019 1384 1085; x_wconf 71' lang='lat' dir='ltr'><strong>subiunctipu&#39;a,</strong></span> <span class='ocrx_word' id='word_1_90' title='bbox 1399 1017 1566 1087; x_wconf 84' lang='lat' dir='ltr'><strong>simpliciter</strong></span> <span class='ocrx_word' id='word_1_91' title='bbox 1579 1019 1705 1089; x_wconf 85' lang='lat' dir='ltr'><strong>accipiet,</strong></span> <span class='ocrx_word' id='word_1_92' title='bbox 1723 1026 1756 1073; x_wconf 92' lang='lat' dir='ltr'><strong>ut</strong></span> <span class='ocrx_word' id='word_1_93' title='bbox 1771 1037 1837 1091; x_wconf 80' lang='lat' dir='ltr'><strong>quo</strong></span> 
     </span>
     <span class='ocr_line' id='line_1_9' title="bbox 194 1103 1836 1176; baseline 0.001 -19"><span class='ocrx_word' id='word_1_94' title='bbox 194 1106 316 1171; x_wconf 85' lang='lat' dir='ltr'><strong>malitia,</strong></span> <span class='ocrx_word' id='word_1_95' title='bbox 333 1104 470 1176; x_wconf 86' lang='lat' dir='ltr'><strong>quianon</strong></span> <span class='ocrx_word' id='word_1_96' title='bbox 490 1104 586 1158; x_wconf 90' lang='lat' dir='ltr'><strong>solum·</strong></span> <span class='ocrx_word' id='word_1_97' title='bbox 595 1103 792 1176; x_wconf 79' lang='lat' dir='ltr'><strong>blasphemare</strong></span> <span class='ocrx_word' id='word_1_98' title='bbox 807 1106 916 1159; x_wconf 87' lang='lat' dir='ltr'><strong>mulitia</strong></span> <span class='ocrx_word' id='word_1_99' title='bbox 930 1111 991 1159; x_wconf 82' lang='lat' dir='ltr'><strong>est:</strong></span> <span class='ocrx_word' id='word_1_100' title='bbox 1035 1105 1117 1157; x_wconf 90' lang='lat' dir='ltr'><strong>modo</strong></span> <span class='ocrx_word' id='word_1_101' title='bbox 1131 1121 1217 1175; x_wconf 82' lang='lat' dir='ltr'><strong>supra</strong></span> <span class='ocrx_word' id='word_1_102' title='bbox 1231 1106 1333 1161; x_wconf 83' lang='lat' dir='ltr'><strong>dicitur</strong></span> <span class='ocrx_word' id='word_1_103' title='bbox 1350 1124 1355 1157; x_wconf 91' lang='lat'>:</span> <span class='ocrx_word' id='word_1_104' title='bbox 1372 1106 1460 1161; x_wconf 76' lang='lat' dir='ltr'><strong>Estote</strong></span> <span class='ocrx_word' id='word_1_105' title='bbox 1476 1112 1575 1159; x_wconf 80' lang='lat' dir='ltr'><strong>autem</strong></span> <span class='ocrx_word' id='word_1_106' title='bbox 1590 1111 1710 1161; x_wconf 68' lang='lat' dir='ltr'><strong>irruimus</strong></span> <span class='ocrx_word' id='word_1_107' title='bbox 1730 1125 1836 1175; x_wconf 67' lang='lat' dir='ltr'><strong>risanae,</strong></span> 
     </span>
     <span class='ocr_line' id='line_1_10' title="bbox 192 1188 1837 1268; baseline 0.004 -22"><span class='ocrx_word' id='word_1_108' title='bbox 192 1209 291 1247; x_wconf 79' lang='lat' dir='ltr'><strong>rerum</strong></span> <span class='ocrx_word' id='word_1_109' title='bbox 305 1194 505 1265; x_wconf 82' lang='lat' dir='ltr'><strong>etiamiingere</strong></span> <span class='ocrx_word' id='word_1_110' title='bbox 519 1209 615 1265; x_wconf 89' lang='lat' dir='ltr'><strong>pacem</strong></span> <span class='ocrx_word' id='word_1_111' title='bbox 626 1195 655 1248; x_wconf 92' lang='lat' dir='ltr'><strong>in</strong></span> <span class='ocrx_word' id='word_1_112' title='bbox 670 1194 739 1248; x_wconf 88' lang='lat' dir='ltr'><strong>facie</strong></span> <span class='ocrx_word' id='word_1_113' title='bbox 750 1200 777 1248; x_wconf 89' lang='lat' dir='ltr'><strong>et</strong></span> <span class='ocrx_word' id='word_1_114' title='bbox 792 1194 925 1248; x_wconf 86' lang='lat' dir='ltr'><strong>inanimo</strong></span> <span class='ocrx_word' id='word_1_115' title='bbox 937 1211 994 1248; x_wconf 85' lang='lat' dir='ltr'><strong>me·</strong></span> <span class='ocrx_word' id='word_1_116' title='bbox 1034 1194 1073 1246; x_wconf 85' lang='lat' dir='ltr'><strong>sic</strong></span> <span class='ocrx_word' id='word_1_117' title='bbox 1087 1200 1116 1247; x_wconf 86' lang='lat' dir='ltr'><strong>et</strong></span> <span class='ocrx_word' id='word_1_118' title='bbox 1130 1210 1204 1247; x_wconf 89' lang='lat' dir='ltr'><strong>nunc</strong></span> <span class='ocrx_word' id='word_1_119' title='bbox 1218 1188 1347 1258; x_wconf 84' lang='lat' dir='ltr'><strong>dicatur,¹</strong></span> <span class='ocrx_word' id='word_1_120' title='bbox 1358 1196 1490 1249; x_wconf 66' lang='lat' dir='ltr'><strong>mantuae</strong></span> <span class='ocrx_word' id='word_1_121' title='bbox 1507 1198 1714 1264; x_wconf 69' lang='lat' dir='ltr'><strong>oolraeooupso,</strong></span> <span class='ocrx_word' id='word_1_122' title='bbox 1736 1214 1791 1268; x_wconf 88' lang='lat' dir='ltr'><strong>pro</strong></span> <span class='ocrx_word' id='word_1_123' title='bbox 1804 1215 1837 1252; x_wconf 89' lang='lat' dir='ltr'><strong>eo</strong></span> 
     </span>
     <span class='ocr_line' id='line_1_11' title="bbox 193 1282 1837 1356; baseline 0.003 -20"><span class='ocrx_word' id='word_1_124' title='bbox 193 1282 277 1336; x_wconf 74' lang='lat' dir='ltr'><strong>ditati</strong></span> <span class='ocrx_word' id='word_1_125' title='bbox 291 1282 469 1337; x_wconf 87' lang='lat' dir='ltr'><strong>discordiam.</strong></span> <span class='ocrx_word' id='word_1_126' title='bbox 483 1282 581 1351; x_wconf 79' lang='lat' dir='ltr'><strong>(Cass.)</strong></span> <span class='ocrx_word' id='word_1_127' title='bbox 596 1284 667 1338; x_wconf 76' lang='lat' dir='ltr'><strong>(ium</strong></span> <span class='ocrx_word' id='word_1_128' title='bbox 681 1283 758 1348; x_wconf 79' lang='lat' dir='ltr'><strong>dicit,</strong></span> <span class='ocrx_word' id='word_1_129' title='bbox 777 1287 867 1337; x_wconf 81' lang='lat' dir='ltr'><strong>ornnis</strong></span> <span class='ocrx_word' id='word_1_130' title='bbox 880 1287 925 1336; x_wconf 83' lang='lat' dir='ltr'><strong>lru</strong></span> <span class='ocrx_word' id='word_1_131' title='bbox 942 1287 993 1337; x_wconf 87' lang='lat' dir='ltr'><strong>tol·</strong></span> <span class='ocrx_word' id='word_1_132' title='bbox 1035 1283 1109 1352; x_wconf 89' lang='lat' dir='ltr'><strong>quod</strong></span> <span class='ocrx_word' id='word_1_133' title='bbox 1123 1288 1166 1336; x_wconf 81' lang='lat' dir='ltr'><strong>est</strong></span> <span class='ocrx_word' id='word_1_134' title='bbox 1183 1283 1408 1337; x_wconf 83' lang='lat' dir='ltr'><strong>donantesrohis</strong></span> <span class='ocrx_word' id='word_1_135' title='bbox 1422 1283 1549 1349; x_wconf 76' lang='lat' dir='ltr'><strong>invicem,</strong></span> <span class='ocrx_word' id='word_1_136' title='bbox 1564 1291 1598 1338; x_wconf 82' lang='lat' dir='ltr'><strong>ut</strong></span> <span class='ocrx_word' id='word_1_137' title='bbox 1610 1286 1754 1356; x_wconf 40' lang='lat' dir='ltr'><strong>quomodo,</strong></span> <span class='ocrx_word' id='word_1_138' title='bbox 1764 1287 1837 1341; x_wconf 86' lang='lat' dir='ltr'><strong>Deus</strong></span> 
     </span>
     <span class='ocr_line' id='line_1_12' title="bbox 195 1370 1838 1444; baseline 0.004 -20"><span class='ocrx_word' id='word_1_139' title='bbox 195 1375 302 1425; x_wconf 86' lang='lat' dir='ltr'><strong>lotura</strong></span> <span class='ocrx_word' id='word_1_140' title='bbox 317 1373 399 1437; x_wconf 76' lang='lat' dir='ltr'><strong>vodis,</strong></span> <span class='ocrx_word' id='word_1_141' title='bbox 416 1370 522 1426; x_wconf 84' lang='lat' dir='ltr'><strong>nulium</strong></span> <span class='ocrx_word' id='word_1_142' title='bbox 539 1373 651 1444; x_wconf 89' lang='lat' dir='ltr'><strong>penitus</strong></span> <span class='ocrx_word' id='word_1_143' title='bbox 665 1373 742 1427; x_wconf 84' lang='lat' dir='ltr'><strong>velut</strong></span> <span class='ocrx_word' id='word_1_144' title='bbox 752 1373 949 1439; x_wconf 88' lang='lat' dir='ltr'><strong>necessariam,</strong></span> <span class='ocrx_word' id='word_1_145' title='bbox 966 1378 995 1426; x_wconf 85' lang='lat' dir='ltr'><strong>et</strong></span> <span class='ocrx_word' id='word_1_146' title='bbox 1035 1371 1116 1425; x_wconf 86' lang='lat' dir='ltr'><strong>nobis</strong></span> <span class='ocrx_word' id='word_1_147' title='bbox 1125 1372 1155 1425; x_wconf 92' lang='lat' dir='ltr'><strong>in</strong></span> <span class='ocrx_word' id='word_1_148' title='bbox 1170 1373 1285 1426; x_wconf 77' lang='lat' dir='ltr'><strong>Christo</strong></span> <span class='ocrx_word' id='word_1_149' title='bbox 1305 1379 1403 1426; x_wconf 88' lang='lat' dir='ltr'><strong>nostra</strong></span> <span class='ocrx_word' id='word_1_150' title='bbox 1419 1378 1537 1442; x_wconf 85' lang='lat' dir='ltr'><strong>peccata</strong></span> <span class='ocrx_word' id='word_1_151' title='bbox 1554 1374 1676 1437; x_wconf 71' lang='lat' dir='ltr'><strong>donent,</strong></span> <span class='ocrx_word' id='word_1_152' title='bbox 1693 1375 1733 1428; x_wconf 87' lang='lat' dir='ltr'><strong>sic</strong></span> <span class='ocrx_word' id='word_1_153' title='bbox 1752 1377 1838 1431; x_wconf 82' lang='lat' dir='ltr'><strong>etiam</strong></span> 
     </span>
     <span class='ocr_line' id='line_1_13' title="bbox 193 1460 1838 1533; baseline 0.002 -18"><span class='ocrx_word' id='word_1_154' title='bbox 193 1460 292 1515; x_wconf 86' lang='lat' dir='ltr'><strong>utilem</strong></span> <span class='ocrx_word' id='word_1_155' title='bbox 312 1460 393 1515; x_wconf 78' lang='lat' dir='ltr'><strong>nohis</strong></span> <span class='ocrx_word' id='word_1_156' title='bbox 414 1461 526 1532; x_wconf 78' lang='lat' dir='ltr'><strong>excipit,</strong></span> <span class='ocrx_word' id='word_1_157' title='bbox 548 1461 815 1533; x_wconf 72' lang='lat' dir='ltr'><strong>delinquentemque</strong></span> <span class='ocrx_word' id='word_1_158' title='bbox 829 1461 953 1520; x_wconf 76' lang='lat' dir='ltr'><strong>fratrem.</strong></span> <span class='ocrx_word' id='word_1_159' title='bbox 970 1462 993 1515; x_wconf 85' lang='lat' dir='ltr'><strong>si</strong></span> <span class='ocrx_word' id='word_1_160' title='bbox 1035 1460 1206 1531; x_wconf 77' lang='lat' dir='ltr'><strong>nescioqui</strong></span> <span class='ocrx_word' id='word_1_161' title='bbox 1227 1461 1260 1517; x_wconf 86' lang='lat' dir='ltr'><strong>in¹</strong></span> <span class='ocrx_word' id='word_1_162' title='bbox 1274 1477 1326 1514; x_wconf 86' lang='lat' dir='ltr'><strong>nos</strong></span> <span class='ocrx_word' id='word_1_163' title='bbox 1340 1469 1529 1531; x_wconf 70' lang='lat' dir='ltr'><strong>promererent</strong></span> <span class='ocrx_word' id='word_1_164' title='bbox 1546 1463 1732 1527; x_wconf 70' lang='lat' dir='ltr'><strong>dimittamus,</strong></span> <span class='ocrx_word' id='word_1_165' title='bbox 1751 1471 1784 1518; x_wconf 81' lang='lat' dir='ltr'><strong>et</strong></span> <span class='ocrx_word' id='word_1_166' title='bbox 1803 1465 1838 1519; x_wconf 87' lang='lat' dir='ltr'><strong>ad</strong></span> 
     </span>
     <span class='ocr_line' id='line_1_14' title="bbox 193 1549 1837 1624; baseline 0.004 -22"><span class='ocrx_word' id='word_1_167' title='bbox 193 1565 306 1603; x_wconf 89' lang='lat' dir='ltr'><strong>neccsse</strong></span> <span class='ocrx_word' id='word_1_168' title='bbox 321 1555 364 1603; x_wconf 88' lang='lat' dir='ltr'><strong>est</strong></span> <span class='ocrx_word' id='word_1_169' title='bbox 374 1549 414 1603; x_wconf 85' lang='lat' dir='ltr'><strong>ita</strong></span> <span class='ocrx_word' id='word_1_170' title='bbox 428 1564 526 1603; x_wconf 85' lang='lat' dir='ltr'><strong>curare</strong></span> <span class='ocrx_word' id='word_1_171' title='bbox 536 1550 658 1615; x_wconf 86' lang='lat' dir='ltr'><strong>festinet,</strong></span> <span class='ocrx_word' id='word_1_172' title='bbox 671 1567 706 1604; x_wconf 94' lang='lat' dir='ltr'><strong>ne</strong></span> <span class='ocrx_word' id='word_1_173' title='bbox 722 1551 788 1604; x_wconf 90' lang='lat' dir='ltr'><strong>dum</strong></span> <span class='ocrx_word' id='word_1_174' title='bbox 804 1551 943 1605; x_wconf 84' lang='lat' dir='ltr'><strong>medelam</strong></span> <span class='ocrx_word' id='word_1_175' title='bbox 953 1550 994 1604; x_wconf 89' lang='lat' dir='ltr'><strong>le·</strong></span> <span class='ocrx_word' id='word_1_176' title='bbox 1035 1549 1218 1620; x_wconf 82' lang='lat' dir='ltr'><strong>probandum·</strong></span> <span class='ocrx_word' id='word_1_177' title='bbox 1229 1550 1303 1620; x_wconf 90' lang='lat' dir='ltr'><strong>quod</strong></span> <span class='ocrx_word' id='word_1_178' title='bbox 1314 1549 1441 1603; x_wconf 81' lang='lat' dir='ltr'><strong>dimissio</strong></span> <span class='ocrx_word' id='word_1_179' title='bbox 1455 1557 1633 1621; x_wconf 82' lang='lat' dir='ltr'><strong>peccatorum</strong></span> <span class='ocrx_word' id='word_1_180' title='bbox 1642 1552 1673 1605; x_wconf 90' lang='lat' dir='ltr'><strong>in</strong></span> <span class='ocrx_word' id='word_1_181' title='bbox 1683 1553 1837 1624; x_wconf 83' lang='lat' dir='ltr'><strong>Scripturis</strong></span> 
     </span>
     <span class='ocr_line' id='line_1_15' title="bbox 192 1638 1835 1713; baseline 0.003 -21"><span class='ocrx_word' id='word_1_182' title='bbox 192 1638 262 1692; x_wconf 78' lang='lat' dir='ltr'><strong>riori</strong></span> <span class='ocrx_word' id='word_1_183' title='bbox 281 1638 398 1692; x_wconf 78' lang='lat' dir='ltr'><strong>forsitan</strong></span> <span class='ocrx_word' id='word_1_184' title='bbox 417 1638 551 1693; x_wconf 72' lang='lat' dir='ltr'><strong>febnmla</strong></span> <span class='ocrx_word' id='word_1_185' title='bbox 571 1639 709 1694; x_wconf 81' lang='lat' dir='ltr'><strong>laboranti</strong></span> <span class='ocrx_word' id='word_1_186' title='bbox 726 1645 858 1712; x_wconf 81' lang='lat' dir='ltr'><strong>procurat</strong></span> <span class='ocrx_word' id='word_1_187' title='bbox 879 1639 991 1706; x_wconf 84' lang='lat' dir='ltr'><strong>inferre,</strong></span> <span class='ocrx_word' id='word_1_188' title='bbox 1034 1638 1148 1692; x_wconf 83' lang='lat' dir='ltr'><strong>donatio</strong></span> <span class='ocrx_word' id='word_1_189' title='bbox 1156 1646 1342 1708; x_wconf 84' lang='lat' dir='ltr'><strong>nuncupatur,</strong></span> <span class='ocrx_word' id='word_1_190' title='bbox 1354 1639 1529 1695; x_wconf 69' lang='lat' dir='ltr'><strong>illudisumet</strong></span> <span class='ocrx_word' id='word_1_191' title='bbox 1538 1642 1707 1711; x_wconf 78' lang='lat' dir='ltr'><strong>exemplum,</strong></span> <span class='ocrx_word' id='word_1_192' title='bbox 1720 1643 1835 1713; x_wconf 83' lang='lat' dir='ltr'><strong>quodin</strong></span> 
     </span>
     <span class='ocr_line' id='line_1_16' title="bbox 193 1726 1837 1798; baseline 0.002 -16"><span class='ocrx_word' id='word_1_193' title='bbox 193 1728 376 1798; x_wconf 87' lang='lat' dir='ltr'><strong>semetipsum</strong></span> <span class='ocrx_word' id='word_1_194' title='bbox 394 1728 484 1791; x_wconf 86' lang='lat' dir='ltr'><strong>iratus</strong></span> <span class='ocrx_word' id='word_1_195' title='bbox 504 1727 612 1782; x_wconf 77' lang='lat' dir='ltr'><strong>teti-iuri</strong></span> <span class='ocrx_word' id='word_1_196' title='bbox 636 1727 736 1783; x_wconf 84' lang='lat' dir='ltr'><strong>morbo</strong></span> <span class='ocrx_word' id='word_1_197' title='bbox 758 1728 890 1783; x_wconf 79' lang='lat' dir='ltr'><strong>cecitatis</strong></span> <span class='ocrx_word' id='word_1_198' title='bbox 904 1729 992 1782; x_wconf 76' lang='lat' dir='ltr'><strong>insol·</strong></span> <span class='ocrx_word' id='word_1_199' title='bbox 1035 1726 1413 1795; x_wconf 74' lang='lat' dir='ltr'><strong>hucescribimr(l1uc.ur),</strong></span> <span class='ocrx_word' id='word_1_200' title='bbox 1431 1727 1837 1787; x_wconf 72' lang='lat' dir='ltr'><strong>ubiunicreditoriaiiusde</strong></span> 
     </span>
     <span class='ocr_line' id='line_1_17' title="bbox 193 1806 1839 1889; baseline 0.002 -20"><span class='ocrx_word' id='word_1_201' title='bbox 193 1823 248 1871; x_wconf 80' lang='lat' dir='ltr'><strong>rat.</strong></span> <span class='ocrx_word' id='word_1_202' title='bbox 261 1816 381 1888; x_wconf 83' lang='lat' dir='ltr'><strong>Oportet</strong></span> <span class='ocrx_word' id='word_1_203' title='bbox 388 1832 511 1888; x_wconf 86' lang='lat' dir='ltr'><strong>namque</strong></span> <span class='ocrx_word' id='word_1_204' title='bbox 526 1817 615 1879; x_wconf 82' lang='lat' dir='ltr'><strong>ilium,</strong></span> <span class='ocrx_word' id='word_1_205' title='bbox 627 1817 675 1888; x_wconf 91' lang='lat' dir='ltr'><strong>qui</strong></span> <span class='ocrx_word' id='word_1_206' title='bbox 686 1818 802 1872; x_wconf 81' lang='lat' dir='ltr'><strong>alterius</strong></span> <span class='ocrx_word' id='word_1_207' title='bbox 815 1818 922 1871; x_wconf 81' lang='lat' dir='ltr'><strong>vulneri</strong></span> <span class='ocrx_word' id='word_1_208' title='bbox 938 1806 1120 1872; x_wconf 73' lang='lat' dir='ltr'><strong>meBbebat</strong></span> <span class='ocrx_word' id='word_1_209' title='bbox 1133 1815 1301 1886; x_wconf 83' lang='lat' dir='ltr'><strong>quingentos</strong></span> <span class='ocrx_word' id='word_1_210' title='bbox 1319 1816 1458 1880; x_wconf 84' lang='lat' dir='ltr'><strong>denarios,</strong></span> <span class='ocrx_word' id='word_1_211' title='bbox 1484 1823 1515 1870; x_wconf 85' lang='lat' dir='ltr'><strong>et</strong></span> <span class='ocrx_word' id='word_1_212' title='bbox 1530 1817 1602 1871; x_wconf 83' lang='lat' dir='ltr'><strong>alius</strong></span> <span class='ocrx_word' id='word_1_213' title='bbox 1624 1818 1839 1889; x_wconf 69' lang='lat' dir='ltr'><strong>quinquaginta,</strong></span> 
     </span>
     <span class='ocr_line' id='line_1_18' title="bbox 194 1901 1839 1978; baseline 0.002 -19"><span class='ocrx_word' id='word_1_214' title='bbox 194 1901 429 1977; x_wconf 75' lang='lat' dir='ltr'><strong>deri&#39;cupitomni</strong></span> <span class='ocrx_word' id='word_1_215' title='bbox 439 1906 583 1977; x_wconf 75' lang='lat' dir='ltr'><strong>languoris</strong></span> <span class='ocrx_word' id='word_1_216' title='bbox 593 1906 691 1960; x_wconf 89' lang='lat' dir='ltr'><strong>morbo</strong></span> <span class='ocrx_word' id='word_1_217' title='bbox 706 1907 829 1961; x_wconf 88' lang='lat' dir='ltr'><strong>alienum</strong></span> <span class='ocrx_word' id='word_1_218' title='bbox 838 1922 995 1978; x_wconf 87' lang='lat' dir='ltr'><strong>senumque</strong></span> <span class='ocrx_word' id='word_1_219' title='bbox 1036 1920 1106 1974; x_wconf 87' lang='lat' dir='ltr'><strong>quos</strong></span> <span class='ocrx_word' id='word_1_220' title='bbox 1113 1905 1241 1974; x_wconf 84' lang='lat' dir='ltr'><strong>utrisque</strong></span> <span class='ocrx_word' id='word_1_221' title='bbox 1250 1905 1428 1969; x_wconf 87' lang='lat' dir='ltr'><strong>concesserit,</strong></span> <span class='ocrx_word' id='word_1_222' title='bbox 1437 1911 1466 1958; x_wconf 85' lang='lat' dir='ltr'><strong>et</strong></span> <span class='ocrx_word' id='word_1_223' title='bbox 1475 1906 1514 1958; x_wconf 61' lang='lat' dir='ltr'><strong>ad*</strong></span> <span class='ocrx_word' id='word_1_224' title='bbox 1522 1905 1772 1976; x_wconf 83' lang='lat' dir='ltr'><strong>interrogationem</strong></span> <span class='ocrx_word' id='word_1_225' title='bbox 1786 1909 1839 1962; x_wconf 72' lang='lat' dir='ltr'><strong>sal-</strong></span> 
     </span>
     <span class='ocr_line' id='line_1_19' title="bbox 193 1988 1839 2066; baseline 0.002 -18"><span class='ocrx_word' id='word_1_226' title='bbox 193 1988 354 2060; x_wconf 74' lang='lat' dir='ltr'><strong>subsistere,</strong></span> <span class='ocrx_word' id='word_1_227' title='bbox 366 2011 401 2048; x_wconf 93' lang='lat' dir='ltr'><strong>ne</strong></span> <span class='ocrx_word' id='word_1_228' title='bbox 412 1994 684 2065; x_wconf 73' lang='lat' dir='ltr'><strong>illudevangelicum</strong></span> <span class='ocrx_word' id='word_1_229' title='bbox 698 1995 842 2049; x_wconf 87' lang='lat' dir='ltr'><strong>dicaturei</strong></span> <span class='ocrx_word' id='word_1_230' title='bbox 861 2013 866 2047; x_wconf 96' lang='lat'>:</span> <span class='ocrx_word' id='word_1_231' title='bbox 884 1996 992 2060; x_wconf 73' lang='lat' dir='ltr'><strong>Modico,</strong></span> <span class='ocrx_word' id='word_1_232' title='bbox 1034 1993 1137 2046; x_wconf 80' lang='lat' dir='ltr'><strong>vetoris</strong></span> <span class='ocrx_word' id='word_1_233' title='bbox 1148 1992 1204 2058; x_wconf 88' lang='lat' dir='ltr'><strong>ille,</strong></span> <span class='ocrx_word' id='word_1_234' title='bbox 1218 1992 1466 2064; x_wconf 82' lang='lat' dir='ltr'><strong>qui-interrogatus</strong></span> <span class='ocrx_word' id='word_1_235' title='bbox 1478 1994 1579 2052; x_wconf 77' lang='lat' dir='ltr'><strong>fuerat.</strong></span> <span class='ocrx_word' id='word_1_236' title='bbox 1591 1995 1772 2066; x_wconf 78' lang='lat' dir='ltr'><strong>responderit</strong></span> <span class='ocrx_word' id='word_1_237' title='bbox 1781 2013 1839 2052; x_wconf 81' lang='lat' dir='ltr'><strong>me·</strong></span> 
     </span>
     <span class='ocr_line' id='line_1_20' title="bbox 192 2082 1840 2155; baseline 0.002 -19"><span class='ocrx_word' id='word_1_238' title='bbox 192 2083 271 2155; x_wconf 80' lang='lat' dir='ltr'><strong>prius</strong></span> <span class='ocrx_word' id='word_1_239' title='bbox 287 2096 355 2136; x_wconf 79' lang='lat' dir='ltr'><strong>mro</strong></span> <span class='ocrx_word' id='word_1_240' title='bbox 371 2085 622 2153; x_wconf 76' lang='lat' dir='ltr'><strong>tarnctr&#39;psunr(fur.</strong></span> <span class='ocrx_word' id='word_1_241' title='bbox 639 2087 685 2151; x_wconf 64' lang='lat' dir='ltr'><strong>rvi,</strong></span> <span class='ocrx_word' id='word_1_242' title='bbox 700 2101 732 2137; x_wconf 90' lang='lat' dir='ltr'><strong>ac</strong></span> <span class='ocrx_word' id='word_1_243' title='bbox 748 2084 844 2137; x_wconf 87' lang='lat' dir='ltr'><strong>videns</strong></span> <span class='ocrx_word' id='word_1_244' title='bbox 857 2083 994 2139; x_wconf 77' lang='lat' dir='ltr'><strong>festucam</strong></span> <span class='ocrx_word' id='word_1_245' title='bbox 1031 2082 1840 2154; x_wconf 68' lang='lat' dir='ltr'><strong>joremgratiemiilumheberecuiplusdonatumsitdiiei—</strong></span> 
     </span>
     <span class='ocr_line' id='line_1_21' title="bbox 192 2171 1839 2239; baseline 0.004 -13"><span class='ocrx_word' id='word_1_246' title='bbox 192 2173 223 2226; x_wconf 86' lang='lat' dir='ltr'><strong>in</strong></span> <span class='ocrx_word' id='word_1_247' title='bbox 237 2172 320 2227; x_wconf 86' lang='lat' dir='ltr'><strong>oculo</strong></span> <span class='ocrx_word' id='word_1_248' title='bbox 332 2172 427 2227; x_wconf 83' lang='lat' dir='ltr'><strong>fratris</strong></span> <span class='ocrx_word' id='word_1_249' title='bbox 441 2172 613 2239; x_wconf 85' lang='lat' dir='ltr'><strong>sui,trabem</strong></span> <span class='ocrx_word' id='word_1_250' title='bbox 627 2179 721 2226; x_wconf 87' lang='lat' dir='ltr'><strong>autem</strong></span> <span class='ocrx_word' id='word_1_251' title='bbox 738 2174 767 2227; x_wconf 86' lang='lat' dir='ltr'><strong>in</strong></span> <span class='ocrx_word' id='word_1_252' title='bbox 783 2173 928 2227; x_wconf 86' lang='lat' dir='ltr'><strong>oculosue</strong></span> <span class='ocrx_word' id='word_1_253' title='bbox 937 2190 994 2229; x_wconf 90' lang='lat' dir='ltr'><strong>non</strong></span> <span class='ocrx_word' id='word_1_254' title='bbox 1034 2174 1082 2223; x_wconf 82' lang='lat' dir='ltr'><strong>mr</strong></span> <span class='ocrx_word' id='word_1_255' title='bbox 1091 2171 1293 2225; x_wconf 83' lang='lat' dir='ltr'><strong>ctinoratienc</strong></span> <span class='ocrx_word' id='word_1_256' title='bbox 1306 2171 1579 2237; x_wconf 59' lang='lat' dir='ltr'><strong>boninicassimitte</strong></span> <span class='ocrx_word' id='word_1_257' title='bbox 1591 2174 1669 2226; x_wconf 74' lang='lat' dir='ltr'><strong>notu</strong></span> <span class='ocrx_word' id='word_1_258' title='bbox 1682 2176 1777 2228; x_wconf 71' lang='lat' dir='ltr'><strong>dedito</strong></span> <span class='ocrx_word' id='word_1_259' title='bbox 1791 2191 1839 2233; x_wconf 74' lang='lat' dir='ltr'><strong>ao·</strong></span> 
     </span>
     <span class='ocr_line' id='line_1_22' title="bbox 192 2261 1841 2333; baseline 0.001 -17"><span class='ocrx_word' id='word_1_260' title='bbox 192 2261 301 2328; x_wconf 63' lang='lat' dir='ltr'><strong>videam</strong></span> <span class='ocrx_word' id='word_1_261' title='bbox 322 2261 369 2316; x_wconf 88' lang='lat' dir='ltr'><strong>rel·</strong></span> <span class='ocrx_word' id='word_1_262' title='bbox 390 2263 533 2333; x_wconf 77' lang='lat' dir='ltr'><strong>qttomodo</strong></span> <span class='ocrx_word' id='word_1_263' title='bbox 556 2262 658 2316; x_wconf 82' lang='lat' dir='ltr'><strong>vaiebit</strong></span> <span class='ocrx_word' id='word_1_264' title='bbox 678 2262 781 2333; x_wconf 81' lang='lat' dir='ltr'><strong>ejicere</strong></span> <span class='ocrx_word' id='word_1_265' title='bbox 799 2263 939 2317; x_wconf 82' lang='lat' dir='ltr'><strong>festucam</strong></span> <span class='ocrx_word' id='word_1_266' title='bbox 960 2263 995 2317; x_wconf 86' lang='lat' dir='ltr'><strong>de</strong></span> <span class='ocrx_word' id='word_1_267' title='bbox 1035 2261 1751 2326; x_wconf 63' lang='lat' dir='ltr'><strong>strasc&#39;cutotnosdirnittt&#39;masdclritort&#39;lmsnostris.</strong></span> <span class='ocrx_word' id='word_1_268' title='bbox 1764 2264 1841 2317; x_wconf 76' lang='lat' dir='ltr'><strong>ilaue</strong></span> 
     </span>
     <span class='ocr_line' id='line_1_23' title="bbox 194 2347 1839 2422; baseline 0.001 -17"><span class='ocrx_word' id='word_1_269' title='bbox 194 2350 275 2405; x_wconf 81' lang='lat' dir='ltr'><strong>ocule</strong></span> <span class='ocrx_word' id='word_1_270' title='bbox 285 2350 380 2405; x_wconf 79' lang='lat' dir='ltr'><strong>fratris</strong></span> <span class='ocrx_word' id='word_1_271' title='bbox 395 2352 449 2417; x_wconf 91' lang='lat' dir='ltr'><strong>sui,</strong></span> <span class='ocrx_word' id='word_1_272' title='bbox 466 2351 515 2422; x_wconf 89' lang='lat' dir='ltr'><strong>qui</strong></span> <span class='ocrx_word' id='word_1_273' title='bbox 525 2351 634 2405; x_wconf 82' lang='lat' dir='ltr'><strong>trabem</strong></span> <span class='ocrx_word' id='word_1_274' title='bbox 649 2351 752 2406; x_wconf 87' lang='lat' dir='ltr'><strong>furoris</strong></span> <span class='ocrx_word' id='word_1_275' title='bbox 766 2357 858 2422; x_wconf 83' lang='lat' dir='ltr'><strong>gestat</strong></span> <span class='ocrx_word' id='word_1_276' title='bbox 871 2353 901 2406; x_wconf 90' lang='lat' dir='ltr'><strong>in</strong></span> <span class='ocrx_word' id='word_1_277' title='bbox 916 2352 995 2409; x_wconf 79' lang='lat' dir='ltr'><strong>oeldo</strong></span> <span class='ocrx_word' id='word_1_278' title='bbox 1036 2347 1504 2414; x_wconf 78' lang='lat' dir='ltr'><strong>autemnoltisdonavitiaOhcisto,</strong></span> <span class='ocrx_word' id='word_1_279' title='bbox 1512 2365 1569 2403; x_wconf 84' lang='lat' dir='ltr'><strong>oon</strong></span> <span class='ocrx_word' id='word_1_280' title='bbox 1576 2357 1656 2404; x_wconf 86' lang='lat' dir='ltr'><strong>extra</strong></span> <span class='ocrx_word' id='word_1_281' title='bbox 1664 2352 1839 2421; x_wconf 78' lang='lat' dir='ltr'><strong>positus.sed</strong></span> 
     </span>
     <span class='ocr_line' id='line_1_24' title="bbox 194 2436 1840 2511; baseline 0.001 -17"><span class='ocrx_word' id='word_1_282' title='bbox 194 2439 272 2494; x_wconf 71' lang='lat' dir='ltr'><strong>suo?</strong></span> <span class='ocrx_word' id='word_1_283' title='bbox 282 2437 408 2511; x_wconf 84' lang='lat' dir='ltr'><strong>qualibet</strong></span> <span class='ocrx_word' id='word_1_284' title='bbox 422 2455 456 2493; x_wconf 83' lang='lat' dir='ltr'><strong>ex</strong></span> <span class='ocrx_word' id='word_1_285' title='bbox 474 2456 559 2494; x_wconf 82' lang='lat' dir='ltr'><strong>censa</strong></span> <span class='ocrx_word' id='word_1_286' title='bbox 582 2439 733 2495; x_wconf 76' lang='lat' dir='ltr'><strong>iracundia</strong></span> <span class='ocrx_word' id='word_1_287' title='bbox 747 2447 841 2495; x_wconf 69' lang='lat' dir='ltr'><strong>motuis</strong></span> <span class='ocrx_word' id='word_1_288' title='bbox 860 2441 995 2495; x_wconf 78' lang='lat' dir='ltr'><strong>effervens</strong></span> <span class='ocrx_word' id='word_1_289' title='bbox 1036 2436 1206 2491; x_wconf 74' lang='lat' dir='ltr'><strong>habitansin</strong></span> <span class='ocrx_word' id='word_1_290' title='bbox 1220 2437 1342 2508; x_wconf 88' lang='lat' dir='ltr'><strong>eo:quie</strong></span> <span class='ocrx_word' id='word_1_291' title='bbox 1352 2438 1474 2493; x_wconf 75' lang='lat' dir='ltr'><strong>Peterin</strong></span> <span class='ocrx_word' id='word_1_292' title='bbox 1482 2438 1561 2506; x_wconf 82' lang='lat' dir='ltr'><strong>Filio,</strong></span> <span class='ocrx_word' id='word_1_293' title='bbox 1575 2440 1696 2494; x_wconf 72' lang='lat' dir='ltr'><strong>ctl&#39;iiius</strong></span> <span class='ocrx_word' id='word_1_294' title='bbox 1706 2441 1840 2503; x_wconf 59' lang='lat' dir='ltr'><strong>tumeo.</strong></span> 
     </span>
     <span class='ocr_line' id='line_1_25' title="bbox 194 2527 1841 2597; baseline 0 -15"><span class='ocrx_word' id='word_1_295' title='bbox 194 2534 313 2584; x_wconf 78' lang='lat' dir='ltr'><strong>axoaecet</strong></span> <span class='ocrx_word' id='word_1_296' title='bbox 328 2529 429 2592; x_wconf 69' lang='lat' dir='ltr'><strong>cordis</strong></span> <span class='ocrx_word' id='word_1_297' title='bbox 445 2535 474 2582; x_wconf 84' lang='lat' dir='ltr'><strong>et</strong></span> <span class='ocrx_word' id='word_1_298' title='bbox 488 2530 611 2584; x_wconf 77' lang='lat' dir='ltr'><strong>acumini</strong></span> <span class='ocrx_word' id='word_1_299' title='bbox 625 2531 716 2584; x_wconf 81' lang='lat' dir='ltr'><strong>risum</strong></span> <span class='ocrx_word' id='word_1_300' title='bbox 727 2529 867 2584; x_wconf 77' lang='lat' dir='ltr'><strong>exitialem</strong></span> <span class='ocrx_word' id='word_1_301' title='bbox 881 2530 996 2584; x_wconf 87' lang='lat' dir='ltr'><strong>validio-</strong></span> <span class='ocrx_word' id='word_1_302' title='bbox 1036 2527 1094 2580; x_wconf 84' lang='lat' dir='ltr'><strong>Nec</strong></span> <span class='ocrx_word' id='word_1_303' title='bbox 1106 2527 1203 2581; x_wconf 83' lang='lat' dir='ltr'><strong>statim</strong></span> <span class='ocrx_word' id='word_1_304' title='bbox 1217 2527 1273 2589; x_wconf 71' lang='lat' dir='ltr'><strong>ille,</strong></span> <span class='ocrx_word' id='word_1_305' title='bbox 1291 2527 1320 2580; x_wconf 93' lang='lat' dir='ltr'><strong>in</strong></span> <span class='ocrx_word' id='word_1_306' title='bbox 1341 2543 1397 2597; x_wconf 89' lang='lat' dir='ltr'><strong>quo</strong></span> <span class='ocrx_word' id='word_1_307' title='bbox 1411 2527 1542 2592; x_wconf 84' lang='lat' dir='ltr'><strong>donetur,</strong></span> <span class='ocrx_word' id='word_1_308' title='bbox 1561 2529 1655 2583; x_wconf 85' lang='lat' dir='ltr'><strong>minor</strong></span> <span class='ocrx_word' id='word_1_309' title='bbox 1674 2536 1719 2583; x_wconf 81' lang='lat' dir='ltr'><strong>est</strong></span> <span class='ocrx_word' id='word_1_310' title='bbox 1742 2529 1778 2582; x_wconf 83' lang='lat' dir='ltr'><strong>ab</strong></span> <span class='ocrx_word' id='word_1_311' title='bbox 1797 2546 1841 2593; x_wconf 85' lang='lat' dir='ltr'><strong>eo,</strong></span> 
     </span>
     <span class='ocr_line' id='line_1_26' title="bbox 193 2615 1845 2688; baseline 0.001 -17"><span class='ocrx_word' id='word_1_312' title='bbox 193 2618 234 2671; x_wconf 82' lang='lat' dir='ltr'><strong>ris</strong></span> <span class='ocrx_word' id='word_1_313' title='bbox 251 2616 340 2671; x_wconf 81' lang='lat' dir='ltr'><strong>morbi</strong></span> <span class='ocrx_word' id='word_1_314' title='bbox 356 2617 458 2687; x_wconf 80' lang='lat' dir='ltr'><strong>ingens</strong></span> <span class='ocrx_word' id='word_1_315' title='bbox 470 2617 552 2672; x_wconf 76' lang='lat' dir='ltr'><strong>truite</strong></span> <span class='ocrx_word' id='word_1_316' title='bbox 563 2619 651 2672; x_wconf 83' lang='lat' dir='ltr'><strong>solem</strong></span> <span class='ocrx_word' id='word_1_317' title='bbox 667 2619 785 2688; x_wconf 70' lang='lat' dir='ltr'><strong>justitia</strong></span> <span class='ocrx_word' id='word_1_318' title='bbox 799 2634 856 2672; x_wconf 84' lang='lat' dir='ltr'><strong>noa</strong></span> <span class='ocrx_word' id='word_1_319' title='bbox 870 2619 938 2672; x_wconf 86' lang='lat' dir='ltr'><strong>sinit</strong></span> <span class='ocrx_word' id='word_1_320' title='bbox 952 2619 997 2673; x_wconf 87' lang='lat' dir='ltr'><strong>in-</strong></span> <span class='ocrx_word' id='word_1_321' title='bbox 1038 2616 1087 2684; x_wconf 81' lang='lat' dir='ltr'><strong>qsi</strong></span> <span class='ocrx_word' id='word_1_322' title='bbox 1102 2615 1130 2669; x_wconf 92' lang='lat' dir='ltr'><strong>in</strong></span> <span class='ocrx_word' id='word_1_323' title='bbox 1146 2632 1175 2670; x_wconf 87' lang='lat' dir='ltr'><strong>se</strong></span> <span class='ocrx_word' id='word_1_324' title='bbox 1189 2615 1284 2680; x_wconf 83' lang='lat' dir='ltr'><strong>donat,</strong></span> <span class='ocrx_word' id='word_1_325' title='bbox 1303 2616 1371 2685; x_wconf 86' lang='lat' dir='ltr'><strong>quia</strong></span> <span class='ocrx_word' id='word_1_326' title='bbox 1385 2621 1414 2669; x_wconf 89' lang='lat' dir='ltr'><strong>et</strong></span> <span class='ocrx_word' id='word_1_327' title='bbox 1428 2617 1580 2686; x_wconf 78' lang='lat' dir='ltr'><strong>Apostolus</strong></span> <span class='ocrx_word' id='word_1_328' title='bbox 1593 2618 1661 2672; x_wconf 85' lang='lat' dir='ltr'><strong>dicit</strong></span> <span class='ocrx_word' id='word_1_329' title='bbox 1679 2636 1685 2669; x_wconf 77' lang='grc' dir='ltr'>ε</span> <span class='ocrx_word' id='word_1_330' title='bbox 1703 2619 1739 2672; x_wconf 71' lang='lat' dir='ltr'><strong>at</strong></span> <span class='ocrx_word' id='word_1_331' title='bbox 1751 2635 1801 2686; x_wconf 73' lang='lat' dir='ltr'><strong>opo</strong></span> <span class='ocrx_word' id='word_1_332' title='bbox 1817 2623 1845 2673; x_wconf 81' lang='lat' dir='ltr'><strong>si</strong></span> 
     </span>
     <span class='ocr_line' id='line_1_27' title="bbox 193 2704 1843 2778; baseline 0.002 -19"><span class='ocrx_word' id='word_1_333' title='bbox 193 2706 276 2759; x_wconf 75' lang='lat' dir='ltr'><strong>meri.</strong></span> <span class='ocrx_word' id='word_1_334' title='bbox 293 2705 370 2760; x_wconf 73' lang='lat' dir='ltr'><strong>muli</strong></span> <span class='ocrx_word' id='word_1_335' title='bbox 385 2706 512 2770; x_wconf 85' lang='lat' dir='ltr'><strong>interest,</strong></span> <span class='ocrx_word' id='word_1_336' title='bbox 529 2712 624 2760; x_wconf 81' lang='lat' dir='ltr'><strong>utrum</strong></span> <span class='ocrx_word' id='word_1_337' title='bbox 640 2722 727 2760; x_wconf 87' lang='lat' dir='ltr'><strong>aurea</strong></span> <span class='ocrx_word' id='word_1_338' title='bbox 740 2704 847 2760; x_wconf 84' lang='lat' dir='ltr'><strong>laniine</strong></span> <span class='ocrx_word' id='word_1_339' title='bbox 857 2706 997 2778; x_wconf 71' lang='lat' dir='ltr'><strong>plurative</strong></span> <span class='ocrx_word' id='word_1_340' title='bbox 1038 2705 1106 2771; x_wconf 76' lang='lat' dir='ltr'><strong>quid</strong></span> <span class='ocrx_word' id='word_1_341' title='bbox 1120 2706 1224 2757; x_wconf 68' lang='lat' dir='ltr'><strong>deliaci</strong></span> <span class='ocrx_word' id='word_1_342' title='bbox 1233 2707 1315 2768; x_wconf 76' lang='lat' dir='ltr'><strong>moia,</strong></span> <span class='ocrx_word' id='word_1_343' title='bbox 1332 2707 1444 2772; x_wconf 70' lang='lat' dir='ltr'><strong>insacia</strong></span> <span class='ocrx_word' id='word_1_344' title='bbox 1455 2706 1559 2759; x_wconf 74' lang='lat' dir='ltr'><strong>Christi</strong></span> <span class='ocrx_word' id='word_1_345' title='bbox 1573 2709 1658 2761; x_wconf 73' lang='lat' dir='ltr'><strong>stlici</strong></span> <span class='ocrx_word' id='word_1_346' title='bbox 1672 2709 1712 2769; x_wconf 78' lang='lat' dir='ltr'><strong>ill</strong></span> <span class='ocrx_word' id='word_1_347' title='bbox 1724 2708 1789 2769; x_wconf 73' lang='lat' dir='ltr'><strong>Gor.</strong></span> <span class='ocrx_word' id='word_1_348' title='bbox 1801 2711 1843 2776; x_wconf 82' lang='lat' dir='ltr'><strong>n).</strong></span> 
     </span>
     <span class='ocr_line' id='line_1_28' title="bbox 194 2794 1522 2867; baseline 0.003 -20"><span class='ocrx_word' id='word_1_349' title='bbox 194 2809 244 2848; x_wconf 87' lang='lat' dir='ltr'><strong>sen</strong></span> <span class='ocrx_word' id='word_1_350' title='bbox 260 2794 410 2864; x_wconf 75' lang='lat' dir='ltr'><strong>mrjuslibet·</strong></span> <span class='ocrx_word' id='word_1_351' title='bbox 424 2795 529 2848; x_wconf 82' lang='lat' dir='ltr'><strong>metalli</strong></span> <span class='ocrx_word' id='word_1_352' title='bbox 545 2794 692 2849; x_wconf 84' lang='lat' dir='ltr'><strong>oculorum</strong></span> <span class='ocrx_word' id='word_1_353' title='bbox 708 2794 853 2849; x_wconf 84' lang='lat' dir='ltr'><strong>obtutibus</strong></span> <span class='ocrx_word' id='word_1_354' title='bbox 867 2796 996 2867; x_wconf 85' lang='lat' dir='ltr'><strong>impona-</strong></span> <span class='ocrx_word' id='word_1_355' title='bbox 1357 2811 1478 2866; x_wconf 73' lang='lat' dir='ltr'><strong>0qu-</strong></span> <span class='ocrx_word' id='word_1_356' title='bbox 1488 2812 1522 2865; x_wconf 59' lang='lat' dir='ltr'><strong>v,</strong></span> 
     </span>
    </p>

    <p class='ocr_par' dir='ltr' id='par_1_3' title="bbox 193 2880 1847 5624">
     <span class='ocr_line' id='line_1_29' title="bbox 193 2880 1847 2973; baseline 0.005 -22"><span class='ocrx_word' id='word_1_357' title='bbox 193 2889 250 2973; x_wconf 60' lang='lat' dir='ltr'><strong>mis</strong></span> <span class='ocrx_word' id='word_1_358' title='bbox 263 2880 451 2938; x_wconf 63' lang='lat' dir='ltr'><strong>differentiam</strong></span> <span class='ocrx_word' id='word_1_359' title='bbox 466 2883 598 2938; x_wconf 78' lang='lat' dir='ltr'><strong>caeciuus</strong></span> <span class='ocrx_word' id='word_1_360' title='bbox 612 2899 669 2937; x_wconf 66' lang='grc' dir='ltr'><strong>Μ</strong></span> <span class='ocrx_word' id='word_1_361' title='bbox 679 2884 745 2938; x_wconf 77' lang='lat' dir='ltr'><strong>tacu</strong></span> <span class='ocrx_word' id='word_1_362' title='bbox 759 2885 922 2968; x_wconf 58' lang='lat' dir='ltr'><strong>lifefiOSiiffl</strong></span> <span class='ocrx_word' id='word_1_363' title='bbox 936 2901 996 2939; x_wconf 61' lang='grc' dir='ltr'><strong>Μ·</strong></span> <span class='ocrx_word' id='word_1_364' title='bbox 1038 2900 1150 2953; x_wconf 80' lang='lat' dir='ltr'><strong>Inducit</strong></span> <span class='ocrx_word' id='word_1_365' title='bbox 1162 2901 1289 2969; x_wconf 60' lang='lat' dir='ltr'><strong>&amp;phasim</strong></span> <span class='ocrx_word' id='word_1_366' title='bbox 1303 2901 1340 2953; x_wconf 83' lang='lat' dir='ltr'><strong>ed</strong></span> <span class='ocrx_word' id='word_1_367' title='bbox 1352 2902 1520 2969; x_wconf 79' lang='lat' dir='ltr'><strong>sequendum</strong></span> <span class='ocrx_word' id='word_1_368' title='bbox 1536 2901 1677 2957; x_wconf 68' lang='lat' dir='ltr'><strong>domuum</strong></span> <span class='ocrx_word' id='word_1_369' title='bbox 1687 2906 1718 2957; x_wconf 84' lang='lat' dir='ltr'><strong>ia</strong></span> <span class='ocrx_word' id='word_1_370' title='bbox 1733 2906 1847 2971; x_wconf 72' lang='lat' dir='ltr'><strong>fenore</strong></span> 
     </span>
     <span class='ocr_line' id='line_1_30' title="bbox 194 2971 1845 3042; baseline 0.003 -16"><span class='ocrx_word' id='word_1_371' title='bbox 194 2971 568 3028; x_wconf 81' lang='lat' dir='ltr'><strong>taliorum.ilaiiemussane</strong></span> <span class='ocrx_word' id='word_1_372' title='bbox 578 2973 996 3028; x_wconf 84' lang='lat' dir='ltr'><strong>ministeriumsetiscomraodc</strong></span> <span class='ocrx_word' id='word_1_373' title='bbox 1073 2972 1229 3030; x_wconf 77' lang='lat' dir='ltr'><strong>alteritatis,</strong></span> <span class='ocrx_word' id='word_1_374' title='bbox 1238 2971 1271 3024; x_wconf 83' lang='lat' dir='ltr'><strong>ia</strong></span> <span class='ocrx_word' id='word_1_375' title='bbox 1280 2973 1372 3024; x_wconf 60' lang='lat' dir='ltr'><strong>&amp;aare</strong></span> <span class='ocrx_word' id='word_1_376' title='bbox 1381 2974 1845 3042; x_wconf 62' lang='lat' dir='ltr'><strong>sancelatmucoeriiotuoopaita,</strong></span> 
     </span>
     <span class='ocr_line' id='line_1_31' title="bbox 194 3045 1762 3134; baseline 0.001 -17"><span class='ocrx_word' id='word_1_377' title='bbox 194 3060 276 3117; x_wconf 83' lang='lat' dir='ltr'><strong>nobis</strong></span> <span class='ocrx_word' id='word_1_378' title='bbox 294 3062 442 3128; x_wconf 79' lang='lat' dir='ltr'><strong>insertum,</strong></span> <span class='ocrx_word' id='word_1_379' title='bbox 457 3062 493 3116; x_wconf 90' lang='lat' dir='ltr'><strong>ad</strong></span> <span class='ocrx_word' id='word_1_380' title='bbox 508 3063 582 3134; x_wconf 83' lang='lat' dir='ltr'><strong>quod</strong></span> <span class='ocrx_word' id='word_1_381' title='bbox 598 3063 689 3117; x_wconf 78' lang='lat' dir='ltr'><strong>solum</strong></span> <span class='ocrx_word' id='word_1_382' title='bbox 710 3077 774 3116; x_wconf 86' lang='lat' dir='ltr'><strong>eam</strong></span> <span class='ocrx_word' id='word_1_383' title='bbox 788 3063 913 3134; x_wconf 83' lang='lat' dir='ltr'><strong>recipere</strong></span> <span class='ocrx_word' id='word_1_384' title='bbox 927 3063 997 3117; x_wconf 86' lang='lat' dir='ltr'><strong>utile</strong></span> <span class='ocrx_word' id='word_1_385' title='bbox 1072 3045 1230 3101; x_wconf 54' lang='lat' dir='ltr'><strong>“imm</strong></span> <span class='ocrx_word' id='word_1_386' title='bbox 1240 3047 1701 3111; x_wconf 59' lang='lat' dir='ltr'><strong>WrwWJii&#39;WiaiifWifimdiil·</strong></span> <span class='ocrx_word' id='word_1_387' title='bbox 1757 3060 1762 3067; x_wconf 82' lang='lat'>&#39;</span> 
     </span>
     <span class='ocr_line' id='line_1_32' title="bbox 194 3132 1844 3218; baseline 0.002 -13"><span class='ocrx_word' id='word_1_388' title='bbox 194 3149 277 3205; x_wconf 87' lang='lat' dir='ltr'><strong>nobis</strong></span> <span class='ocrx_word' id='word_1_389' title='bbox 291 3157 343 3216; x_wconf 86' lang='lat' dir='ltr'><strong>est,</strong></span> <span class='ocrx_word' id='word_1_390' title='bbox 363 3167 397 3204; x_wconf 87' lang='lat' dir='ltr'><strong>ac</strong></span> <span class='ocrx_word' id='word_1_391' title='bbox 411 3150 532 3217; x_wconf 68' lang='lat' dir='ltr'><strong>salubre,</strong></span> <span class='ocrx_word' id='word_1_392' title='bbox 549 3167 613 3205; x_wconf 88' lang='lat' dir='ltr'><strong>curn</strong></span> <span class='ocrx_word' id='word_1_393' title='bbox 628 3155 726 3205; x_wconf 86' lang='lat' dir='ltr'><strong>centra</strong></span> <span class='ocrx_word' id='word_1_394' title='bbox 739 3151 917 3206; x_wconf 80' lang='lat' dir='ltr'><strong>lascivientes</strong></span> <span class='ocrx_word' id='word_1_395' title='bbox 931 3132 1029 3206; x_wconf 76' lang='lat' dir='ltr'><strong>cor-C</strong></span> <span class='ocrx_word' id='word_1_396' title='bbox 1073 3149 1165 3202; x_wconf 68' lang='lat' dir='ltr'><strong>scau.</strong></span> <span class='ocrx_word' id='word_1_397' title='bbox 1183 3165 1246 3217; x_wconf 75' lang='lat' dir='ltr'><strong>erpo</strong></span> <span class='ocrx_word' id='word_1_398' title='bbox 1263 3152 1418 3203; x_wconf 76' lang='lat' dir='ltr'><strong>imitaturas</strong></span> <span class='ocrx_word' id='word_1_399' title='bbox 1439 3151 1498 3216; x_wconf 79' lang='lat' dir='ltr'><strong>ilai,</strong></span> <span class='ocrx_word' id='word_1_400' title='bbox 1514 3154 1585 3204; x_wconf 67' lang='lat' dir='ltr'><strong>acad</strong></span> <span class='ocrx_word' id='word_1_401' title='bbox 1598 3153 1654 3218; x_wconf 72' lang='lat' dir='ltr'><strong>pilii</strong></span> <span class='ocrx_word' id='word_1_402' title='bbox 1668 3153 1844 3209; x_wconf 62' lang='lat' dir='ltr'><strong>emessam</strong></span> 
     </span>
     <span class='ocr_line' id='line_1_33' title="bbox 194 3236 1843 3312; baseline 0.002 -18"><span class='ocrx_word' id='word_1_403' title='bbox 194 3238 240 3294; x_wconf 88' lang='lat' dir='ltr'><strong>dis</strong></span> <span class='ocrx_word' id='word_1_404' title='bbox 249 3240 341 3294; x_wconf 86' lang='lat' dir='ltr'><strong>nostri¹</strong></span> <span class='ocrx_word' id='word_1_405' title='bbox 353 3246 446 3294; x_wconf 85' lang='lat' dir='ltr'><strong>motus</strong></span> <span class='ocrx_word' id='word_1_406' title='bbox 457 3240 638 3310; x_wconf 64' lang='lat' dir='ltr'><strong>indignarum</strong></span> <span class='ocrx_word' id='word_1_407' title='bbox 650 3241 873 3305; x_wconf 65' lang='lat' dir='ltr'><strong>infremuisset</strong></span> <span class='ocrx_word' id='word_1_408' title='bbox 886 3257 921 3294; x_wconf 89' lang='lat' dir='ltr'><strong>ee</strong></span> <span class='ocrx_word' id='word_1_409' title='bbox 934 3258 995 3312; x_wconf 80' lang='lat' dir='ltr'><strong>qua</strong></span> <span class='ocrx_word' id='word_1_410' title='bbox 1037 3236 1173 3303; x_wconf 82' lang='lat' dir='ltr'><strong>(Hieron.)</strong></span> <span class='ocrx_word' id='word_1_411' title='bbox 1204 3239 1258 3302; x_wconf 80' lang='lat' dir='ltr'><strong>Qui</strong></span> <span class='ocrx_word' id='word_1_412' title='bbox 1292 3238 1434 3308; x_wconf 72' lang='lat' dir='ltr'><strong>intelligit,</strong></span> <span class='ocrx_word' id='word_1_413' title='bbox 1462 3240 1603 3309; x_wconf 88' lang='lat' dir='ltr'><strong>quomodo</strong></span> <span class='ocrx_word' id='word_1_414' title='bbox 1629 3241 1736 3296; x_wconf 62' lang='lat' dir='ltr'><strong>&amp;curm</strong></span> <span class='ocrx_word' id='word_1_415' title='bbox 1767 3250 1843 3297; x_wconf 83' lang='lat' dir='ltr'><strong>est:</strong></span> 
     </span>
     <span class='ocr_line' id='line_1_34' title="bbox 195 3326 1846 3401; baseline 0.002 -19"><span class='ocrx_word' id='word_1_416' title='bbox 195 3342 280 3400; x_wconf 80' lang='lat' dir='ltr'><strong>agere</strong></span> <span class='ocrx_word' id='word_1_417' title='bbox 294 3327 490 3384; x_wconf 72' lang='lat' dir='ltr'><strong>confundimur</strong></span> <span class='ocrx_word' id='word_1_418' title='bbox 506 3345 600 3383; x_wconf 83' lang='lat' dir='ltr'><strong>coram</strong></span> <span class='ocrx_word' id='word_1_419' title='bbox 615 3329 776 3384; x_wconf 81' lang='lat' dir='ltr'><strong>hominibus</strong></span> <span class='ocrx_word' id='word_1_420' title='bbox 790 3330 835 3383; x_wconf 88' lang='lat' dir='ltr'><strong>vei</strong></span> <span class='ocrx_word' id='word_1_421' title='bbox 855 3330 993 3401; x_wconf 84' lang='lat' dir='ltr'><strong>proloqui,</strong></span> <span class='ocrx_word' id='word_1_422' title='bbox 1036 3327 1124 3381; x_wconf 69' lang='lat' dir='ltr'><strong>Estote</strong></span> <span class='ocrx_word' id='word_1_423' title='bbox 1135 3328 1258 3395; x_wconf 66' lang='lat' dir='ltr'><strong>perfecti,</strong></span> <span class='ocrx_word' id='word_1_424' title='bbox 1270 3330 1343 3380; x_wconf 77' lang='lat' dir='ltr'><strong>¹u&#39;cut</strong></span> <span class='ocrx_word' id='word_1_425' title='bbox 1354 3326 1468 3381; x_wconf 79' lang='lat' dir='ltr'><strong>etPotcr</strong></span> <span class='ocrx_word' id='word_1_426' title='bbox 1477 3335 1562 3383; x_wconf 77' lang='lat' dir='ltr'><strong>voster</strong></span> <span class='ocrx_word' id='word_1_427' title='bbox 1575 3333 1685 3384; x_wconf 51' lang='lat' dir='ltr'><strong>causas</strong></span> <span class='ocrx_word' id='word_1_428' title='bbox 1702 3334 1846 3400; x_wconf 52' lang='lat' dir='ltr'><strong>peremi</strong></span> 
     </span>
     <span class='ocr_line' id='line_1_35' title="bbox 194 3414 1843 3490; baseline 0.002 -19"><span class='ocrx_word' id='word_1_429' title='bbox 194 3417 224 3472; x_wconf 90' lang='lat' dir='ltr'><strong>in</strong></span> <span class='ocrx_word' id='word_1_430' title='bbox 240 3417 361 3473; x_wconf 75' lang='lat' dir='ltr'><strong>latebras</strong></span> <span class='ocrx_word' id='word_1_431' title='bbox 383 3418 542 3472; x_wconf 84' lang='lat' dir='ltr'><strong>escendisse</strong></span> <span class='ocrx_word' id='word_1_432' title='bbox 565 3419 652 3472; x_wconf 83' lang='lat' dir='ltr'><strong>nostri</strong></span> <span class='ocrx_word' id='word_1_433' title='bbox 667 3419 789 3490; x_wconf 89' lang='lat' dir='ltr'><strong>pectoris</strong></span> <span class='ocrx_word' id='word_1_434' title='bbox 804 3419 993 3488; x_wconf 77' lang='lat' dir='ltr'><strong>indignamur.</strong></span> <span class='ocrx_word' id='word_1_435' title='bbox 1037 3421 1075 3468; x_wconf 78' lang='lat' dir='ltr'><strong>ost</strong></span> <span class='ocrx_word' id='word_1_436' title='bbox 1088 3414 1195 3484; x_wconf 43' lang='lat' dir='ltr'><strong>irtattlt.</strong></span> <span class='ocrx_word' id='word_1_437' title='bbox 1211 3418 1248 3481; x_wconf 78' lang='lat' dir='ltr'><strong>vl,</strong></span> <span class='ocrx_word' id='word_1_438' title='bbox 1261 3416 1314 3469; x_wconf 84' lang='lat' dir='ltr'><strong>iste</strong></span> <span class='ocrx_word' id='word_1_439' title='bbox 1328 3416 1399 3469; x_wconf 87' lang='lat' dir='ltr'><strong>sciet</strong></span> <span class='ocrx_word' id='word_1_440' title='bbox 1412 3418 1553 3486; x_wconf 87' lang='lat' dir='ltr'><strong>quomodo</strong></span> <span class='ocrx_word' id='word_1_441' title='bbox 1566 3422 1597 3472; x_wconf 87' lang='lat' dir='ltr'><strong>ct</strong></span> <span class='ocrx_word' id='word_1_442' title='bbox 1609 3435 1684 3473; x_wconf 90' lang='lat' dir='ltr'><strong>nunc</strong></span> <span class='ocrx_word' id='word_1_443' title='bbox 1703 3419 1820 3475; x_wconf 81' lang='lat' dir='ltr'><strong>dicutur</strong></span> <span class='ocrx_word' id='word_1_444' title='bbox 1836 3440 1843 3475; x_wconf 90' lang='lat'>:</span> 
     </span>
     <span class='ocr_line' id='line_1_36' title="bbox 196 3506 1839 3579; baseline -0.004 -17"><span class='ocrx_word' id='word_1_445' title='bbox 196 3507 360 3579; x_wconf 75' lang='lat' dir='ltr'><strong>angelorum</strong></span> <span class='ocrx_word' id='word_1_446' title='bbox 375 3506 480 3561; x_wconf 85' lang='lat' dir='ltr'><strong>scilicet</strong></span> <span class='ocrx_word' id='word_1_447' title='bbox 489 3524 521 3560; x_wconf 88' lang='lat' dir='ltr'><strong>ac</strong></span> <span class='ocrx_word' id='word_1_448' title='bbox 536 3508 586 3561; x_wconf 76' lang='lat' dir='ltr'><strong>lici</strong></span> <span class='ocrx_word' id='word_1_449' title='bbox 601 3508 690 3578; x_wconf 89' lang='lat' dir='ltr'><strong>ipsius</strong></span> <span class='ocrx_word' id='word_1_450' title='bbox 707 3508 884 3578; x_wconf 69' lang='lat' dir='ltr'><strong>praesentiam</strong></span> <span class='ocrx_word' id='word_1_451' title='bbox 894 3508 996 3578; x_wconf 85' lang='lat' dir='ltr'><strong>ubique</strong></span> <span class='ocrx_word' id='word_1_452' title='bbox 1037 3506 1124 3557; x_wconf 71' lang='lat' dir='ltr'><strong>fistals</strong></span> <span class='ocrx_word' id='word_1_453' title='bbox 1142 3506 1295 3558; x_wconf 67' lang='lat' dir='ltr'><strong>fascinatores</strong></span> <span class='ocrx_word' id='word_1_454' title='bbox 1318 3507 1374 3558; x_wconf 77' lang='lat' dir='ltr'><strong>ilci.</strong></span> <span class='ocrx_word' id='word_1_455' title='bbox 1402 3506 1436 3558; x_wconf 79' lang='lat' dir='ltr'><strong>Et</strong></span> <span class='ocrx_word' id='word_1_456' title='bbox 1458 3506 1611 3561; x_wconf 72' lang='lat' dir='ltr'><strong>Corinthiis</strong></span> <span class='ocrx_word' id='word_1_457' title='bbox 1624 3509 1752 3563; x_wconf 68' lang='lat' dir='ltr'><strong>scribens</strong></span> <span class='ocrx_word' id='word_1_458' title='bbox 1773 3511 1839 3564; x_wconf 66' lang='lat' dir='ltr'><strong>m:</strong></span> 
     </span>
     <span class='ocr_line' id='line_1_37' title="bbox 196 3593 1842 3668; baseline 0.001 -18"><span class='ocrx_word' id='word_1_459' title='bbox 196 3597 329 3651; x_wconf 81' lang='lat' dir='ltr'><strong>etomnla</strong></span> <span class='ocrx_word' id='word_1_460' title='bbox 338 3597 521 3668; x_wconf 86' lang='lat' dir='ltr'><strong>penetrantis,</strong></span> <span class='ocrx_word' id='word_1_461' title='bbox 534 3597 701 3666; x_wconf 80' lang='lat' dir='ltr'><strong>oculumque</strong></span> <span class='ocrx_word' id='word_1_462' title='bbox 710 3598 771 3666; x_wconf 86' lang='lat' dir='ltr'><strong>ejus</strong></span> <span class='ocrx_word' id='word_1_463' title='bbox 781 3596 996 3651; x_wconf 83' lang='lat' dir='ltr'><strong>totaiormidinc</strong></span> <span class='ocrx_word' id='word_1_464' title='bbox 1039 3593 1193 3649; x_wconf 76' lang='lat' dir='ltr'><strong>imitaturas</strong></span> <span class='ocrx_word' id='word_1_465' title='bbox 1208 3596 1262 3646; x_wconf 75' lang='lat' dir='ltr'><strong>mei</strong></span> <span class='ocrx_word' id='word_1_466' title='bbox 1280 3599 1368 3657; x_wconf 77' lang='lat' dir='ltr'><strong>astate,</strong></span> <span class='ocrx_word' id='word_1_467' title='bbox 1380 3598 1454 3648; x_wconf 79' lang='lat' dir='ltr'><strong>sicut</strong></span> <span class='ocrx_word' id='word_1_468' title='bbox 1465 3601 1491 3649; x_wconf 81' lang='lat' dir='ltr'><strong>ct</strong></span> <span class='ocrx_word' id='word_1_469' title='bbox 1504 3613 1550 3663; x_wconf 63' lang='lat' dir='ltr'><strong>opo</strong></span> <span class='ocrx_word' id='word_1_470' title='bbox 1565 3597 1668 3652; x_wconf 71' lang='lat' dir='ltr'><strong>durau</strong></span> <span class='ocrx_word' id='word_1_471' title='bbox 1678 3597 1706 3665; x_wconf 84' lang='lat' dir='ltr'><strong>(l</strong></span> <span class='ocrx_word' id='word_1_472' title='bbox 1713 3600 1778 3652; x_wconf 73' lang='lat' dir='ltr'><strong>flor.</strong></span> <span class='ocrx_word' id='word_1_473' title='bbox 1789 3602 1842 3657; x_wconf 81' lang='lat' dir='ltr'><strong>xri.</strong></span> 
     </span>
     <span class='ocr_line' id='line_1_38' title="bbox 194 3681 1840 3756; baseline 0.001 -17"><span class='ocrx_word' id='word_1_474' title='bbox 194 3685 399 3750; x_wconf 83' lang='lat' dir='ltr'><strong>tremiscentes,</strong></span> <span class='ocrx_word' id='word_1_475' title='bbox 410 3700 493 3756; x_wconf 84' lang='lat' dir='ltr'><strong>quem</strong></span> <span class='ocrx_word' id='word_1_476' title='bbox 505 3696 683 3756; x_wconf 81' lang='lat' dir='ltr'><strong>nequaqnam</strong></span> <span class='ocrx_word' id='word_1_477' title='bbox 693 3691 813 3756; x_wconf 80' lang='lat' dir='ltr'><strong>possum</strong></span> <span class='ocrx_word' id='word_1_478' title='bbox 820 3685 996 3740; x_wconf 69' lang='lat' dir='ltr'><strong>conscientie</strong></span> <span class='ocrx_word' id='word_1_479' title='bbox 1037 3681 1101 3734; x_wconf 79' lang='lat' dir='ltr'><strong>Nun</strong></span> <span class='ocrx_word' id='word_1_480' title='bbox 1114 3682 1190 3735; x_wconf 87' lang='lat' dir='ltr'><strong>enim</strong></span> <span class='ocrx_word' id='word_1_481' title='bbox 1204 3686 1335 3752; x_wconf 86' lang='lat' dir='ltr'><strong>poterant</strong></span> <span class='ocrx_word' id='word_1_482' title='bbox 1351 3683 1448 3736; x_wconf 78' lang='lat' dir='ltr'><strong>statim</strong></span> <span class='ocrx_word' id='word_1_483' title='bbox 1468 3684 1573 3738; x_wconf 76' lang='lat' dir='ltr'><strong>illinisti</strong></span> <span class='ocrx_word' id='word_1_484' title='bbox 1593 3686 1655 3739; x_wconf 84' lang='lat' dir='ltr'><strong>fieri</strong></span> <span class='ocrx_word' id='word_1_485' title='bbox 1668 3687 1840 3755; x_wconf 78' lang='lat' dir='ltr'><strong>imitatores,</strong></span> 
     </span>
     <span class='ocr_line' id='line_1_39' title="bbox 195 3759 1842 3846; baseline 0.003 -18"><span class='ocrx_word' id='word_1_486' title='bbox 195 3780 298 3828; x_wconf 72' lang='lat' dir='ltr'><strong>nostra</strong></span> <span class='ocrx_word' id='word_1_487' title='bbox 311 3774 399 3828; x_wconf 87' lang='lat' dir='ltr'><strong>latere</strong></span> <span class='ocrx_word' id='word_1_488' title='bbox 413 3778 530 3828; x_wconf 80' lang='lat' dir='ltr'><strong>secreta.</strong></span> <span class='ocrx_word' id='word_1_489' title='bbox 539 3759 728 3827; x_wconf 75' lang='lat' dir='ltr'><strong>Estoteoalcm</strong></span> <span class='ocrx_word' id='word_1_490' title='bbox 738 3777 858 3828; x_wconf 69' lang='lat' dir='ltr'><strong>invicem</strong></span> <span class='ocrx_word' id='word_1_491' title='bbox 872 3776 994 3842; x_wconf 61' lang='lat' dir='ltr'><strong>deamat,</strong></span> <span class='ocrx_word' id='word_1_492' title='bbox 1037 3770 1088 3823; x_wconf 77' lang='lat' dir='ltr'><strong>aad</strong></span> <span class='ocrx_word' id='word_1_493' title='bbox 1102 3770 1210 3840; x_wconf 83' lang='lat' dir='ltr'><strong>grande</strong></span> <span class='ocrx_word' id='word_1_494' title='bbox 1227 3770 1283 3824; x_wconf 89' lang='lat' dir='ltr'><strong>iliis</strong></span> <span class='ocrx_word' id='word_1_495' title='bbox 1303 3777 1372 3837; x_wconf 77' lang='lat' dir='ltr'><strong>erat,</strong></span> <span class='ocrx_word' id='word_1_496' title='bbox 1390 3772 1416 3837; x_wconf 76' lang='lat' dir='ltr'><strong>si</strong></span> <span class='ocrx_word' id='word_1_497' title='bbox 1432 3773 1589 3827; x_wconf 86' lang='lat' dir='ltr'><strong>imitatores</strong></span> <span class='ocrx_word' id='word_1_498' title='bbox 1604 3783 1717 3846; x_wconf 85' lang='lat' dir='ltr'><strong>possent</strong></span> <span class='ocrx_word' id='word_1_499' title='bbox 1731 3776 1842 3833; x_wconf 75' lang='lat' dir='ltr'><strong>Christi</strong></span> 
     </span>
     <span class='ocr_line' id='line_1_40' title="bbox 196 3859 1843 3936; baseline 0.003 -20"><span class='ocrx_word' id='word_1_500' title='bbox 196 3864 393 3928; x_wconf 71' lang='lat' dir='ltr'><strong>misericordes,</strong></span> <span class='ocrx_word' id='word_1_501' title='bbox 401 3864 534 3917; x_wconf 82' lang='lat' dir='ltr'><strong>donantes</strong></span> <span class='ocrx_word' id='word_1_502' title='bbox 540 3864 774 3928; x_wconf 63' lang='lat' dir='ltr'><strong>inclementiori</strong></span> <span class='ocrx_word' id='word_1_503' title='bbox 782 3864 996 3917; x_wconf 74' lang='lat' dir='ltr'><strong>llmsiadlirr&#39;slo</strong></span> <span class='ocrx_word' id='word_1_504' title='bbox 1037 3859 1165 3912; x_wconf 79' lang='lat' dir='ltr'><strong>existere.</strong></span> <span class='ocrx_word' id='word_1_505' title='bbox 1178 3859 1309 3929; x_wconf 75' lang='lat' dir='ltr'><strong>Ephesiis</strong></span> <span class='ocrx_word' id='word_1_506' title='bbox 1316 3876 1382 3913; x_wconf 84' lang='lat' dir='ltr'><strong>vero</strong></span> <span class='ocrx_word' id='word_1_507' title='bbox 1390 3862 1472 3930; x_wconf 79' lang='lat' dir='ltr'><strong>quasi</strong></span> <span class='ocrx_word' id='word_1_508' title='bbox 1480 3862 1533 3919; x_wconf 75' lang='lat' dir='ltr'><strong>uis.</strong></span> <span class='ocrx_word' id='word_1_509' title='bbox 1547 3879 1621 3933; x_wconf 79' lang='lat' dir='ltr'><strong>quos</strong></span> <span class='ocrx_word' id='word_1_510' title='bbox 1632 3865 1693 3934; x_wconf 80' lang='lat' dir='ltr'><strong>jam</strong></span> <span class='ocrx_word' id='word_1_511' title='bbox 1703 3867 1843 3936; x_wconf 76' lang='lat' dir='ltr'><strong>mysteria</strong></span> 
     </span>
     <span class='ocr_line' id='line_1_41' title="bbox 196 3949 1841 4022; baseline 0.003 -17"><span class='ocrx_word' id='word_1_512' title='bbox 196 3950 309 4008; x_wconf 69' lang='lat' dir='ltr'><strong>donami</strong></span> <span class='ocrx_word' id='word_1_513' title='bbox 324 3952 398 4004; x_wconf 81' lang='lat' dir='ltr'><strong>vobis</strong></span> <span class='ocrx_word' id='word_1_514' title='bbox 410 3950 526 4020; x_wconf 78' lang='lat' dir='ltr'><strong>idrrrbr.)</strong></span> <span class='ocrx_word' id='word_1_515' title='bbox 540 3950 673 4020; x_wconf 78' lang='lat' dir='ltr'><strong>Exemplo</strong></span> <span class='ocrx_word' id='word_1_516' title='bbox 687 3950 738 4004; x_wconf 87' lang='lat' dir='ltr'><strong>Dei</strong></span> <span class='ocrx_word' id='word_1_517' title='bbox 754 3951 847 4005; x_wconf 79' lang='lat' dir='ltr'><strong>Patris</strong></span> <span class='ocrx_word' id='word_1_518' title='bbox 860 3949 995 4022; x_wconf 82' lang='lat' dir='ltr'><strong>benignos</strong></span> <span class='ocrx_word' id='word_1_519' title='bbox 1036 3953 1117 4001; x_wconf 64' lang='lat' dir='ltr'><strong>mnia</strong></span> <span class='ocrx_word' id='word_1_520' title='bbox 1129 3949 1272 4012; x_wconf 82' lang='lat' dir='ltr'><strong>docuerat,</strong></span> <span class='ocrx_word' id='word_1_521' title='bbox 1289 3965 1345 4005; x_wconf 86' lang='lat' dir='ltr'><strong>non</strong></span> <span class='ocrx_word' id='word_1_522' title='bbox 1361 3950 1402 4002; x_wconf 84' lang='lat' dir='ltr'><strong>ait</strong></span> <span class='ocrx_word' id='word_1_523' title='bbox 1413 3968 1420 4002; x_wconf 76' lang='lat' dir='ltr'><strong>t</strong></span> <span class='ocrx_word' id='word_1_524' title='bbox 1432 3950 1588 4006; x_wconf 81' lang='lat' dir='ltr'><strong>imitatores</strong></span> <span class='ocrx_word' id='word_1_525' title='bbox 1604 3953 1660 4007; x_wconf 88' lang='lat' dir='ltr'><strong>mei</strong></span> <span class='ocrx_word' id='word_1_526' title='bbox 1674 3952 1775 4022; x_wconf 57' lang='lat' dir='ltr'><strong>estote,</strong></span> <span class='ocrx_word' id='word_1_527' title='bbox 1787 3972 1841 4010; x_wconf 77' lang='lat' dir='ltr'><strong>nee</strong></span> 
     </span>
     <span class='ocr_line' id='line_1_42' title="bbox 196 4036 1843 4113; baseline 0.004 -21"><span class='ocrx_word' id='word_1_528' title='bbox 196 4038 431 4092; x_wconf 84' lang='lat' dir='ltr'><strong>etmisericordes</strong></span> <span class='ocrx_word' id='word_1_529' title='bbox 452 4039 569 4093; x_wconf 84' lang='lat' dir='ltr'><strong>invicem</strong></span> <span class='ocrx_word' id='word_1_530' title='bbox 592 4038 942 4105; x_wconf 62' lang='lat' dir='ltr'><strong>determinarunt</strong></span> <span class='ocrx_word' id='word_1_531' title='bbox 967 4047 997 4094; x_wconf 89' lang='lat' dir='ltr'><strong>et</strong></span> <span class='ocrx_word' id='word_1_532' title='bbox 1037 4036 1193 4090; x_wconf 82' lang='lat' dir='ltr'><strong>imitatores</strong></span> <span class='ocrx_word' id='word_1_533' title='bbox 1217 4037 1331 4098; x_wconf 67' lang='lat' dir='ltr'><strong>Christi,</strong></span> <span class='ocrx_word' id='word_1_534' title='bbox 1344 4038 1393 4103; x_wconf 79' lang='lat' dir='ltr'><strong>sed</strong></span> <span class='ocrx_word' id='word_1_535' title='bbox 1406 4042 1558 4094; x_wconf 76' lang='lat' dir='ltr'><strong>imitatores</strong></span> <span class='ocrx_word' id='word_1_536' title='bbox 1568 4042 1843 4113; x_wconf 78' lang='lat' dir='ltr'><strong>floi,nonquodmi-</strong></span> 
     </span>
     <span class='ocr_line' id='line_1_43' title="bbox 195 4124 1842 4201; baseline 0.005 -20"><span class='ocrx_word' id='word_1_537' title='bbox 195 4124 355 4181; x_wconf 84' lang='lat' dir='ltr'><strong>Dominus:</strong></span> <span class='ocrx_word' id='word_1_538' title='bbox 372 4127 467 4191; x_wconf 71' lang='lat' dir='ltr'><strong>dstote,</strong></span> <span class='ocrx_word' id='word_1_539' title='bbox 494 4126 594 4197; x_wconf 88' lang='lat' dir='ltr'><strong>inquit,</strong></span> <span class='ocrx_word' id='word_1_540' title='bbox 620 4126 817 4192; x_wconf 76' lang='lat' dir='ltr'><strong>misericorder,</strong></span> <span class='ocrx_word' id='word_1_541' title='bbox 838 4132 871 4182; x_wconf 81' lang='lat' dir='ltr'><strong>ot</strong></span> <span class='ocrx_word' id='word_1_542' title='bbox 892 4130 995 4182; x_wconf 67' lang='lat' dir='ltr'><strong>uiniae</strong></span> <span class='ocrx_word' id='word_1_543' title='bbox 1036 4141 1090 4179; x_wconf 87' lang='lat' dir='ltr'><strong>nus</strong></span> <span class='ocrx_word' id='word_1_544' title='bbox 1112 4127 1150 4179; x_wconf 83' lang='lat' dir='ltr'><strong>sit</strong></span> <span class='ocrx_word' id='word_1_545' title='bbox 1169 4126 1343 4180; x_wconf 80' lang='lat' dir='ltr'><strong>imitatorem</strong></span> <span class='ocrx_word' id='word_1_546' title='bbox 1361 4143 1422 4181; x_wconf 84' lang='lat' dir='ltr'><strong>esse</strong></span> <span class='ocrx_word' id='word_1_547' title='bbox 1439 4129 1554 4193; x_wconf 71' lang='lat' dir='ltr'><strong>Christi,</strong></span> <span class='ocrx_word' id='word_1_548' title='bbox 1576 4146 1661 4201; x_wconf 86' lang='lat' dir='ltr'><strong>quam</strong></span> <span class='ocrx_word' id='word_1_549' title='bbox 1677 4132 1739 4193; x_wconf 78' lang='lat' dir='ltr'><strong>nsi.</strong></span> <span class='ocrx_word' id='word_1_550' title='bbox 1764 4134 1842 4189; x_wconf 78' lang='lat' dir='ltr'><strong>Deua</strong></span> 
     </span>
     <span class='ocr_line' id='line_1_44' title="bbox 195 4214 1841 4287; baseline 0.004 -17"><span class='ocrx_word' id='word_1_551' title='bbox 195 4217 256 4270; x_wconf 81' lang='lat' dir='ltr'><strong>sitis</strong></span> <span class='ocrx_word' id='word_1_552' title='bbox 270 4216 568 4283; x_wconf 62' lang='lat' dir='ltr'><strong>ascraeumque</strong></span> <span class='ocrx_word' id='word_1_553' title='bbox 583 4216 655 4269; x_wconf 77' lang='lat' dir='ltr'><strong>colu</strong></span> <span class='ocrx_word' id='word_1_554' title='bbox 669 4219 707 4268; x_wconf 81' lang='lat' dir='ltr'><strong>est</strong></span> <span class='ocrx_word' id='word_1_555' title='bbox 722 4217 795 4281; x_wconf 79' lang='lat' dir='ltr'><strong>(tac.</strong></span> <span class='ocrx_word' id='word_1_556' title='bbox 810 4215 854 4286; x_wconf 86' lang='lat' dir='ltr'><strong>u).</strong></span> <span class='ocrx_word' id='word_1_557' title='bbox 872 4216 901 4270; x_wconf 78' lang='lat' dir='ltr'><strong>si</strong></span> <span class='ocrx_word' id='word_1_558' title='bbox 919 4217 1008 4271; x_wconf 82' lang='lat' dir='ltr'><strong>enim·</strong></span> <span class='ocrx_word' id='word_1_559' title='bbox 1037 4214 1140 4285; x_wconf 90' lang='lat' dir='ltr'><strong>quippe</strong></span> <span class='ocrx_word' id='word_1_560' title='bbox 1153 4214 1284 4269; x_wconf 68' lang='lat' dir='ltr'><strong>Christus</strong></span> <span class='ocrx_word' id='word_1_561' title='bbox 1299 4222 1342 4269; x_wconf 87' lang='lat' dir='ltr'><strong>est</strong></span> <span class='ocrx_word' id='word_1_562' title='bbox 1358 4234 1364 4267; x_wconf 92' lang='lat'>:</span> <span class='ocrx_word' id='word_1_563' title='bbox 1380 4217 1430 4269; x_wconf 86' lang='lat' dir='ltr'><strong>sed</strong></span> <span class='ocrx_word' id='word_1_564' title='bbox 1445 4218 1519 4287; x_wconf 91' lang='lat' dir='ltr'><strong>quod</strong></span> <span class='ocrx_word' id='word_1_565' title='bbox 1535 4219 1613 4281; x_wconf 64' lang='lat' dir='ltr'><strong>ahud</strong></span> <span class='ocrx_word' id='word_1_566' title='bbox 1630 4221 1668 4274; x_wconf 87' lang='lat' dir='ltr'><strong>sit</strong></span> <span class='ocrx_word' id='word_1_567' title='bbox 1683 4223 1841 4283; x_wconf 76' lang='lat' dir='ltr'><strong>secundum</strong></span> 
     </span>
     <span class='ocr_line' id='line_1_45' title="bbox 195 4303 1841 4376; baseline 0.005 -18"><span class='ocrx_word' id='word_1_568' title='bbox 195 4303 332 4358; x_wconf 87' lang='lat' dir='ltr'><strong>Dominus</strong></span> <span class='ocrx_word' id='word_1_569' title='bbox 346 4320 398 4376; x_wconf 87' lang='lat' dir='ltr'><strong>per</strong></span> <span class='ocrx_word' id='word_1_570' title='bbox 418 4303 521 4357; x_wconf 80' lang='lat' dir='ltr'><strong>Filium</strong></span> <span class='ocrx_word' id='word_1_571' title='bbox 535 4318 619 4357; x_wconf 89' lang='lat' dir='ltr'><strong>suum</strong></span> <span class='ocrx_word' id='word_1_572' title='bbox 638 4319 782 4357; x_wconf 76' lang='lat' dir='ltr'><strong>semorum</strong></span> <span class='ocrx_word' id='word_1_573' title='bbox 796 4305 928 4359; x_wconf 84' lang='lat' dir='ltr'><strong>misertus</strong></span> <span class='ocrx_word' id='word_1_574' title='bbox 941 4312 993 4372; x_wconf 83' lang='lat' dir='ltr'><strong>est,</strong></span> <span class='ocrx_word' id='word_1_575' title='bbox 1038 4304 1179 4357; x_wconf 85' lang='lat' dir='ltr'><strong>hominem</strong></span> <span class='ocrx_word' id='word_1_576' title='bbox 1190 4304 1270 4357; x_wconf 89' lang='lat' dir='ltr'><strong>iilum</strong></span> <span class='ocrx_word' id='word_1_577' title='bbox 1279 4303 1396 4372; x_wconf 80' lang='lat' dir='ltr'><strong>imitari,</strong></span> <span class='ocrx_word' id='word_1_578' title='bbox 1406 4306 1483 4360; x_wconf 81' lang='lat' dir='ltr'><strong>aliud</strong></span> <span class='ocrx_word' id='word_1_579' title='bbox 1493 4309 1646 4363; x_wconf 83' lang='lat' dir='ltr'><strong>secundum</strong></span> <span class='ocrx_word' id='word_1_580' title='bbox 1656 4310 1757 4364; x_wconf 89' lang='lat' dir='ltr'><strong>Deum.</strong></span> <span class='ocrx_word' id='word_1_581' title='bbox 1766 4312 1841 4366; x_wconf 78' lang='lat' dir='ltr'><strong>ilem</strong></span> 
     </span>
     <span class='ocr_line' id='line_1_46' title="bbox 196 4392 1841 4469; baseline 0.005 -22"><span class='ocrx_word' id='word_1_582' title='bbox 196 4400 301 4465; x_wconf 84' lang='lat' dir='ltr'><strong>quanto</strong></span> <span class='ocrx_word' id='word_1_583' title='bbox 315 4393 405 4469; x_wconf 70' lang='lat' dir='ltr'><strong>magis</strong></span> <span class='ocrx_word' id='word_1_584' title='bbox 421 4393 492 4446; x_wconf 77' lang='lat' dir='ltr'><strong>servi</strong></span> <span class='ocrx_word' id='word_1_585' title='bbox 513 4392 567 4464; x_wconf 91' lang='lat' dir='ltr'><strong>ipsi</strong></span> <span class='ocrx_word' id='word_1_586' title='bbox 583 4393 702 4446; x_wconf 85' lang='lat' dir='ltr'><strong>invicem</strong></span> <span class='ocrx_word' id='word_1_587' title='bbox 718 4392 761 4446; x_wconf 90' lang='lat' dir='ltr'><strong>sui</strong></span> <span class='ocrx_word' id='word_1_588' title='bbox 776 4392 897 4448; x_wconf 83' lang='lat' dir='ltr'><strong>debeant</strong></span> <span class='ocrx_word' id='word_1_589' title='bbox 910 4395 994 4448; x_wconf 88' lang='lat' dir='ltr'><strong>mise-</strong></span> <span class='ocrx_word' id='word_1_590' title='bbox 1036 4398 1065 4446; x_wconf 83' lang='lat' dir='ltr'><strong>ot</strong></span> <span class='ocrx_word' id='word_1_591' title='bbox 1079 4393 1102 4446; x_wconf 91' lang='lat' dir='ltr'><strong>si</strong></span> <span class='ocrx_word' id='word_1_592' title='bbox 1118 4392 1261 4454; x_wconf 74' lang='lat' dir='ltr'><strong>Christum</strong></span> <span class='ocrx_word' id='word_1_593' title='bbox 1276 4394 1429 4448; x_wconf 87' lang='lat' dir='ltr'><strong>secundum</strong></span> <span class='ocrx_word' id='word_1_594' title='bbox 1439 4411 1553 4449; x_wconf 84' lang='lat' dir='ltr'><strong>carnem</strong></span> <span class='ocrx_word' id='word_1_595' title='bbox 1564 4402 1630 4451; x_wconf 85' lang='lat' dir='ltr'><strong>unte</strong></span> <span class='ocrx_word' id='word_1_596' title='bbox 1645 4414 1706 4453; x_wconf 86' lang='lat' dir='ltr'><strong>esse</strong></span> <span class='ocrx_word' id='word_1_597' title='bbox 1719 4415 1841 4455; x_wconf 78' lang='lat' dir='ltr'><strong>novera·</strong></span> 
     </span>
     <span class='ocr_line' id='line_1_47' title="bbox 195 4448 1840 4553; baseline 0.005 -18"><span class='ocrx_word' id='word_1_598' title='bbox 195 4480 251 4536; x_wconf 91' lang='lat' dir='ltr'><strong>reri</strong></span> <span class='ocrx_word' id='word_1_599' title='bbox 271 4488 300 4537; x_wconf 90' lang='lat' dir='ltr'><strong>et</strong></span> <span class='ocrx_word' id='word_1_600' title='bbox 320 4481 435 4550; x_wconf 80' lang='lat' dir='ltr'><strong>donare,</strong></span> <span class='ocrx_word' id='word_1_601' title='bbox 451 4481 474 4535; x_wconf 89' lang='lat' dir='ltr'><strong>si</strong></span> <span class='ocrx_word' id='word_1_602' title='bbox 494 4483 566 4535; x_wconf 86' lang='lat' dir='ltr'><strong>alter</strong></span> <span class='ocrx_word' id='word_1_603' title='bbox 584 4481 613 4535; x_wconf 90' lang='lat' dir='ltr'><strong>in</strong></span> <span class='ocrx_word' id='word_1_604' title='bbox 635 4481 756 4536; x_wconf 81' lang='lat' dir='ltr'><strong>alterum</strong></span> <span class='ocrx_word' id='word_1_605' title='bbox 776 4483 895 4553; x_wconf 81' lang='lat' dir='ltr'><strong>pecceti</strong></span> <span class='ocrx_word' id='word_1_606' title='bbox 912 4448 1197 4553; x_wconf 71' lang='lat' dir='ltr'><strong>(Ait.)Dmus,nunc</strong></span> <span class='ocrx_word' id='word_1_607' title='bbox 1205 4483 1266 4550; x_wconf 86' lang='lat' dir='ltr'><strong>jam</strong></span> <span class='ocrx_word' id='word_1_608' title='bbox 1278 4498 1457 4553; x_wconf 83' lang='lat' dir='ltr'><strong>nequaquam</strong></span> <span class='ocrx_word' id='word_1_609' title='bbox 1468 4500 1532 4538; x_wconf 87' lang='lat' dir='ltr'><strong>eum</strong></span> <span class='ocrx_word' id='word_1_610' title='bbox 1544 4486 1840 4544; x_wconf 83' lang='lat' dir='ltr'><strong>norimussecundum</strong></span> 
     </span>
     <span class='ocr_line' id='line_1_48' title="bbox 194 4571 1842 4649; baseline 0.003 -22"><span class='ocrx_word' id='word_1_611' title='bbox 194 4571 326 4643; x_wconf 84' lang='lat' dir='ltr'><strong>Praecipit</strong></span> <span class='ocrx_word' id='word_1_612' title='bbox 334 4571 484 4647; x_wconf 81' lang='lat' dir='ltr'><strong>Apostolus</strong></span> <span class='ocrx_word' id='word_1_613' title='bbox 494 4587 546 4625; x_wconf 90' lang='lat' dir='ltr'><strong>nos</strong></span> <span class='ocrx_word' id='word_1_614' title='bbox 560 4571 714 4625; x_wconf 85' lang='lat' dir='ltr'><strong>clementes</strong></span> <span class='ocrx_word' id='word_1_615' title='bbox 723 4587 794 4634; x_wconf 87' lang='lat' dir='ltr'><strong>esse,</strong></span> <span class='ocrx_word' id='word_1_616' title='bbox 809 4576 838 4624; x_wconf 88' lang='lat' dir='ltr'><strong>et</strong></span> <span class='ocrx_word' id='word_1_617' title='bbox 849 4571 994 4642; x_wconf 81' lang='lat' dir='ltr'><strong>benignos,</strong></span> <span class='ocrx_word' id='word_1_618' title='bbox 1037 4586 1159 4624; x_wconf 85' lang='lat' dir='ltr'><strong>carnem.</strong></span> <span class='ocrx_word' id='word_1_619' title='bbox 1177 4571 1314 4640; x_wconf 83' lang='lat' dir='ltr'><strong>Loquitur</strong></span> <span class='ocrx_word' id='word_1_620' title='bbox 1323 4577 1351 4624; x_wconf 87' lang='lat' dir='ltr'><strong>et</strong></span> <span class='ocrx_word' id='word_1_621' title='bbox 1365 4572 1501 4639; x_wconf 81' lang='lat' dir='ltr'><strong>Salvator,</strong></span> <span class='ocrx_word' id='word_1_622' title='bbox 1518 4575 1708 4635; x_wconf 86' lang='lat' dir='ltr'><strong>humilitatem</strong></span> <span class='ocrx_word' id='word_1_623' title='bbox 1722 4578 1842 4649; x_wconf 65' lang='lat' dir='ltr'><strong>dupon-</strong></span> 
     </span>
     <span class='ocr_line' id='line_1_49' title="bbox 194 4658 1843 4732; baseline 0.005 -18"><span class='ocrx_word' id='word_1_624' title='bbox 194 4664 224 4714; x_wconf 83' lang='lat' dir='ltr'><strong>et</strong></span> <span class='ocrx_word' id='word_1_625' title='bbox 238 4658 363 4724; x_wconf 85' lang='lat' dir='ltr'><strong>blandos,</strong></span> <span class='ocrx_word' id='word_1_626' title='bbox 382 4667 411 4714; x_wconf 88' lang='lat' dir='ltr'><strong>et</strong></span> <span class='ocrx_word' id='word_1_627' title='bbox 426 4660 462 4715; x_wconf 86' lang='lat' dir='ltr'><strong>ad</strong></span> <span class='ocrx_word' id='word_1_628' title='bbox 477 4658 701 4714; x_wconf 82' lang='lat' dir='ltr'><strong>familiaritatem</strong></span> <span class='ocrx_word' id='word_1_629' title='bbox 714 4667 840 4714; x_wconf 86' lang='lat' dir='ltr'><strong>nostram</strong></span> <span class='ocrx_word' id='word_1_630' title='bbox 853 4661 927 4714; x_wconf 87' lang='lat' dir='ltr'><strong>ultro</strong></span> <span class='ocrx_word' id='word_1_631' title='bbox 944 4662 996 4716; x_wconf 91' lang='lat' dir='ltr'><strong>ho·</strong></span> <span class='ocrx_word' id='word_1_632' title='bbox 1036 4660 1154 4717; x_wconf 66' lang='lat' dir='ltr'><strong>sadonis</strong></span> <span class='ocrx_word' id='word_1_633' title='bbox 1164 4659 1314 4713; x_wconf 83' lang='lat' dir='ltr'><strong>ostendens</strong></span> <span class='ocrx_word' id='word_1_634' title='bbox 1325 4677 1331 4713; x_wconf 93' lang='lat'>:</span> <span class='ocrx_word' id='word_1_635' title='bbox 1344 4661 1555 4732; x_wconf 72' lang='lat' dir='ltr'><strong>«Quacumque</strong></span> <span class='ocrx_word' id='word_1_636' title='bbox 1565 4663 1666 4718; x_wconf 80' lang='lat' dir='ltr'><strong>viderit</strong></span> <span class='ocrx_word' id='word_1_637' title='bbox 1675 4665 1791 4722; x_wconf 77' lang='lat' dir='ltr'><strong>Patrem</strong></span> <span class='ocrx_word' id='word_1_638' title='bbox 1801 4666 1843 4721; x_wconf 77' lang='lat' dir='ltr'><strong>fa·</strong></span> 
     </span>
     <span class='ocr_line' id='line_1_50' title="bbox 195 4748 1841 4827; baseline 0.005 -25"><span class='ocrx_word' id='word_1_639' title='bbox 195 4749 286 4802; x_wconf 88' lang='lat' dir='ltr'><strong>mines</strong></span> <span class='ocrx_word' id='word_1_640' title='bbox 297 4748 457 4814; x_wconf 79' lang='lat' dir='ltr'><strong>invitemus,</strong></span> <span class='ocrx_word' id='word_1_641' title='bbox 466 4756 497 4804; x_wconf 87' lang='lat' dir='ltr'><strong>ut</strong></span> <span class='ocrx_word' id='word_1_642' title='bbox 508 4750 601 4805; x_wconf 88' lang='lat' dir='ltr'><strong>nuilus</strong></span> <span class='ocrx_word' id='word_1_643' title='bbox 611 4750 646 4803; x_wconf 86' lang='lat' dir='ltr'><strong>ad</strong></span> <span class='ocrx_word' id='word_1_644' title='bbox 656 4765 706 4803; x_wconf 87' lang='lat' dir='ltr'><strong>nos</strong></span> <span class='ocrx_word' id='word_1_645' title='bbox 717 4748 993 4815; x_wconf 87' lang='lat' dir='ltr'><strong>formidetaocedere,</strong></span> <span class='ocrx_word' id='word_1_646' title='bbox 1037 4749 1166 4811; x_wconf 81' lang='lat' dir='ltr'><strong>cientem,</strong></span> <span class='ocrx_word' id='word_1_647' title='bbox 1176 4749 1235 4803; x_wconf 82' lang='lat' dir='ltr'><strong>haec</strong></span> <span class='ocrx_word' id='word_1_648' title='bbox 1244 4749 1342 4807; x_wconf 83' lang='lat' dir='ltr'><strong>oedem</strong></span> <span class='ocrx_word' id='word_1_649' title='bbox 1351 4749 1438 4804; x_wconf 72' lang='lat' dir='ltr'><strong>filius</strong></span> <span class='ocrx_word' id='word_1_650' title='bbox 1447 4752 1663 4817; x_wconf 77' lang='lat' dir='ltr'><strong>iocitsimiiiter3</strong></span> <span class='ocrx_word' id='word_1_651' title='bbox 1675 4770 1753 4809; x_wconf 75' lang='lat' dir='ltr'><strong>»non</strong></span> <span class='ocrx_word' id='word_1_652' title='bbox 1764 4757 1841 4827; x_wconf 92' lang='lat' dir='ltr'><strong>quod</strong></span> 
     </span>
     <span class='ocr_line' id='line_1_51' title="bbox 196 4832 1841 4910; baseline 0.005 -20"><span class='ocrx_word' id='word_1_653' title='bbox 196 4850 257 4908; x_wconf 84' lang='lat' dir='ltr'><strong>quae</strong></span> <span class='ocrx_word' id='word_1_654' title='bbox 268 4832 445 4891; x_wconf 81' lang='lat' dir='ltr'><strong>familiaritas</strong></span> <span class='ocrx_word' id='word_1_655' title='bbox 461 4839 582 4892; x_wconf 84' lang='lat' dir='ltr'><strong>maxime</strong></span> <span class='ocrx_word' id='word_1_656' title='bbox 596 4855 629 4893; x_wconf 82' lang='lat' dir='ltr'><strong>cx</strong></span> <span class='ocrx_word' id='word_1_657' title='bbox 644 4838 835 4892; x_wconf 83' lang='lat' dir='ltr'><strong>misericordia</strong></span> <span class='ocrx_word' id='word_1_658' title='bbox 850 4855 996 4910; x_wconf 86' lang='lat' dir='ltr'><strong>compara·</strong></span> <span class='ocrx_word' id='word_1_659' title='bbox 1037 4838 1113 4892; x_wconf 88' lang='lat' dir='ltr'><strong>aliud</strong></span> <span class='ocrx_word' id='word_1_660' title='bbox 1127 4838 1227 4897; x_wconf 79' lang='lat' dir='ltr'><strong>omium</strong></span> <span class='ocrx_word' id='word_1_661' title='bbox 1243 4845 1273 4892; x_wconf 88' lang='lat' dir='ltr'><strong>et</strong></span> <span class='ocrx_word' id='word_1_662' title='bbox 1285 4837 1370 4892; x_wconf 86' lang='lat' dir='ltr'><strong>aliam</strong></span> <span class='ocrx_word' id='word_1_663' title='bbox 1382 4844 1487 4894; x_wconf 85' lang='lat' dir='ltr'><strong>terram</strong></span> <span class='ocrx_word' id='word_1_664' title='bbox 1498 4841 1582 4895; x_wconf 80' lang='lat' dir='ltr'><strong>Pater</strong></span> <span class='ocrx_word' id='word_1_665' title='bbox 1593 4842 1698 4904; x_wconf 84' lang='lat' dir='ltr'><strong>fecerit,</strong></span> <span class='ocrx_word' id='word_1_666' title='bbox 1712 4846 1788 4909; x_wconf 78' lang='lat' dir='ltr'><strong>etad</strong></span> <span class='ocrx_word' id='word_1_667' title='bbox 1799 4845 1841 4899; x_wconf 85' lang='lat' dir='ltr'><strong>si·</strong></span> 
     </span>
     <span class='ocr_line' id='line_1_52' title="bbox 194 4924 1843 4998; baseline 0.007 -19"><span class='ocrx_word' id='word_1_668' title='bbox 194 4930 252 4979; x_wconf 89' lang='lat' dir='ltr'><strong>tur.</strong></span> <span class='ocrx_word' id='word_1_669' title='bbox 269 4924 327 4979; x_wconf 86' lang='lat' dir='ltr'><strong>Nec</strong></span> <span class='ocrx_word' id='word_1_670' title='bbox 340 4926 436 4979; x_wconf 87' lang='lat' dir='ltr'><strong>statim</strong></span> <span class='ocrx_word' id='word_1_671' title='bbox 451 4932 616 4996; x_wconf 69' lang='lat' dir='ltr'><strong>praestantes</strong></span> <span class='ocrx_word' id='word_1_672' title='bbox 626 4928 698 4994; x_wconf 85' lang='lat' dir='ltr'><strong>aliis,</strong></span> <span class='ocrx_word' id='word_1_673' title='bbox 709 4927 761 4998; x_wconf 90' lang='lat' dir='ltr'><strong>ipsi</strong></span> <span class='ocrx_word' id='word_1_674' title='bbox 772 4927 844 4998; x_wconf 89' lang='lat' dir='ltr'><strong>quod</strong></span> <span class='ocrx_word' id='word_1_675' title='bbox 855 4928 993 4993; x_wconf 87' lang='lat' dir='ltr'><strong>dedimus,</strong></span> <span class='ocrx_word' id='word_1_676' title='bbox 1037 4926 1226 4980; x_wconf 88' lang='lat' dir='ltr'><strong>militudinem</strong></span> <span class='ocrx_word' id='word_1_677' title='bbox 1236 4942 1334 4991; x_wconf 85' lang='lat' dir='ltr'><strong>eorum</strong></span> <span class='ocrx_word' id='word_1_678' title='bbox 1345 4928 1421 4982; x_wconf 85' lang='lat' dir='ltr'><strong>uliud</strong></span> <span class='ocrx_word' id='word_1_679' title='bbox 1432 4930 1533 4984; x_wconf 86' lang='lat' dir='ltr'><strong>coelum</strong></span> <span class='ocrx_word' id='word_1_680' title='bbox 1543 4937 1572 4985; x_wconf 88' lang='lat' dir='ltr'><strong>et</strong></span> <span class='ocrx_word' id='word_1_681' title='bbox 1585 4932 1641 4986; x_wconf 80' lang='lat' dir='ltr'><strong>elie</strong></span> <span class='ocrx_word' id='word_1_682' title='bbox 1654 4938 1731 4987; x_wconf 84' lang='lat' dir='ltr'><strong>terra</strong></span> <span class='ocrx_word' id='word_1_683' title='bbox 1742 4941 1773 4988; x_wconf 89' lang='lat' dir='ltr'><strong>et</strong></span> <span class='ocrx_word' id='word_1_684' title='bbox 1786 4935 1843 4990; x_wconf 87' lang='lat' dir='ltr'><strong>ele-</strong></span> 
     </span>
     <span class='ocr_line' id='line_1_53' title="bbox 195 5013 1842 5092; baseline 0.005 -22"><span class='ocrx_word' id='word_1_685' title='bbox 195 5013 299 5070; x_wconf 78' lang='lat' dir='ltr'><strong>babere</strong></span> <span class='ocrx_word' id='word_1_686' title='bbox 309 5013 480 5069; x_wconf 74' lang='lat' dir='ltr'><strong>desistImus.</strong></span> <span class='ocrx_word' id='word_1_687' title='bbox 490 5018 626 5080; x_wconf 71' lang='lat' dir='ltr'><strong>{Hieroni</strong></span> <span class='ocrx_word' id='word_1_688' title='bbox 639 5016 772 5087; x_wconf 84' lang='lat' dir='ltr'><strong>Sequitur</strong></span> <span class='ocrx_word' id='word_1_689' title='bbox 780 5016 855 5069; x_wconf 91' lang='lat' dir='ltr'><strong>enim</strong></span> <span class='ocrx_word' id='word_1_690' title='bbox 863 5018 996 5071; x_wconf 77' lang='lat' dir='ltr'><strong>derrantes</strong></span> <span class='ocrx_word' id='word_1_691' title='bbox 1038 5021 1158 5070; x_wconf 85' lang='lat' dir='ltr'><strong>mentua</strong></span> <span class='ocrx_word' id='word_1_692' title='bbox 1170 5015 1361 5069; x_wconf 76' lang='lat' dir='ltr'><strong>Christofucta</strong></span> <span class='ocrx_word' id='word_1_693' title='bbox 1370 5017 1538 5073; x_wconf 81' lang='lat' dir='ltr'><strong>sintcaetera</strong></span> <span class='ocrx_word' id='word_1_694' title='bbox 1546 5039 1552 5086; x_wconf 89' lang='lat'>;</span> <span class='ocrx_word' id='word_1_695' title='bbox 1561 5022 1610 5074; x_wconf 88' lang='lat' dir='ltr'><strong>sod</strong></span> <span class='ocrx_word' id='word_1_696' title='bbox 1621 5022 1696 5092; x_wconf 85' lang='lat' dir='ltr'><strong>quod</strong></span> <span class='ocrx_word' id='word_1_697' title='bbox 1705 5039 1842 5092; x_wconf 65' lang='lat' dir='ltr'><strong>quecun·</strong></span> 
     </span>
     <span class='ocr_line' id='line_1_54' title="bbox 195 5102 1841 5178; baseline 0.004 -19"><span class='ocrx_word' id='word_1_698' title='bbox 195 5105 403 5174; x_wconf 79' lang='lat' dir='ltr'><strong>vobr&#39;unetipsis,</strong></span> <span class='ocrx_word' id='word_1_699' title='bbox 415 5102 482 5175; x_wconf 89' lang='lat' dir='ltr'><strong>quia</strong></span> <span class='ocrx_word' id='word_1_700' title='bbox 496 5104 568 5174; x_wconf 91' lang='lat' dir='ltr'><strong>quod</strong></span> <span class='ocrx_word' id='word_1_701' title='bbox 581 5104 651 5157; x_wconf 90' lang='lat' dir='ltr'><strong>bene</strong></span> <span class='ocrx_word' id='word_1_702' title='bbox 661 5106 691 5158; x_wconf 93' lang='lat' dir='ltr'><strong>in</strong></span> <span class='ocrx_word' id='word_1_703' title='bbox 705 5104 791 5158; x_wconf 83' lang='lat' dir='ltr'><strong>allum</strong></span> <span class='ocrx_word' id='word_1_704' title='bbox 808 5105 848 5170; x_wconf 90' lang='lat' dir='ltr'><strong>iit,</strong></span> <span class='ocrx_word' id='word_1_705' title='bbox 866 5106 956 5175; x_wconf 71' lang='lat' dir='ltr'><strong>magis</strong></span> <span class='ocrx_word' id='word_1_706' title='bbox 970 5107 996 5159; x_wconf 87' lang='lat' dir='ltr'><strong>ei</strong></span> <span class='ocrx_word' id='word_1_707' title='bbox 1036 5121 1092 5175; x_wconf 92' lang='lat' dir='ltr'><strong>que</strong></span> <span class='ocrx_word' id='word_1_708' title='bbox 1100 5110 1233 5175; x_wconf 86' lang='lat' dir='ltr'><strong>operetur</strong></span> <span class='ocrx_word' id='word_1_709' title='bbox 1242 5103 1336 5168; x_wconf 79' lang='lat' dir='ltr'><strong>Peior,</strong></span> <span class='ocrx_word' id='word_1_710' title='bbox 1344 5104 1402 5158; x_wconf 74' lang='lat' dir='ltr'><strong>irasc</strong></span> <span class='ocrx_word' id='word_1_711' title='bbox 1410 5107 1508 5161; x_wconf 85' lang='lat' dir='ltr'><strong>eadem</strong></span> <span class='ocrx_word' id='word_1_712' title='bbox 1515 5116 1648 5178; x_wconf 85' lang='lat' dir='ltr'><strong>operetur</strong></span> <span class='ocrx_word' id='word_1_713' title='bbox 1659 5118 1686 5163; x_wconf 88' lang='lat' dir='ltr'><strong>et</strong></span> <span class='ocrx_word' id='word_1_714' title='bbox 1694 5110 1794 5169; x_wconf 76' lang='lat' dir='ltr'><strong>Filius.</strong></span> <span class='ocrx_word' id='word_1_715' title='bbox 1806 5113 1841 5166; x_wconf 91' lang='lat' dir='ltr'><strong>ln</strong></span> 
     </span>
     <span class='ocr_line' id='line_1_55' title="bbox 194 5190 1843 5269; baseline 0.006 -23"><span class='ocrx_word' id='word_1_716' title='bbox 194 5194 349 5264; x_wconf 90' lang='lat' dir='ltr'><strong>reponitur,</strong></span> <span class='ocrx_word' id='word_1_717' title='bbox 360 5192 408 5264; x_wconf 91' lang='lat' dir='ltr'><strong>qui</strong></span> <span class='ocrx_word' id='word_1_718' title='bbox 418 5190 558 5264; x_wconf 74' lang='lat' dir='ltr'><strong>prestitit,</strong></span> <span class='ocrx_word' id='word_1_719' title='bbox 574 5208 658 5263; x_wconf 89' lang='lat' dir='ltr'><strong>quam</strong></span> <span class='ocrx_word' id='word_1_720' title='bbox 671 5194 715 5248; x_wconf 89' lang='lat' dir='ltr'><strong>cui</strong></span> <span class='ocrx_word' id='word_1_721' title='bbox 726 5194 861 5247; x_wconf 84' lang='lat' dir='ltr'><strong>donatum</strong></span> <span class='ocrx_word' id='word_1_722' title='bbox 872 5201 915 5247; x_wconf 88' lang='lat' dir='ltr'><strong>est</strong></span> <span class='ocrx_word' id='word_1_723' title='bbox 927 5213 933 5261; x_wconf 85' lang='lat'>3</span> <span class='ocrx_word' id='word_1_724' title='bbox 948 5195 996 5265; x_wconf 93' lang='lat' dir='ltr'><strong>qui</strong></span> <span class='ocrx_word' id='word_1_725' title='bbox 1038 5211 1092 5265; x_wconf 92' lang='lat' dir='ltr'><strong>quo</strong></span> <span class='ocrx_word' id='word_1_726' title='bbox 1101 5200 1196 5247; x_wconf 83' lang='lat' dir='ltr'><strong>autem</strong></span> <span class='ocrx_word' id='word_1_727' title='bbox 1206 5191 1377 5247; x_wconf 83' lang='lat' dir='ltr'><strong>simileslieo</strong></span> <span class='ocrx_word' id='word_1_728' title='bbox 1389 5196 1528 5264; x_wconf 88' lang='lat' dir='ltr'><strong>possimus</strong></span> <span class='ocrx_word' id='word_1_729' title='bbox 1537 5198 1608 5264; x_wconf 85' lang='lat' dir='ltr'><strong>fieri,</strong></span> <span class='ocrx_word' id='word_1_730' title='bbox 1619 5215 1706 5269; x_wconf 87' lang='lat' dir='ltr'><strong>supra</strong></span> <span class='ocrx_word' id='word_1_731' title='bbox 1717 5206 1843 5255; x_wconf 76' lang='lat' dir='ltr'><strong>testatus</strong></span> 
     </span>
     <span class='ocr_line' id='line_1_56' title="bbox 194 5280 1842 5354; baseline 0.007 -20"><span class='ocrx_word' id='word_1_732' title='bbox 194 5280 345 5336; x_wconf 87' lang='lat' dir='ltr'><strong>miseretur</strong></span> <span class='ocrx_word' id='word_1_733' title='bbox 359 5281 500 5354; x_wconf 86' lang='lat' dir='ltr'><strong>pauperis,</strong></span> <span class='ocrx_word' id='word_1_734' title='bbox 518 5281 578 5353; x_wconf 85' lang='lat' dir='ltr'><strong>ipse</strong></span> <span class='ocrx_word' id='word_1_735' title='bbox 598 5283 780 5346; x_wconf 86' lang='lat' dir='ltr'><strong>saturabitur,</strong></span> <span class='ocrx_word' id='word_1_736' title='bbox 800 5289 830 5337; x_wconf 93' lang='lat' dir='ltr'><strong>et</strong></span> <span class='ocrx_word' id='word_1_737' title='bbox 844 5283 956 5354; x_wconf 85' lang='lat' dir='ltr'><strong>quidet</strong></span> <span class='ocrx_word' id='word_1_738' title='bbox 970 5284 996 5338; x_wconf 89' lang='lat' dir='ltr'><strong>ei</strong></span> <span class='ocrx_word' id='word_1_739' title='bbox 1037 5289 1080 5336; x_wconf 87' lang='lat' dir='ltr'><strong>ast</strong></span> <span class='ocrx_word' id='word_1_740' title='bbox 1093 5284 1188 5336; x_wconf 85' lang='lat' dir='ltr'><strong>dicens</strong></span> <span class='ocrx_word' id='word_1_741' title='bbox 1203 5300 1208 5333; x_wconf 94' lang='lat'>:</span> <span class='ocrx_word' id='word_1_742' title='bbox 1225 5284 1363 5336; x_wconf 75' lang='lat' dir='ltr'><strong>florentes</strong></span> <span class='ocrx_word' id='word_1_743' title='bbox 1378 5285 1581 5354; x_wconf 74' lang='lat' dir='ltr'><strong>uotisooclipsr&#39;s,</strong></span> <span class='ocrx_word' id='word_1_744' title='bbox 1596 5291 1668 5341; x_wconf 80' lang='lat' dir='ltr'><strong>sicut</strong></span> <span class='ocrx_word' id='word_1_745' title='bbox 1680 5294 1707 5342; x_wconf 82' lang='lat' dir='ltr'><strong>et</strong></span> <span class='ocrx_word' id='word_1_746' title='bbox 1722 5291 1795 5344; x_wconf 78' lang='lat' dir='ltr'><strong>fletu</strong></span> <span class='ocrx_word' id='word_1_747' title='bbox 1807 5293 1842 5345; x_wconf 79' lang='lat' dir='ltr'><strong>ia</strong></span> 
     </span>
     <span class='ocr_line' id='line_1_57' title="bbox 195 5366 1842 5448; baseline 0.008 -25"><span class='ocrx_word' id='word_1_748' title='bbox 195 5366 338 5425; x_wconf 80' lang='lat' dir='ltr'><strong>feneratur</strong></span> <span class='ocrx_word' id='word_1_749' title='bbox 355 5370 413 5425; x_wconf 86' lang='lat' dir='ltr'><strong>Deo</strong></span> <span class='ocrx_word' id='word_1_750' title='bbox 438 5374 502 5443; x_wconf 79' lang='lat' dir='ltr'><strong>(xu&#39;,</strong></span> <span class='ocrx_word' id='word_1_751' title='bbox 530 5373 608 5425; x_wconf 84' lang='lat' dir='ltr'><strong>Proo.</strong></span> <span class='ocrx_word' id='word_1_752' title='bbox 631 5375 696 5439; x_wconf 77' lang='lat' dir='ltr'><strong>xix).</strong></span> <span class='ocrx_word' id='word_1_753' title='bbox 722 5372 773 5424; x_wconf 86' lang='lat' dir='ltr'><strong>Vei</strong></span> <span class='ocrx_word' id='word_1_754' title='bbox 794 5373 834 5425; x_wconf 84' lang='lat' dir='ltr'><strong>ite</strong></span> <span class='ocrx_word' id='word_1_755' title='bbox 856 5372 995 5443; x_wconf 79' lang='lat' dir='ltr'><strong>accipian·</strong></span> <span class='ocrx_word' id='word_1_756' title='bbox 1037 5373 1144 5426; x_wconf 70' lang='lat' dir='ltr'><strong>illir&#39;isto</strong></span> <span class='ocrx_word' id='word_1_757' title='bbox 1154 5374 1266 5429; x_wconf 65' lang='lat' dir='ltr'><strong>dilatauit</strong></span> <span class='ocrx_word' id='word_1_758' title='bbox 1276 5372 1430 5426; x_wconf 64' lang='lat' dir='ltr'><strong>solamon</strong></span> <span class='ocrx_word' id='word_1_759' title='bbox 1438 5375 1513 5428; x_wconf 88' lang='lat' dir='ltr'><strong>enim</strong></span> <span class='ocrx_word' id='word_1_760' title='bbox 1524 5383 1601 5446; x_wconf 81' lang='lat' dir='ltr'><strong>puto,</strong></span> <span class='ocrx_word' id='word_1_761' title='bbox 1610 5377 1685 5448; x_wconf 92' lang='lat' dir='ltr'><strong>quod</strong></span> <span class='ocrx_word' id='word_1_762' title='bbox 1695 5378 1842 5437; x_wconf 72' lang='lat' dir='ltr'><strong>incaeteris</strong></span> 
     </span>
     <span class='ocr_line' id='line_1_58' title="bbox 195 5454 1843 5539; baseline 0.008 -28"><span class='ocrx_word' id='word_1_763' title='bbox 195 5454 262 5512; x_wconf 87' lang='lat' dir='ltr'><strong>dum</strong></span> <span class='ocrx_word' id='word_1_764' title='bbox 277 5460 406 5531; x_wconf 67' lang='lat' dir='ltr'><strong>estquod</strong></span> <span class='ocrx_word' id='word_1_765' title='bbox 417 5460 446 5513; x_wconf 92' lang='lat' dir='ltr'><strong>in</strong></span> <span class='ocrx_word' id='word_1_766' title='bbox 461 5476 494 5515; x_wconf 87' lang='lat' dir='ltr'><strong>eo</strong></span> <span class='ocrx_word' id='word_1_767' title='bbox 507 5458 689 5532; x_wconf 85' lang='lat' dir='ltr'><strong>quodsueres</strong></span> <span class='ocrx_word' id='word_1_768' title='bbox 699 5467 728 5515; x_wconf 89' lang='lat' dir='ltr'><strong>et</strong></span> <span class='ocrx_word' id='word_1_769' title='bbox 738 5461 934 5515; x_wconf 86' lang='lat' dir='ltr'><strong>misericordes</strong></span> <span class='ocrx_word' id='word_1_770' title='bbox 947 5478 996 5515; x_wconf 88' lang='lat' dir='ltr'><strong>au·</strong></span> <span class='ocrx_word' id='word_1_771' title='bbox 1036 5478 1157 5533; x_wconf 86' lang='lat' dir='ltr'><strong>quoque,</strong></span> <span class='ocrx_word' id='word_1_772' title='bbox 1173 5474 1346 5531; x_wconf 78' lang='lat' dir='ltr'><strong>quacunque</strong></span> <span class='ocrx_word' id='word_1_773' title='bbox 1361 5459 1437 5514; x_wconf 86' lang='lat' dir='ltr'><strong>Deus</strong></span> <span class='ocrx_word' id='word_1_774' title='bbox 1451 5463 1524 5525; x_wconf 80' lang='lat' dir='ltr'><strong>fecit,</strong></span> <span class='ocrx_word' id='word_1_775' title='bbox 1543 5466 1627 5520; x_wconf 86' lang='lat' dir='ltr'><strong>horno</strong></span> <span class='ocrx_word' id='word_1_776' title='bbox 1643 5467 1734 5521; x_wconf 90' lang='lat' dir='ltr'><strong>Deum</strong></span> <span class='ocrx_word' id='word_1_777' title='bbox 1750 5470 1843 5539; x_wconf 86' lang='lat' dir='ltr'><strong>possit</strong></span> 
     </span>
     <span class='ocr_line' id='line_1_59' title="bbox 195 5546 1841 5624; baseline 0.009 -24"><span class='ocrx_word' id='word_1_778' title='bbox 195 5547 564 5619; x_wconf 81' lang='lat' dir='ltr'><strong>musetperturbutionibus</strong></span> <span class='ocrx_word' id='word_1_779' title='bbox 573 5564 626 5603; x_wconf 89' lang='lat' dir='ltr'><strong>nos</strong></span> <span class='ocrx_word' id='word_1_780' title='bbox 639 5566 700 5620; x_wconf 78' lang='lat' dir='ltr'><strong>quae</strong></span> <span class='ocrx_word' id='word_1_781' title='bbox 714 5549 870 5605; x_wconf 82' lang='lat' dir='ltr'><strong>incitabant</strong></span> <span class='ocrx_word' id='word_1_782' title='bbox 879 5550 994 5617; x_wconf 82' lang='lat' dir='ltr'><strong>relictis,</strong></span> <span class='ocrx_word' id='word_1_783' title='bbox 1037 5551 1153 5606; x_wconf 78' lang='lat' dir='ltr'><strong>imitari.</strong></span> <span class='ocrx_word' id='word_1_784' title='bbox 1165 5549 1221 5604; x_wconf 75' lang='lat' dir='ltr'><strong>sm</strong></span> <span class='ocrx_word' id='word_1_785' title='bbox 1231 5546 1307 5600; x_wconf 68' lang='lat' dir='ltr'><strong>serbi</strong></span> <span class='ocrx_word' id='word_1_786' title='bbox 1316 5562 1410 5616; x_wconf 85' lang='lat' dir='ltr'><strong>eausa,</strong></span> <span class='ocrx_word' id='word_1_787' title='bbox 1420 5556 1653 5624; x_wconf 88' lang='lat' dir='ltr'><strong>utquomodoiilc</strong></span> <span class='ocrx_word' id='word_1_788' title='bbox 1662 5558 1841 5617; x_wconf 79' lang='lat' dir='ltr'><strong>clemensest</strong></span> 
     </span>
    </p>
   </div>
   <div class='ocr_carea' id='block_1_3' title="bbox 193 5630 1839 5721">
    <p class='ocr_par' dir='ltr' id='par_1_4' title="bbox 193 5630 1839 5721">
     <span class='ocr_line' id='line_1_60' title="bbox 193 5630 1839 5721; baseline 0.006 -30"><span class='ocrx_word' id='word_1_789' title='bbox 193 5630 232 5689; x_wconf 73' lang='lat' dir='ltr'><strong>ud</strong></span> <span class='ocrx_word' id='word_1_790' title='bbox 249 5636 496 5694; x_wconf 67' lang='lat' dir='ltr'><strong>nurmandiam</strong></span> <span class='ocrx_word' id='word_1_791' title='bbox 512 5639 786 5711; x_wconf 72' lang='lat' dir='ltr'><strong>tempenntiamqm</strong></span> <span class='ocrx_word' id='word_1_792' title='bbox 802 5638 994 5705; x_wconf 67' lang='lat' dir='ltr'><strong>asserimus,</strong></span> <span class='ocrx_word' id='word_1_793' title='bbox 1035 5646 1068 5694; x_wconf 83' lang='lat' dir='ltr'><strong>et</strong></span> <span class='ocrx_word' id='word_1_794' title='bbox 1080 5641 1153 5711; x_wconf 80' lang='lat' dir='ltr'><strong>pluit</strong></span> <span class='ocrx_word' id='word_1_795' title='bbox 1164 5635 1348 5710; x_wconf 70' lang='lat' dir='ltr'><strong>superbonus</strong></span> <span class='ocrx_word' id='word_1_796' title='bbox 1361 5644 1390 5693; x_wconf 75' lang='lat' dir='ltr'><strong>st</strong></span> <span class='ocrx_word' id='word_1_797' title='bbox 1402 5643 1493 5705; x_wconf 76' lang='lat' dir='ltr'><strong>natos</strong></span> <span class='ocrx_word' id='word_1_798' title='bbox 1504 5646 1612 5709; x_wconf 68' lang='lat' dir='ltr'><strong>(notit.</strong></span> <span class='ocrx_word' id='word_1_799' title='bbox 1626 5648 1663 5716; x_wconf 75' lang='lat' dir='ltr'><strong>sl,</strong></span> <span class='ocrx_word' id='word_1_800' title='bbox 1673 5651 1704 5700; x_wconf 84' lang='lat' dir='ltr'><strong>st</strong></span> <span class='ocrx_word' id='word_1_801' title='bbox 1715 5646 1839 5721; x_wconf 55' lang='lat' dir='ltr'><strong>ediquu</strong></span> 
     </span>
    </p>
   </div>
   <div class='ocr_carea' id='block_1_4' title="bbox 0 0 1899 6128">
    <p class='ocr_par' dir='ltr' id='par_1_5' title="bbox 0 0 1899 6128">
     <span class='ocr_line' id='line_1_61' title="bbox 0 0 1899 6128; baseline 0 0"><span class='ocrx_word' id='word_1_802' title='bbox 0 0 1899 6128; x_wconf 95' lang='lat' dir='ltr'><strong> </strong></span> 
     </span>
    </p>
   </div>
  </div>
 </body>
</html>
