3772 6120
117 304 168 360 sis
347 305 637 363 sunamrmmm
655 308 694 363 iu
714 307 791 362 err.
812 306 920 363 psum
938 307 1007 362 ue.
1028 307 1086 362 xv.
1103 309 1182 364 -m
1201 308 1311 365 misr.
1332 309 1380 364 no
1399 307 1527 365 omni.
1698 292 1756 367 'aii

119 432 205 486 ledus
224 432 276 502 qui
301 448 449 504 nunquam
471 437 515 486 est
538 432 651 486 faetus?
669 432 804 486 Dominus
823 433 1016 493 autemAtem
1027 431 1100 502 quod
1116 432 1165 496 ait,
1181 434 1757 504 utodoptionemfltiorumrecipioioosre-

116 520 242 575 Christus
264 520 352 575 homo
372 522 462 575 lactus
484 526 536 585 est,
553 527 585 574 ut
600 525 682 583 esset,
700 528 732 575 ut
747 520 795 591 qui
810 526 920 574 creator
959 518 1049 573 serius
1061 520 1097 573 ad
1116 519 1145 573 id
1170 521 1243 591 quod
1267 521 1346 588 dixit,
1363 525 1469 590 factum
1488 541 1521 577 ca
1535 526 1662 579 iiiiitierc.
1683 525 1756 581 Hinc

115 626 225 680 semper
244 615 320 676 erat,
346 616 477 664 creatura
499 615 581 663 esset.
606 610 724 663 Monens
741 610 816 663 enim
831 609 915 676 Deus,
960 608 1035 662 enim
1059 609 1238 679 adoptionem
1259 610 1408 681 recipimus
1433 612 1507 683 quod
1525 612 1572 666 ille
1585 613 1686 668 unicus
1701 631 1757 669 non

115 699 202 753 iactus
216 698 411 765 esthomo,ut
420 700 500 753 lieret
510 699 584 770 quod
595 714 651 753 non
664 704 797 765 erat,non
811 704 844 752 ut
859 715 920 769 per·
960 697 1127 767 dedignatus
1134 705 1176 751 est
1181 699 1424 770 participationem
1430 707 1539 755 naturae
1545 707 1657 768 nostrae,
1667 703 1757 758 iactus

116 788 166 842 iret
190 787 271 858 quod
294 793 366 842 erat.
386 788 447 842 Hoc
460 804 527 856 ergo
545 786 580 841 de
595 786 704 857 virgine
720 787 794 858 quod
814 787 919 841 sactum
960 802 993 840 ex
1007 786 1125 840 muliere
1137 793 1166 841 et
1178 802 1235 841 non
1254 788 1344 841 solum
1358 789 1522 859 unigenitus
1544 796 1628 858 esset,
1641 791 1688 845 ubi
1702 791 1758 846 sra-

116 884 163 941 est,
176 893 271 947 quare
278 893 313 930 ex
324 875 462 930 muliere?
480 875 560 940 Quod
571 876 645 947 apud
660 875 802 942 Hebraeos,
815 876 863 930 ubi
877 881 921 930 est
960 880 1018 930 tres
1032 892 1089 930 non
1106 875 1200 943 habet,
1215 877 1264 931 sed
1285 878 1371 932 etiam
1386 878 1591 949 primogenitus
1617 880 1647 935 in
1662 881 1757 935 multis

117 966 207 1037 prima
225 965 328 1036 lingua
346 965 507 1037 Scriptum,
523 965 627 1019 mulier
641 982 744 1019 nomen
759 971 802 1019 est
816 965 921 1036 signifi·
959 964 1094 1019 fratribus
1109 966 1198 1020 lieret.
1214 967 1276 1020 Duo
1291 966 1364 1020 enim
1376 968 1530 1038 proposuit,
1545 970 1759 1036 [saturaremu-

116 1055 195 1109 osndi
210 1071 307 1122 sexus,
325 1070 380 1109 non
395 1055 504 1109 amissae
523 1054 703 1124 integritatis.
719 1055 793 1125 Lege
809 1054 921 1126 quondo
962 1056 1038 1119 licre,
1063 1059 1100 1118 et,
1121 1056 1227 1120 faciens
1241 1057 1291 1108 sub
1307 1060 1370 1125 tepe,
1387 1057 1436 1111 sed
1452 1061 1561 1112 mutato
1582 1057 1689 1123 ordine,
1710 1074 1756 1112 re-

117 1144 217 1198 mulier
232 1145 328 1198 forma
341 1150 403 1197 est:
421 1144 560 1210 Eatrooit,
583 1143 677 1214 inquit
693 1145 779 1199 Dens.
804 1160 892 1197 unum
909 1160 921 1197 r
961 1143 1083 1213 spondit,
1088 1143 1148 1213 jam
1154 1143 1233 1197 illum
1243 1145 1377 1215 populum
1389 1145 1556 1216 adjungens,
1569 1147 1616 1218 qui
1627 1147 1758 1218 parvulus

118 1237 192 1287 costis
207 1237 278 1301 ejus,
295 1233 325 1287 id
345 1238 397 1293 est,
414 1231 476 1296 riri,
493 1237 518 1285 et
531 1233 675 1300 edificavit
689 1249 750 1286 corn
773 1235 804 1286 in
819 1236 918 1286 inulir-
961 1230 1011 1285 sub
1027 1231 1255 1302 procuratoribus
1278 1239 1307 1287 et
1326 1233 1466 1288 actoribus
1488 1234 1634 1302 serviebat,
1656 1234 1684 1289 id
1703 1241 1755 1302 est,

119 1337 183 1375 mm.
199 1321 248 1375 Sic
263 1321 368 1376 mulier
376 1321 475 1387 Maria,
495 1321 534 1374 sic
550 1319 576 1375 ei
590 1320 696 1376 dictum
711 1326 754 1375 est
768 1326 920 1390 antequam
961 1319 1107 1375 elementis
1117 1321 1201 1391 hujus
1211 1322 1318 1390 mundi,
1335 1339 1371 1376 ne
1386 1328 1520 1394 putarent
1532 1340 1563 1378 se
1578 1340 1634 1378 non
1649 1339 1710 1379 esse
1723 1325 1759 1378 ll-

119 1416 239 1481 psreret,
257 1418 412 1480 antequam
426 1410 602 1481 conciperet:
623 1412 705 1464 Bcoto
721 1416 751 1464 tu
767 1413 842 1463 inter
856 1426 919 1464 inu·
960 1409 1022 1473 lios,
1038 1410 1105 1482 quia
1119 1417 1267 1465 nouerant
1280 1411 1332 1465 sub
1347 1413 1508 1483 paedagogo.

120 1503 195 1554 lieres
211 1500 289 1563 (luc.
305 1508 335 1567 ι).
356 1499 428 1552 Cum
451 1499 547 1569 itaque
559 1498 617 1556 ait:
635 1501 709 1554 Misit
730 1501 801 1553 Deus
814 1500 920 1553 Filium
997 1501 1133 1567 Quoniam
1147 1505 1241 1554 autem
1250 1504 1313 1554 estis
1323 1504 1377 1567 litii
1387 1503 1445 1567 Dei,
1457 1504 1534 1556 muit
1543 1503 1612 1556 Dete
1621 1502 1759 1570 Spiritum

119 1604 197 1641 mum
208 1589 319 1654 factum
330 1605 363 1641 ea
372 1590 498 1649 acutiore,
510 1587 579 1642 satis
593 1587 717 1641 ostendit
731 1604 764 1642 eo
779 1588 841 1659 ipso
852 1588 920 1642 mis·
962 1589 1028 1641 Filii
1038 1591 1084 1641 sai
1097 1592 1129 1642 in
1144 1590 1226 1642 cordo
1240 1595 1336 1643 nostra
1351 1593 1517 1644 clamantem
1536 1611 1544 1644 .·
1566 1592 1649 1656 noea,
1666 1593 1757 1645 Pater.

120 1676 294 1731 sumFilium
311 1693 366 1747 quo
375 1676 466 1730 iectus
478 1681 520 1730 est
534 1693 566 1730 ex
575 1676 702 1730 muliere.
715 1677 796 1742 Quod
808 1693 875 1746 ergo
886 1676 920 1730 de
963 1675 1081 1745 (Aiiibr.)
1106 1676 1146 1730 ΑΙ)
1172 1677 1216 1730 his
1246 1678 1332 1748 cmpit
1351 1678 1451 1749 quibus
1471 1684 1501 1733 et
1519 1679 1616 1734 scribit
1635 1680 1757 1733 dicens:

121 1765 270 1820 pennatus
287 1769 339 1829 est,
360 1766 389 1819 in
405 1766 458 1820 hoc
473 1766 578 1820 mundo
592 1772 668 1819 crat:
686 1766 759 1836 quod
774 1771 870 1820 autem
885 1766 1759 1838 deB(laoniomoutemcstisfitiillei,etsubiungitludaeos,dum

122 1853 216 1920 uam,
234 1860 322 1909 nanis
338 1860 381 1908 est
394 1854 424 1907 in
440 1854 515 1909 hunc
526 1854 671 1916 mundum,
684 1854 787 1908 missus
796 1853 917 1908 advenit.
960 1854 1017 1909 ait:
1034 1856 1108 1908 Μὶεἱι
1123 1856 1193 1908 Heus
1215 1857 1353 1924 Spiritum
1370 1858 1436 1910 Filii
1451 1862 1497 1911 sui
1513 1859 1637 1911 ipocrite
1654 1864 1757 1912 nostra.

121 1943 215 2014 ltaque
229 1959 298 1997 cum
324 1944 385 1997 sine
400 1943 458 2014 ullo
477 1942 556 1997 initio
574 1943 719 2014 temporis,
739 1943 768 1996 in
782 1943 919 2013 principio
961 1943 1078 2007 Quando
1092 1948 1188 1997 nutem
1201 1951 1301 2013 gentes
1322 1944 1393 1999 dixit
1406 1945 1478 1999 lilios
1500 1946 1551 2000 Dei
1566 1947 1712 2002 eredentes
1730 1948 1759 2000 in

121 2039 189 2086 esset
202 2031 333 2097 verbum,
349 2036 378 2085 et
392 2030 508 2085 verbum
520 2037 594 2085 esset
607 2031 682 2102 apud
692 2031 791 2096 Deum,
806 2037 835 2086 et
844 2032 920 2086 Deus
961 2031 1116 2095 Christum,
1128 2049 1189 2103 quae
1201 2032 1279 2102 prius
1297 2032 1410 2087 fuerant
1430 2034 1558 2101 inimico,
1570 2034 1688 2090 dubium
1703 2051 1760 2090 nou

123 2126 189 2174 eset
202 2120 332 2185 verbum,
346 2120 407 2174 sine
425 2120 482 2175 ullo
493 2126 620 2192 tempore
636 2121 664 2174 in
678 2119 762 2175 verbo
776 2120 837 2192 ipso
848 2128 917 2188 erat,
962 2126 1023 2175 erat
1035 2121 1146 2175 Judaeos
1167 2122 1313 2176 credentes
1327 2121 1382 2176 dici
1401 2123 1473 2177 lilios
1487 2124 1549 2189 Dei,
1566 2140 1637 2194 quos
1650 2129 1760 2179 constat

124 2226 171 2281 quo
184 2216 317 2281 tempore
330 2210 447 2263 verbum
458 2225 522 2264 caro
537 2211 619 2264 fieret
633 2215 662 2263 et
674 2209 816 2264 habitaret
829 2210 857 2263 in
873 2227 921 2264 no·
958 2209 1018 2279 jam
1038 2208 1147 2280 pridem
1162 2209 1215 2264 hoc
1230 2210 1343 2263 nomine
1354 2215 1530 2280 nuncupatos
1547 2229 1552 2264 :
1570 2227 1672 2265 nomen
1683 2211 1758 2265 enim

123 2296 166 2352 bis.
182 2298 253 2362 Quae
272 2298 419 2370 plenitudo
438 2298 574 2370 temporis
601 2315 665 2353 cum
686 2298 817 2363 venisset,
842 2303 920 2353 irrisit
961 2297 1027 2352 olim
1043 2303 1221 2368 acceperunt,
1238 2298 1357 2352 velutin
1378 2299 1511 2369 imagine,
1531 2305 1563 2353 ut
1584 2305 1759 2370 posteacon-
1839 2332 1848 2349 ,

124 2388 185 2441 litus
195 2387 304 2441 Filium
318 2403 402 2441 suum
420 2390 526 2455 fection
536 2404 569 2442 ea
575 2392 702 2453 mutiero,
716 2388 744 2442 id
759 2388 919 2442 estfactum
960 2387 1121 2440 firmaretur
1130 2402 1180 2458 per
1194 2387 1347 2454 Christum,
1364 2387 1430 2459 quin
1446 2387 1506 2441 sine
1520 2388 1683 2460 spiritunon
1698 2396 1760 2443 erat

124 2476 298 2547 intempore,
316 2482 349 2530 ut
363 2476 540 2530 incarnatum
554 2475 670 2531 verbum
694 2476 855 2537 hominibus
873 2494 920 2548 ap-
961 2475 1083 2545 plenum.
1108 2476 1167 2529 Hoc
1193 2482 1237 2529 est
1252 2476 1327 2546 quod
1342 2475 1410 2530 dicit
1423 2481 1453 2529 et
1467 2476 1503 2529 ad
1524 2476 1665 2530 Romanos
1682 2496 1687 2529 :
1702 2479 1759 2546 lpse

123 2571 237 2634 peteret.
252 2565 476 2633 (Hieron.)lllius
490 2581 554 2618 vero
566 2565 659 2636 ipsum
668 2565 794 2630 verbum,
805 2568 920 2620 redime-
960 2563 1084 2631 Spiritus
1100 2567 1288 2618 testimonium
1298 2566 1390 2618 reddit
1402 2567 1519 2633 spiritui
1532 2568 1760 2634 nostropoodsu-

122 2660 167 2713 ret,
182 2654 296 2708 acutius
321 2652 487 2719 intuebitur,
504 2660 533 2708 et
547 2654 631 2719 dicet,
647 2671 695 2708 eos
708 2654 859 2725 significari
875 2664 919 2708 re-
960 2668 1023 2705 mus
1053 2655 1108 2720 ptri
1139 2654 1189 2707 liei
1217 2655 1303 2720 (Rom.
1325 2660 1398 2720 mii),
1431 2658 1463 2708 ut
1484 2654 1560 2708 enim
1576 2653 1761 2726 probaremur

124 2743 258 2814 demptos,
270 2742 318 2813 qui
329 2742 452 2813 primum
463 2741 497 2796 de
511 2742 562 2797 Dei
573 2747 653 2814 parto
664 2741 778 2810 luerint,
786 2748 815 2797 et
823 2749 920 2815 postea
960 2740 1085 2811 adoptati
1104 2757 1165 2795 esse
1179 2759 1197 2795 a
1211 2742 1269 2796 Deo
1284 2742 1313 2795 in
1333 2742 1415 2809 lilios,
1435 2743 1566 2815 spiritum
1581 2760 1664 2797 suum
1684 2744 1762 2798 dedit

123 2846 178 2885 esse
193 2831 367 2886 cessaverint
383 2850 389 2884 z
404 2831 468 2885 illos
487 2848 552 2885 vero
574 2832 622 2902 qui
638 2831 768 2903 sublege
784 2848 840 2886 non
862 2832 920 2886 iuo-
961 2828 1051 2895 nobis,
1069 2830 1116 2900 qui
1127 2831 1238 2900 signum
1255 2830 1344 2902 patris
1359 2831 1490 2886 ostendat
1503 2831 1533 2886 in
1548 2832 1630 2897 lilios,
1643 2838 1676 2888 ut
1695 2833 1761 2904 quia
1783 2876 1785 2881 .

121 2920 184 2985 rint,
198 2935 257 2981 non
272 2925 333 2974 tam
346 2919 448 2973 redimi
463 2936 548 2990 quam
567 2920 633 2987 emi,
646 2920 721 2974 unde
735 2921 810 2975 etad
825 2922 920 2976 Corin·
961 2917 1014 2971 hoc
1028 2934 1084 2971 non
1102 2919 1270 2973 auderemus
1289 2919 1382 2974 dicere
1398 2920 1428 2974 in
1447 2920 1611 2975 infirmitate
1640 2929 1670 2977 et
1687 2922 1760 2975 indi-

120 3007 200 3074 tbios,
209 3007 239 3062 in
255 3007 359 3079 quibus
373 3007 542 3063 audiebatur
555 3008 702 3063 fornicatio
717 3017 746 3064 et
758 3010 823 3064 talis
832 3010 920 3065 iorni·
961 3007 1069 3076 gnitate
1086 3013 1195 3074 nostra,
1204 3014 1348 3079 suggerat,
1355 3015 1388 3063 ut
1394 3010 1549 3064 audeamus
1561 3011 1663 3077 dicere,
1673 3012 1759 3071 Abba,

121 3098 190 3152 estio
206 3114 270 3168 quae
293 3113 385 3168 neque
400 3099 476 3152 inter
493 3103 593 3168 gentes
617 3098 741 3169 quidem.
758 3098 891 3154 scribitur
912 3093 1036 3166 :unod
1043 3098 1182 3155 estl’ater.
1191 3097 1311 3167 denique
1325 3098 1430 3153 ludaeis
1440 3099 1493 3152 hoc
1503 3100 1564 3170 jam
1582 3099 1689 3154 dudum
1704 3115 1759 3153 non
1846 3115 1849 3119 ·

120 3186 206 3240 Pretio
221 3189 308 3255 empti
325 3189 388 3240 estis
411 3187 438 3251 (I
460 3186 519 3241 Cor.
538 3194 595 3255 vn),
614 3200 671 3243 non
696 3187 844 3259 redempti,
868 3187 920 3242 sub
961 3188 1004 3239 est
1017 3201 1179 3239 concessum
1195 3185 1297 3240 dicere.
1311 3187 1445 3257 (Hieron.)
1460 3188 1760 3259 Manifestespostolus

121 3274 178 3345 lege
192 3275 300 3347 quippe
315 3291 371 3329 non
395 3275 515 3330 luerent.
533 3277 626 3345 (App.)
642 3276 711 3330 Ecce
725 3276 760 3330 ad
777 3277 828 3330 hoc
844 3277 922 3331 venit
962 3273 1066 3327 Paulus
1080 3279 1138 3328 tres
1149 3274 1270 3344 spiritus
1284 3276 1427 3330 nominat:
1440 3275 1577 3347 Spiritum
1591 3277 1654 3331 Filii
1664 3276 1715 3330 Dei
1729 3283 1761 3329 ut

120 3364 247 3419 Christus
268 3369 301 3418 ut
320 3380 368 3419 eos
392 3364 441 3435 qui
461 3364 512 3418 sub
532 3365 593 3434 lege
614 3370 697 3419 erant
712 3365 873 3432 redimeret,
889 3371 921 3420 ut
962 3361 1133 3434 inpraesenti
1145 3363 1215 3430 loco,
1231 3367 1308 3418 misit
1330 3362 1470 3433 Spiritum
1488 3367 1555 3420 Filii
1576 3369 1622 3419 sui
1635 3366 1761 3420 inoordo
1865 3403 1872 3411 -

118 3455 172 3522 jun
182 3468 241 3508 non
256 3453 346 3507 simus
355 3453 408 3507 sub
432 3453 503 3523 lege,
521 3454 571 3508 sed
584 3452 636 3508 sub
652 3455 755 3523 gratis.
770 3455 839 3518 Quis
853 3471 920 3525 ergo
962 3457 1075 3515 nostro,·
1092 3458 1121 3506 et
1136 3452 1273 3522 Spiritum
1288 3452 1349 3519 Dei,
1365 3453 1434 3507 utin
1449 3453 1523 3508 illo:
1552 3454 1684 3523 Quotquot
1696 3454 1760 3522 Spi-

119 3541 194 3596 dedit
207 3541 377 3621 legemiille
388 3541 468 3596 dedit
479 3542 581 3613 legem,
594 3543 642 3614 qui
652 3542 730 3596 dedit
739 3548 769 3597 et
780 3543 916 3613 gratiam:
960 3543 1019 3593 ritu
1033 3541 1083 3594 lici
1098 3546 1233 3608 operetur,
1250 3541 1281 3594 ln'
1295 3545 1350 3609 titii
1368 3544 1417 3597 Det
1437 3548 1504 3596 suat
1526 3544 1610 3607 (ttoni.
1632 3548 1707 3610 vui);
1733 3550 1761 3597 et

119 3631 163 3684 sed
176 3630 273 3700 legem
292 3646 344 3701 per
357 3647 469 3685 servum
494 3630 580 3697 misit,
603 3647 667 3685 eum
690 3631 855 3702 gratiaipse
869 3631 918 3686 de·
962 3628 1098 3698 Spiritum
1109 3634 1247 3695 sanctum,
1265 3629 1344 3684 utibi
1363 3649 1368 3682 z
1390 3631 1610 3699 Corporouestra
1628 3634 1760 3699 ternplum
1857 3672 1860 3677 .

119 3718 234 3773 asendit.
253 3718 289 3774 Et
301 3719 544 3774 undefactierant
557 3720 749 3775 hominessub
761 3721 822 3790 lege
836 3721 848 3773 l
862 3737 919 3775 non
960 3721 1050 3771 saneti
1069 3718 1192 3785 Spiritus
1215 3725 1289 3783 sient,
1315 3723 1366 3788 qui
1387 3724 1424 3773 cst
1439 3723 1471 3773 in
1490 3720 1564 3773 cobis
1589 3720 1616 3788 (Ἰ
1633 3719 1693 3773 tor.
1710 3724 1758 3786 vr).

120 3807 263 3880 implendo
271 3808 373 3878 legem.
387 3808 443 3872 Qui
452 3825 519 3880 ergo
529 3809 620 3879 legem
632 3809 739 3881 implet,
750 3825 806 3865 non
816 3817 859 3864 est
867 3808 920 3864 sub
960 3805 1056 3859 Alium
1079 3811 1174 3859 autem
1191 3806 1326 3877 Spiritum
1342 3812 1470 3861 sanctum
1481 3823 1542 3860 esse
1558 3822 1643 3878 quam
1657 3805 1760 3860 Filium

120 3897 187 3967 lege,
200 3897 253 3952 sed
268 3913 333 3951 cum
347 3897 427 3967 lege.
452 3898 500 3969 qui
523 3905 619 3952 autem
636 3897 687 3953 sub
708 3899 770 3969 lege
787 3904 839 3965 est,
864 3915 920 3954 non
963 3893 1023 3960 Dei,
1033 3893 1262 3949 manifestissime
1276 3895 1305 3949 io
1312 3894 1462 3966 Evangelio
1476 3893 1675 3967 comprobatur
1687 3913 1692 3947 :
1706 3896 1761 3962 Qui

118 3985 291 4051 sublevatur,
308 3986 358 4040 sed
367 3986 504 4056 premitur
519 3987 590 4057 lege.
607 3987 710 4042 Omnes
724 3987 820 4057 itaque
834 3987 922 4041 homi-
962 3985 1065 4038 dicerit
1074 3985 1187 4038 iterium
1198 3990 1294 4039 contro
1305 3986 1545 4048 Filiumbominis,
1554 3987 1712 4039 dimittetur
1720 3986 1757 4037 ei:

118 4091 165 4131 nes
185 4074 241 4130 suh
263 4075 327 4145 lege
344 4076 521 4141 constitutos,
543 4092 607 4130 reos
626 4075 692 4130 lacit
705 4077 759 4141 lex,
776 4075 854 4130 etad
870 4077 922 4132 hoe
961 4074 1118 4142 quicunque
1132 4080 1224 4129 autem
1238 4076 1341 4128 dixerit
1355 4079 1453 4128 contro
1468 4075 1607 4143 Spiritum
1620 4079 1758 4133 sanctum,

117 4163 170 4219 illis
191 4180 281 4237 snper
300 4168 447 4235 caputest,
463 4170 495 4218 ut
511 4165 642 4220 ostendat
656 4171 779 4236 peccata,
800 4165 921 4219 nontol-
963 4164 1069 4216 inette
1083 4167 1173 4216 necin
1201 4165 1299 4231 scituro
1322 4164 1480 4218 disnittetur
1501 4166 1527 4218 ei
1544 4166 1618 4231 (luc.
1644 4167 1703 4227 xiil.
1719 4163 1759 4217 De

117 4252 163 4308 m„
179 4253 216 4308 ut
232 4253 369 4324 quoniam
384 4253 444 4307 suis
458 4252 564 4308 viribus
584 4253 702 4324 implere
721 4269 777 4309 non
791 4259 923 4324 poterant
962 4250 1196 4323 quinquagesimo
1210 4252 1317 4323 psalmo
1328 4258 1386 4307 tres
1401 4252 1517 4324 spiritus
1532 4253 1690 4307 nominatos
1700 4251 1761 4306 bre-

117 4340 217 4413 tegern
237 4341 305 4396 lacti
319 4340 360 4396 rei
379 4340 508 4412 sublege
525 4341 745 4412 imploraverunt
763 4342 922 4397 liberatoris
962 4339 1034 4394 viter
1052 4342 1209 4406 ostendam,
1235 4342 1376 4412 Propheta
1395 4341 1506 4395 dicente
1524 4359 1530 4393 ε
1550 4343 1601 4395 dor
1622 4341 1758 4394 iciendum

117 4431 264 4497 auxilium,
277 4436 307 4485 et
322 4435 416 4484 reatus
423 4430 492 4500 legis
501 4430 567 4485 fecit
575 4431 771 4501 aegritudinem
781 4430 918 4503 superbis,
929 4412 1023 4483 Dorso
1038 4433 1070 4484 in
1080 4447 1131 4495 me,
1143 4432 1221 4491 Heus,
1238 4436 1262 4484 rt
1271 4431 1410 4499 Spiritum
1417 4435 1522 4483 suetum
1531 4432 1634 4482 i'nnooo
1642 4432 1672 4485 in
1679 4432 1760 4482 visce-

75 4590 78 4594 Α
116 4520 255 4590 egnmdo
269 4518 456 4590 superborum
465 4519 538 4573 facte
548 4525 592 4573 est
606 4519 743 4574 consessio
759 4520 917 4574 humilium.
961 4519 1039 4572 ribus
1048 4523 1125 4573 ineis.
1140 4520 1179 4573 Ne
1189 4522 1322 4587 projicies
1334 4535 1375 4571 me
1387 4534 1405 4571 a
1424 4519 1496 4585 socie
1512 4521 1569 4579 rua,
1582 4522 1606 4569 ct
1620 4514 1758 4584 Spiritum

116 4607 176 4663 lam
194 4608 372 4662 confitentur
394 4608 491 4678 aegroti
514 4608 582 4679 quie
600 4613 746 4678 aegrotant,
768 4615 800 4663 ut
827 4608 921 4663 veniat
960 4612 1089 4661 sanctum
1103 4613 1185 4662 tuum
1200 4624 1233 4662 ric
1241 4610 1443 4674 oufcrosome.
1456 4606 1542 4660 Redde
1550 4606 1625 4659 milii
1635 4607 1760 4658 letitiam

117 4696 241 4751 omdicm
254 4704 285 4751 et
298 4702 381 4751 sanet
393 4702 522 4767 aegrotos.
539 4696 664 4751 Medicus
683 4697 766 4768 quisl
783 4697 919 4752 Dominus
959 4698 1095 4749 solutoris
1103 4698 1154 4759 tui,
1163 4701 1188 4748 et
1194 4694 1304 4764 Spiritu
1312 4697 1467 4763 principati
1476 4696 1609 4761 contritio
1619 4710 1670 4746 ine.
1681 4693 1761 4748 Prin·

117 4794 212 4840 noster
223 4786 310 4840 lesus
322 4784 462 4841 Christus.
479 4785 665 4856 adoptionem
679 4791 827 4857 propterea
841 4786 917 4853 dicit,
960 4783 1079 4855 cipalem
1093 4783 1238 4856 Spiritum,
1255 4783 1368 4837 Patrem
1382 4783 1516 4854 appellat,
1537 4783 1603 4853 quia
1616 4782 1704 4837 Filius
1728 4799 1760 4836 ex

117 4881 147 4929 nt
166 4875 301 4929 distincte
324 4872 516 4945 intelligamus
535 4875 649 4929 unicum
669 4874 719 4929 Dei
735 4875 848 4943 lilium;
868 4891 920 4929 nos
962 4873 1055 4940 Patre,
1082 4879 1111 4926 ct
1128 4889 1184 4926 non
1209 4873 1292 4927 Pater
1321 4889 1354 4925 ex
1379 4871 1469 4939 Filio,
1500 4871 1635 4943 Spiritum
1665 4875 1760 4926 autem

117 4964 191 5018 enim
212 4962 353 5018 benelido
382 4969 412 5018 et
435 4962 596 5033 dignatione
625 4963 822 5019 misericordie
847 4964 918 5035 ejus,
961 4967 1079 5027 rectum,
1090 4961 1309 5031 veritatisatque
1320 4960 1449 5031 justitiis,
1457 4961 1599 5016 Christum
1610 4960 1760 5014 Dominum

118 5051 165 5106 olii
179 5051 230 5108 Dei
244 5068 356 5106 sumus.
373 5051 423 5107 llle
437 5057 540 5106 natura
553 5057 596 5106 est
617 5053 702 5119 silius,
726 5052 775 5122 qui
795 5053 848 5107 hoc
865 5057 917 5119 est,
959 5050 1116 5120 significat,
1147 5050 1216 5121 quia
1237 5052 1318 5104 Pater
1337 5066 1417 5104 cirine
1430 5051 1576 5118 judicium
1599 5049 1672 5101 dedit
1690 5049 1761 5101 Filio

119 5141 191 5211 quod
202 5140 301 5196 Pater.
316 5141 375 5195 Nec
389 5140 460 5195 dixit
477 5141 656 5212 accipiamus,
670 5141 719 5195 sed
737 5141 915 5212 recipiamus,
961 5141 1049 5208 licon.
1065 5142 1104 5209 v).
1115 5140 1150 5193 Et
1165 5138 1250 5193 estin
1265 5138 1401 5193 Psalmis:
1426 5140 1506 5204 Deris,
1521 5138 1663 5206 judicium
1680 5142 1759 5190 tusam

119 5229 335 5300 utsignitioaret
350 5229 403 5284 hoc
417 5245 468 5282 nos
490 5228 616 5283 amisisse
636 5230 664 5283 in
684 5230 784 5296 Adam,
807 5246 842 5284 ex
862 5245 917 5301 quo
958 5230 1079 5296 repieta,
1103 5233 1128 5281 et
1145 5231 1290 5296 justitiam
1305 5234 1383 5282 tuam
1397 5231 1455 5294 filio
1475 5228 1546 5294 repis
1567 5223 1650 5295 (Psoi.
1667 5232 1755 5297 lxxi).

119 5317 250 5373 uenales
262 5334 373 5373 sumus.
389 5318 450 5372 Hoc
463 5333 530 5388 ergo
545 5317 620 5389 quod
634 5318 692 5373 ait:
710 5324 741 5372 ut
751 5335 792 5373 eos
803 5322 853 5388 qui
866 5320 916 5372 sut
958 5317 1046 5371 Porro
1057 5317 1193 5387 Spiritum
1204 5322 1333 5372 sanctum
1348 5322 1446 5386 aperto
1456 5314 1569 5368 nomine
1583 5320 1680 5369 vocat:
1694 5334 1756 5388 quae

122 5408 260 5474 tesseram
269 5408 428 5471 redimeret,
437 5406 509 5460 etad
522 5406 698 5462 liberandum
706 5423 771 5462 eum
781 5407 916 5479 populum
957 5405 1070 5477 quidem
1081 5421 1144 5460 cum
1153 5404 1295 5460 vocabulis
1306 5404 1489 5476 personisque
1501 5403 1676 5472 dissentiant,
1687 5406 1754 5460 sub-

123 5495 249 5563 putinet,
264 5496 315 5568 qui
333 5495 467 5568 parvulus
487 5493 539 5549 sub
553 5495 706 5567 pedagogo
723 5495 871 5563 serviebat,
888 5502 918 5551 et
956 5495 1061 5551 stantia
1067 5499 1225 5565 naturaque
1236 5494 1343 5549 sociata
1349 5497 1425 5559 sunt,
1436 5498 1466 5547 et
1476 5491 1670 5548 indifferenter
1679 5495 1754 5550 idem

125 5582 281 5640 &aldred
291 5583 407 5656 idquod
415 5583 495 5643 dixit.
511 5585 617 5653 sactum
632 5585 681 5639 sub
697 5589 761 5653 tepe.
776 5584 849 5640 Illud
863 5601 917 5640 au-
957 5584 1079 5657 Spiritus
1093 5582 1129 5638 ob
1147 5588 1255 5638 nature
1272 5583 1447 5647 societatem,
1463 5597 1539 5638 nunc
1550 5580 1643 5637 Patris
1652 5582 1755 5638 didtur
