3772 6120
119 242 172 303 m
426 234 458 291 e.
480 234 617 299 manns
634 233 751 293 nsum
776 233 1129 293 saommnoauur.
1149 235 1411 295 ormuursas
1429 235 1481 293 111.
1704 245 1740 308 ni

122 365 198 436 quod
208 363 495 421 Domiaosstrammn
508 364 656 417 enarrante
666 358 806 430 judicium
820 357 1024 421 omnesAbor.
1038 361 1179 427 lordonis,
1197 359 1367 417 instabilitas
1384 362 1471 433 hujus
1488 362 1563 429 ritus,
1578 368 1612 419 ut
1631 364 1660 419 in
1680 366 1739 429 lllr's

122 453 222 525 iniqui,
234 452 283 523 qui
297 452 352 509 nisi
366 450 526 506 habitacula
540 449 699 505 damonum
711 449 772 503 eine
787 448 923 519 puniteu-
964 447 1112 518 assume,
1127 448 1203 503 Elias
1217 454 1247 503 et
1260 449 1374 505 Elissaus
1395 451 1573 507 transierunt
1588 453 1736 515 Iordanem:

122 543 171 605 tiss
184 541 308 597 remedio
323 542 405 606 liunt,
419 546 449 594 et
461 539 521 610 ipse
534 538 673 605 diabolus,
689 538 737 609 qui
762 538 849 593 totius
869 553 921 593 no·
963 537 1037 607 quod
1052 538 1182 593 Christus
1196 539 1297 608 atejus
1315 556 1449 610 sequaoes
1469 539 1652 597 instabilitate
1674 543 1735 618 hujus

122 637 189 689 stre
201 630 301 687 morus
311 645 397 685 eausa
409 634 463 693 est,
474 628 505 682 in
518 643 614 698 poenas
622 628 759 698 gehenna
771 625 922 681 detruden·
962 625 1056 682 saeouli
1071 627 1169 681 mundi
1179 626 1297 697 vestigia
1311 632 1470 684 nauseant.

121 728 179 786 tur,
204 736 266 791 qua
290 726 406 790 propter
426 716 625 772 obscuritatem
647 723 677 771 at
701 716 920 787 profunditatem
995 718 1102 771 lunam
1115 721 1160 773 est
1179 716 1299 787 quilibet
1313 717 1434 785 auditor,
1452 724 1486 773 ut
1499 719 1529 775 in
1545 718 1618 775 lsaia
1632 738 1639 772 ι
1652 741 1663 772 s
1675 721 1733 779 Orio

122 815 254 878 aleonum
266 807 459 863 nominantur.
475 808 617 874 Inseritur,
635 805 762 869 arantis,
778 805 853 860 siout
869 820 921 875 per
960 809 1008 859 tur
1021 804 1050 859 in
1066 821 1100 859 ea
1114 805 1189 859 viror
1201 806 1302 859 calami
1314 812 1343 861 et
1352 807 1474 875 Junei¹⁴,
1486 828 1499 861 s
1511 810 1587 879 quod
1600 810 1630 863 in
1640 809 1732 867 Masis

122 899 302 955 salomom
315 897 346 953 iu
359 894 520 952 Parabolis¹
536 912 542 950 ι
560 913 574 949 a
589 895 656 951 Tria
669 900 736 951 sunt
748 892 919 949 insaturabi·
961 900 1004 948 est
1016 893 1208 965 spiritualium
1219 894 1421 965 magistrorum
1429 898 1568 953 sanctitas
1587 905 1616 953 et
1635 899 1731 972 dirupu-

121 987 170 1053 ha,
180 991 210 1043 et
224 992 366 1058 quartum,
380 985 455 1056 quod
468 1000 613 1055 nunquam
629 983 708 1050 dicit,
722 984 834 1051 Salpiai
850 1003 858 1036 :
874 982 919 1037 in·
958 981 1061 1039 lorum.

122 1076 230 1141 toruus,
255 1081 286 1131 et
306 1091 339 1131 oe
359 1075 457 1139 vulve,
477 1080 507 1129 et
528 1078 616 1139 tarra,
635 1089 697 1144 quse
720 1089 777 1129 non
800 1073 921 1127 satiatur
994 1074 1147 1140 luniperto
1175 1077 1219 1127 est
1238 1072 1377 1129 stabilitas
1399 1073 1558 1140 eharitatis,
1582 1082 1615 1130 ut
1634 1076 1662 1131 in
1676 1076 1732 1131 libris

122 1179 205 1236 aqua.
217 1165 369 1237 &hisvero
376 1178 523 1233 uunquam
534 1163 614 1229 dicit,
627 1162 748 1230 sufflat.
762 1182 775 1215 s
787 1163 920 1229 Infernas
961 1160 1070 1231 Regum
1083 1179 1089 1215 :
1104 1180 1118 1215 ι
1133 1162 1261 1233 Cumque
1269 1163 1381 1217 sederet
1387 1162 1484 1218 subter
1491 1181 1579 1219 unam
1585 1165 1732 1236 juniperum,

122 1254 227 1325 quippe
239 1258 283 1309 est
293 1252 497 1309 immoderatus
516 1266 596 1307 amor
620 1250 752 1317 habendi,
775 1250 824 1321 qui
846 1266 920 1307 nun·
961 1249 1060 1321 petivit
1073 1250 1175 1306 anima
1194 1268 1252 1307 suso
1275 1258 1308 1306 ut
1330 1252 1526 1319 moreretur¹⁵,
1543 1273 1558 1305 s
1573 1254 1647 1325 quod
1666 1255 1734 1327 perle-

123 1359 208 1413 quam
220 1342 358 1408 satiatur3
374 1357 402 1397 oa
419 1344 517 1407 selon,
536 1340 574 1395 ad
599 1340 742 1395 luxuriam
763 1339 922 1395 indueus·
961 1344 1025 1395 otus
1040 1339 1169 1410 quilibet,
1184 1341 1297 1411 quando
1321 1341 1350 1395 in
1372 1342 1615 1412 perseverentiam
1635 1344 1736 1399 udan

123 1432 234 1499 hiatum
248 1429 409 1499 ipsisenim
419 1429 922 1496 estinridia,naseiadetioere.Potest
961 1429 1109 1483 eharitatis
1126 1446 1156 1484 se
1172 1430 1315 1496 humiliat,
1333 1436 1402 1487 tunc
1420 1431 1499 1502 eupit
1513 1431 1629 1487 dissolvi
1649 1437 1675 1487 st
1693 1448 1738 1488 eur

122 1520 200 1579 enlm
209 1521 320 1588 interm
329 1519 444 1575 nomine
452 1517 584 1575 diabolus
594 1518 685 1573 inhoo
693 1519 756 1573 loeo
765 1517 919 1588 designari,
961 1534 1025 1573 oum
1044 1518 1155 1574 Christo
1177 1519 1276 1590 :quod
1296 1519 1446 1590 juniperus
1464 1520 1514 1574 diu
1538 1536 1651 1576 serrare
1665 1522 1739 1592 ignes

122 1609 172 1681 qul
185 1609 221 1665 de
234 1607 392 1680 perditione
405 1607 553 1663 hominum
570 1607 667 1663 satiari
687 1624 744 1663 non
757 1614 859 1678 potest.
876 1610 922 1663 ln·
962 1607 1106 1663 asseritur.
1121 1608 1349 1677 Parianiperum
1362 1615 1485 1679 peecata,
1502 1615 1535 1664 ut
1548 1610 1579 1663 in
1592 1609 1663 1665 Job:
1677 1631 1688 1661 s
1701 1611 1741 1665 lis

121 1700 231 1766 faram,
245 1697 355 1754 essitas
368 1696 484 1763 mentis,
496 1701 530 1753 ut
544 1696 574 1751 in
588 1697 709 1753 Psalmis
725 1715 732 1751 t
748 1716 762 1749 s
778 1696 918 1762 Quoniam
930 1687 1009 1750 Bdix
1033 1696 1229 1767 juniperorum
1258 1700 1267 1719 '
1294 1696 1350 1751 erit
1373 1696 1452 1751 cibus
1468 1714 1569 1751 eorum
1585 1697 1619 1763 ¹⁸,
1646 1718 1656 1749 s
1684 1700 1741 1770 quod

121 1800 180 1843 uon
193 1791 236 1843 ast
248 1787 279 1842 in
292 1786 444 1857 mortequi
458 1802 568 1841 memor
578 1785 616 1841 sit
627 1786 669 1841 tui
682 1805 689 1842 ι
705 1786 737 1842 in
750 1786 860 1842 interno
873 1802 922 1843 au·
962 1785 1187 1857 eoncupiscentia
1211 1791 1392 1857 peecatorum
1416 1792 1460 1840 est
1488 1786 1639 1841 delectatio
1662 1804 1742 1859 prato

121 1881 180 1931 tem
195 1876 258 1947 quis
269 1875 449 1931 unuhtehitnr
462 1875 555 1930 tibi¹t
571 1895 585 1930 s
600 1881 720 1931 mortem
731 1882 814 1930 voeat
826 1875 920 1930 erimi-
962 1890 1035 1930 rum.

121 1965 365 2036 nalapeouatum:
384 1965 460 2035 quod
469 1971 632 2036 oontempta
652 1965 747 2019 divina
770 1965 922 2035 lageeom·
996 1967 1102 2032 leptim
1115 1969 1161 2019 est
1177 1963 1334 2019 dominium
1355 1963 1469 2031 Christi,
1484 1972 1518 2018 ut
1533 1964 1565 2019 in
1588 1965 1740 2036 Erarigelie:

120 2053 255 2120 mittitur,
268 2054 369 2124 inqua
385 2059 478 2109 morte
491 2060 535 2109 ast
558 2054 621 2125 quis
638 2054 688 2126 qui
707 2055 856 2109 immemor
877 2060 922 2109 est
964 2070 976 2104 s
993 2052 1489 2124 Tollitajugnmlmeumlsupervos,
1500 2060 1567 2120 eto,
1576 2055 1742 2125 jugumenin

120 2141 182 2198 Μ.
193 2144 448 2211 infernamautem
463 2143 566 2199 mantis
579 2143 734 2199 mitatem
747 2143 832 2198 dicit:
846 2144 921 2214 quod
961 2157 1055 2196 meum
1077 2158 1163 2197 suave
1182 2142 1297 2209 sst¹⁷,›
1318 2143 1393 2213 quod
1415 2142 1473 2197 lieo
1494 2147 1503 2163 ·
1527 2144 1625 2209 servit,
1645 2160 1742 2214 regnos

120 2230 272 2301 quioreeua
292 2231 323 2287 iu
345 2237 441 2287 mente
466 2238 519 2297 est,
534 2232 657 2287 llomino
677 2247 736 2287 non
759 2232 919 2289 eontitatur.
961 2236 1021 2298 est;
1035 2237 1060 2285 et
1073 2248 1143 2287 ones
1157 2249 1249 2287 mesra
1262 2235 1326 2297 lese,
1337 2231 1412 2302 quod
1421 2247 1479 2285 non
1494 2238 1563 2287 sunt
1573 2233 1742 2304 importabilis

120 2322 265 2388 laseratis,
279 2320 448 2391 desperatio,
460 2320 533 2376 utin
546 2320 666 2376 Psalmis
676 2338 683 2374 ε
693 2340 704 2373 s
716 2321 813 2391 Neque
823 2336 920 2375 omnes
960 2326 1099 2391 praesepta
1109 2320 1169 2375 liei.
1183 2320 1317 2375 llitheiles
1333 2320 1438 2375 etenim
1457 2336 1509 2391 per
1524 2322 1617 2376 ardua
1637 2338 1741 2393 gressu,

120 2409 170 2480 qui
183 2410 358 2466 desosndnnt
377 2410 407 2465 in
432 2409 602 2474 infarnnm⁸,
622 2410 726 2480 »quod
749 2410 797 2480 qui
823 2410 920 2481 despe
961 2410 1090 2479 quisdam
1103 2409 1458 2479 magnilleissuntaquora
1467 2411 1743 2479 animisdrsqumar·

118 2505 196 2565 rant,
209 2499 361 2555 lloruinum
375 2516 431 2554 non
445 2499 720 2570 landant:‹lmpius
733 2514 798 2553 enm
812 2499 921 2553 renent
961 2498 1037 2568 ligio,
1066 2504 1100 2554 ut
1120 2499 1152 2553 in
1176 2498 1318 2553 Psalmis:
1338 2498 1553 2569 ‹Projieiamus
1576 2516 1595 2554 a
1616 2500 1694 2555 nobis
1710 2502 1743 2570 jn

119 2586 329 2658 inprofundum
340 2589 490 2655 malorum,
503 2588 920 2659 contemnit.nlnser·aus,pere
959 2587 1067 2657 grimm,
1095 2610 1107 2636 ι
1130 2587 1159 2643 id
1175 2593 1228 2651 est,
1243 2588 1420 2653 maistamus,
1444 2605 1483 2643 ne
1505 2588 1656 2660 imposnrnt
1680 2588 1743 2644 nob's

119 2682 215 2731 uatum
234 2676 391 2742 criminals,
404 2684 437 2731 ut
459 2677 490 2731 in
510 2678 628 2732 Psalmis
645 2696 650 2730 :
670 2699 682 2727 ι
698 2678 878 2732 Descendunt
890 2677 920 2732 iu
961 2676 1152 2733 Christianam
1162 2676 1337 2749 religionem,
1349 2678 1445 2732 velita
1460 2695 1494 2732 ex
1506 2687 1589 2749 parte
1601 2679 1741 2734 ludaeorum

119 2764 260 2820 internum
284 2767 409 2820 virentes
416 2764 438 2833 ⁴,
456 2785 469 2818 s
484 2767 514 2820 id
536 2772 589 2833 est,
606 2773 751 2838 pomatium
774 2767 920 2821 crirmnale
960 2766 1212 2821 contradioentinm
1220 2766 1342 2831 Christo,
1354 2787 1366 2816 s
1378 2766 1577 2837 dirumpamus
1588 2768 1742 2822 vimnlset-

119 2853 302 2908 committunt
313 2854 446 2909 mkntas.
460 2856 665 2922 insereremur
674 2855 728 2909 iste
738 2855 917 2925 caliginosus,
959 2870 1036 2921 rum,
1051 2855 1168 2910 »idest
1186 2856 1387 2926 apostolorum,
1404 2856 1428 2910 si
1449 2857 1605 2926 possimus,
1619 2857 1699 2911 rerba
1708 2872 1742 2910 se

118 2942 193 2997 utin
208 2943 333 3014 Epistoh
348 2943 423 2998 Patri
439 2961 444 2996 :
464 2945 475 2967 ·
492 2962 505 2996 a
522 2942 698 2998 Rudentibus
709 2944 812 2998 inferni
826 2943 918 2999 dena·
959 2960 1033 3010 rum,
1049 2960 1085 2999 ue
1099 2961 1151 2999 nos
1165 2944 1297 3009 tinniant,
1312 2951 1349 3011 et,
1366 2944 1461 2999 sinon
1477 2945 1631 3016 possimus,
1647 2965 1661 2997 s
1675 2945 1741 3018 propi

118 3036 180 3086 etos
191 3031 222 3087 in
236 3037 377 3086 tartarum
387 3032 410 3097 ³,
435 3052 448 3084 s
463 3032 540 3103 quod
554 3032 683 3087 hobolus
697 3033 849 3103 uliginoso
862 2995 948 3089 hu-C
959 3033 1066 3089 mamus
1079 3033 1189 3089 anobis
1199 3035 1301 3104 iugum
1314 3035 1449 3105 ipsorum,
1473 3054 1484 3085 s
1508 3034 1537 3088 id
1552 3042 1607 3101 est,
1619 3036 1740 3107 expeler-

115 3120 163 3189 jus
178 3121 251 3174 aeris
266 3122 326 3175 loco
342 3121 456 3175 malitiae
470 3138 528 3176 sure
541 3121 652 3175 uinculo
667 3122 814 3192 religatur.
959 3127 1003 3177 tes
1014 3123 1048 3177 de
1063 3123 1166 3178 finibus
1186 3123 1301 3188 uostris,
1316 3140 1353 3177 ne
1375 3123 1455 3177 nobis
1474 3123 1640 3195 imponetur
1658 3126 1739 3196 jugan

155 3211 259 3264 lmalae
271 3216 339 3265 sunt
353 3211 494 3276 Eeoleslae,
508 3215 541 3276 ut
554 3210 583 3265 'm
598 3210 735 3265 Psalmis:
750 3230 762 3261 s
776 3212 919 3265 hortentur
960 3212 1129 3267 Cirristinmt
1147 3212 1300 3282 religionis.
1325 3212 1416 3266 Aliter
1433 3229 1467 3266 ex
1499 3218 1583 3283 purte
1603 3214 1738 3269 christia

122 3297 383 3357 mammonam
959 3302 1163 3371 apostolorum,
1184 3319 1199 3355 s
1222 3301 1427 3372 dirumpamus,
1456 3302 1677 3373 »despiciamus
1693 3310 1737 3356 uo

154 3389 290 3443 intestina
311 3394 381 3443 sunt
401 3404 505 3445 areana
525 3388 611 3443 rerba
634 3388 695 3454 Dei,
707 3394 740 3443 ut
757 3389 790 3443 in
802 3389 917 3444 modo:
959 3407 1044 3461 quarn
1059 3391 1173 3445 infirma
1185 3394 1329 3445 tormema
1346 3407 1454 3457 eorum,
1473 3411 1485 3443 r
1505 3396 1535 3445 et
1548 3393 1736 3463 projioianuss

120 3495 135 3528 s
153 3477 245 3549 Caput
257 3494 321 3533 cum
336 3477 453 3550 pedibus
477 3485 505 3532 et
525 3478 667 3533 intestinis
684 3479 704 3543 l,
724 3500 735 3529 s
753 3480 763 3501 ·
778 3495 834 3533 non
851 3479 919 3533 diri·
959 3479 1039 3534 nobis
1048 3481 1162 3550 iugum,
1175 3499 1192 3532 s
1204 3480 1233 3534 id
1245 3486 1298 3540 ast,
1309 3496 1361 3550 pro
1371 3480 1459 3533 nihilo
1474 3485 1639 3550 reputamus
1653 3478 1735 3535 onsli
1757 3546 1761 3561 Ι

118 3566 216 3622 niht'n
229 3567 334 3622 cnr-isti
353 3568 520 3640 mysterium
533 3573 564 3622 st
575 3567 759 3622 humanitatis
774 3574 858 3638 atque
873 3584 917 3622 se·
958 3575 1056 3625 menta
1074 3585 1185 3623 eorum.
1206 3588 1217 3619 r
1242 3570 1315 3638 iuga
1335 3568 1420 3622 boum
1440 3570 1497 3623 emi
1517 3571 1641 3641 quinque
1654 3571 1682 3636 ¹⁹,
1692 3566 1733 3620 sid

119 3661 260 3712 erutorum
269 3656 419 3712 sorborum
428 3657 478 3712 Dei
488 3657 854 3729 spiritualiterintelligatis.
868 3659 917 3711 In·
959 3663 1013 3722 est,
1031 3658 1123 3712 instar
1145 3658 1311 3728 cupidorum
1326 3666 1355 3711 et
1372 3657 1516 3712 istrorum
1538 3676 1636 3713 euram
1658 3656 1733 3712 siuti
1779 3668 1781 3673 '

119 3748 228 3814 tostino,
255 3728 393 3802 intirim
414 3746 518 3801 mentis
536 3754 648 3811 nosue,
669 3753 703 3801 ut
724 3746 754 3800 in
771 3745 917 3813 letitiam
958 3747 1153 3817 meaneglesi,
1165 3763 1217 3816 pro
1226 3746 1351 3817 quinque
1363 3749 1732 3819 sensuumsoluptstsesrm
1778 3804 1781 3813 ,

119 3835 228 3890 sioh'a
250 3835 393 3891 intestinus
414 3835 515 3907 aqua⁸,
534 3852 549 3889 s
569 3836 644 3906 qnod
663 3842 732 3890 tuno
751 3835 842 3906 plaoet
859 3835 917 3889 Deo
957 3836 1628 3906 lium.l·upum,captiritas,utinEeoloeiastioo:
1642 3837 1732 3891 «dravo

118 3924 288 3979 nandulum
309 3931 448 3991 nostrum,
475 3925 500 3979 si
525 3925 627 3979 mentis
652 3931 755 3979 nomas
781 3924 919 3978 interiora
954 3926 1056 3996 jugum
1066 3941 1152 3995 serpet
1165 3925 1237 3979 lilios
1251 3921 1733 3998 stolatu'epfflflidestmagnaeupi

118 4013 383 4083 compunctionibus
394 4014 533 4068 mmrdats
547 4013 642 4067 tuerit.
957 4014 1030 4069 ditas
1044 4014 1170 4068 mutinet
1178 4030 1268 4083 genus
1280 4014 1485 4075 humanum,id
1498 4022 1563 4071 est..
1577 4057 1584 4068 .
1602 4058 1609 4070 .
1632 4058 1638 4069 .
1651 4015 1734 4083 tusja·

153 4103 297 4155 institores
311 4108 381 4156 sunt
390 4103 542 4174 propheta,
558 4108 592 4156 ut
608 4102 638 4156 in
660 4102 734 4156 Job:
753 4102 809 4157 «Si
824 4103 915 4157 ealea-
957 4103 1050 4167 stitia
1067 4108 1099 4158 nt
1109 4103 1139 4157 in
1153 4103 1276 4158 leremia
1290 4121 1297 4156 ι
1314 4123 1326 4155 r
1341 4104 1450 4159 Bonum
1462 4110 1507 4159 est
1526 4105 1586 4159 siro
1602 4106 1651 4177 qui
1662 4109 1738 4176 porta·

89 4212 93 4217 ·
117 4190 211 4244 saint
234 4204 309 4256 om,
336 4190 389 4245 sthi
413 4190 610 4257 institorum,
635 4209 650 4242 n
674 4192 749 4262 quod
777 4190 917 4262 Apostoli,
957 4193 1108 4263 vitingum
1123 4191 1158 4246 ab
1167 4192 1359 4247 adnleseentia
1367 4210 1427 4258 sua,
1445 4194 1567 4261 sidest,
1582 4210 1646 4249 eum
1649 4226 1741 4250 .....

118 4279 167 4351 qui
180 4279 234 4333 hhi
251 4285 318 4334 sunt
336 4279 547 4352 prophetarum,
573 4280 751 4351 synagogam
773 4281 808 4335 ad
831 4281 1065 4385 lidechultum
1077 4281 1225 4352 justitiare
1237 4282 1370 4352 primeva
1383 4288 1464 4337 aetste
1487 4300 1548 4337 sua
1563 4286 1746 4354 Juqsmpeo·

117 4383 177 4424 aaa
188 4368 390 4442 praemeruit.
406 4372 531 4436 Institor,
547 4369 688 4431 Christus,
702 4369 778 4423 utin
791 4369 917 4424 Parabo·
957 4376 1053 4424 oatnrn
1067 4376 1100 4425 ut
1112 4370 1152 4423 ihi
1163 4388 1169 4422 ε
1181 4388 1196 4422 e
1210 4371 1531 4442 computrescetjugum
1541 4373 1639 4427 asneis
1649 4370 1748 4431 olei¹¹,1·

118 4458 175 4514 lia:
192 4476 209 4512 s
226 4460 313 4514 Paete
332 4464 377 4515 ast
399 4458 482 4530 qnasi
498 4459 578 4513 uasis
598 4458 737 4514 institoris
750 4458 813 4525 ¹⁰,s
840 4459 916 4530 quod
957 4459 1155 4530 quoddefieiet
1168 4459 1512 4530 peecatuminpraesantia
1522 4458 1750 4532 Spiritussaueli·

118 4548 245 4603 Christus
259 4549 412 4604 Ecclesiam
423 4565 506 4603 suam
522 4548 558 4603 ad
581 4554 693 4621 portam
712 4555 826 4604 mure
843 4549 918 4604 uln-
955 4552 1069 4617 Jupum,
1086 4548 1244 4620 ponderosa
1257 4548 1394 4604 habitatio
1416 4549 1530 4612 mlorni,
1547 4558 1581 4605 ut
1606 4551 1717 4607 missis
1744 4552 1770 4593 ἲ

117 4636 158 4691 tis
169 4637 306 4708 parubreit.
690 4694 698 4701 ,
959 4639 1093 4708 alugum
1114 4638 1190 4692 enirn
1211 4638 1306 4693 oneris
1327 4640 1389 4708 ejus
1419 4640 1560 4709 superasti
1567 4639 1602 4707 Β,
1620 4661 1633 4694 n
1657 4640 1684 4695 id
1699 4646 1766 4695 sau

152 4727 422 4782 milaaismtordo
432 4727 648 4799 baptisatorum,
663 4727 798 4783 utinlob
813 4747 820 4781 :
833 4746 848 4781 o
860 4729 917 4783 lla*
956 4728 1141 4799 ponderosam
1167 4726 1340 4782 habitionem
1361 4727 1392 4781 in
1421 4729 1519 4783 electis
1540 4731 1600 4784 tuis
1622 4726 1772 4785 mesti»

118 4813 312 4871 batildueiam
329 4816 404 4888 quod
417 4816 707 4875 Josdmisistluetis
727 4832 760 4872 oa
780 4819 841 4889 ejus
850 4819 882 4883 ¹¹,
900 4838 913 4872 s
956 4818 1005 4872 Est
1018 4816 1781 4888 igiturqnadripartitnmjugumzprimum,est0hsi‘

118 4904 192 4976 qaod
206 4916 265 4958 nau
276 4904 368 4958 soum
385 4903 525 4972 infideles,
537 4907 588 4960 sed
610 4906 697 4960 etiarn
715 4907 812 4961 fideles
833 4923 916 4978 posse
956 4906 1781 4981 stizseeundum,mundi:tertium,peecati3quarturn,ir

117 4992 359 5066 spadonum
371 5000 499 5065 putatur.
507 4996 649 5059 remus,
666 4995 823 5057 humilitas,
837 4996 916 5050 utun
955 4996 1038 5050 terni.
1047 4995 1175 5049 Primum
1188 4996 1448 5049 omrnatsanotitas
1457 4997 1590 5066 justitia,
1603 4999 1781 5054 secundun*

118 5083 256 5139 Paahttia:
275 5083 411 5138 shlamor
429 5098 481 5138 ero
498 5084 542 5137 tui
564 5084 599 5138 ds
618 5089 697 5138 terra
709 5085 839 5140 iordanis
851 5085 884 5152 ¹¹,
901 5104 915 5137 n
956 5084 1094 5156 ejuravit·
1110 5085 1206 5138 unitas
1218 5083 1375 5155 superbiae,
1397 5085 1514 5140 tertium
1534 5088 1641 5158 polluit
1656 5085 1781 5158 nnqsi‘

118 5172 212 5240 idest,
230 5173 265 5227 de
284 5172 451 5228 humilitatis
471 5190 540 5228 meae
559 5173 713 5228 stabilitate
729 5174 771 5229 tui
788 5175 915 5229 recorda·
955 5181 999 5229 tas
1013 5174 1159 5245 nequitiae3
1175 5179 1306 5244 quartum
1326 5173 1427 5244 affligit
1441 5175 1590 5231 calamitas
1603 5195 1699 5250 poenae.

155 5314 1582 5385 meum,15.¹Pss1.rst.²rsetox1n,tr.⁴rsai.s1v,te.⁸npetr.n‚ttpsalscu,
1603 5318 1781 5376 isthmi„

119 5394 170 5445 uri,
187 5384 212 5437 9.
237 5387 329 5439 'Len
344 5397 382 5449 nr,
403 5388 444 5441 tl.
467 5388 551 5443 ’,ἰοὺ
564 5400 661 5445 rxvnr.
678 5389 704 5443 ir.
729 5389 752 5425 ¹⁰
765 5390 846 5443 Pror.
865 5388 1001 5449 xxxall.
1026 5388 1045 5422 '¹
1068 5388 1121 5442 loh
1135 5401 1182 5453 xi,
1202 5388 1240 5442 18.
1263 5387 1285 5423 ¹²
1300 5389 1373 5442 Psal.
1391 5402 1447 5455 rm,
1460 5389 1587 5447 ΗΝ
1661 5386 1780 5449 .n.tae

118 5452 205 5591 inibi.
222 5468 311 5578 ἑκίἳὲ,
323 5459 355 5589 li,
366 5458 523 5585 ’ΞἹΙΙὶΙὶῐζξ
537 5472 605 5596 {iffi
612 5458 638 5514 4
652 5460 675 5494 ¹⁸
689 5459 741 5515 lob
755 5472 818 5522 nux,
833 5461 860 5513 l.
878 5461 900 5496 ¹²
913 5461 1013 5515 luith.
1027 5474 1064 5525 xi,
1085 5458 1130 5516 29.
1148 5461 1170 5495 ¹⁸
1186 5461 1259 5513 Pssl.
1278 5474 1307 5524 rr,
1324 5461 1351 5514 3.
1367 5460 1390 5497 ¹⁹
1407 5461 1473 5516 huo.
1490 5476 1548 5530 rra,
1564 5461 1613 5520 tt).
1671 5460 1781 5517 hetha
