3772 6120
134 287 202 347 1263
424 285 455 338 B.
476 283 612 338 RABANI
631 281 747 337 naum
770 281 937 338 Ancurae.
959 280 1121 336 lllOGUNT.
1143 281 1292 338 OPERUM
1310 281 1402 338 PARS
1420 283 1473 339 111.
1702 282 1765 339 latr

133 413 230 469 sertim
251 427 313 464 curn
334 408 483 464 Psalmista
506 407 568 462 illos
591 406 687 461 beatos
718 412 861 477 nuncupet
879 405 1562 477 quiAniamipsiDeurnridebuntfflotlb.atil.»
1575 406 1766 478 sedquoniam

136 522 147 553 ι
164 499 335 556 immaculati
351 498 438 552 invia
459 497 605 551 ambulant
622 497 651 550 in
670 497 730 567 lege
755 493 877 561 Domini,
901 500 929 548 et
969 494 1067 548 amicis
1083 495 1185 549 nostris
1196 495 1360 566 rogantibus
1374 501 1403 550 et
1416 496 1537 550 maxime
1552 495 1694 551 Ludoraeo
1704 511 1766 567 rege

132 591 180 663 qui
195 595 352 645 scrutantes
366 587 528 642 testimonia
540 587 609 656 ejus,
623 585 652 640 in
667 591 726 639 toto
740 584 821 638 corde
835 583 929 655 exqui-
969 584 1143 649 exhortante,
1160 585 1195 639 de
1209 585 1304 639 lut-ura
1317 585 1422 640 visione
1437 585 1488 639 Dei
1516 584 1624 656 aliquid
1649 583 1766 639 scribere

133 685 199 734 runt
213 695 277 735 eura
293 679 376 747 (Psal.
392 693 481 733 cxrrn.
494 677 532 742 l).
551 692 563 726 a
579 676 614 728 Et
635 690 671 726 ne
692 673 784 728 subito
808 672 851 727 rel
873 672 928 726 im·
969 677 1081 726 coactus
1095 689 1168 738 sum,
1185 674 1238 727 hoc
1252 673 1344 745 ipsum
1365 690 1422 728 non
1444 674 1604 728 secundum
1628 673 1765 746 propriam

131 768 285 839 prudenter
293 767 356 836 quis
371 765 406 819 de
419 763 551 818 invisibili
565 770 594 818 et
608 762 740 817 inellabili
754 762 813 817 Deo
826 778 929 833 praesu·
969 761 1138 833 opinionem,
1154 762 1203 815 sed
1218 763 1371 817 secundum
1385 768 1546 817 sanctorum
1573 762 1720 817 doctarum
1741 768 1766 818 et

131 864 191 912 ruat
203 857 357 927 disputare.
376 855 449 908 idem
469 853 605 924 propbeta
619 869 650 907 ex
674 868 794 922 porsena
817 850 928 905 Domini
969 849 1170 904 catholicorum
1185 851 1300 904 Patrum
1314 851 1496 905 traditionem
1507 851 1625 922 aggredi
1645 850 1763 915 tentabo,

131 946 217 1002 dicit:
236 945 360 998 rl'aeate
373 949 402 996 et
414 943 505 996 videte
530 941 669 1013 quomodo
691 958 742 1010 ego
766 957 828 993 sum
854 940 928 994 Deus
970 945 998 993 et
1012 939 1054 992 rel
1068 956 1165 993 eorum
1182 939 1335 993 sententias
1344 941 1484 1011 ponende,
1499 940 1695 1011 sireipsorum
1707 956 1765 995 sau·

132 1035 213 1099 (Psal.
231 1048 294 1092 xer,
305 1031 360 1097 ll).
374 1048 385 1080 ι
399 1030 428 1084 Si
444 1028 716 1099 quidemquiracare
728 1028 786 1082 Deo
799 1027 926 1097 negligit,
969 1043 1031 1080 sum
1046 1027 1168 1098 propriis
1183 1027 1284 1089 verbis,
1308 1026 1453 1083 brevitatis
1473 1044 1570 1094 causa,
1597 1027 1764 1100 explicando,

130 1138 181 1175 suo
197 1121 248 1175 sibi
260 1119 366 1190 judicio
385 1119 481 1172 lumen
495 1119 555 1187 ejus
572 1116 687 1171 visionis
702 1115 863 1182 abscondit;
880 1115 928 1186 qui
969 1122 1105 1186 quantuni
1122 1116 1222 1182 sentio,
1233 1117 1380 1171 ostendere
1388 1116 1502 1173 curabo.
1516 1117 1639 1188 Scripsit
1648 1116 1723 1173 enim
1734 1118 1765 1174 de

130 1215 225 1265 autern
241 1207 497 1281 perturbationibus
509 1206 658 1260 indiscrete
667 1221 696 1259 sc
707 1204 887 1269 intermiscet,
899 1210 927 1258 et
969 1203 1021 1257 boc
1034 1203 1132 1259 beatus
1138 1205 1313 1274 Augustinus
1325 1205 1354 1259 in
1363 1206 1504 1278 plerisque
1513 1206 1594 1271 locis,
1607 1211 1638 1260 et
1653 1207 1764 1262 mamma

130 1300 268 1355 tumultus
283 1314 376 1352 rerum
392 1295 590 1367 temporalium
609 1295 683 1349 intra
706 1299 829 1348 mentem
846 1311 926 1348 suam
968 1291 997 1346 in
1012 1293 1130 1364 epistola
1144 1294 1180 1347 ad
1194 1294 1341 1348 Paulinam
1353 1295 1388 1348 de
1404 1295 1524 1349 ridendo
1540 1295 1610 1360 Deo,
1632 1295 1681 1350 ubi
1704 1295 1763 1368 quid

130 1385 511 1458 versaripermittitmmnino
522 1388 628 1437 secreta
639 1382 783 1437 invisibilis
791 1383 841 1438 Dei
849 1400 927 1437 scru-
967 1381 1028 1453 ipse
1042 1382 1169 1447 senserit,
1185 1383 1228 1436 rel
1239 1383 1305 1454 quid
1319 1383 1410 1438 caeteri
1419 1385 1509 1439 sancti
1517 1385 1620 1438 Patres
1630 1391 1764 1440 antaeum

130 1477 184 1530 tari
192 1475 371 1533 inhabilissrt,
382 1474 493 1545 quando
508 1471 926 1543 quididiccrnntaDominoDeo
968 1470 1138 1542 scripserint,
1152 1488 1208 1525 non
1218 1478 1301 1527 tacet.
1314 1472 1387 1527 Dicit
1397 1473 1471 1527 enim
1484 1473 1512 1526 in
1524 1473 1627 1528 eadem
1637 1474 1760 1544 epistola:

129 1567 195 1620 Jesu
211 1566 322 1619 Christo
336 1563 419 1617 mites
434 1579 493 1615 esso
508 1568 537 1616 ct
555 1561 676 1615 humiles
690 1561 772 1614 corde
783 1562 845 1631 plus
855 1561 927 1632 cogi·
968 1559 1013 1613 Sic
1028 1559 1168 1613 credimus
1183 1559 1277 1614 ridere
1291 1560 1389 1626 Deum,
1408 1576 1464 1615 non
1488 1562 1557 1631 quin
1582 1562 1705 1617 vidimus
1726 1562 1762 1617 rel

129 1655 215 1708 tando
231 1659 259 1707 et
273 1652 388 1716 orando,
399 1650 574 1722 simplicique
584 1649 668 1703 corde
682 1649 761 1703 illurn
777 1650 926 1719 quaerendo
967 1666 1017 1720 per
1030 1650 1124 1703 oculos
1139 1649 1273 1719 corporis,
1287 1649 1494 1704 sicutvidemus
1512 1650 1590 1705 hunc
1610 1650 1709 1718 solem,
1725 1652 1762 1707 rel

132 1740 290 1813 proliciunt,
323 1756 408 1811 quam
436 1738 613 1809 supervacuis
646 1719 1070 1793 sermocinationibusBmentis
1085 1739 1205 1803 obtuitu,
1221 1738 1762 1809 sicutsequisqueinteriusridetriren·

129 1830 388 1902 disputandoatquo
402 1828 580 1882 decertando.
597 1826 677 1890 Quod
686 1832 779 1880 autem
788 1826 828 1880 sic
836 1827 926 1881 cautis
967 1833 1033 1893 tem,
1053 1828 1128 1882 ridet
1141 1827 1289 1890 volentem,
1305 1829 1381 1882 ridet
1391 1835 1577 1899 quarentena,
1594 1830 1673 1885 ridet
1684 1831 1761 1886 scien·

130 1918 329 1990 quaestionibus
344 1933 400 1971 non
416 1917 452 1970 sit
464 1916 685 1980 deserviendum,
703 1915 806 1969 Paulus
817 1916 852 1969 ad
866 1915 924 1970 dis·
966 1922 1034 1983 tarn,
1050 1916 1125 1971 ridet
1142 1917 1323 1971 nescientem.
1348 1918 1390 1971 Τιι
1414 1917 1510 1989 itaque
1533 1919 1597 1989 ipsa
1619 1919 1698 1975 lectis
1722 1920 1760 1974 bis

128 2008 250 2079 eipulum
265 2007 305 2062 ita
320 2005 458 2077 inquiens,
477 2004 610 2069 scribens,
628 2004 768 2059 ostendit:
788 2023 802 2057 e
818 2005 924 2059 Stultas
965 2004 1076 2067 litteris,
1094 2006 1180 2059 solem
1196 2006 1309 2077 quidem
1325 2007 1427 2060 vidisse
1441 2013 1470 2061 te
1492 2007 1595 2062 recolis
1610 2026 1663 2080 per
1676 2009 1761 2065 oculos

127 2104 156 2151 et
176 2097 236 2151 sine
259 2095 407 2166 disciplina
431 2094 598 2165 quaestiones
621 2093 722 2155 desita,
750 2093 840 2148 sciens
858 2093 926 2165 quia
966 2095 1098 2166 corporis,
1116 2100 1195 2166 potas
1208 2095 1292 2149 etiarn
1308 2096 1404 2150 statim
1418 2095 1523 2163 ridere,
1546 2097 1570 2151 si
1586 2098 1674 2152 estid
1695 2104 1759 2153 tem·

126 2191 263 2256 generant
278 2185 354 2239 lites:
372 2200 483 2237 serrum
506 2187 600 2236 autern
616 2183 727 2236 Domini
743 2199 798 2236 nen
813 2188 925 2254 oportet
965 2185 1050 2255 poris,
1072 2189 1100 2237 et
1113 2200 1146 2237 eo
1161 2184 1213 2238 loci
1234 2202 1263 2238 es
1278 2183 1326 2238 ubi
1341 2201 1374 2238 ex
1392 2201 1426 2238 ea
1447 2191 1529 2255 parte
1553 2187 1657 2240 coelum
1681 2187 1759 2243 oculis

128 2275 248 2346 litigare,
263 2273 312 2327 sed
329 2278 573 2327 mansuetumesse
590 2271 624 2324 ad
640 2287 748 2334 ornnes,
763 2270 921 2336 docibilem,
965 2272 1020 2327 tuis
1034 2289 1123 2343 usque
1137 2272 1171 2326 ad
1181 2273 1268 2326 solem
1279 2273 1468 2327 contuendum
1482 2279 1571 2343 patet.
1588 2276 1633 2329 Ad
1646 2276 1758 2331 illarero

127 2365 280 2436 patientem
293 2363 331 2429 (ll
344 2364 413 2416 Tim.
430 2379 456 2426 ιι,
473 2361 529 2422 ΊΒ).
548 2381 560 2405 a
578 2360 698 2413 Proinde
719 2359 800 2413 decet
813 2366 845 2413 ut
859 2359 923 2430 qui-
964 2361 1083 2415 ridenda
1097 2378 1159 2432 qum
1173 2368 1266 2415 mento
1276 2361 1396 2432 conspici
1411 2362 1477 2425 dixi,
1494 2363 1592 2431 idest,
1610 2365 1757 2435 quodriras

126 2469 235 2525 cunque
250 2452 284 2505 de
298 2450 441 2522 mysteriis
464 2448 621 2504 coelestibus
644 2449 703 2503 rult
727 2448 855 2511 scrutari,
880 2449 922 2503 rel
965 2451 1039 2521 quod
1053 2450 1147 2504 ridere
1161 2451 1250 2504 Deum
1267 2451 1344 2513 velis,
1359 2451 1433 2522 quod
1449 2450 1475 2505 id
1491 2453 1634 2523 requiras,
1650 2454 1718 2525 quod
1732 2464 1755 2507 te

126 2543 279 2614 disputare,
293 2540 405 2594 studeat
420 2539 496 2609 prius
511 2555 558 2592 eor
577 2557 594 2592 a
608 2537 759 2591 mundanis
777 2536 923 2591 desideriis
964 2537 1054 2593 virere
1069 2544 1098 2592 et
1111 2539 1180 2592 velle
1206 2546 1234 2592 et
1255 2556 1380 2610 quaerere
1402 2541 1482 2604 scias,
1506 2542 1650 2612 quomodo
1670 2550 1753 2597 summ

126 2637 154 2685 et
164 2630 295 2684 vitiorum
311 2628 440 2682 sordibus·
454 2644 618 2698 expurgare.
635 2631 664 2680 et
678 2628 717 2680 sic
736 2626 849 2681 demum
862 2643 923 2697 spe·
963 2627 1037 2682 Deus
1048 2627 1176 2682 rideatur
1190 2628 1316 2695 neseins3
1332 2628 1445 2690 adhaec,
1457 2629 1587 2701 inquam,
1609 2633 1702 2686 omnia
1717 2631 1751 2685 ri·

127 2726 170 2772 ret
179 2735 209 2773 se
223 2734 273 2788 per
287 2716 338 2772 Dei
351 2717 471 2787 gratiam
496 2715 634 2786 spiritalia
646 2715 720 2768 dena
734 2731 813 2784 posse
839 2715 921 2785 plane
962 2715 1063 2781 denda,
1078 2717 1368 2788 nonoculoscorporis
1379 2717 1505 2783 adhibes,
1519 2736 1571 2774 nec
1587 2719 1750 2774 interrsllum

126 2806 277 2878 percipere.
288 2805 368 2860 Unde
379 2804 700 2874 rnenroratusapostolus
715 2803 796 2857 docet
805 2803 900 2857 dicens
912 2821 918 2856 ι
961 2805 1025 2869 loci,
1037 2821 1087 2875 per
1095 2805 1168 2874 quod
1178 2805 1341 2860 intendatur
1349 2806 1474 2874 obtutus,
1484 2813 1517 2861 ut
1530 2808 1566 2861 ad
1578 2825 1613 2863 ea
1625 2807 1748 2863 cernenda

127 2894 331 2950 ‹Renoramini
343 2893 551 2966 spiritumentis
561 2897 658 2947 vestre
667 2898 695 2945 et
704 2892 921 2946 induitenorum
963 2893 1114 2964 perveniat,
1130 2893 1218 2948 sentis
1228 2900 1278 2948 aut
1292 2895 1402 2966 quaeris.
1421 2896 1468 2950 Sic
1480 2896 1558 2951 rides
1573 2898 1659 2951 vitam
1672 2905 1745 2959 tuam,

125 2984 277 3049 bominem,
295 2983 342 3053 qui
358 2982 510 3036 secundum
525 2982 613 3035 Deum
629 2986 739 3034 creatus
752 2987 795 3034 est
806 2981 832 3034 in
839 2981 922 3051 justi·
962 2982 1144 3044 voluntatem,
1157 2982 1379 3055 inquisitionem,
1391 2984 1549 3046 scientiam,
1563 2986 1743 3057 ignorantiam,

125 3072 164 3127 tia
179 3079 208 3126 et
221 3071 370 3126 sanctitate
385 3070 511 3125 veritatis
526 3071 627 3138 (Eplrrs.
637 3084 674 3135 rr,
691 3068 745 3135 ⁶235.
762 3088 775 3120 e
794 3070 829 3123 Et
841 3070 919 3125 item:
962 3070 1089 3142 quianec
1100 3071 1211 3142 ipsaest
1221 3073 1426 3127 contemnenda
1436 3073 1506 3128 risio
1519 3076 1613 3130 ridere
1627 3075 1696 3146 quod
1709 3090 1743 3128 ne

127 3181 138 3213 ι
156 3161 330 3226 blortitlcate,
342 3159 444 3230 inquit,
454 3158 582 3212 membra
592 3165 684 3211 restra
695 3165 827 3229 quaesunt
837 3175 921 3229 super·
961 3159 1050 3226 seias3
1067 3160 1115 3224 sic,
1133 3161 1259 3231 inquam,
1273 3160 1348 3215 vides
1361 3162 1419 3217 baec
1434 3163 1572 3218 omniant
1581 3164 1611 3218 in
1620 3172 1647 3219 te
1656 3163 1739 3223 videa

124 3255 238 3315 tenum,
265 3249 486 3303 fornicationem.
514 3246 738 3303 immundidiam.
763 3245 917 3313 libidinem,
961 3249 1035 3320 apud
1050 3254 1077 3303 te
1087 3248 1208 3303 babeas:
1224 3251 1325 3305 acsine
1335 3251 1399 3305 ullis
1410 3254 1568 3322 figurarum
1578 3252 1737 3311 liniamentis

123 3337 374 3410 concupiscentiam
388 3338 489 3391 malam
505 3341 533 3390 et
543 3335 699 3398 avaritiam,
712 3353 773 3406 qum
784 3342 826 3390 ost
836 3336 921 3391 simu·
961 3338 1142 3409 colorumque
1152 3338 1299 3405 nitoribus,
1307 3345 1386 3395 tanto
1396 3340 1500 3395 clarius
1509 3349 1537 3396 et
1545 3343 1737 3413 certiusquanto

124 3430 263 3482 lacrorum
277 3425 406 3491 servitus,
421 3431 537 3497 propter
551 3441 612 3495 quae
626 3424 701 3478 renit
716 3424 758 3478 ira
770 3424 822 3479 Dei
837 3441 922 3496 super
961 3426 1115 3497 simplicius
1130 3426 1303 3499 interiusque
1321 3428 1487 3500 conspicias.
1511 3431 1582 3485 Cum
1604 3431 1685 3502 igitur
1701 3444 1737 3484 uec

123 3517 194 3572 lilios
218 3514 431 3580 incredulitatis,
458 3514 485 3567 in
511 3513 612 3585 quibus
631 3528 660 3568 et
684 3529 732 3567 vos
756 3513 921 3569 ambulastis
961 3514 1049 3569 oculis
1071 3515 1202 3586 eorporis,
1230 3516 1303 3571 sicut
1323 3534 1441 3588 corpora
1462 3519 1520 3572 sive
1544 3519 1736 3586 celestiana

122 3606 273 3677 aliquando
288 3622 350 3658 curn
368 3603 498 3657 viveretis
511 3603 541 3656 in
555 3601 619 3657 illis.
636 3603 716 3657 Nunc
729 3608 822 3657 autern
833 3602 920 3675 depo·
961 3605 1115 3663 terrestria,
1133 3605 1295 3659 necarentis
1305 3612 1419 3676 aspectu
1435 3607 1509 3661 sicut
1522 3616 1735 3680 easuntquorun

121 3695 180 3749 nite
195 3700 224 3748 et
236 3711 285 3748 vos
295 3694 405 3748 omnia:
423 3692 504 3757 iram,
520 3690 753 3762 indignationem,
770 3691 917 3757 malitiam,
962 3694 1096 3747 nonnulla
1106 3695 1332 3760 commemoravi,
1344 3711 1405 3767 quae
1416 3697 1491 3767 apud
1505 3698 1682 3770 temetipsam
1693 3711 1735 3751 ea·-

120 3783 336 3854 blasphemiam,
367 3788 476 3853 turpem
493 3797 651 3834 sermonem
674 3780 709 3834 de
740 3797 787 3834 ore
816 3786 917 3835 restro.
960 3780 1735 3851 tissimeintueris,nuncrideamusDeum3carcredinus

121 3872 215 3927 Nolite
228 3870 341 3926 mentiri
352 3871 477 3936 invicem,
487 3870 674 3941 exspoliantes
683 3886 731 3923 vos
742 3875 863 3923 veterem
871 3870 919 3924 bc·
960 3886 1024 3924 eum
1055 3870 1152 3935 rideri,
1175 3870 1229 3924 nisi
1255 3872 1323 3942 quia
1345 3871 1497 3944 Scriptura
1518 3874 1734 3929 accommodamus

122 3961 227 4015 minem
242 3977 305 4015 cum
320 3959 428 4013 actibus
442 3960 513 4028 ejus,
523 3967 551 4013 et
565 3959 711 4013 induentes
727 3975 841 4025 novum,
853 3975 918 4012 oum
960 3959 1043 4013 tidem
1059 3959 1106 4013 ubi
1126 3959 1246 4030 legitur:
1267 3979 1279 4009 n
1298 3961 1376 4015 Beati
1392 3961 1497 4016 mundo
1518 3963 1612 4031 corde,
1628 3963 1687 4035 quia
1698 3957 1733 4032 ipsi

122 4049 169 4120 qui
177 4056 327 4103 renovatur
341 4048 370 4102 in
377 4048 520 4118 agnitione
532 4048 685 4102 seeundum
699 4048 918 4119 imaginemejus
960 4048 1049 4102 Deum
1060 4047 1214 4115 ridebunt;
1230 4068 1241 4097 a
1259 4055 1287 4102 et
1299 4048 1389 4121 siqua
1402 4050 1460 4105 alia
1469 4050 1498 4105 in
1508 4051 1582 4107 hanc
1591 4050 1732 4107 sententian

121 4137 169 4209 qui
184 4137 288 4192 creavit
302 4153 378 4203 cum,
393 4137 440 4190 ubi
450 4153 507 4190 non
518 4142 560 4190 est
571 4136 684 4207 gentilis
695 4142 724 4191 ot
734 4136 748 4192 J
752 4136 858 4202 udaeus,
868 4137 919 4190 eir-
960 4137 1058 4190 eadem
1073 4137 1168 4191 divina
1181 4138 1347 4193 auctoritate
1361 4139 1519 4212 conscripta
1532 4148 1609 4207 sunt,
1632 4141 1673 4196 cui
1694 4152 1731 4192 nor

120 4227 253 4282 cernreisio
262 4232 290 4280 et
299 4226 476 4298 praeputium,
487 4225 622 4280 barbarus
631 4232 662 4280 et
673 4227 919 4297 Scytha,ctserrus
960 4225 1073 4280 credere
1087 4225 1165 4280 netis
1178 4226 1316 4292 ducimus,
1329 4229 1443 4284 credere
1461 4235 1558 4284 autem
1575 4230 1730 4302 pietatisesst

121 4323 150 4372 et
163 4317 241 4383 liber,
259 4317 307 4370 sed
322 4314 417 4369 omnia
431 4320 460 4369 et
474 4315 503 4368 in
524 4315 653 4369 omnibus
674 4315 804 4370 Christus
821 4315 915 4381 (dolos.
925 4352 950 4411 D
960 4313 1075 4368 minime
1090 4314 1269 4369 dubitamus?
1284 4317 1463 4372 Interridere
1476 4334 1589 4390 quoque
1603 4325 1631 4373 et
1643 4317 1729 4372 credere

120 4421 162 4460 ιιι.
179 4407 216 4474 5).
236 4405 356 4473 »Imago
368 4404 443 4459 enirn
452 4404 558 4474 Deiqui
568 4403 748 4475 incorporeus
757 4408 863 4458 estnon
876 4409 919 4459 est
959 4402 1012 4456 hoc
1024 4403 1129 4457 distare
1144 4403 1279 4469 dicamus,
1297 4405 1364 4476 quia
1374 4407 1525 4477 prasentia
1539 4408 1673 4472 ridentur,
1688 4417 1728 4458 cre

120 4495 147 4548 in
163 4510 278 4564 corpore
292 4494 424 4560 humano,
438 4493 513 4564 quod
527 4492 716 4565 corrumpitur
737 4499 765 4546 et
783 4498 918 4563 gravatur
958 4490 1209 4558 dunturabseutia,
1220 4494 1302 4565 plane
1312 4494 1506 4550 forsitansatis
1517 4501 1570 4565 est,
1577 4497 1601 4551 si
1610 4490 1728 4568 prasentia
1783 4496 1785 4513 '

120 4583 272 4637 secundum
285 4582 423 4636 desideria
435 4582 548 4646 erroris,
560 4582 609 4637 sed
619 4582 649 4636 in
663 4582 763 4653 spiritu
773 4588 801 4637 ot
811 4582 915 4649 anima,
958 4579 1007 4634 illa
1019 4580 1072 4635 hoc
1086 4581 1146 4635 lcco
1162 4581 1352 4652 intelligamus
1377 4583 1461 4650 dicta,
1488 4602 1550 4656 qum
1570 4591 1665 4656 peasa
1682 4584 1727 4635 sunl

120 4671 441 4743 quiaspiritusestDeus
451 4671 499 4741 qui
509 4670 760 4737 omniascrutatur,
772 4671 918 4741 neapossi·
958 4667 1095 4736 sensibus,
1111 4670 1262 4725 sireanirni
1272 4672 1330 4727 sire
1340 4673 1474 4744 corporis,
1491 4675 1568 4729 unde
1578 4672 1725 4730 etiamduclss

118 4760 174 4814 bile
182 4766 226 4815 est
234 4765 267 4814 ut
278 4766 421 4815 terrenum
433 4759 564 4831 etlnrgile
575 4759 680 4832 aliquid
692 4758 918 4830 celsitudiniejus
957 4757 1090 4812 vocabulo
1122 4759 1272 4830 prasentia
1295 4761 1490 4816 nominantur.
1514 4763 1562 4818 Sic
1585 4763 1655 4818 enim
1677 4761 1725 4813 hanc

118 4855 202 4922 atque
216 4848 366 4903 aeternitati
377 4854 564 4920 comparetur,
581 4847 713 4920 quiaipse
724 4853 768 4903 ost
781 4848 916 4919 vitaque
957 4846 1048 4902 lucem
1057 4847 1182 4918 eorporis
1192 4864 1287 4915 sensu,
1300 4849 1377 4905 sicet
1386 4867 1480 4906 meam
1491 4851 1658 4908 voluntatem
1667 4847 1723 4921 plaut

118 4940 239 4994 vivificat
253 4937 357 4997 omnia.
374 4938 422 5009 qui
442 4938 518 4992 solus
534 4936 619 4992 habet
631 4937 873 4992 immortalitatem
888 4943 916 4991 et
957 4933 1045 5000 rideo,
1061 4936 1128 5007 quia
1142 4942 1244 5007 presto
1259 4943 1302 4994 cst
1314 4939 1403 4994 animi
1428 4939 1485 4996 mei
1508 4941 1644 5005 sensibus,
1664 4943 1722 5003 aare

118 5029 208 5084 lucem
222 5027 331 5082 babitat
354 5025 584 5081 inaccessibilem.
612 5027 673 5096 lpse
698 5031 741 5080 est
765 5026 840 5080 enim
869 5027 915 5080 lur
957 5024 1033 5079 intus
1048 5024 1252 5097 mihipraesens
1266 5034 1319 5082 est.
1335 5029 1365 5085 Si
1381 5026 1446 5101 quis'
1470 5045 1538 5085 sero
1561 5029 1628 5085 mibi
1648 5021 1722 5082 indicet
1782 5094 1785 5107 1

118 5134 183 5173 vera
197 5134 281 5189 aquea
291 5116 432 5171 illuminat
441 5132 553 5170 ornnem
567 5114 708 5169 bominem
718 5114 874 5170 venientem
886 5114 914 5168 in
956 5113 1129 5168 voluntatem
1143 5131 1233 5183 suam,
1250 5118 1331 5187 cuius
1340 5135 1371 5172 os
1382 5123 1468 5174 atrox
1484 5118 1556 5174 mihi
1566 5133 1676 5192 praeseus
1686 5111 1719 5166 ⁰³¹·
1783 5110 1785 5145 ²

117 5207 191 5262 bunc
204 5206 340 5261 mundum
353 5227 376 5271 ι,
389 5211 416 5259 et
427 5204 489 5259 ideo
500 5203 782 5277 quisquisilliuslucis
792 5209 915 5258 contem-
956 5208 1051 5257 tamen
1066 5202 1133 5275 quia
1145 5203 1207 5277 ipsa
1222 5205 1349 5261 voluntas
1363 5224 1449 5279 quam
1470 5208 1541 5263 mibi
1555 5208 1662 5272 indicat,
1675 5200 1720 5257 lam

117 5293 913 5366 piationefruidesideratinaternabeatitudinemecessc
956 5308 1070 5347 sensum
1083 5292 1208 5365 corporis
1222 5299 1252 5349 et
1272 5295 1361 5352 animi
1380 5296 1444 5362 mei,
1470 5298 1565 5365 credo,
1585 5312 1638 5355 non
1656 5289 1717 5346 rideo·

117 5389 200 5438 estut
211 5384 327 5439 mundet
337 5401 385 5439 cor
394 5384 424 5439 in
434 5383 517 5454 hujus
527 5383 589 5438 vitae
599 5383 835 5455 peregrinatione,
846 5381 914 5454 quia
955 5388 1006 5436 aut
1018 5381 1042 5437 si
1057 5397 1122 5435 eum
1131 5382 1244 5438 mentiri
1259 5384 1397 5453 existimo,
1408 5387 1573 5455 nouercae,
1590 5393 1618 5444 et
1631 5385 1653 5440 si
1662 5379 1716 5437 forle

116 5487 173 5527 non
188 5471 271 5526 alitor
283 5473 319 5527 ad
337 5473 397 5543 ejus
410 5472 546 5527 visionem
560 5472 720 5545 pertingere
743 5471 856 5544 poterit,
878 5471 913 5525 de
953 5475 987 5524 ut
999 5469 1076 5535 dicit,
1091 5469 1130 5524 ita
1144 5471 1189 5526 sit.
1207 5472 1368 5530 Credantur
1380 5491 1448 5547 ergo
1462 5476 1512 5531 illa
1535 5492 1597 5549 qua
1611 5471 1718 5531 absunta

117 5576 173 5630 quo
186 5559 246 5631 ipsa
260 5559 370 5615 Veritas
393 5561 450 5615 ait:
479 5561 584 5615 «Beati
603 5561 708 5616 mundo
729 5561 821 5627 cordo,
842 5576 911 5631 quo·
953 5557 1080 5614 sensibus
1095 5559 1207 5627 nostris,
1224 5561 1249 5616 si
1263 5562 1373 5619 videtur
1388 5564 1507 5620 idoneus
1529 5565 1577 5637 qui
1591 5565 1624 5620 de
1643 5558 1715 5617 aste
