3786 6128
136 291 206 350 1269
770 299 817 354 DE
839 299 998 355 vtuuuuo
1018 300 1127 356 usust.
1703 300 1773 360 tuto

136 419 206 475 faeie
223 422 259 476 ad
291 424 391 479 faciem
415 427 598 497 loquebatur:
617 446 628 478 c
651 427 680 480 Si
695 424 788 479 inveni
812 424 1057 495 gratiamhpaulo
1072 431 1137 478 unte
1150 425 1258 480 dixerat
1278 428 1412 482 risionem
1433 428 1468 481 ad
1486 435 1635 499 utrumque
1648 427 1773 483 referen-

135 518 202 565 unte
228 519 265 576 te,
294 516 410 571 ostende
434 516 502 569 mihi
522 516 701 586 temetipsum
731 515 824 573 (Eruet.
842 530 932 579 xxxin,
975 513 1050 575 claun,
1067 530 1141 568 nunc
1156 531 1217 568 earn
1232 532 1288 569 non
1303 517 1390 570 menti
1406 516 1454 570 sed
1468 517 1555 571 oculis
1566 517 1652 583 dedit,
1664 533 1730 583 nou,
1742 522 1775 572 ut

129 599 218 659 'idas
235 602 308 666 Quid
321 605 409 674 ergo?
426 605 477 660 llle
492 622 547 659 non
563 612 624 659 crat
637 604 717 674 ipse?
736 603 764 657 Si
778 619 834 656 nen
850 610 935 656 estet
976 601 1084 672 opinor,
1100 603 1276 673 negligenter
1290 622 1343 658 sua
1355 604 1440 659 rerba
1463 606 1625 676 respiciens,
1644 605 1692 660 sed
1707 605 1773 676 quia

137 691 206 761 ipse.
223 709 279 747 nou
293 692 319 746 ei
333 693 448 759 diceret,
465 714 475 744 t
494 693 616 749 Ostende
631 692 700 746 mihi
713 692 901 762 temetipsum,
920 711 932 741 s
976 691 1106 745 usitatius
1121 693 1149 746 in
1164 692 1302 763 loquendo
1318 695 1440 748 solemus
1455 695 1542 748 oculis
1566 693 1720 749 attribuere
1736 694 1774 749 ri-

136 780 196 839 sed,
215 781 337 836 Ostende
346 782 416 835 mihi
430 784 529 848 Ocurri,
540 790 569 836 et
582 787 677 836 tamen
691 782 714 834 si
729 782 790 850 ejus
802 786 933 833 naturam
975 779 1092 845 sionem,
1110 781 1182 835 sicut
1196 782 1316 852 speciem
1331 784 1451 853 corpori.
1466 784 1539 837 Nam
1550 791 1578 837 et
1595 784 1641 837 hic
1655 799 1715 837 ines
1730 783 1772 837 lo·

135 868 378 941 substantiamque
403 872 584 943 conspiceret,
610 871 697 925 multo
714 870 806 924 rniuus
818 869 932 933 diceret,
976 869 1079 938 quendi
1094 869 1219 924 erebrius
1232 879 1385 942 usurpatur
1396 872 1426 926 in
1437 871 1529 937 rebuS,
1547 888 1609 942 quae
1623 872 1691 927 locis
1705 889 1773 926 con·

137 979 149 1010 ι
166 960 289 1013 Ostende
303 960 371 1013 mihi
386 961 577 1031 temetipsum.
602 981 612 1010 ι
630 961 691 1030 lpse
704 975 770 1027 ergo
786 965 847 1012 erat
860 959 888 1012 in
901 974 934 1010 ea
974 957 1110 1023 tinentur,
1128 959 1325 1030 varianturque
1340 960 1488 1015 coloribus.
1510 961 1564 1015 Sed
1582 962 1606 1015 si
1621 961 1699 1019 nulla
1712 946 1774 1031 spe·

135 1048 227 1118 specie
243 1065 298 1118 qua
312 1066 448 1121 apparere
463 1050 597 1103 soluerat.
619 1050 681 1103 Non
701 1055 796 1102 autem
810 1047 870 1118 ipse
883 1064 933 1117 ap-
975 1046 1030 1100 cies
1044 1053 1215 1101 essetrnente
1225 1050 1392 1114 contuenda,
1404 1067 1459 1104 non
1468 1050 1609 1104 diceretur
1623 1049 1694 1105 illei
1711 1066 1773 1120 spe·

136 1135 252 1207 parebat
265 1137 293 1191 iu
309 1145 410 1191 natura
426 1138 539 1209 propria
553 1155 637 1208 (quam
652 1138 762 1208 Moyses
780 1136 871 1189 ridere
884 1152 933 1188 cu·
975 1135 1231 1206 ciosustbrmaprae
1241 1138 1306 1191 filiis
1316 1139 1460 1193 hominum
1473 1141 1526 1207 (Pa.
1545 1155 1616 1199 κων,
1633 1138 1670 1205 3),
1691 1159 1701 1189 s
1719 1139 1773 1192 Ne·

133 1224 239 1297 piebat,
249 1227 530 1297 atqu-repromittitur
545 1227 647 1280 sanctis
658 1225 686 1279 in
702 1225 757 1279 alia
772 1224 835 1278 vita.
853 1224 932 1278 Unde
974 1240 1027 1294 qur.
1041 1225 1115 1278 enim
1133 1225 1184 1279 hcc
1197 1227 1350 1280 seeundum
1365 1244 1478 1281 carnem
1490 1228 1597 1282 dictum
1613 1232 1665 1293 est,
1677 1234 1706 1282 et
1715 1243 1771 1283 non

134 1314 210 1385 quod
224 1331 390 1385 responsum
407 1324 450 1370 est
463 1315 552 1386 Moysi
565 1331 662 1369 rerum
674 1320 726 1379 est,
739 1314 825 1384 (quiae
849 1330 932 1367 nemo
973 1314 1124 1368 secundum
1134 1315 1254 1384 speeiem
1266 1315 1429 1385 spiritalem.
1438 1316 1698 1373 Proindenarrante
1707 1316 1773 1372 Uni·

133 1408 228 1474 petest
241 1404 341 1458 t'aciem
355 1404 406 1459 Ilei
428 1405 528 1469 ridere,
546 1411 574 1458 et
588 1403 678 1457 virere
694 1405 773 1471 (ibid.
791 1420 815 1456 o.
836 1400 898 1467 ‘zoa
918 1424 930 1455 a
972 1403 1078 1472 genito,
1094 1403 1142 1473 qui
1157 1403 1242 1457 estin
1257 1403 1320 1459 sinu
1334 1405 1436 1467 Patris,
1454 1405 1615 1460 narratione
1627 1405 1770 1472 ineffabih,

133 1492 162 1546 id
184 1499 237 1557 est,
262 1510 344 1547 nemo
361 1499 453 1563 petest
466 1510 531 1547 eum
547 1494 576 1546 in
591 1492 713 1547 haesita
729 1492 823 1545 virens
839 1484 932 1545 videre
973 1497 1101 1545 creatura
1115 1492 1260 1547 rationalis
1275 1494 1381 1547 munda
1395 1500 1423 1547 et
1445 1500 1542 1548 sancta
1561 1494 1694 1564 impletur
1720 1494 1771 1549 Dei

134 1581 217 1635 sicuti
232 1589 283 1636 est.
298 1583 371 1636 Nam
387 1583 468 1636 inulti
485 1582 622 1644 viderunt,
643 1582 691 1636 sed
707 1581 782 1652 qued
806 1580 933 1634 voluntas
973 1580 1079 1634 visione
1103 1580 1247 1647 ineffabili,
1273 1599 1358 1652 quant
1379 1589 1446 1637 tunc
1469 1598 1682 1653 consequemur,
1707 1599 1772 1637 cum

133 1669 228 1740 elegit,
252 1687 307 1723 non
322 1671 396 1740 qued
422 1677 522 1724 natura
548 1669 687 1734 formarit,
714 1675 741 1722 et
766 1669 835 1723 illud
859 1668 933 1738 quod
974 1669 1094 1740 aequales
1109 1670 1215 1739 angelis
1228 1670 1294 1724 facti
1309 1671 1454 1737 fuerimus,
1472 1672 1539 1743 quia
1557 1672 1631 1726 sicut
1644 1672 1772 1726 videntur

132 1759 256 1813 loannes
266 1759 314 1823 ait,
327 1759 436 1813 sirecte
449 1759 633 1829 intelligitur:
651 1778 661 1808 r
677 1756 866 1818 Dilectissimi,
882 1756 933 1817 filii
943 1767 966 1825 Β
977 1757 1032 1811 ista
1048 1757 1310 1830 risibilia.corp01·is
1328 1760 1456 1814 sensibus
1468 1766 1544 1826 nota,
1557 1780 1568 1811 ι
1581 1761 1672 1815 Deum
1688 1777 1771 1817 nenio
1804 1788 1809 1795 ‚

133 1847 183 1903 Dei
195 1864 302 1915 sumus,
312 1855 341 1902 et
351 1845 933 1920 nondumapparuitquoderirnus3scimus
974 1846 1043 1900 vidit
1057 1862 1191 1918 unquam.
1207 1849 1366 1912 »Quoniam
1389 1850 1411 1902 si
1422 1849 1573 1919 aliquando
1584 1866 1616 1904 eo
1631 1851 1715 1904 modo
1730 1850 1771 1904 ri·

132 1937 279 2008 quiscum
288 1937 461 2008 apparuerit,
474 1937 580 1991 similes
590 1935 738 2000 eierimuS,
750 1933 882 2004 queniam
892 1935 931 1987 ri·
973 1952 1021 1989 sus
1032 1942 1082 2000 est,
1096 1952 1151 1990 non
1162 1936 1234 1991 sicut
1248 1937 1301 1991 iste
1316 1943 1417 1992 natura
1433 1938 1552 2017 vidptur,
1564 1939 1612 1993 sed
1628 1939 1771 1993 voluntate

131 2025 262 2081 debimus
279 2043 344 2079 euni
361 2027 443 2080 sicuti
454 2034 498 2079 est
513 2028 538 2079 if
550 2028 630 2079 lauit.
642 2042 680 2090 in,
697 2027 737 2089 2),
759 2047 771 2073 »
790 2039 846 2077 non
861 2023 933 2077 sicut
974 2024 1048 2079 risus
1062 2032 1113 2091 est,
1125 2027 1217 2095 specie
1228 2027 1379 2097 queroluit
1390 2042 1537 2097 apparens,
1552 2028 1656 2081 latente
1669 2034 1771 2083 natura

132 2132 199 2170 eum
210 2116 337 2169 homines
348 2115 477 2169 viderunt
492 2110 605 2185 quando
620 2113 714 2179 voluit,
732 2112 761 2165 in
776 2112 934 2182 specieque
973 2115 1096 2184 atquein
1106 2115 1410 2169 seincommutebiliter
1420 2120 1611 2186 permanente.
1629 2116 1772 2171 Eouutem

130 2203 229 2269 soluit,
246 2219 302 2256 uon
318 2220 346 2256 m
366 2209 477 2267 natura,
489 2219 549 2273 quae
564 2201 593 2254 in
606 2201 756 2271 semetipso
771 2200 857 2254 etiem
870 2215 932 2254 cum
973 2203 1057 2256 modo
1067 2203 1240 2273 quoridetur
1249 2204 1331 2259 sicuti
1343 2211 1396 2270 est,
1409 2221 1483 2258 nunc
1492 2204 1619 2269 fortasse,
1630 2204 1740 2259 videtur
1754 2220 1772 2259 a

132 2290 285 2357 videretur,
298 2292 389 2356 latuit,
412 2292 459 2344 sed
475 2292 547 2345 sicut
568 2296 619 2353 est,
635 2290 709 2361 quod
724 2289 758 2343 ab
774 2306 806 2343 eo
821 2287 933 2359 peteba-
973 2291 1141 2362 quibusdam
1156 2292 1271 2362 angelis.
1292 2294 1316 2346 Λ
1335 2292 1415 2346 nobis
1429 2299 1523 2347 autem
1538 2309 1594 2347 non
1609 2293 1649 2348 ita
1662 2293 1772 2349 videtur

130 2380 460 2445 tur,cumcidiceretur,i
472 2380 595 2434 Ostende
604 2378 887 2448 rnihitemetipsum»,
897 2376 932 2429 ab
973 2377 1146 2451 [videbiturl
1159 2381 1272 2435 cumeis
1286 2381 1350 2435 facti
1367 2381 1503 2436 fuerimus
1515 2382 1646 2452 aequales.
1663 2382 1770 2438 Deinde

131 2469 225 2539 ecqui
239 2486 303 2522 cum
312 2469 359 2522 illo
370 2469 440 2523 faeie
450 2469 485 2522 ad
493 2468 592 2522 taciem
605 2467 780 2537 loquebatur.
796 2465 932 2536 Nonquia
972 2486 1035 2522 curn
1051 2470 1213 2531 addidisset,
1228 2471 1318 2541 aquia
1327 2487 1378 2524 nec
1388 2475 1541 2541 potestates
1551 2470 1685 2525 culorum
1698 2471 1772 2525 sicut

130 2557 183 2612 Dei
198 2558 400 2629 plenitudinem
417 2558 534 2628 quisquc
551 2574 605 2610 non
621 2557 711 2610 solum
731 2556 818 2609 oculis
837 2571 931 2625 corpo·
972 2558 1114 2629 seraphin,
1130 2559 1185 2613 nisi
1201 2576 1265 2614 eum
1280 2560 1412 2614 voluntat
1424 2560 1660 2630 quemadmodum
1672 2561 1770 2615 velunt

131 2646 181 2711 ris,
201 2647 251 2701 sed
276 2647 317 2700 rel
339 2647 400 2718 ipsa
427 2654 521 2700 mente
536 2645 686 2715 aliquando
708 2643 928 2714 comprehendit.
973 2646 1101 2701 videntur
1118 2665 1123 2699 :
1143 2655 1199 2703 »ut
1212 2648 1276 2702 hinc
1294 2648 1379 2701 etiam
1399 2648 1584 2717 conjiceretur
1609 2654 1715 2719 quanta
1733 2648 1770 2703 sit

129 2735 216 2790 Aliud
230 2744 274 2789 est
283 2736 358 2790 enim
367 2736 470 2799 videre,
485 2735 562 2788 aliud
578 2740 621 2787 est
629 2738 719 2787 totum
730 2733 847 2787 ridendo
859 2749 931 2786 eom-
971 2734 1147 2791 invisibilitas
1156 2736 1310 2802 Trinitatis,
1319 2744 1414 2791 tumen
1423 2737 1522 2806 inquit,
1541 2756 1552 2786 ι
1571 2743 1599 2792 et
1612 2737 1636 2791 si
1646 2742 1771 2808 potestus

130 2825 314 2896 prehendere,
329 2824 553 2895 quandoquidem
561 2823 589 2877 id
596 2823 714 2887 ridetur,
725 2823 798 2892 quod
809 2838 931 2893 praesens
972 2840 1027 2878 nou
1041 2830 1084 2878 est
1098 2825 1217 2890 videndi,
1233 2830 1276 2880 est
1288 2826 1381 2895 gratia
1395 2826 1582 2896 promerendi,
1599 2845 1612 2879 n
1629 2831 1660 2880 ut
1675 2825 1768 2881 videre

129 2919 284 2984 utrumque
298 2914 419 2968 sentitur
435 2932 441 2975 ς
465 2919 556 2966 tutum
572 2917 665 2965 autem
685 2910 932 2982 consprehenditur
971 2913 1119 2984 possimus,
1135 2920 1164 2968 et
1173 2914 1235 2968 ideo
1247 2913 1294 2986 qui
1305 2913 1529 2984 habuitgratiam
1536 2914 1641 2969 meruit
1648 2915 1769 2984 copiam.

129 3002 262 3069 videndo,
272 3004 344 3074 quod
357 3003 397 3057 ita
407 3003 524 3066 ridetur,
542 3006 573 3054 ut
583 3000 653 3054 nihil
669 3002 730 3071 ejus
740 3001 827 3055 lateat
839 3000 931 3054 riden-
971 3001 1029 3056 Nos
1043 3004 1152 3074 copiam
1169 3021 1224 3058 non
1239 3020 1391 3069 meremur,
1407 3004 1688 3074 quiaDeumvidendi
1702 3021 1769 3074 gre·

128 3098 199 3157 tem,
226 3099 276 3145 aut
296 3094 376 3163 cuius
399 3092 469 3146 fines
484 3089 660 3161 circumspici
676 3095 802 3160 possunt,
815 3089 887 3143 sicut
902 3096 929 3144 te
941 3076 1038 3147 Getam
1055 3110 1110 3147 nnn
1126 3092 1271 3147 habemus.
1288 3093 1339 3147 llis
1358 3092 1453 3162 itaquo
1472 3092 1563 3146 verbis
1588 3092 1690 3163 quibus
1711 3110 1768 3149 non

129 3181 202 3236 nihil
225 3181 295 3234 latet
320 3181 465 3251 presseritis
493 3179 644 3234 uoluntatis
665 3187 730 3243 tue,
755 3178 930 3250 circumspici
970 3182 1124 3247 suaderet,
1142 3182 1189 3236 sed
1207 3182 1387 3251 Erangelium
1401 3182 1523 3252 exponit,
1541 3198 1597 3237 non
1611 3183 1663 3236 hoc
1682 3181 1770 3237 voluit

113 3276 326 3341 -autempotest
336 3270 399 3323 finis
413 3270 509 3323 annuli
526 3269 576 3322 tui.
589 3267 871 3338 Exempligratiaduo
881 3283 928 3339 po·
968 3270 1088 3342 intelligi
1102 3271 1300 3343 quodquidam
1315 3288 1413 3325 eorum
1438 3270 1570 3325 ridebunt
1588 3270 1688 3337 Deum,
1706 3272 1768 3343 qui·

127 3359 182 3417 sui,
201 3375 322 3430 quorum
338 3358 457 3412 alterurn
482 3359 516 3412 ad
534 3357 636 3412 mentis
651 3355 790 3421 obtutum,
807 3356 928 3411 alterum
968 3360 1035 3414 darn
1051 3378 1115 3415 rero
1130 3377 1185 3415 non
1210 3359 1351 3425 ridebunt,
1369 3360 1470 3430 quibus
1491 3359 1669 3414 credentibus
1689 3360 1768 3415 dedit

125 3448 161 3502 ad
175 3449 335 3520 corporales
350 3448 444 3502 oculos
459 3447 593 3518 pcrtinet3
607 3447 682 3500 risus
695 3445 780 3508 enim,
795 3445 868 3499 sicut
880 3444 927 3498 ille
968 3455 1136 3521 potestatem
1155 3449 1227 3502 filios
1239 3449 1368 3513 Deifreri,
1381 3447 1490 3502 eumad
1504 3464 1551 3505 eos
1566 3465 1664 3503 ornnes
1678 3449 1766 3519 perti·

126 3536 220 3601 ailad
235 3543 387 3607 utrumque
401 3536 563 3590 referendus
574 3542 626 3601 est,
640 3535 730 3601 idest,
742 3534 777 3588 ad
791 3534 885 3588 oculos
900 3538 928 3588 et
968 3545 1034 3593 neat
1043 3539 1115 3607 quod
1125 3537 1229 3591 dictum
1240 3544 1292 3601 est,
1306 3537 1482 3590 «ridebimus
1500 3553 1566 3590 eum
1586 3537 1668 3591 sicuti
1682 3542 1734 3591 est.
1750 3553 1765 3589 u

125 3626 410 3689 adrnentern.P0rro,
421 3626 696 3697 siproptereaDeum
708 3623 926 3677 nemoridituu-
969 3627 1021 3681 Sed
1038 3625 1164 3689 dicendo,
1181 3626 1237 3679 Nos
1252 3625 1361 3695 copiam
1376 3641 1432 3678 non
1448 3640 1589 3679 meremur
1599 3625 1665 3695 quia
1677 3625 1766 3681 Deum

127 3731 223 3786 quam,
239 3715 315 3785 quia,
337 3714 408 3769 sicut
423 3719 464 3768 ait
478 3715 636 3785 disputator
649 3714 728 3783 cuius
743 3711 825 3765 rerba
839 3711 928 3765 consi·
969 3715 1080 3769 videndi
1093 3713 1215 3784 gratiam
1229 3730 1284 3769 non
1299 3712 1445 3779 habemus,
1462 3712 1496 3767 de
1508 3712 1667 3767 hocsaeculo
1680 3728 1710 3766 se
1725 3713 1766 3766 to-

124 3803 267 3869 deramus,
289 3804 492 3876 plenitudinem
513 3803 668 3857 divinitatis
684 3804 745 3872 ejus
762 3818 844 3856 nemo
859 3817 927 3854 con·
969 3804 1017 3876 qui
1032 3801 1262 3873 significarit,ubi
1273 3802 1440 3873 quibusdam
1451 3803 1526 3857 Deus
1537 3802 1667 3857 licetuon
1677 3802 1768 3857 insua

125 3893 224 3965 spexit,
234 3891 794 3961 nemomenteauteculiscomprehendit.
810 3889 923 3943 «Vidits
968 3898 1078 3956 natura,
1095 3891 1142 3946 sed
1158 3891 1187 3946 in
1203 3907 1259 3961 qua
1272 3891 1360 3944 voluit
1374 3891 1466 3961 specie
1480 3891 1669 3961 dignatusest
1682 3907 1767 3962 appa·

125 3983 200 4037 enim
209 3983 245 4037 ad
259 3988 409 4053 utrumque
419 3981 596 4035 referendum
608 3985 659 4034 est.
674 3981 773 4034 Restat
785 3979 926 4048 inquirere
968 3998 1039 4047 rere,
1055 3981 1128 4035 sicut
1140 3979 1269 4045 Abrahae,
1286 3980 1359 4033 sicut
1373 3980 1452 4035 lsaiae
1476 3980 1595 4052 aliisque
1615 3979 1763 4034 similibus.

125 4072 266 4143 quomodo
281 4071 374 4141 angeli
388 4071 477 4125 Deum
497 4070 617 4136 rideant,
634 4075 749 4140 propter
769 4068 836 4122 illud
852 4067 926 4138 qnod
968 4069 1082 4126 Ceteris
1096 4086 1160 4123 vero
1172 4068 1433 4133 innumerabilibus,
1446 4070 1573 4140 quemvis
1583 4069 1618 4124 ad
1628 4084 1767 4140 suumpo-

125 4178 156 4215 ex
166 4160 318 4230 Evangelio
333 4159 579 4214 commemorarit:
600 4178 610 4208 ι
629 4157 728 4227 Angeli
743 4174 839 4211 eorum
855 4173 925 4209 sem·
965 4160 1063 4231 pulum
1078 4165 1105 4212 et
1118 4157 1310 4213 hereditatem
1320 4157 1676 4229 reternampertinentibus,
1689 4159 1767 4213 nulla

123 4249 282 4320 pervident
296 4249 395 4302 faciem
405 4248 497 4302 Patris
507 4248 563 4301 mei
574 4248 680 4315 thalla.
700 4263 776 4308 xrin,
797 4245 846 4310 tu).
865 4263 877 4295 r
895 4245 924 4298 Si
966 4249 1007 4302 vel
1023 4248 1072 4302 tali
1087 4247 1180 4317 specie
1195 4264 1225 4300 se
1239 4247 1414 4301 demonstrat
1426 4266 1431 4300 :
1444 4248 1473 4300 in
1488 4247 1582 4301 tuturo
1604 4253 1701 4301 autem
1716 4264 1765 4302 see-

124 4339 201 4392 enim
216 4343 245 4391 et
259 4336 326 4408 ipsis
341 4354 396 4391 non
412 4337 494 4390 sicuti
510 4343 561 4401 est,
574 4336 622 4389 sed
639 4337 744 4389 latente
757 4351 809 4388 sua
823 4339 925 4388 natura
966 4338 1038 4401 culo,
1054 4337 1101 4406 qui
1117 4352 1235 4405 regnum
1251 4336 1391 4407 accepturi
1406 4344 1473 4391 sunt
1484 4336 1558 4406 quod
1573 4336 1613 4390 eis
1636 4333 1671 4388 ab
1684 4335 1766 4389 initio

123 4426 153 4480 in
165 4426 259 4497 specie
274 4442 330 4496 qua
341 4424 468 4489 volucrit,
478 4430 606 4496 apparet,
623 4424 713 4495 magis
729 4423 873 4493 magisque
882 4440 924 4477 re·
966 4431 1152 4497 praeparatum
1168 4430 1219 4490 est,
1229 4441 1327 4478 omnes
1337 4424 1606 4478 eumcordemundo
1619 4423 1762 4488 ridebunt,

123 4515 295 4586 quirendum
307 4520 350 4568 est
364 4515 503 4585 quomodo
518 4531 582 4567 eum
598 4530 649 4567 nos
666 4512 821 4567 ridebimus
842 4512 924 4565 sicuti
964 4531 1016 4569 nec
1030 4515 1059 4568 in
1071 4514 1118 4568 illo
1129 4529 1215 4583 regno
1229 4513 1285 4568 nisi
1295 4513 1366 4566 tales
1376 4517 1467 4566 erunt.
1480 4512 1601 4565 Attende
1615 4511 1712 4582 itaque
1735 4512 1764 4566 id

122 4610 176 4665 est,
183 4610 214 4658 et
223 4603 295 4658 sicut
302 4602 411 4674 Moyses
422 4603 592 4657 desiderarit
601 4618 663 4656 cum
676 4607 785 4673 peteret
797 4608 828 4655 ut
837 4602 921 4664 Deus,
965 4604 1038 4675 quod
1049 4604 1195 4672 adjungat,
1210 4603 1270 4671 jam
1285 4601 1320 4655 de
1334 4602 1381 4655 illo
1396 4601 1497 4655 saeculo
1509 4601 1602 4654 dicere
1615 4601 1762 4671 incipiens,

121 4693 172 4765 qui
186 4693 216 4746 in
231 4700 381 4762 conspectu
395 4693 457 4761 ejus
471 4697 541 4757 erat,
559 4691 719 4744 ostenderet
735 4690 775 4744 illi
794 4689 924 4760 semetip·
967 4711 981 4744 a
996 4699 1025 4745 et
1040 4691 1106 4761 quid
1120 4691 1234 4752 mirum,
1250 4689 1351 4759 inquit,
1368 4689 1390 4742 si
1405 4689 1435 4745 in
1451 4689 1579 4759 praesenti
1593 4690 1693 4743 saeculo
1710 4689 1762 4749 nisi

120 4798 186 4837 sum
205 4782 299 4845 (Ercd.
323 4797 419 4846 xxxin,
440 4776 496 4848 13).
520 4780 579 4834 lloc
593 4780 667 4833 enim
682 4779 762 4833 nobis
782 4795 924 4832 sumntum
966 4779 1076 4850 quande
1092 4780 1150 4833 tuit
1164 4779 1298 4832 Dominus
1319 4794 1374 4832 non
1391 4777 1515 4831 ridetur?
1530 4778 1563 4832 ln
1577 4777 1638 4847 ipsa
1651 4794 1763 4848 quoque

120 4885 273 4942 praemmm
287 4869 315 4923 in
330 4866 535 4923 resurrectione
546 4868 727 4939 promittitur,
737 4867 925 4939 quoderimus
967 4867 1172 4921 resurrectione
1187 4883 1242 4920 non
1264 4866 1343 4920 facile
1358 4870 1401 4918 est
1415 4866 1504 4919 ileum
1529 4865 1621 4919 ridere
1645 4865 1700 4919 nisi
1723 4865 1764 4919 eis

119 4959 245 5030 aequales
260 4958 367 5028 angelis
384 4958 444 5012 Dei.
463 4959 501 5011 hc
516 4974 564 5028 pcr
580 4958 631 5010 hoc
648 4957 670 5011 si
682 4974 733 5011 nec
745 4957 797 5027 ipsi
809 4974 874 5011 cum
888 4957 926 5010 ri·
968 4958 1015 5027 qui
1024 4956 1107 5009 corde
1118 4956 1174 5010 sint
1183 4955 1297 5020 mundo,
1309 4962 1338 5008 et
1347 4954 1420 5017 ideo,
1431 4978 1443 5003 a
1460 4954 1539 5007 Beati
1554 4954 1658 5008 mundo
1668 4953 1761 5019 corde,

120 5048 192 5102 dent
207 5046 289 5100 sicuti
304 5054 355 5111 est,
375 5046 514 5117 quemodo
526 5063 576 5100 nos
588 5046 627 5098 ita
640 5046 726 5099 visuri
738 5062 845 5111 sumus,
862 5062 926 5099 eum
968 5045 1020 5116 ipsi
1030 5045 1104 5099 enim
1114 5046 1204 5099 Deum
1214 5044 1355 5110 ridebunt,
1373 5066 1386 5095 »
1401 5051 1521 5113 quantos
1529 5043 1625 5097 beatos
1637 5043 1697 5111 jam
1711 5058 1763 5099 uu·

120 5136 164 5190 eis
188 5136 311 5205 aquales
332 5135 361 5189 in
374 5136 578 5189 resurrectione
604 5134 668 5190 sacti
688 5134 849 5189 fuerimus?
868 5134 923 5189 Sed
967 5131 1382 5188 merareratettamenridendi
1394 5131 1437 5187 his
1452 5133 1541 5186 Deum
1553 5148 1609 5185 non
1627 5130 1762 5202 promise·

120 5224 186 5278 vide
206 5224 273 5294 quid
291 5230 497 5295 consequenter
513 5224 589 5278 dierat
620 5229 716 5277 noster
746 5223 921 5277 Ambrosius.
964 5224 1198 5290 ratfacultatem;
1215 5222 1238 5275 si
1253 5238 1320 5291 ergo
1334 5221 1364 5275 hi
1388 5221 1437 5290 qui
1458 5220 1563 5275 mundo
1588 5224 1656 5274 sunt
1677 5220 1761 5277 corde

120 5312 259 5383 Denique,
283 5313 384 5384 inquit,
410 5329 474 5367 curn
488 5313 610 5375 additur,
630 5330 642 5364 a
659 5311 820 5381 unigenitus
835 5312 922 5365 Filius
964 5312 1053 5366 Deum
1069 5311 1210 5376 ridebunt,
1227 5310 1322 5380 utique
1336 5309 1384 5363 alii
1396 5325 1451 5363 nou
1466 5308 1607 5373 videbunt,
1619 5324 1710 5379 neque
1719 5309 1761 5365 in·

120 5401 181 5473 ipse
195 5401 331 5461 narrabit.
348 5401 484 5455 mentium
495 5402 584 5471 magis
597 5417 680 5471 quarn
695 5401 763 5454 visio
779 5400 922 5454 oculorum
964 5401 1041 5471 digni
1056 5402 1145 5455 Deum
1164 5398 1307 5463 videbunt,
1332 5414 1422 5469 neque
1437 5396 1461 5452 is
1483 5396 1531 5467 qui
1547 5397 1638 5451 Deum
1667 5397 1761 5452 ridere

120 5491 288 5545 declaretur.
307 5490 418 5561 Species
433 5491 508 5544 enim
520 5490 639 5552 ridetur,
650 5489 736 5542 virtus
754 5506 818 5542 rere
827 5504 923 5543 narra-
964 5490 1086 5543 noluerit
1099 5494 1192 5559 potest
1205 5488 1295 5542 Deum
1305 5487 1430 5542 ridere.»
1443 5485 1540 5539 Cernis
1551 5485 1625 5556 quod
1638 5485 1760 5543 circum·

124 5586 180 5634 tur.
205 5579 258 5633 Illa
272 5579 369 5643 oeulis,
387 5580 445 5633 haec
459 5584 552 5633 mente
567 5578 822 5650 comprehenditur.
841 5578 921 5641 »Qui
964 5584 1056 5648 specte
1079 5576 1210 5645 loquatur
1230 5576 1289 5646 jam
1307 5575 1343 5628 de
1363 5574 1396 5628 iis
1409 5573 1468 5645 ,qui
1491 5574 1520 5628 iu
1538 5571 1633 5631 fausto
1660 5575 1761 5631 saeuo
