3772 6120
122 279 175 339 sva
323 280 613 341 aerumnosus
631 283 670 339 nv
689 283 766 339 nne.
787 284 895 339 esum
914 284 973 340 um
991 285 1080 343 xsri.
1098 286 1181 343 -nv
1199 242 1565 343 snrsr.11snrunss.
1711 284 1763 338 nro

111 410 211 467 mm
221 406 382 478 recepistis,
395 406 434 461 sic
444 407 600 479 peremnia
613 407 766 462 adhortans
775 408 1072 471 revelatio-Abibeat.
1090 411 1127 466 Ut
1144 411 1212 465 dum
1225 412 1260 465 de
1281 411 1342 482 ipsa
1356 410 1469 465 levitate
1481 408 1616 465 motionis
1629 409 1764 480 predica·

111 510 187 559 nem
202 510 315 561 mm,
327 512 390 567 (111ae
410 502 596 568 emetiatur,
613 513 646 550 θῡ
663 496 738 567 quod
757 496 924 552 adversariis
964 502 1020 558 tori
1033 518 1085 556 suo
1098 517 1129 555 se
1138 500 1295 571 incognitos
1304 499 1460 566 crederent,
1472 505 1551 554 tanto
1560 497 1764 569 reprehensibi-

109 598 227 654 msgna
239 584 696 657 inferrenturtormenta,etquod
705 585 925 656 magnorumbo-
965 592 1006 647 les
1028 590 1099 657 lieri,
1120 595 1226 660 quanto
1245 595 1274 643 et
1292 588 1421 660 cognosci
1439 587 1474 641 ab
1496 587 1544 641 illo
1568 586 1761 641 formidarent.

112 688 226 737 mmm
239 672 405 728 fruitionem
414 680 575 745 exspectent
583 674 667 745 potiri
682 674 925 745 credenteshdji·
966 681 1085 747 (Arnus.)
1106 677 1279 735 Adveniente
1298 676 1417 731 Domino
1433 677 1526 747 Justos
1545 692 1642 729 omnes
1661 673 1763 729 debere

110 761 174 825 ait:
188 762 308 833 «lnquo
322 768 411 817 etoro
421 779 533 834 semper
549 780 599 834 pro
612 762 698 828 vobis,
716 769 749 818 ut
762 780 810 818 vos
824 764 924 834 dignos
965 768 1026 839 rapi
1042 767 1070 821 in
1085 765 1174 821 nubes
1189 765 1218 821 in
1228 765 1339 819 obviam
1347 766 1419 835 ejus,
1437 771 1467 819 et
1481 769 1513 819 nt
1522 762 1606 818 simul
1621 763 1678 817 sint
1692 779 1764 819 sem·
1815 780 1821 793 ·

115 876 135 907 ι
158 851 307 905 vocatione
317 868 371 907 sua
384 852 459 906 Deus
474 851 586 915 habeat,
603 858 631 906 et
642 851 757 923 impleat
767 868 848 907 omne
862 853 923 924 pla-
965 873 1011 927 per
1027 872 1092 911 eum
1106 871 1140 909 eo
1160 855 1310 925 Apostolus
1331 853 1361 907 in
1376 853 1468 925 prima
1483 852 1606 924 Epistola
1621 852 1764 907 evidenter

118 964 136 993 ι
160 938 249 995 citum
260 938 407 1005 bonitatis,
420 947 449 995 et
462 957 533 1011 opus
555 940 620 995 lldei
643 941 673 995 in
687 940 799 1005 virtute,
813 946 846 995 ut
865 942 925 1012 glo·
965 944 1094 1011 asseruit,
1110 943 1161 998 hoc
1173 959 1240 1013 ergo
1254 942 1338 997 dicit:
1351 961 1364 991 s
1380 942 1415 997 Et
1428 948 1556 996 nostram
1570 940 1768 1012 congregatio·

122 1060 138 1085 ι
162 1028 287 1082 ritlcetur
310 1045 414 1083 nornen
434 1029 547 1083 Domini
566 1029 655 1084 nostri
677 1030 707 1084 in
730 1029 817 1095 robis,
834 1036 863 1084 et
876 1047 924 1084 vos
964 1050 1029 1089 nem
1044 1034 1080 1087 ad
1094 1049 1179 1099 eum3
1201 1052 1215 1083 v
1230 1032 1300 1087 dicit
1314 1031 1418 1086 etenim
1438 1030 1543 1085 Christi
1562 1030 1714 1085 adventum
1733 1036 1760 1083 et

125 1142 142 1169 ι
164 1117 266 1188 inipso
280 1117 435 1172 secundum
449 1118 571 1189 gratiam
590 1118 640 1172 Dei
662 1119 750 1174 nostri
764 1124 793 1173 et
811 1118 923 1173 Domini
963 1122 1209 1193 congregationem
1227 1127 1295 1175 tuno
1313 1121 1349 1175 ad
1376 1136 1441 1174 eum
1464 1119 1599 1175 suturam.
1630 1119 1761 1187 (Reuss.)

130 1206 226 1263 slesu
246 1206 353 1261 Christi
371 1207 402 1261 in
421 1205 498 1262 vobis
524 1214 554 1261 et
576 1223 624 1261 vos
647 1208 677 1262 in
692 1208 749 1262 illo.
769 1208 851 1262 »Pro
879 1208 922 1262 his
963 1212 1056 1267 Nolite
1069 1210 1232 1282 persuaderi
1256 1209 1292 1264 ab
1310 1209 1366 1263 illis
1385 1209 1433 1280 qui
1454 1225 1502 1263 vos
1521 1208 1666 1273 seducunt,
1681 1207 1763 1278 quasi

132 1311 191 1369 qne
200 1294 269 1349 talia
281 1301 349 1349 sunt
368 1312 577 1368 perseveramus
592 1314 643 1367 pro
656 1295 732 1351 robis
746 1303 869 1361 orantes,
883 1297 923 1351 ita
963 1317 1049 1373 prope
1065 1300 1102 1355 sit
1117 1300 1186 1353 illud
1199 1305 1311 1369 tempus
1328 1317 1334 1351 :
1352 1298 1400 1351 sed
1423 1298 1481 1353 sive
1502 1297 1565 1369 quis
1582 1297 1618 1351 de
1642 1295 1762 1367 spiritali

138 1384 270 1454 uldignos
285 1400 334 1437 vos
358 1382 496 1439 bonorum
511 1383 624 1440 illorum
646 1384 776 1440 exhibeat
793 1386 878 1452 Deus,
893 1385 922 1440 in
962 1388 991 1445 id
999 1389 1028 1444 in
1039 1388 1202 1461 operatione
1213 1388 1359 1460 promittat
1368 1387 1469 1453 dicere,
1476 1387 1534 1441 sive
1544 1385 1625 1457 quasi
1635 1401 1668 1440 ex
1679 1384 1763 1439 verbo

142 1488 246 1545 quorum
259 1477 289 1525 et
302 1472 392 1527 vocati
406 1474 474 1529 estis
482 1473 780 1546 fruitionem,implens
788 1491 836 1528 vos
845 1475 921 1529 omni
963 1483 992 1533 et
1004 1479 1123 1550 epistola
1137 1484 1234 1532 nostra
1246 1477 1284 1532 sit
1296 1477 1421 1542 edoctus,
1435 1475 1522 1529 nolite
1536 1473 1699 1547 persuaderi
1713 1473 1760 1540 ei;

145 1562 212 1625 bono,
224 1566 252 1616 et
265 1560 437 1629 confortans,
449 1563 530 1618 itaut
543 1564 610 1618 etin
624 1562 754 1635 operibus
769 1564 922 1619 ostendatis
963 1573 992 1622 et
1005 1567 1199 1622 vehementius
1217 1582 1265 1621 eos
1287 1572 1384 1620 cautos
1407 1565 1498 1619 lacere
1521 1564 1616 1619 volens
1643 1560 1760 1633 adjicit:

150 1650 222 1709 Mem.
231 1656 259 1705 et
265 1650 316 1705 illa
323 1666 385 1721 quae
395 1650 430 1705 ab
438 1651 605 1706 adversariis
612 1652 857 1708 inserunturlacile
863 1670 923 1709 sus-
965 1674 978 1707 ι
994 1657 1036 1711 Ne
1050 1655 1113 1727 quis
1123 1672 1171 1709 vos
1184 1654 1366 1709 seducatullo
1380 1654 1473 1709 modo.
1488 1652 1588 1717 »Quod
1597 1657 1641 1705 est
1650 1650 1759 1705 taliter:

152 1739 241 1795 umus
252 1756 258 1791 :
269 1739 310 1793 sic
325 1739 440 1794 enimet
453 1740 583 1795 Christus
595 1740 625 1794 in
640 1740 717 1795 robis
729 1742 867 1812 gloriosus
876 1760 921 1797 se·
931 1728 1107 1816 Butcunquc
1120 1744 1175 1798 ista
1189 1744 1252 1814 quis
1264 1743 1368 1798 dixerit
1379 1741 1464 1806 vobis,
1481 1742 1567 1796 nolite
1588 1741 1614 1793 ei
1637 1739 1760 1793 credere.

155 1828 248 1883 mndurn
262 1845 386 1899 presens
405 1828 536 1884 seculum
551 1829 692 1885 videbitur
708 1849 713 1883 :
732 1831 844 1901 quando
859 1848 922 1887 cum
966 1852 979 1886 ι
995 1833 1134 1899 Quoniam
1150 1833 1174 1887 si
1185 1831 1439 1903 veneritapostasia
1446 1830 1578 1902 primurn,
1586 1836 1615 1883 et
1623 1829 1762 1883 revelatus

155 1916 270 1971 ahmtste
279 1917 522 1989 acquiescitispati
531 1934 582 1989 pro
592 1936 635 1984 co,
647 1936 751 1990 vosque
762 1920 811 1991 qui
820 1920 859 1974 sic
873 1924 922 1975 lir-
966 1940 979 1974 ι
995 1922 1080 1977 tuerit
1092 1922 1176 1976 homo
1185 1921 1301 1993 peccati,
1313 1920 1388 1975 lilius
1398 1919 1572 1991 perditionis,
1580 1918 1763 1990 quiadversa·

157 2005 251 2061 niterin
264 2022 298 2061 eo
319 2007 478 2061 credidistis
500 2007 626 2062 suturam
645 2008 771 2063 fruimini
791 2009 920 2079 gloriam,
966 2030 980 2064 a
995 2018 1051 2079 tur,
1067 2018 1096 2066 et
1108 2010 1301 2083 superextollit
1315 2026 1345 2063 se
1359 2026 1444 2080 super
1459 2024 1541 2062 omne
1560 2008 1633 2079 quod
1658 2006 1761 2061 dicitnr

157 2110 217 2166 pern
231 2110 281 2149 sua
295 2096 391 2166 gratia
405 2096 457 2150 sibi
474 2096 651 2152 credentibus
665 2097 844 2169 repromisit:
861 2115 923 2169 quae
966 2120 979 2153 a
995 2101 1080 2167 Deus,
1092 2106 1142 2155 aut
1151 2101 1225 2171 quod
1237 2098 1396 2164 colitur,ita
1405 2103 1437 2152 ut
1445 2097 1585 2168 intemplo
1595 2095 1759 2159 Deisedeat,

157 2183 636 2253 ergomnreniebantdiciadlaudem
650 2203 757 2253 eorum,
774 2187 862 2258 quiin
875 2187 923 2241 ad·
965 2190 1146 2244 «ostendens
1169 2206 1199 2243 se
1218 2193 1353 2259 tanquam
1374 2187 1412 2241 sit
1433 2186 1517 2240 Deus.
1536 2204 1549 2237 n
1567 2187 1669 2254 (Αιιιῠ.)
1695 2184 1764 2238 Vult

157 2273 295 2327 maurini
309 2274 503 2345 perstiterunt,
519 2275 597 2330 etad
611 2275 833 2331 exhortationem
847 2276 922 2331 utin
963 2278 1078 2351 quidem
1092 2278 1194 2341 dicere,
1210 2277 1343 2348 quonism
1354 2292 1409 2329 non
1420 2280 1538 2346 possunt
1547 2274 1588 2328 ita
1597 2273 1658 2327 lleri
1668 2272 1761 2345 prius·

156 2360 426 2433 ndempersisterent,
438 2364 583 2419 scientiam
594 2364 623 2418 in
634 2364 710 2418 hisce
724 2364 800 2419 visus
808 2371 923 2420 estcon·
963 2384 1049 2439 quam
1066 2366 1248 2421 antichristus
1271 2365 1373 2419 veniat.
1400 2364 1519 2434 Oportet
1540 2362 1616 2416 enim
1637 2361 1759 2432 primum

156 2464 290 2506 mummse.
307 2452 380 2507 Hinc
395 2469 461 2508 vero
469 2453 567 2525 incipit
575 2453 610 2508 de
617 2454 857 2508 consummatione
870 2472 921 2509 se·
962 2455 1043 2511 illum
1056 2456 1161 2522 venire,
1172 2454 1484 2524 deindcoonscquenter
1493 2451 1610 2522 illaque
1618 2450 1759 2505 dicuntur.

156 2538 337 2611 culidisputare
352 2541 456 2596 docens
471 2558 518 2596 cos
534 2558 589 2597 non
603 2541 764 2597 existimare
774 2542 827 2597 sihi
836 2544 921 2598 linem
962 2544 1140 2616 Apostasiam
1150 2560 1215 2597 vero
1224 2542 1332 2597 vocarit
1340 2548 1452 2612 tempus
1462 2541 1541 2603 illud,
1549 2556 1582 2594 eo
1592 2539 1667 2610 quod
1677 2539 1761 2610 paulo

158 2627 303 2685 mundanum
317 2630 475 2685 imminere.
963 2633 1057 2687 minus
1072 2649 1171 2688 omnes
1185 2637 1253 2687 tune
1266 2629 1559 2701 discedentapictate,
1569 2633 1598 2682 et
1613 2634 1762 2682 accurrant

455 2776 461 2795 ,
963 2722 1078 2777 adeum
1095 2740 1101 2775 :
1123 2721 1264 2775 hominem
1281 2720 1412 2791 equidem
1425 2734 1491 2772 eum
1513 2716 1669 2772 nominavit
1684 2717 1763 2786 justa

383 2882 388 2893 ⁸
440 2772 557 2893 'CAPUT
571 2773 606 2827 H*
962 2811 1081 2877 ratione,
1098 2828 1130 2866 eo
1145 2810 1220 2882 quod
1235 2811 1318 2864 homo
1342 2809 1397 2863 erit
1414 2808 1542 2863 demone
1561 2806 1591 2860 in
1616 2822 1649 2859 eo
1666 2805 1762 2860 omnia

156 2876 299 2934 mmm
318 2879 484 2963 imwhf'm
503 2880 649 2962 mium
663 2879 816 2963 f¹l³⁰⁸¹⁰3¹l³r
831 2885 923 2949 ‘'305¹ss
964 2900 1140 2971 inoperante,
1155 2898 1237 2954 sicuti
1248 2904 1277 2953 et
1289 2897 1318 2952 in
1332 2898 1413 2952 illum
1427 2896 1571 2951 hominem
1586 2894 1634 2966 qui
1645 2911 1696 2966 pro
1710 2909 1761 2947 no·
1808 2937 1810 2943 ,

287 2952 470 3019 mmmm
479 2952 596 3004 mmm
607 2954 761 3004 mmem'
963 2993 1023 3043 stre
1032 2988 1122 3043 salute
1135 2992 1266 3058 sumptus
1276 2992 1319 3041 est
1329 2987 1404 3041 Deus
1421 2983 1505 3040 verbo
1521 2982 1669 3055 perfecisse
1683 2980 1760 3035 vide-

181 3090 192 3125 ι
205 3074 339 3146 Rogemus
353 3080 449 3129 autem
464 3091 522 3140 vos,
533 3074 645 3140 fratres,
656 3075 922 3145 peradventumDo-
933 3047 1209 3133 Ctur.‘l'entatenim
1218 3076 1265 3130 ille
1275 3075 1427 3148 peremnia
1440 3074 1489 3127 illa
1500 3089 1562 3144 quae
1576 3070 1681 3127 Christi
1695 3076 1762 3124 sunt

157 3161 231 3217 suini
244 3164 332 3218 nostri
344 3164 358 3218 J
361 3180 411 3218 esu
426 3163 540 3230 Christi,
553 3168 582 3218 et
596 3170 721 3218 nostram
730 3165 922 3235 congregatio·
962 3166 1077 3233 imitari,
1096 3171 1194 3237 utpote
1207 3170 1237 3219 et
1250 3164 1394 3220 Christum
1407 3179 1438 3217 se
1452 3179 1514 3217 esse
1528 3161 1624 3215 dicens
1636 3179 1641 3212 :
1655 3158 1761 3231 peccati

154 3264 227 3305 trem
239 3253 268 3307 in
279 3269 356 3318 eum,
367 3259 399 3307 ut
407 3269 443 3307 ne
453 3253 509 3307 cito
515 3252 693 3319 moveamini,
703 3268 793 3324 neque
803 3270 854 3324 per
863 3253 921 3325 spi·
960 3272 1026 3310 vero
1041 3255 1183 3309 hominem
1203 3270 1269 3309 enm
1283 3253 1362 3318 dixit,
1380 3268 1413 3307 eo
1428 3251 1502 3323 quod
1516 3256 1661 3322 peccatum
1676 3246 1760 3301 mini·

152 3336 255 3407 «dmm,
271 3357 364 3412 neque
379 3358 429 3412 per
448 3340 573 3406 verbum,
590 3357 681 3412 neque
705 3357 756 3412 per
774 3341 921 3413 epistolam
960 3343 1071 3410 strabit,
1084 3350 1111 3397 et
1125 3342 1222 3397 smaltis
1236 3340 1489 3410 hominibushujus
1503 3355 1588 3393 causa
1598 3338 1698 3392 existet
1714 3343 1762 3389 :et

152 3432 293 3501 “uuquam
311 3446 330 3485 a
348 3429 428 3484 nobis
444 3430 568 3487 missam.
586 3430 665 3501 quasi
680 3430 766 3485 instet
784 3430 844 3485 dies
868 3431 921 3486 Do-
961 3433 1052 3487 illium
1066 3449 1131 3487 eum
1144 3430 1308 3503 perditionis
1322 3429 1398 3495 dicit,
1415 3434 1513 3499 utpote
1527 3426 1678 3498 perditioni
1694 3424 1760 3479 sub-

150 3517 238 3573 «nin.
254 3539 268 3569 ι
285 3520 388 3586 (drea.)
405 3520 476 3574 Cum
492 3520 597 3575 Paulus
610 3520 873 3575 Thessalonicenses
891 3519 920 3575 in
961 3520 1084 3576 dendnm
1099 3520 1236 3591 posthoc,
1248 3508 1759 3587 sicutetinsubsequentibuseriden·

148 3614 237 3679 capu
249 3608 448 3680 praedicatione
463 3609 657 3680 perdurantes,
676 3610 756 3680 quasi
776 3610 811 3663 ‹le
830 3609 920 3664 vicino
961 3609 1017 3664 tius
1032 3609 1117 3675 dicit;
1142 3612 1331 3662 vocitantem
1346 3623 1411 3661 eurn
1425 3603 1617 3658 adversarium
1631 3602 1756 3673 quidem,

147 3696 218 3751 muli
231 3697 352 3753 terrnino
363 3698 484 3769 quadarn
495 3704 675 3767 cognosceret
686 3698 920 3769 pusillanimitate
961 3698 1042 3769 quasi
1050 3698 1097 3768 qui
1105 3704 1134 3751 et
1142 3697 1259 3751 adversa
1269 3700 1335 3765 ngat
1345 3695 1446 3749 divinae
1454 3692 1601 3754 voluntati,
1620 3696 1649 3745 et
1662 3707 1761 3745 omnes

147 3782 259 3854 uelatos,
274 3786 355 3859 prius
369 3787 399 3841 in
413 3787 455 3841 eis
470 3803 531 3858 quae
545 3786 629 3841 fortia
638 3787 883 3859 prospicitlaudst,
892 3794 921 3842 et
961 3787 996 3841 ad
1007 3804 1037 3841 se
1046 3785 1229 3841 transducere
1243 3784 1390 3838 annitatur
1404 3779 1686 3851 :superextollentsm
1696 3795 1759 3833 vero

146 3880 206 3929 erte
216 3875 355 3931 mouendo
369 3875 550 3947 postmodum
564 3892 626 3946 quae
641 3875 753 3931 infirma
761 3882 827 3930 sunt
837 3875 920 3931 nobo-
960 3892 991 3931 se
1005 3892 1091 3947 super
1101 3890 1184 3929 omne
1199 3872 1273 3945 quod
1286 3871 1391 3926 dicitur
1406 3870 1490 3936 Deus,
1506 3867 1638 3940 autquod
1647 3867 1759 3929 colitur,

145 3966 184 4029 nt
194 3965 315 4020 sitenim
333 3984 339 4019 :
359 3965 471 4019 Gratias
485 3981 569 4035 agere
584 3963 720 4019 debemus
738 3965 796 4020 Deo
810 3982 921 4036 semper
960 3981 994 4020 eo
1006 3964 1081 4036 quod
1097 3979 1194 4018 omnes
1210 3961 1337 4017 homines
1352 3978 1370 4015 e
1383 3959 1497 4031 propria
1506 3974 1604 4013 eorum
1614 3963 1691 4012 secta
1706 3956 1761 4011 dis-

146 4051 267 4119 provobis,
283 4053 396 4120 tratres,
413 4053 451 4108 ita
465 4059 497 4107 ut
515 4053 633 4123 dignum
654 4058 706 4117 est,
723 4053 857 4123 quoniam
871 4070 920 4109 su·
960 4054 1060 4108 cedere
1075 4053 1206 4115 suadens,
1222 4067 1252 4106 sc
1274 4050 1357 4105 saciet
1379 4049 1508 4114 adorare,
1525 4047 1649 4119 seipsum
1664 4046 1761 4101 dicens

145 4143 270 4207 mxii
287 4143 358 4197 fides
377 4149 471 4197 vestra
484 4147 514 4196 et
527 4141 652 4196 abundat
662 4141 921 4197 charitasuniuscu·
960 4159 1022 4198 esse
1032 4141 1184 4203 Christum,
1197 4140 1242 4195 cui
1253 4139 1326 4195 etab
1336 4138 1467 4193 omnibus
1485 4138 1621 4192 honorem
1638 4136 1689 4190 Dei
1708 4136 1760 4189 tri·

142 4226 222 4301 'usque
232 4237 358 4287 restrum
369 4232 399 4286 in
414 4231 542 4297 invicem,
559 4231 600 4285 ita
614 4237 646 4285 ut
659 4237 689 4284 et
702 4247 753 4285 nos
768 4231 822 4300 ipsi
830 4231 860 4285 in
872 4248 920 4285 vo·
961 4231 1047 4286 buiut
1053 4233 1162 4301 justum
1173 4228 1325 4285 vindicabit
1336 4247 1342 4282 ι
1355 4228 1395 4282 sic
1406 4226 1518 4281 enimet
1530 4227 1558 4280 in
1574 4226 1624 4280 Dei
1636 4225 1758 4296 templis,

145 4310 329 4389 &potiemur
345 4321 375 4375 in
389 4320 518 4375 Ecclesiis
538 4319 588 4374 Dei
609 4336 658 4391 pro
673 4319 810 4390 patientia
828 4321 1013 4420 vestraDhoc
1031 4324 1083 4385 est,
1100 4320 1128 4373 in
1142 4317 1273 4374 domibus
1287 4317 1447 4372 orationum
1469 4308 1630 4385 ingrediens
1650 4313 1759 4368 sedebit

143 4406 227 4463 tilde·
243 4409 297 4475 Qui
316 4426 380 4464 cum
394 4409 498 4463 blanda
517 4410 576 4463 haec
589 4409 652 4463 ritae
667 4424 764 4463 eorum
780 4409 919 4479 preconia
959 4409 1040 4481 quasi
1052 4409 1112 4479 ipse
1122 4408 1159 4463 sit
1166 4407 1294 4461 Christus
1304 4412 1332 4459 et
1348 4410 1463 4477 propter
1482 4404 1534 4457 hoc
1546 4402 1648 4455 debeat
1657 4401 1692 4455 ab
1706 4401 1758 4455 ho·

142 4496 310 4563 misisset,
322 4498 405 4568 paulo
421 4502 485 4568 post
498 4496 624 4551 subdidit
636 4496 769 4551 diceneus
777 4496 919 4567 Rogamus
959 4496 1082 4552 minibus
1096 4495 1208 4551 adorari
1224 4495 1253 4549 in
1267 4493 1394 4549 ordinem
1405 4491 1465 4546 Dei.
1484 4492 1519 4545 Et
1532 4489 1759 4560 ostendensque
1812 4474 1818 4484 ¹

140 4585 617 4657 mtemros,fratres,peradventum
632 4584 743 4640 Domini
754 4585 841 4640 nostri
853 4586 919 4641 iesu
959 4587 1035 4641 niam
1048 4585 1117 4640 nihil
1127 4600 1201 4639 nunc
1211 4582 1274 4637 novi
1289 4581 1356 4636 dicit
1366 4580 1401 4634 ad
1411 4595 1459 4634 eos
1483 4597 1488 4632 :
1508 4597 1521 4629 a
1537 4579 1599 4632 h'on
1622 4578 1700 4640 estis,
1715 4577 1759 4632 in-

140 4668 236 4739 strati,
253 4682 283 4729 et
297 4682 400 4730 nostoe
416 4674 642 4745 congregationis
655 4674 684 4729 in
699 4674 802 4746 ipsum,
819 4680 919 4729 utnon
963 4694 977 4727 s
994 4675 1064 4746 quit,
1082 4688 1222 4727 memores
1241 4669 1374 4740 quoniam
1389 4683 1454 4721 cum
1476 4665 1603 4721 adessem
1623 4667 1697 4738 apud
1712 4684 1760 4721 ros
1839 4738 1843 4745 ἱ

138 4758 181 4815 tito
196 4764 363 4818 moveamini
387 4780 405 4817 a
426 4769 518 4817 vestro
532 4780 625 4831 sensu,
642 4778 734 4834 neque
757 4764 921 4819 terreamini
963 4788 977 4815 o
992 4763 1050 4817 haec
1064 4759 1192 4815 dicebam
1206 4757 1306 4811 vobis'l
1319 4778 1332 4807 n
1345 4754 1451 4810 Deinde
1465 4754 1583 4824 adjicit:
1602 4774 1615 4805 a
1637 4755 1672 4810 Et
1685 4772 1760 4810 nunc

136 4861 212 4922 laque
225 4868 278 4925 per
299 4852 442 4924 spiritum,
460 4868 550 4923 neque
572 4869 623 4923 per
639 4868 808 4917 sermonem,
830 4868 921 4922 neque
963 4872 976 4903 s
991 4850 1065 4922 qnod
1074 4849 1184 4904 detinet
1195 4846 1282 4911 scitis,
1298 4851 1331 4900 ut
1344 4844 1483 4898 reveletur
1497 4843 1526 4898 in
1537 4860 1587 4898 suo
1594 4850 1731 4915 tempore.
1745 4868 1757 4897 n

134 4940 340 5011 teepismlsm,
357 4948 493 5012 tanquam
509 4957 560 5012 per
574 4957 624 4995 nos
639 4941 763 5003 missam,
781 4941 861 5010 quasi
876 4942 919 4994 in·
960 4940 1035 4995 Dicit
1047 4944 1143 4993 autern
1157 4936 1233 5009 quod
1247 4951 1322 4989 nunc
1337 4933 1454 4998 detinet,
1480 4949 1514 4988 eo
1537 4933 1611 5004 quod
1631 4932 1760 4988 diabolus.

131 5032 177 5083 let
190 5028 249 5083 dies
264 5029 409 5084 Domini.»
423 5029 487 5100 Egit
500 5030 576 5084 enim
589 5046 671 5085 verus
687 5029 785 5083 doctor
800 5035 833 5084 ut
842 5030 919 5099 prius
959 5028 1065 5083 dudum
1076 5027 1190 5099 quidem
1205 5024 1326 5079 soluerit
1339 5023 1392 5077 hoc
1407 5022 1482 5077 idem
1495 5021 1595 5087 lacere,
1608 5021 1682 5075 Deus
1692 5039 1758 5077 vero

131 5114 251 5173 redirent
272 5117 381 5173 laudati
401 5118 475 5189 quod
502 5123 742 5188 recognoscerent,
754 5123 783 5171 et
796 5123 918 5189 postmo-
958 5116 1073 5173 interim
1082 5114 1323 5185 retinet‚eoquod
1339 5120 1451 5184 tempus
1460 5110 1561 5167 statuit
1578 5125 1760 5165 consumma-

130 5202 189 5261 duu
203 5207 277 5279 qued
287 5206 429 5262 exhortati
443 5214 629 5278 sequerentur
645 5226 651 5260 :
668 5212 806 5277 quatenus
820 5222 917 5261 eorum
956 5205 1043 5261 tiorus
1053 5205 1147 5261 saeculi
1163 5204 1254 5270 istius,
1266 5202 1418 5257 secundum
1435 5216 1521 5272 quam
1531 5197 1619 5253 videri
1629 5199 1758 5255 eoncedh

128 5300 244 5351 nutem
264 5311 303 5351 ne
327 5295 484 5350 admonitio
502 5294 651 5365 subjuncta
670 5300 840 5361 concuteret,
856 5295 918 5349 laus
958 5294 1101 5350 eumiloc
1111 5292 1262 5365 llpostnlus
1272 5290 1446 5348 nominavit«
1457 5288 1531 5360 quod
1541 5287 1755 5358 nuncdetinetn

125 5385 263 5455 mise
272 5383 418 5449 solidaret,
434 5389 464 5437 et
477 5384 525 5454 qui
536 5390 690 5438 commotos
704 5400 752 5437 eos
766 5383 918 5438 vicinillnis
958 5382 1010 5438 Dei
1022 5382 1119 5436 dicens
1132 5379 1460 5436 delinitionemdotinere
1470 5393 1545 5432 eum.
1555 5376 1754 5448 UndeadJ'icit:

123 5473 278 5545 apicione
287 5478 467 5544 cognoverat,
483 5488 539 5527 non
547 5474 606 5543 jam
616 5471 804 5544 redarguebat
815 5478 916 5535 motos,
960 5490 972 5524 a
989 5472 1027 5526 Ut
1036 5471 1174 5525 reveletur
1187 5469 1263 5524 idem
1273 5475 1490 5538 suotemporc.»
1505 5466 1591 5530 Quasi
1600 5466 1649 5538 qui
1658 5468 1756 5538 prohi-

121 5560 169 5619 nd
177 5562 260 5634 quavi
266 5566 414 5617 mnsscta
423 5561 562 5619 nesciens.
577 5561 669 5616 adhuc
678 5561 846 5617 commoveri
856 5577 918 5632 pro-
958 5559 1059 5616 bsstm
1072 5575 1147 5614 nunc
1160 5558 1250 5614 videri
1263 5574 1351 5629 usque
1361 5562 1438 5622 tunc,
1451 5555 1568 5627 eoquod
1577 5554 1672 5610 divina
1685 5555 1755 5610 dell-
