3772 6120
91 354 145 411 tia
316 350 607 410 ENARRA'I'IONUM
625 350 663 404 IN
682 349 759 404 EPP.
781 349 888 405 PAULI
906 350 965 405 LlB
997 349 1069 405 XIV.
1085 381 1118 391 -
1134 350 1173 405 IN
1192 350 1302 405 aels'l.
1323 353 1372 407 AD
1391 353 1518 408 eluar.
1680 355 1732 414 tii

91 490 205 552 paetum
221 481 295 552 quod
309 478 511 551 Hierosolymis
523 478 637 544 fecerat,
653 485 684 534 ut
697 496 808 552 semper
821 496 891 551 pau·
900 480 1024 543 Arctur,
1042 477 1109 548 quia
1123 484 1151 532 et
1173 479 1326 534 secundum
1344 481 1434 551 legem
1455 483 1612 553 purificavit
1631 501 1661 540 se
1684 500 1731 540 co·

90 585 190 639 perum
205 569 415 624 recordaretur.
935 575 1023 631 actus,
1039 572 1068 621 ct
1082 567 1261 623 Timotheum
1283 570 1459 625 circumcidit
1477 572 1590 627 invitas.
1602 573 1655 630 Sed
1669 590 1730 629 curii

125 659 194 712 Cuia
205 662 425 713 auteinceiiisset
436 660 531 712 Petrus
545 660 731 725 Antiochiam,
748 663 779 712 in
794 662 893 727 saiiciii
934 659 1061 710 uidissem
1075 659 1211 724 quianon
1225 664 1298 711 recta
1311 663 1359 716 cia
1373 661 1532 714 incedebant
1541 662 1579 715 ad
1590 665 1732 718 ceritatem

89 750 114 798 ci
137 750 239 812 restiti,
260 749 328 816 quia
353 747 574 816 reprehensibilis
600 753 661 800 crat
684 747 800 818 (iiiior.)
827 748 895 802 Post
932 746 1085 813 Ecaiipelii,
1103 747 1165 799 itiai
1177 747 1256 800 Petro
1271 747 1625 805 coramoiiiniir'us.ldeoin
1640 751 1732 807 solum

88 834 268 889 concordiam
284 835 427 890 societatis
442 840 470 889 et
489 835 733 890 honorificentiam
754 836 893 907 primatus
935 833 1051 889 Petrum
1062 834 1212 902 invehitur,
1225 841 1257 889 ut
1271 835 1299 889 in
1314 853 1347 890 eo
1358 837 1405 907 qui
1417 837 1525 908 primus
1534 843 1578 893 est
1591 838 1733 896 discerent

89 939 175 995 quani
185 923 241 978 sibi
250 924 371 978 invicem
384 941 434 995 per
443 923 623 994 Deigratiain
637 924 810 990 detulerunt,
818 941 892 980 nunc
935 923 1036 978 aeteri.
1053 923 1085 978 Si
1107 929 1136 978 ta
1151 941 1214 979 cam
1232 926 1342 980 tadeus
1356 929 1402 992 sis,
1424 930 1565 994 gentiliter
1580 934 1604 981 ct
1618 932 1733 998 noreia-

89 1012 296 1067 ‘interveuiente
309 1030 395 1068 causa
412 1012 601 1083 negligentiae.
615 1014 657 1067 vel
676 1014 790 1077 erroris,
811 1014 892 1068 ‹lissi-
934 1013 1009 1066 daicc
1023 1015 1102 1077 ei'ui's,
1120 1015 1251 1081 quomodo
1268 1020 1358 1082 pentes
1379 1016 1631 1085 copisjiidaiaaret
1649 1015 1732 1073 Nunc

87 1102 153 1154 dere
183 1102 260 1156 inter
281 1118 311 1155 se
332 1102 462 1156 videntur
489 1102 626 1171 Apostoli,
649 1118 706 1155 non
729 1103 757 1156 in
780 1103 894 1174 propria
934 1101 1046 1172 aperuit
1058 1117 1171 1155 causam
1186 1101 1431 1173 reprehensionis:
1450 1120 1507 1157 non
1532 1104 1608 1159 enim
1623 1104 1730 1178 aliquid

88 1207 183 1254 musa,
200 1190 251 1245 sed
266 1192 294 1244 in
309 1190 497 1244 sollicitudine
509 1190 646 1245 Ecclesia.
664 1194 697 1245 lii
722 1195 819 1259 iiiciciii
837 1196 890 1260 i‘ui',
933 1190 1030 1245 fuisset
1044 1191 1156 1251 erroris,
1173 1191 1195 1244 si
1208 1190 1393 1261 praesentibus
1407 1193 1511 1247 ludaeis
1525 1193 1730 1250 dissimulasset

90 1279 190 1349 inquit,
208 1283 300 1332 restiti
311 1279 403 1343 :Quid
422 1286 464 1332 est
480 1279 531 1333 hoc
547 1279 559 1332 i
579 1279 634 1333 nisi
648 1280 677 1334 iii
697 1280 848 1351 praesentia
866 1281 892 1335 ei
934 1279 1120 1347 agentililius,
1136 1281 1239 1334 timens
1253 1279 1417 1335 scandalum
1432 1301 1438 1335 :
1452 1282 1499 1336 scil
1515 1282 1561 1336 liic
1575 1288 1636 1339 tota
1646 1298 1731 1338 causa

88 1366 893 1439 contradixiithuacausasubjunxit.dicens:(liiiuiv-
934 1368 1160 1438 reprehensionis
1187 1373 1239 1434 est,
1266 1369 1332 1439 quia
1355 1370 1567 1426 aduenientibus
1589 1371 1694 1427 iudicis
1712 1389 1730 1426 a

89 1456 287 1521 pietiensibilis
297 1462 366 1510 erat.
376 1456 616 1526 Reprehensibilis
626 1458 723 1527 utique
732 1456 766 1511 ab
777 1474 893 1525 evange-
933 1456 1045 1517 Jacobo,
1059 1474 1114 1510 aon
1130 1457 1220 1510 solum
1239 1456 1406 1529 segregabat
1420 1476 1449 1512 se
1465 1458 1564 1523 abele,
1581 1476 1644 1514 cum
1666 1461 1729 1532 qui·

89 1544 140 1597 lica
154 1543 285 1609 veritate,
294 1545 338 1599 cui
350 1546 402 1598 hoc
412 1545 515 1599 factum
526 1545 736 1599 adversabatur.
745 1547 817 1600 Nam
829 1547 892 1617 quis
934 1544 1144 1622 liusgentilitei·
1158 1545 1273 1607 vixerat,
1289 1546 1337 1600 sed
1349 1553 1376 1601 et
1386 1547 1571 1618 compellebat
1578 1565 1627 1603 eos
1637 1549 1730 1619 judai·

89 1648 186 1686 eorum
213 1633 333 1687 auderet
355 1633 439 1688 Petro
463 1634 554 1704 primo
580 1636 717 1704 apostolo.
742 1635 785 1688 cui
801 1635 891 1694 claves
932 1651 1004 1693 aare,
1018 1651 1102 1687 causa
1116 1634 1227 1688 timoris
1243 1635 1366 1695 illorum,
1385 1643 1417 1690 ut
1432 1637 1499 1707 quid
1519 1638 1619 1692 horum
1633 1654 1729 1694 verum

89 1722 167 1791 regni
183 1722 321 1774 cetorum
336 1722 472 1776 Dominus
487 1723 574 1788 dedit,
592 1723 731 1787 resistcre,
749 1724 803 1776 uisi
819 1725 890 1778 alius
932 1730 1014 1789 esset,
1030 1723 1194 1792 ignorarent
1205 1724 1339 1793 gentiles:
1355 1723 1480 1780 sciebant
1494 1726 1569 1780 enim
1578 1727 1669 1798 ipsum
1684 1744 1728 1783 se·

88 1809 161 1875 talis,
179 1810 230 1880 qui
246 1810 349 1863 fiducia
359 1810 502 1865 electionis
516 1827 584 1876 suae,
593 1811 720 1865 sciensse
732 1829 787 1865 non
799 1813 889 1883 iiiipa-
901 1815 997 1873 Bcum
1008 1813 1150 1882 nouqiiasi
1164 1812 1291 1866 luilieuiii
1304 1812 1401 1868 vixisse
1417 1831 1422 1864 :
1439 1821 1604 1884 postautem
1614 1816 1729 1871 audien·

89 1914 158 1961 reni,
174 1906 341 1953 constanter
357 1899 536 1970 improbaret,
553 1900 628 1970 quod
643 1900 689 1953 illc
700 1901 760 1954 sine
774 1901 890 1956 consilio
932 1907 974 1953 tes
992 1900 1027 1953 ab
1050 1918 1083 1954 eo
1102 1901 1169 1971 quia
1183 1901 1344 1955 luilaeoruni
1362 1903 1453 1955 instar
1465 1903 1639 1974 sequendum
1656 1912 1726 1967 erat,

89 1986 203 2041 fecerat.
223 1988 325 2054 (ὅπερ.)
339 1988 411 2041 Sunt
424 2005 489 2042 vero
495 1989 632 2054 nonnulli,
645 1989 693 2059 qui
707 2006 762 2043 non
774 1990 889 2043 Petrum
932 1989 1098 2043 hiesitabant
1112 1990 1209 2060 utique
1224 1990 1290 2060 quid
1307 1996 1381 2044 esset
1393 2007 1501 2044 verum.
1518 1993 1547 2047 Si
1563 1991 1616 2048 hoc
1629 2010 1726 2048 verum

87 2077 282 2146 apostolorum
294 2077 459 2147 principem,
467 2077 515 2130 sed
525 2093 585 2130 esse
597 2078 747 2148 quemdam
757 2079 845 2132 alium
856 2095 889 2133 eo
932 2084 1029 2132 eratut
1035 2078 1221 2148 judaizarent.
1232 2079 1323 2148 ipsum
1333 2080 1573 2149 prevaricatorem
1583 2080 1726 2149 tenebant,
1767 2152 1770 2157 Ι

88 2165 213 2229 nomine,
232 2165 280 2234 qui
295 2182 312 2217 a
337 2166 423 2219 Paulo
445 2171 488 2220 est
510 2166 707 2236 reprehensus
724 2167 866 2237 accipiunt
881 2186 886 2220 :
931 2168 998 2238 quia
1012 2168 1156 2237 gentiliter
1170 2167 1276 2220 vixerat
1289 2185 1294 2219 :
1305 2168 1329 2220 si
1339 2174 1434 2221 autem
1455 2169 1524 2222 illud
1539 2169 1640 2223 melius
1655 2176 1726 2237 erat,

86 2253 168 2322 quisi
184 2253 267 2306 Pauli
285 2254 404 2324 apostoli
421 2254 561 2308 studiosus
576 2254 660 2309 verba
676 2255 818 2325 legissent,
836 2256 890 2310 ista
931 2264 960 2311 et
974 2273 1080 2321 seium,
1096 2256 1444 2327 utsimplicitervivercnt,
1460 2257 1567 2311 eversio
1583 2264 1644 2312 erat
1656 2274 1727 2328 gen·

87 2357 140 2394 iion
155 2341 296 2396 dicerent.
314 2342 444 2396 Dicturus
459 2344 563 2396 etenim
575 2345 687 2405 Paulus,
697 2345 765 2399 Cuiu
775 2349 889 2399 ciiiisiet
931 2345 1024 2398 tilium
1040 2361 1089 2415 per
1099 2345 1159 2414 ejus
1174 2345 1322 2413 ignaviam,
1336 2343 1437 2414 quibus
1445 2345 1576 2415 adempto
1586 2345 1669 2411 bono,
1681 2362 1726 2401 res

85 2432 179 2482 cerrus
198 2432 386 2494 Antiochiam,
409 2435 440 2485 in
454 2434 552 2499 facicm
570 2436 596 2486 ci
617 2437 714 2500 restiti,
733 2438 763 2486 ut
783 2434 888 2505 dequo
931 2432 1069 2488 laboriosa
1081 2439 1109 2486 et
1125 2432 1251 2485 inefficax
1269 2431 1442 2486 tradebatur.
1465 2433 1615 2503 Apostolus
1629 2441 1725 2489 autem

86 2518 167 2572 Petro
179 2518 346 2590 loqueretur
354 2520 524 2586 ostenderet,
538 2521 636 2592 inipso
648 2538 704 2575 sirie
718 2522 888 2577 narrationis
929 2522 1033 2576 Paulus
1043 2521 1155 2592 quando
1163 2521 1196 2573 ad
1205 2521 1303 2573 hoiam
1310 2520 1402 2581 cessit,
1411 2536 1466 2574 non
1473 2521 1525 2574 hoc
1534 2523 1664 2587 etsuasit,
1676 2523 1725 2578 sed

85 2606 164 2661 initio
181 2607 320 2678 praemisit
332 2608 445 2663 diceus:
463 2610 605 2664 Creditum
624 2616 661 2664 est
680 2612 751 2664 mibi
768 2613 889 2680 Divinae·
930 2627 988 2663 rem
1004 2627 1033 2663 se
1047 2610 1219 2680 superfluam
1226 2608 1374 2663 etinanem
1382 2608 1474 2664 facere
1483 2610 1647 2677 clamitavit,
1664 2626 1726 2682 pro·

86 2699 156 2749 lium
168 2700 398 2765 praestituerat
412 2700 491 2753 Petro
503 2702 741 2764 arcanissimus,¹
755 2703 805 2768 prii
813 2703 888 2755 enim
930 2704 992 2771 pter
1000 2699 1123 2752 furorem
1137 2697 1308 2752 ludaeorum.
1319 2696 1371 2751 Cui
1381 2697 1495 2768 quidem
1508 2698 1549 2752 rei
1559 2715 1616 2752 non
1625 2715 1725 2754 succu-

83 2791 210 2854 opcratus
221 2792 259 2839 est
268 2788 348 2840 Petro
358 2790 390 2840 iii
400 2792 584 2856 apostolatum
594 2792 821 2854 circumcisionis
830 2806 889 2858 ope·
930 2787 1044 2849 buisset,
1061 2786 1114 2841 nisi
1140 2803 1226 2841 causa
1248 2785 1432 2853 interfuisset,
1459 2787 1527 2858 quia
1541 2786 1659 2842 audacia
1676 2789 1727 2844 Ju-

84 2880 160 2927 ratus
175 2879 215 2927 est
226 2877 333 2928 etmihi
347 2879 423 2930 inter
435 2882 535 2943 pentes.
552 2878 634 2931 Patet
648 2894 715 2948 ergo
727 2877 762 2931 de
773 2894 828 2948 quo
838 2878 888 2932 Pe·
929 2876 1052 2932 dacorum
1067 2877 1253 2947 plurimorum
1263 2890 1293 2929 se
1301 2876 1431 2945 jactaret.
1444 2874 1512 2930 Erat
1522 2880 1618 2931 autem
1631 2876 1725 2933 'fimo-

85 2962 246 3016 troPaulus
254 2962 389 3034 loquitur,
402 2980 485 3036 quem
501 2971 530 3020 et
542 2967 701 3037 apostolum
711 2967 848 3031 nominat,
858 2971 886 3023 et
927 2966 1010 3019 theus
1023 2965 1097 3019 filius
1112 2964 1240 3019 mulieris
1256 2962 1368 3029 Judaeae,
1390 2969 1469 3034 patre
1483 2969 1579 3018 autem
1604 2963 1723 3033 Graeco;

87 3051 232 3120 praefuisse
255 3052 405 3123 Evangelio
419 3054 639 3109 circumcisionis
655 3060 761 3109 narrat.
778 3055 811 3109 Et
827 3055 885 3109 fue-
926 3055 1000 3108 unde
1012 3053 1116 3108 factum
1128 3059 1180 3119 est,
1197 3059 1229 3107 ut
1242 3052 1598 3123 infanssecundumlegem
1608 3053 1725 3110 minime

85 3148 149 3193 mut
164 3141 283 3211 quidam
298 3142 346 3211 qui
360 3143 512 3198 secundam
523 3144 599 3198 Petri
610 3144 768 3215 epistolam,
783 3145 814 3199 in
829 3161 886 3215 qua
896 3135 1181 3198 Ccircumcideretur.
1197 3140 1407 3195 Insidiabautur
1429 3157 1495 3212 ergo
1511 3141 1690 3214 explorantes
1699 3141 1724 3197 si

84 3228 208 3299 epistolae
217 3229 298 3283 Pauli
305 3230 505 3299 laudatasunt,
515 3233 709 3303 ejusdicerent
718 3249 775 3288 iioii
787 3233 883 3300 fuisse,
926 3247 991 3288 eum
1002 3231 1050 3303 qui
1062 3231 1174 3285 iudeus
1186 3236 1269 3284 natus
1280 3236 1350 3295 erat,
1362 3229 1587 3284 incircumcisum
1597 3246 1723 3287 assume·

85 3317 132 3370 sed
147 3318 171 3370 si
191 3319 321 3388 ejusdem
346 3320 471 3391 epistolae
486 3321 571 3375 verba
586 3338 704 3392 pensare
720 3322 881 3389 voluissent,
925 3327 978 3385 ret,
995 3319 1069 3393 quod
1084 3318 1210 3373 illicitum
1225 3317 1362 3390 putabant
1375 3318 1536 3373 iudeorum
1550 3318 1648 3390 generi
1660 3337 1667 3372 :
1678 3334 1722 3376 ae·

84 3405 163 3476 longe
176 3406 263 3460 aliter
272 3408 377 3462 sentire
387 3416 519 3480 poterant
531 3428 536 3461 :
549 3411 578 3464 iii
587 3427 620 3464 ea
635 3411 737 3482 quippe
747 3411 883 3481 scriptum
925 3409 1067 3464 casiouem
1082 3413 1247 3479 quarentes,
1264 3423 1321 3478 qua
1334 3423 1400 3461 cum
1419 3422 1576 3462 eversorem
1592 3413 1722 3464 tenerent

85 3503 133 3555 est,
152 3514 165 3543 ι
181 3496 494 3568 vocedelapsaadeum
503 3499 883 3570 hujuscemodiamagnilica
925 3499 1016 3567 legis:
1042 3498 1094 3552 hac
1118 3513 1203 3551 causa
1217 3497 1251 3550 ad
1274 3496 1372 3550 horam
1391 3495 1476 3549 cessit
1503 3493 1591 3549 furori
1612 3511 1719 3552 eorum.

83 3583 171 3653 gloria
186 3604 198 3633 a
218 3605 225 3638 :
244 3586 295 3639 ffi'c
308 3592 347 3640 est
362 3588 450 3641 Filius
464 3604 540 3641 mciii
556 3589 679 3654 dilectur,
696 3592 727 3642 iii
742 3605 794 3657 quo
813 3589 884 3643 anilii
926 3588 1061 3654 (Hieron.)
1073 3585 1251 3639 Utilemvero
1264 3583 1473 3638 simulationem
1484 3588 1512 3636 et
1522 3583 1720 3639 assumendam

83 3676 238 3742 comptacui'
252 3675 359 3740 (ilfattli.
368 3680 454 3746 xviii),·
471 3682 556 3746 atque
569 3676 885 3746 subjungitur:littianc
924 3675 954 3728 in
967 3680 1103 3745 tempore,
1118 3674 1190 3727 Jehu
1204 3670 1374 3742 regislsrael
1385 3670 1540 3725 nosdoceat
1549 3672 1718 3744 exemplum,

84 3777 228 3816 weemnos
237 3764 480 3829 audieiiiias,cuni
490 3782 607 3819 esicium
615 3781 677 3819 cain
687 3768 783 3835 ipsein
792 3771 883 3819 -iiiontc
925 3764 972 3834 qui
1000 3778 1056 3818 non
1087 3760 1225 3832 potuisset
1252 3759 1412 3814 interficere
1438 3759 1597 3814 sacerdotes
1626 3759 1700 3814 Baaf
1712 3800 1720 3828 ,

85 3856 185 3906 sancto.
197 3852 409 3924 Legantitaque
417 3854 608 3924 Evangelium‚
621 3859 649 3907 et
659 3854 786 3925 protinus
794 3870 882 3924 agno-
923 3852 977 3907 msi
992 3869 1022 3906 se
1036 3851 1163 3905 finxisset
1184 3847 1253 3904 velle
1276 3847 1382 3903 idolum
1402 3846 1493 3903 colere
1514 3845 1610 3902 dicens
1625 3865 1634 3902 .·
1649 3848 1720 3905 Oan-

86 3947 162 3995 scciit
178 3940 248 4012 quia
258 3956 322 3995 eum
336 3958 387 3996 vox
402 3943 456 3997 ista
469 3945 504 3997 de
519 3944 587 3998 coelo
598 3943 683 4008 venit,
700 3943 801 3996 Petrus
814 3959 882 4013 apo·
923 3956 1006 4008 crepa
1021 3939 1093 3992 initii
1112 3952 1204 3992 omncs
1219 3937 1367 3990 sacerdotes
1382 3936 1449 3990 daal
1465 3954 1473 3989 :
1492 3933 1525 3989 Si'
1538 3937 1613 3990 enim
1626 3933 1720 3992 Achati

82 4029 169 4083 stolus
182 4030 215 4083 in
230 4036 327 4084 monte
342 4048 406 4085 cum
417 4032 536 4086 Domino
551 4032 638 4086 stetit.
656 4033 718 4103 Ipse
732 4049 799 4101 ergo
811 4031 884 4085 hanc
923 4031 1034 4082 remisit
1050 4029 1116 4082 Daal
1140 4030 1172 4080 in
1195 4028 1300 4095 pericia,
1317 4040 1363 4092 epo
1381 4027 1500 4078 reiciam
1514 4027 1548 4079 iri
1561 4026 1658 4080 inultis
1673 4025 1722 4093 (ir

82 4118 231 4189 epistolam
246 4120 369 4190 scripsit,
381 4120 429 4190 qui
444 4121 516 4175 hanc
529 4138 623 4175 vocem
638 4121 667 4175 iii
679 4127 774 4175 monte
785 4121 819 4174 de
830 4121 883 4175 Do-
923 4120 984 4186 lica.
1009 4119 1055 4186 x),
1079 4121 1108 4169 et
1131 4113 1217 4169 David
1236 4114 1350 4186 quando
1374 4113 1494 4168 mutavit
1515 4112 1615 4168 faciem
1638 4130 1719 4169 suam

83 4207 156 4260 mino
171 4207 292 4262 audivit.
304 4211 389 4263 Prius
403 4213 476 4264 enim
494 4228 576 4279 quam
598 4214 723 4264 carricent
734 4211 848 4277 quidam
864 4225 880 4261 a
923 4223 1017 4260 coram
1031 4205 1202 4272 Abimelech,
1218 4209 1247 4258 et
1260 4202 1368 4259 dimisit
1380 4219 1445 4258 eum
1460 4208 1489 4257 et
1503 4201 1580 4257 abiit.
1590 4203 1649 4260 Nec
1664 4204 1718 4260 mi·

81 4297 186 4357 Iacobo,
205 4313 269 4349 cuin
284 4299 410 4365 centibus
424 4300 535 4353 edebat:
551 4315 613 4352 ciiiu
627 4304 718 4352 autciii
734 4301 877 4361 eruissent,
922 4312 995 4360 rum,
1012 4295 1138 4366 quamvis
1149 4294 1241 4364 justos
1251 4293 1390 4359 homineS,
1404 4298 1501 4346 tamen
1520 4291 1617 4362 aliqua
1629 4290 1718 4346 simu·

81 4385 257 4438 subtrahebat
268 4390 462 4449 catinensem
472 4391 562 4456 quiea
572 4390 779 4441 circumcisione
788 4384 877 4451 ciant,
922 4385 980 4438 lare
991 4401 1040 4456 pro
1052 4389 1189 4454 tempore,
1201 4381 1236 4436 ob
1250 4398 1331 4437 suam
1345 4386 1374 4436 et
1384 4379 1641 4446 aliorumsalutem,
1653 4395 1717 4435 cum

81 4476 296 4527 dsimutatiorii
309 4477 368 4542 ejas
377 4480 578 4531 consenserunt
590 4480 614 4528 ct
629 4478 719 4528 ceteri
730 4476 827 4537 luitici,
841 4455 951 4528 itaDet
961 4475 1021 4544 ipse
1035 4473 1171 4527 Dominus
1186 4487 1242 4525 non
1258 4469 1365 4524 liabens
1379 4473 1524 4540 peecatum
1537 4482 1589 4521 nec
1603 4482 1717 4524 carnem

81 4567 110 4614 ut
123 4568 148 4615 et
162 4562 308 4616 Barnabas
323 4565 471 4617 ducciutur
486 4566 520 4617 ab
532 4565 574 4617 iiii
584 4567 614 4617 in
630 4567 681 4618 itta
691 4566 878 4617 simulatione.
922 4562 1026 4633 peccati
1037 4579 1041 4613 :
1051 4560 1259 4615 simulationem
1272 4555 1433 4629 peccatricis
1446 4555 1540 4610 carnis
1555 4571 1716 4627 assumpse-

82 4649 200 4712 (Amor.)
215 4650 252 4703 Hi
268 4666 366 4706 omnes
384 4652 472 4706 ludaei
485 4653 533 4723 qui
548 4657 749 4706 consenserunt
763 4652 879 4706 simula·
921 4652 968 4716 rit,
980 4656 1011 4704 ut
1026 4650 1214 4704 condemnans
1237 4646 1265 4700 iii
1295 4660 1379 4700 carne
1394 4651 1549 4715 peccatum,
1572 4660 1624 4700 iios
1638 4643 1668 4699 in
1686 4660 1717 4700 se

81 4738 147 4792 tioni
174 4739 253 4792 Petri
277 4745 304 4794 et
332 4740 477 4806 Bamabae,
496 4741 574 4795 boiiae
590 4742 655 4796 fidei
673 4741 806 4806 fuerunt;
831 4741 879 4794 sed
920 4739 1025 4794 faceret
1044 4737 1185 4808 justitiam
1212 4735 1272 4791 Dei.
1301 4735 1422 4804 Legerat
1448 4733 1547 4804 utique
1565 4733 1668 4789 Paulus
1687 4733 1716 4790 in

81 4836 192 4898 propter
207 4828 372 4883 scandalum
387 4829 500 4885 illorum
511 4831 559 4901 qui
583 4830 733 4885 veniebant
745 4847 763 4882 a
777 4829 879 4883 Jacobo
921 4827 1070 4897 Evangelio
1084 4825 1235 4880 Dominum
1245 4822 1453 4894 precipientem
1465 4823 1512 4879 :Si
1521 4828 1613 4877 autem
1625 4839 1717 4892 pecca·

81 4919 169 4979 (erant
182 4915 262 4970 euim
276 4919 542 4990 emulatoreslegis,
555 4920 602 4991 qui
615 4920 744 4988 etlegem
761 4925 789 4972 et
801 4918 880 4973 Chri·
919 4919 987 4971 inrit
1000 4919 1030 4969 in
1039 4921 1062 4969 tc
1070 4917 1160 4983 botei·
1173 4919 1246 4977 tuus,
1259 4913 1325 4967 coita
1339 4917 1364 4966 ct
1374 4915 1480 4980 corripe
1493 4928 1554 4965 cuin
1569 4915 1644 4966 inter
1659 4917 1683 4965 te
1692 4918 1717 4966 ct

80 5014 152 5059 aum
164 5022 248 5077 aequo
268 5006 332 5075 Jure
362 5014 572 5070 venerarentur,
602 5008 676 5079 quod
701 5012 798 5062 contra
815 5006 878 5060 fidei
920 5001 1715 5075 ipsuntsotuiii.Sitcaadicrit,lucrifecerisfratrcmtuum

80 5093 255 5165 disciplinam
266 5097 332 5163 est),
348 5097 532 5167 praesentibus
542 5098 582 5151 eis
596 5114 652 5151 non
663 5095 879 5152 commisceban-
921 5094 1026 5162 (uaria.
1056 5109 1127 5155 xviii,
1154 5092 1216 5145 Luc.
1239 5094 1312 5158 xvii).
1330 5090 1365 5144 m
1389 5086 1529 5160 quomodo
1549 5104 1614 5141 cum
1628 5087 1715 5142 etiam

81 5182 277 5253 turgentibus.
295 5184 444 5240 Timebant
459 5187 534 5240 enim
549 5187 685 5256 impetum
702 5185 825 5239 audaciai
835 5201 879 5238 co·
920 5184 954 5237 de
965 5181 1088 5235 minimis
1102 5179 1237 5234 fratribus
1252 5180 1305 5233 hoc
1318 5178 1477 5232 faciendum
1485 5175 1612 5246 jusserit,
1629 5191 1716 5231 ausus

84 5288 142 5325 runi
156 5272 205 5343 qui
216 5272 425 5328 aemulabantur
434 5275 534 5346 legem.
544 5275 623 5339 Quod
634 5275 656 5328 si
665 5275 756 5327 solum
768 5272 877 5339 fuisset,
920 5278 963 5326 est
974 5271 1165 5342 apostolorum
1177 5268 1340 5333 maximum,
1352 5267 1381 5321 iii
1396 5264 1535 5337 publicam
1547 5264 1646 5319 faciem
1656 5271 1716 5321 tam

84 5376 134 5414 aon
150 5366 213 5416 erat
223 5362 455 5433 reprehensibile,
472 5364 564 5418 sedin
585 5368 777 5434 quoerratum
793 5362 880 5415 estin
920 5359 1084 5431 procaciter,
1108 5364 1166 5411 tam
1187 5363 1348 5411 constanter
1366 5369 1494 5425 arguere,
1518 5353 1573 5408 nisi
1590 5360 1620 5409 et
1633 5354 1717 5410 Petro

84 5449 214 5520 sabjectis
227 5452 353 5506 ostendit
364 5458 486 5507 :namet
495 5453 554 5523 ipse
565 5453 662 5523 utique
676 5451 760 5506 cessit
774 5451 880 5504 animo·
921 5450 961 5503 sic
970 5447 1120 5520 placuisset
1137 5447 1227 5516 argui,
1243 5453 1272 5499 et
1287 5445 1390 5499 Paulus
1403 5459 1460 5498 nou
1477 5442 1503 5496 ei
1524 5443 1629 5499 faceret
1642 5444 1716 5514 inju-

85 5538 197 5593 sitatiet
207 5540 334 5595 audaciai
347 5541 631 5607 ludaeorumtimens
641 5539 795 5611 neperhoc
806 5538 880 5609 quod
922 5538 1002 5602 riam,
1020 5538 1054 5590 de
1070 5553 1124 5606 quo
1139 5541 1204 5589 ante
1218 5534 1326 5588 dixerat
1342 5552 1347 5586 :
1371 5535 1432 5587 Veni
1445 5534 1663 5600 Hierosolymam
1677 5535 1716 5585 vi-

86 5627 162 5682 iitile
175 5634 221 5682 eit
233 5628 401 5704 subreperet
408 5631 581 5696 scandalum,
590 5631 664 5703 quod
676 5628 788 5683 difficile
798 5628 880 5682 seda·
921 5629 983 5680 darc
999 5628 1120 5687 Petrum,
1132 5629 1156 5678 ct
1166 5626 1259 5678 inansi'
1273 5623 1347 5693 apud
1361 5637 1422 5676 iuni
1436 5621 1531 5675 diebus
1539 5621 1716 5689 amadeci'in:
