<?xml version="1.0" encoding="UTF-8"?>
<!DOCTYPE html PUBLIC "-//W3C//DTD XHTML 1.0 Transitional//EN"
    "http://www.w3.org/TR/xhtml1/DTD/xhtml1-transitional.dtd">
<html xmlns="http://www.w3.org/1999/xhtml" xml:lang="en" lang="en">
 <head>
  <title>
</title>
<meta http-equiv="Content-Type" content="text/html;charset=utf-8" />
  <meta name='ocr-system' content='tesseract 3.04.00' />
  <meta name='ocr-capabilities' content='ocr_page ocr_carea ocr_par ocr_line ocrx_word'/>
</head>
<body>
  <div class='ocr_page' id='page_1' title='image "./patrologiaecurs22goog_0192.png"; bbox 0 0 3772 6120; ppageno 0'>
   <div class='ocr_carea' id='block_1_1' title="bbox 116 286 1760 349">
    <p class='ocr_par' dir='ltr' id='par_1_1' title="bbox 116 286 1760 349">
     <span class='ocr_line' id='line_1_1' title="bbox 116 286 1760 349; baseline -0.001 -3"><span class='ocrx_word' id='word_1_1' title='bbox 116 288 167 347; x_wconf 81' lang='lat'><strong>371</strong></span> <span class='ocrx_word' id='word_1_2' title='bbox 412 290 444 343; x_wconf 84' lang='lat' dir='ltr'><strong>B.</strong></span> <span class='ocrx_word' id='word_1_3' title='bbox 465 288 602 349; x_wconf 72' lang='lat' dir='ltr'>RABAM</span> <span class='ocrx_word' id='word_1_4' title='bbox 621 287 737 349; x_wconf 75' lang='lat' dir='ltr'><strong>naum</strong></span> <span class='ocrx_word' id='word_1_5' title='bbox 760 288 929 349; x_wconf 61' lang='lat' dir='ltr'><strong>auertiue</strong></span> <span class='ocrx_word' id='word_1_6' title='bbox 950 287 1112 347; x_wconf 69' lang='lat' dir='ltr'>MOEUNT.</span> <span class='ocrx_word' id='word_1_7' title='bbox 1132 286 1283 347; x_wconf 71' lang='lat' dir='ltr'><strong>apuam!</strong></span> <span class='ocrx_word' id='word_1_8' title='bbox 1300 287 1395 347; x_wconf 67' lang='lat' dir='ltr'><strong>md</strong></span> <span class='ocrx_word' id='word_1_9' title='bbox 1411 290 1465 349; x_wconf 69' lang='lat' dir='ltr'><strong>fl:</strong></span> <span class='ocrx_word' id='word_1_10' title='bbox 1702 288 1760 346; x_wconf 67' lang='lat' dir='ltr'><strong>ati</strong></span> 
     </span>
    </p>
   </div>
   <div class='ocr_carea' id='block_1_2' title="bbox 63 395 1764 1820">
    <p class='ocr_par' dir='ltr' id='par_1_2' title="bbox 63 395 1764 1820">
     <span class='ocr_line' id='line_1_2' title="bbox 120 395 1761 486; baseline 0 -17"><span class='ocrx_word' id='word_1_11' title='bbox 120 421 148 469; x_wconf 85' lang='lat' dir='ltr'><strong>et</strong></span> <span class='ocrx_word' id='word_1_12' title='bbox 158 414 253 471; x_wconf 84' lang='lat' dir='ltr'><strong>labore</strong></span> <span class='ocrx_word' id='word_1_13' title='bbox 266 431 295 467; x_wconf 85' lang='lat' dir='ltr'><strong>so</strong></span> <span class='ocrx_word' id='word_1_14' title='bbox 309 414 427 484; x_wconf 71' lang='lat' dir='ltr'><strong>judicat,</strong></span> <span class='ocrx_word' id='word_1_15' title='bbox 442 430 494 471; x_wconf 85' lang='lat' dir='ltr'><strong>sua</strong></span> <span class='ocrx_word' id='word_1_16' title='bbox 507 420 617 468; x_wconf 82' lang='lat' dir='ltr'><strong>tantum</strong></span> <span class='ocrx_word' id='word_1_17' title='bbox 640 414 743 469; x_wconf 70' lang='lat' dir='ltr'><strong>uirtute</strong></span> <span class='ocrx_word' id='word_1_18' title='bbox 757 420 917 481; x_wconf 83' lang='lat' dir='ltr'><strong>contentus,</strong></span> <span class='ocrx_word' id='word_1_19' title='bbox 931 413 1031 474; x_wconf 70' lang='lat' dir='ltr'><strong>Aranni</strong></span> <span class='ocrx_word' id='word_1_20' title='bbox 1041 413 1179 471; x_wconf 84' lang='lat' dir='ltr'><strong>bonorum</strong></span> <span class='ocrx_word' id='word_1_21' title='bbox 1193 431 1311 486; x_wconf 87' lang='lat' dir='ltr'><strong>operum</strong></span> <span class='ocrx_word' id='word_1_22' title='bbox 1319 395 1470 486; x_wconf 78' lang='lat' dir='ltr'><strong>pullulent.</strong></span> <span class='ocrx_word' id='word_1_23' title='bbox 1488 416 1560 486; x_wconf 74' lang='lat' dir='ltr'><strong>Opas</strong></span> <span class='ocrx_word' id='word_1_24' title='bbox 1572 420 1665 471; x_wconf 73' lang='lat' dir='ltr'><strong>marn</strong></span> <span class='ocrx_word' id='word_1_25' title='bbox 1676 430 1761 471; x_wconf 71' lang='lat' dir='ltr'><strong>ceant</strong></span> 
     </span>
     <span class='ocr_line' id='line_1_3' title="bbox 119 503 1763 574; baseline 0.001 -14"><span class='ocrx_word' id='word_1_26' title='bbox 119 505 174 560; x_wconf 90' lang='lat' dir='ltr'><strong>iste</strong></span> <span class='ocrx_word' id='word_1_27' title='bbox 185 522 217 559; x_wconf 83' lang='lat' dir='ltr'><strong>ex</strong></span> <span class='ocrx_word' id='word_1_28' title='bbox 233 504 285 558; x_wconf 83' lang='lat' dir='ltr'><strong>hac</strong></span> <span class='ocrx_word' id='word_1_29' title='bbox 301 504 362 574; x_wconf 88' lang='lat' dir='ltr'><strong>ipsa</strong></span> <span class='ocrx_word' id='word_1_30' title='bbox 377 504 540 574; x_wconf 83' lang='lat' dir='ltr'><strong>arrogantia</strong></span> <span class='ocrx_word' id='word_1_31' title='bbox 562 503 631 557; x_wconf 84' lang='lat' dir='ltr'>nihil</span> <span class='ocrx_word' id='word_1_32' title='bbox 644 504 686 569; x_wconf 81' lang='lat' dir='ltr'><strong>sit,</strong></span> <span class='ocrx_word' id='word_1_33' title='bbox 707 504 809 574; x_wconf 84' lang='lat' dir='ltr'><strong>etipse</strong></span> <span class='ocrx_word' id='word_1_34' title='bbox 824 521 854 558; x_wconf 89' lang='lat' dir='ltr'><strong>se</strong></span> <span class='ocrx_word' id='word_1_35' title='bbox 868 504 918 557; x_wconf 91' lang='lat' dir='ltr'><strong>de·</strong></span> <span class='ocrx_word' id='word_1_36' title='bbox 958 505 1051 572; x_wconf 80' lang='lat' dir='ltr'><strong>probet</strong></span> <span class='ocrx_word' id='word_1_37' title='bbox 1067 507 1267 574; x_wconf 67' lang='lat' dir='ltr'><strong>unusquisque,</strong></span> <span class='ocrx_word' id='word_1_38' title='bbox 1278 504 1328 565; x_wconf 85' lang='lat' dir='ltr'><strong>ait,</strong></span> <span class='ocrx_word' id='word_1_39' title='bbox 1340 510 1364 560; x_wconf 82' lang='lat' dir='ltr'><strong>ct</strong></span> <span class='ocrx_word' id='word_1_40' title='bbox 1375 509 1482 561; x_wconf 82' lang='lat' dir='ltr'><strong>tuact&#39;n</strong></span> <span class='ocrx_word' id='word_1_41' title='bbox 1491 508 1763 574; x_wconf 67' lang='lat' dir='ltr'><strong>tematimoulorimn</strong></span> 
     </span>
     <span class='ocr_line' id='line_1_4' title="bbox 63 592 1764 666; baseline 0.004 -26"><span class='ocrx_word' id='word_1_42' title='bbox 63 634 66 640; x_wconf 91' lang='lat'>.</span> <span class='ocrx_word' id='word_1_43' title='bbox 116 595 195 665; x_wconf 66' lang='lat' dir='ltr'><strong>⁴cipit,</strong></span> <span class='ocrx_word' id='word_1_44' title='bbox 214 594 287 663; x_wconf 87' lang='lat' dir='ltr'><strong>quod</strong></span> <span class='ocrx_word' id='word_1_45' title='bbox 303 593 443 653; x_wconf 86' lang='lat' dir='ltr'><strong>meliusin</strong></span> <span class='ocrx_word' id='word_1_46' title='bbox 458 594 553 648; x_wconf 79' lang='lat' dir='ltr'><strong>Grmco</strong></span> <span class='ocrx_word' id='word_1_47' title='bbox 568 593 671 649; x_wconf 87' lang='lat' dir='ltr'><strong>dicitur</strong></span> <span class='ocrx_word' id='word_1_48' title='bbox 687 593 855 664; x_wconf 76' lang='grc' dir='ltr'>φρεναπατᾷ,</span> <span class='ocrx_word' id='word_1_49' title='bbox 867 593 920 647; x_wconf 84' lang='lat' dir='ltr'><strong>boc</strong></span> <span class='ocrx_word' id='word_1_50' title='bbox 961 593 1077 657; x_wconf 69' lang='lat' dir='ltr'><strong>lactabit,</strong></span> <span class='ocrx_word' id='word_1_51' title='bbox 1092 598 1118 646; x_wconf 84' lang='lat' dir='ltr'><strong>ct</strong></span> <span class='ocrx_word' id='word_1_52' title='bbox 1137 599 1195 647; x_wconf 74' lang='lat' dir='ltr'><strong>aton</strong></span> <span class='ocrx_word' id='word_1_53' title='bbox 1209 596 1241 647; x_wconf 77' lang='lat' dir='ltr'><strong>iu</strong></span> <span class='ocrx_word' id='word_1_54' title='bbox 1257 595 1364 659; x_wconf 75' lang='lat' dir='ltr'><strong>ulter05</strong></span> <span class='ocrx_word' id='word_1_55' title='bbox 1379 594 1558 666; x_wconf 82' lang='lat' dir='ltr'><strong>nonquando</strong></span> <span class='ocrx_word' id='word_1_56' title='bbox 1571 594 1613 649; x_wconf 83' lang='lat' dir='ltr'><strong>illi</strong></span> <span class='ocrx_word' id='word_1_57' title='bbox 1630 592 1764 665; x_wconf 76' lang='lat' dir='ltr'><strong>perhibet</strong></span> 
     </span>
     <span class='ocr_line' id='line_1_5' title="bbox 120 680 1763 754; baseline -0.001 -17"><span class='ocrx_word' id='word_1_58' title='bbox 120 690 173 750; x_wconf 84' lang='lat' dir='ltr'><strong>cst,</strong></span> <span class='ocrx_word' id='word_1_59' title='bbox 193 692 318 737; x_wconf 86' lang='lat' dir='ltr'><strong>mentem</strong></span> <span class='ocrx_word' id='word_1_60' title='bbox 333 698 413 736; x_wconf 86' lang='lat' dir='ltr'><strong>suam</strong></span> <span class='ocrx_word' id='word_1_61' title='bbox 428 682 551 753; x_wconf 77' lang='lat' dir='ltr'><strong>decipit:</strong></span> <span class='ocrx_word' id='word_1_62' title='bbox 568 699 619 754; x_wconf 91' lang='lat' dir='ltr'><strong>pro</strong></span> <span class='ocrx_word' id='word_1_63' title='bbox 627 682 807 753; x_wconf 86' lang='lat' dir='ltr'><strong>quoLatinus</strong></span> <span class='ocrx_word' id='word_1_64' title='bbox 817 682 919 752; x_wconf 85' lang='lat' dir='ltr'><strong>posuit,</strong></span> <span class='ocrx_word' id='word_1_65' title='bbox 963 680 1158 735; x_wconf 87' lang='lat' dir='ltr'><strong>testimonium</strong></span> <span class='ocrx_word' id='word_1_66' title='bbox 1180 680 1278 751; x_wconf 71' lang='lat' dir='ltr'><strong>lingua</strong></span> <span class='ocrx_word' id='word_1_67' title='bbox 1304 681 1406 749; x_wconf 83' lang='lat' dir='ltr'><strong>aliena,</strong></span> <span class='ocrx_word' id='word_1_68' title='bbox 1428 683 1478 738; x_wconf 84' lang='lat' dir='ltr'><strong>sed</strong></span> <span class='ocrx_word' id='word_1_69' title='bbox 1499 682 1612 754; x_wconf 67' lang='lat' dir='ltr'><strong>quando</strong></span> <span class='ocrx_word' id='word_1_70' title='bbox 1631 680 1763 753; x_wconf 79' lang='lat' dir='ltr'><strong>perhibet</strong></span> 
     </span>
     <span class='ocr_line' id='line_1_6' title="bbox 120 768 1763 842; baseline 0 -18"><span class='ocrx_word' id='word_1_71' title='bbox 120 790 147 825; x_wconf 81' lang='lat' dir='ltr'><strong>se·</strong></span> <span class='ocrx_word' id='word_1_72' title='bbox 159 775 215 840; x_wconf 79' lang='lat' dir='ltr'><strong>ipse</strong></span> <span class='ocrx_word' id='word_1_73' title='bbox 228 772 343 825; x_wconf 72' lang='lat' dir='ltr'><strong>sedeunt.</strong></span> <span class='ocrx_word' id='word_1_74' title='bbox 360 772 483 827; x_wconf 80' lang='lat' dir='ltr'>Mentem</span> <span class='ocrx_word' id='word_1_75' title='bbox 499 776 684 826; x_wconf 84' lang='lat' dir='ltr'><strong>autemsuam</strong></span> <span class='ocrx_word' id='word_1_76' title='bbox 699 770 813 841; x_wconf 83' lang='lat' dir='ltr'><strong>decipit,</strong></span> <span class='ocrx_word' id='word_1_77' title='bbox 833 771 921 841; x_wconf 86' lang='lat' dir='ltr'><strong>quise</strong></span> <span class='ocrx_word' id='word_1_78' title='bbox 961 768 1133 827; x_wconf 86' lang='lat' dir='ltr'><strong>conscientia</strong></span> <span class='ocrx_word' id='word_1_79' title='bbox 1144 768 1267 840; x_wconf 85' lang='lat' dir='ltr'><strong>propria.</strong></span> <span class='ocrx_word' id='word_1_80' title='bbox 1296 771 1444 841; x_wconf 75' lang='lat' dir='ltr'><strong>luterroga</strong></span> <span class='ocrx_word' id='word_1_81' title='bbox 1464 786 1513 827; x_wconf 90' lang='lat' dir='ltr'><strong>cor</strong></span> <span class='ocrx_word' id='word_1_82' title='bbox 1526 776 1618 837; x_wconf 73' lang='lat' dir='ltr'><strong>mum,</strong></span> <span class='ocrx_word' id='word_1_83' title='bbox 1636 770 1705 842; x_wconf 88' lang='lat' dir='ltr'><strong>quid</strong></span> <span class='ocrx_word' id='word_1_84' title='bbox 1725 770 1763 824; x_wconf 80' lang='lat' dir='ltr'><strong>le-</strong></span> 
     </span>
     <span class='ocr_line' id='line_1_7' title="bbox 120 856 1761 932; baseline -0.001 -16"><span class='ocrx_word' id='word_1_85' title='bbox 120 866 203 932; x_wconf 86' lang='lat' dir='ltr'><strong>putut</strong></span> <span class='ocrx_word' id='word_1_86' title='bbox 212 877 273 914; x_wconf 87' lang='lat' dir='ltr'><strong>esse</strong></span> <span class='ocrx_word' id='word_1_87' title='bbox 289 860 457 931; x_wconf 76' lang='lat' dir='ltr'><strong>sapientem,</strong></span> <span class='ocrx_word' id='word_1_88' title='bbox 470 868 498 914; x_wconf 91' lang='lat' dir='ltr'><strong>et</strong></span> <span class='ocrx_word' id='word_1_89' title='bbox 509 861 664 917; x_wconf 87' lang='lat' dir='ltr'><strong>secundum</strong></span> <span class='ocrx_word' id='word_1_90' title='bbox 675 859 777 917; x_wconf 86' lang='lat' dir='ltr'><strong>lsuiam</strong></span> <span class='ocrx_word' id='word_1_91' title='bbox 790 859 920 928; x_wconf 81' lang='lat' dir='ltr'><strong>:Sapiens</strong></span> <span class='ocrx_word' id='word_1_92' title='bbox 961 857 1024 912; x_wconf 83' lang='lat' dir='ltr'><strong>cisti</strong></span> <span class='ocrx_word' id='word_1_93' title='bbox 1038 864 1068 913; x_wconf 89' lang='lat' dir='ltr'><strong>et</strong></span> <span class='ocrx_word' id='word_1_94' title='bbox 1082 857 1148 928; x_wconf 89' lang='lat' dir='ltr'><strong>quid</strong></span> <span class='ocrx_word' id='word_1_95' title='bbox 1162 856 1201 913; x_wconf 91' lang='lat' dir='ltr'><strong>ibi</strong></span> <span class='ocrx_word' id='word_1_96' title='bbox 1217 859 1348 929; x_wconf 78' lang='lat' dir='ltr'><strong>appetisti</strong></span> <span class='ocrx_word' id='word_1_97' title='bbox 1362 860 1483 917; x_wconf 74' lang='lat' dir='ltr'><strong>salutem</strong></span> <span class='ocrx_word' id='word_1_98' title='bbox 1498 866 1578 917; x_wconf 75' lang='lat' dir='ltr'><strong>main</strong></span> <span class='ocrx_word' id='word_1_99' title='bbox 1596 859 1632 915; x_wconf 89' lang='lat' dir='ltr'><strong>ad</strong></span> <span class='ocrx_word' id='word_1_100' title='bbox 1646 859 1761 915; x_wconf 73' lang='lat' dir='ltr'><strong>huden</strong></span> 
     </span>
     <span class='ocr_line' id='line_1_8' title="bbox 120 941 1761 1020; baseline 0.001 -17"><span class='ocrx_word' id='word_1_101' title='bbox 120 954 152 1004; x_wconf 80' lang='lat' dir='ltr'><strong>tn</strong></span> <span class='ocrx_word' id='word_1_102' title='bbox 166 967 193 1004; x_wconf 85' lang='lat' dir='ltr'><strong>se</strong></span> <span class='ocrx_word' id='word_1_103' title='bbox 207 956 254 1016; x_wconf 85' lang='lat' dir='ltr'><strong>cst,</strong></span> <span class='ocrx_word' id='word_1_104' title='bbox 266 953 330 1003; x_wconf 78' lang='lat' dir='ltr'><strong>altu</strong></span> <span class='ocrx_word' id='word_1_105' title='bbox 341 956 482 1019; x_wconf 84' lang='lat' dir='ltr'><strong>conspectu</strong></span> <span class='ocrx_word' id='word_1_106' title='bbox 492 966 541 1003; x_wconf 82' lang='lat' dir='ltr'><strong>suo</strong></span> <span class='ocrx_word' id='word_1_107' title='bbox 551 941 719 1017; x_wconf 78' lang='lat' dir='ltr'><strong>inteltipe&#39;ns.</strong></span> <span class='ocrx_word' id='word_1_108' title='bbox 731 949 921 1003; x_wconf 79' lang='lat' dir='ltr'><strong>Adcircumci-</strong></span> <span class='ocrx_word' id='word_1_109' title='bbox 961 946 1107 1003; x_wconf 83' lang='lat' dir='ltr'><strong>hominum</strong></span> <span class='ocrx_word' id='word_1_110' title='bbox 1122 954 1277 1005; x_wconf 77' lang='lat' dir='ltr'><strong>ventosam.</strong></span> <span class='ocrx_word' id='word_1_111' title='bbox 1290 949 1370 1007; x_wconf 85' lang='lat' dir='ltr'><strong>intus</strong></span> <span class='ocrx_word' id='word_1_112' title='bbox 1380 948 1458 1005; x_wconf 84' lang='lat' dir='ltr'><strong>vide:</strong></span> <span class='ocrx_word' id='word_1_113' title='bbox 1471 965 1537 1003; x_wconf 81' lang='lat' dir='ltr'><strong>nam</strong></span> <span class='ocrx_word' id='word_1_114' title='bbox 1543 948 1761 1020; x_wconf 62' lang='lat' dir='ltr'><strong>homoiudicxe</strong></span> 
     </span>
     <span class='ocr_line' id='line_1_9' title="bbox 121 1037 1761 1109; baseline 0.001 -17"><span class='ocrx_word' id='word_1_115' title='bbox 121 1039 241 1105; x_wconf 81' lang='lat' dir='ltr'><strong>sionem,</strong></span> <span class='ocrx_word' id='word_1_116' title='bbox 254 1044 283 1092; x_wconf 90' lang='lat' dir='ltr'><strong>et</strong></span> <span class='ocrx_word' id='word_1_117' title='bbox 297 1039 331 1092; x_wconf 84' lang='lat' dir='ltr'><strong>ad</strong></span> <span class='ocrx_word' id='word_1_118' title='bbox 348 1039 438 1109; x_wconf 84' lang='lat' dir='ltr'><strong>legem</strong></span> <span class='ocrx_word' id='word_1_119' title='bbox 454 1039 495 1093; x_wconf 86' lang='lat' dir='ltr'><strong>ita</strong></span> <span class='ocrx_word' id='word_1_120' title='bbox 517 1039 569 1094; x_wconf 91' lang='lat' dir='ltr'><strong>loci</strong></span> <span class='ocrx_word' id='word_1_121' title='bbox 587 1039 673 1108; x_wconf 85' lang='lat' dir='ltr'><strong>hujus</strong></span> <span class='ocrx_word' id='word_1_122' title='bbox 691 1038 866 1094; x_wconf 82' lang='lat' dir='ltr'><strong>connectitur</strong></span> <span class='ocrx_word' id='word_1_123' title='bbox 879 1039 920 1095; x_wconf 86' lang='lat' dir='ltr'><strong>in·</strong></span> <span class='ocrx_word' id='word_1_124' title='bbox 960 1051 1017 1091; x_wconf 88' lang='lat' dir='ltr'><strong>non</strong></span> <span class='ocrx_word' id='word_1_125' title='bbox 1028 1040 1120 1106; x_wconf 79' lang='lat' dir='ltr'><strong>potest</strong></span> <span class='ocrx_word' id='word_1_126' title='bbox 1134 1050 1218 1106; x_wconf 77' lang='lat' dir='ltr'><strong>quem</strong></span> <span class='ocrx_word' id='word_1_127' title='bbox 1233 1037 1327 1092; x_wconf 83' lang='lat' dir='ltr'><strong>videre</strong></span> <span class='ocrx_word' id='word_1_128' title='bbox 1342 1054 1400 1092; x_wconf 89' lang='lat' dir='ltr'><strong>non</strong></span> <span class='ocrx_word' id='word_1_129' title='bbox 1414 1043 1505 1108; x_wconf 76' lang='lat' dir='ltr'><strong>potest</strong></span> <span class='ocrx_word' id='word_1_130' title='bbox 1518 1056 1525 1104; x_wconf 83' lang='lat'><em>3</em></span> <span class='ocrx_word' id='word_1_131' title='bbox 1541 1038 1596 1092; x_wconf 86' lang='lat' dir='ltr'><strong>nisi</strong></span> <span class='ocrx_word' id='word_1_132' title='bbox 1609 1038 1761 1095; x_wconf 67' lang='lat' dir='ltr'><strong>onerisne</strong></span> 
     </span>
     <span class='ocr_line' id='line_1_10' title="bbox 122 1124 1760 1199; baseline 0 -17"><span class='ocrx_word' id='word_1_133' title='bbox 122 1128 266 1182; x_wconf 83' lang='lat' dir='ltr'><strong>tellectus:</strong></span> <span class='ocrx_word' id='word_1_134' title='bbox 281 1127 328 1198; x_wconf 89' lang='lat' dir='ltr'><strong>qui</strong></span> <span class='ocrx_word' id='word_1_135' title='bbox 336 1128 471 1199; x_wconf 87' lang='lat' dir='ltr'><strong>spiritalis</strong></span> <span class='ocrx_word' id='word_1_136' title='bbox 482 1133 525 1181; x_wconf 88' lang='lat' dir='ltr'><strong>est</strong></span> <span class='ocrx_word' id='word_1_137' title='bbox 531 1126 920 1197; x_wconf 84' lang='lat' dir='ltr'><strong>etmisericordiaminproxi-</strong></span> <span class='ocrx_word' id='word_1_138' title='bbox 960 1141 1026 1179; x_wconf 88' lang='lat' dir='ltr'><strong>men</strong></span> <span class='ocrx_word' id='word_1_139' title='bbox 1039 1124 1092 1179; x_wconf 87' lang='lat' dir='ltr'><strong>sub</strong></span> <span class='ocrx_word' id='word_1_140' title='bbox 1106 1124 1222 1181; x_wconf 80' lang='lat' dir='ltr'><strong>dirersis</strong></span> <span class='ocrx_word' id='word_1_141' title='bbox 1231 1125 1484 1195; x_wconf 80' lang='lat' dir='ltr'><strong>significationibus</strong></span> <span class='ocrx_word' id='word_1_142' title='bbox 1499 1125 1691 1199; x_wconf 77' lang='lat' dir='ltr'><strong>proculdubio</strong></span> <span class='ocrx_word' id='word_1_143' title='bbox 1709 1143 1760 1197; x_wconf 89' lang='lat' dir='ltr'><strong>pu·</strong></span> 
     </span>
     <span class='ocr_line' id='line_1_11' title="bbox 120 1213 1758 1287; baseline -0.001 -15"><span class='ocrx_word' id='word_1_144' title='bbox 120 1233 200 1272; x_wconf 87' lang='lat' dir='ltr'><strong>mum</strong></span> <span class='ocrx_word' id='word_1_145' title='bbox 210 1216 367 1282; x_wconf 85' lang='lat' dir='ltr'><strong>nonhabet,</strong></span> <span class='ocrx_word' id='word_1_146' title='bbox 376 1216 712 1275; x_wconf 78' lang='lat' dir='ltr'><strong>contemnenshumilem,</strong></span> <span class='ocrx_word' id='word_1_147' title='bbox 723 1216 789 1285; x_wconf 83' lang='lat' dir='ltr'><strong>quia</strong></span> <span class='ocrx_word' id='word_1_148' title='bbox 799 1216 860 1287; x_wconf 88' lang='lat' dir='ltr'><strong>ipse</strong></span> <span class='ocrx_word' id='word_1_149' title='bbox 875 1233 920 1270; x_wconf 91' lang='lat' dir='ltr'><strong>su·</strong></span> <span class='ocrx_word' id='word_1_150' title='bbox 959 1213 1042 1279; x_wconf 88' lang='lat' dir='ltr'><strong>tabis,</strong></span> <span class='ocrx_word' id='word_1_151' title='bbox 1059 1215 1189 1271; x_wconf 85' lang='lat' dir='ltr'><strong>eumdem</strong></span> <span class='ocrx_word' id='word_1_152' title='bbox 1214 1213 1267 1268; x_wconf 87' lang='lat' dir='ltr'><strong>sibi</strong></span> <span class='ocrx_word' id='word_1_153' title='bbox 1288 1214 1317 1269; x_wconf 87' lang='lat' dir='ltr'><strong>iu</strong></span> <span class='ocrx_word' id='word_1_154' title='bbox 1338 1215 1479 1286; x_wconf 87' lang='lat' dir='ltr'><strong>loquendo</strong></span> <span class='ocrx_word' id='word_1_155' title='bbox 1493 1232 1554 1271; x_wconf 82' lang='lat' dir='ltr'><strong>esse</strong></span> <span class='ocrx_word' id='word_1_156' title='bbox 1573 1222 1758 1281; x_wconf 79' lang='lat' dir='ltr'><strong>contrarium,</strong></span> 
     </span>
     <span class='ocr_line' id='line_1_12' title="bbox 120 1302 1757 1376; baseline -0.001 -15"><span class='ocrx_word' id='word_1_157' title='bbox 120 1305 233 1361; x_wconf 89' lang='lat' dir='ltr'><strong>blimior</strong></span> <span class='ocrx_word' id='word_1_158' title='bbox 244 1310 296 1370; x_wconf 88' lang='lat' dir='ltr'><strong>est,</strong></span> <span class='ocrx_word' id='word_1_159' title='bbox 313 1305 372 1375; x_wconf 89' lang='lat' dir='ltr'><strong>ipse</strong></span> <span class='ocrx_word' id='word_1_160' title='bbox 393 1322 423 1359; x_wconf 88' lang='lat' dir='ltr'><strong>se</strong></span> <span class='ocrx_word' id='word_1_161' title='bbox 443 1304 556 1375; x_wconf 85' lang='lat' dir='ltr'><strong>decipit,</strong></span> <span class='ocrx_word' id='word_1_162' title='bbox 573 1304 701 1358; x_wconf 87' lang='lat' dir='ltr'><strong>nesciens</strong></span> <span class='ocrx_word' id='word_1_163' title='bbox 717 1305 788 1359; x_wconf 84' lang='lat' dir='ltr'><strong>hanc</strong></span> <span class='ocrx_word' id='word_1_164' title='bbox 804 1305 920 1375; x_wconf 85' lang='lat' dir='ltr'><strong>spiritus</strong></span> <span class='ocrx_word' id='word_1_165' title='bbox 960 1309 990 1357; x_wconf 86' lang='lat' dir='ltr'><strong>et</strong></span> <span class='ocrx_word' id='word_1_166' title='bbox 1013 1302 1065 1357; x_wconf 88' lang='lat' dir='ltr'><strong>hoe</strong></span> <span class='ocrx_word' id='word_1_167' title='bbox 1080 1303 1110 1357; x_wconf 86' lang='lat' dir='ltr'><strong>in</strong></span> <span class='ocrx_word' id='word_1_168' title='bbox 1132 1319 1189 1357; x_wconf 83' lang='lat' dir='ltr'><strong>una</strong></span> <span class='ocrx_word' id='word_1_169' title='bbox 1209 1304 1350 1358; x_wconf 85' lang='lat' dir='ltr'><strong>sententia</strong></span> <span class='ocrx_word' id='word_1_170' title='bbox 1368 1311 1428 1359; x_wconf 86' lang='lat' dir='ltr'><strong>tam</strong></span> <span class='ocrx_word' id='word_1_171' title='bbox 1442 1304 1641 1376; x_wconf 84' lang='lat' dir='ltr'><strong>vicinepositis</strong></span> <span class='ocrx_word' id='word_1_172' title='bbox 1655 1304 1757 1370; x_wconf 79' lang='lat' dir='ltr'><strong>verbis,</strong></span> 
     </span>
     <span class='ocr_line' id='line_1_13' title="bbox 119 1391 1760 1465; baseline 0.001 -17"><span class='ocrx_word' id='word_1_173' title='bbox 119 1411 181 1449; x_wconf 87' lang='lat' dir='ltr'><strong>esse</strong></span> <span class='ocrx_word' id='word_1_174' title='bbox 191 1395 293 1465; x_wconf 83' lang='lat' dir='ltr'><strong>legem,</strong></span> <span class='ocrx_word' id='word_1_175' title='bbox 312 1399 344 1448; x_wconf 92' lang='lat' dir='ltr'><strong>ut</strong></span> <span class='ocrx_word' id='word_1_176' title='bbox 357 1410 409 1447; x_wconf 89' lang='lat' dir='ltr'><strong>nos</strong></span> <span class='ocrx_word' id='word_1_177' title='bbox 426 1393 546 1448; x_wconf 85' lang='lat' dir='ltr'><strong>invicem</strong></span> <span class='ocrx_word' id='word_1_178' title='bbox 561 1393 720 1464; x_wconf 77' lang='lat' dir='ltr'><strong>diligamus.</strong></span> <span class='ocrx_word' id='word_1_179' title='bbox 740 1394 811 1462; x_wconf 86' lang='lat' dir='ltr'><strong>Opus</strong></span> <span class='ocrx_word' id='word_1_180' title='bbox 826 1400 920 1448; x_wconf 68' lang='lat' dir='ltr'><strong>atatem</strong></span> <span class='ocrx_word' id='word_1_181' title='bbox 959 1391 1009 1462; x_wconf 50' lang='lat' dir='ltr'><strong>¹quii</strong></span> <span class='ocrx_word' id='word_1_182' title='bbox 1023 1407 1086 1448; x_wconf 89' lang='lat' dir='ltr'><strong>cum</strong></span> <span class='ocrx_word' id='word_1_183' title='bbox 1097 1393 1180 1463; x_wconf 88' lang='lat' dir='ltr'><strong>paulo</strong></span> <span class='ocrx_word' id='word_1_184' title='bbox 1195 1398 1260 1449; x_wconf 83' lang='lat' dir='ltr'><strong>oute</strong></span> <span class='ocrx_word' id='word_1_185' title='bbox 1273 1392 1387 1460; x_wconf 88' lang='lat' dir='ltr'><strong>diceret,</strong></span> <span class='ocrx_word' id='word_1_186' title='bbox 1400 1397 1760 1463; x_wconf 73' lang='lat' dir='ltr'><strong>uaeramnnsmuropor-</strong></span> 
     </span>
     <span class='ocr_line' id='line_1_14' title="bbox 121 1481 1760 1552; baseline -0.001 -13"><span class='ocrx_word' id='word_1_187' title='bbox 121 1500 204 1543; x_wconf 83' lang='lat' dir='ltr'><strong>snam</strong></span> <span class='ocrx_word' id='word_1_188' title='bbox 213 1484 306 1552; x_wconf 83' lang='lat' dir='ltr'><strong>probel</strong></span> <span class='ocrx_word' id='word_1_189' title='bbox 314 1485 513 1552; x_wconf 69' lang='lat' dir='ltr'><strong>uniusquisque,</strong></span> <span class='ocrx_word' id='word_1_190' title='bbox 522 1489 546 1536; x_wconf 88' lang='lat' dir='ltr'><strong>ct</strong></span> <span class='ocrx_word' id='word_1_191' title='bbox 560 1486 600 1536; x_wconf 80' lang='lat' dir='ltr'><strong>sic</strong></span> <span class='ocrx_word' id='word_1_192' title='bbox 613 1486 644 1536; x_wconf 79' lang='lat' dir='ltr'><strong>ln</strong></span> <span class='ocrx_word' id='word_1_193' title='bbox 659 1486 798 1551; x_wconf 76' lang='lat' dir='ltr'><strong>seratetipso</strong></span> <span class='ocrx_word' id='word_1_194' title='bbox 810 1488 920 1539; x_wconf 84' lang='lat' dir='ltr'><strong>tentum</strong></span> <span class='ocrx_word' id='word_1_195' title='bbox 962 1486 1023 1545; x_wconf 83' lang='lat' dir='ltr'><strong>tute,</strong></span> <span class='ocrx_word' id='word_1_196' title='bbox 1042 1486 1140 1551; x_wconf 82' lang='lat' dir='ltr'><strong>postea</strong></span> <span class='ocrx_word' id='word_1_197' title='bbox 1152 1481 1232 1546; x_wconf 85' lang='lat' dir='ltr'><strong>dlxit,</strong></span> <span class='ocrx_word' id='word_1_198' title='bbox 1242 1485 1660 1552; x_wconf 76' lang='lat' dir='ltr'><strong>unusquisqucproprturnonus</strong></span> <span class='ocrx_word' id='word_1_199' title='bbox 1667 1488 1760 1551; x_wconf 83' lang='lat' dir='ltr'><strong>porto·</strong></span> 
     </span>
     <span class='ocr_line' id='line_1_15' title="bbox 119 1568 1758 1641; baseline -0.001 -14"><span class='ocrx_word' id='word_1_200' title='bbox 119 1575 240 1641; x_wconf 82' lang='lat' dir='ltr'><strong>plurium</strong></span> <span class='ocrx_word' id='word_1_201' title='bbox 255 1572 371 1636; x_wconf 71' lang='lat' dir='ltr'><strong>liobebtt,</strong></span> <span class='ocrx_word' id='word_1_202' title='bbox 392 1576 416 1625; x_wconf 84' lang='lat' dir='ltr'><strong>et</strong></span> <span class='ocrx_word' id='word_1_203' title='bbox 432 1588 488 1625; x_wconf 88' lang='lat' dir='ltr'><strong>non</strong></span> <span class='ocrx_word' id='word_1_204' title='bbox 503 1575 535 1626; x_wconf 82' lang='lat' dir='ltr'><strong>in</strong></span> <span class='ocrx_word' id='word_1_205' title='bbox 555 1575 650 1628; x_wconf 82' lang='lat' dir='ltr'><strong>attero.</strong></span> <span class='ocrx_word' id='word_1_206' title='bbox 671 1572 775 1628; x_wconf 83' lang='lat' dir='ltr'><strong>Sensus</strong></span> <span class='ocrx_word' id='word_1_207' title='bbox 789 1572 843 1627; x_wconf 88' lang='lat' dir='ltr'><strong>iste</strong></span> <span class='ocrx_word' id='word_1_208' title='bbox 856 1578 917 1628; x_wconf 87' lang='lat' dir='ltr'><strong>est:</strong></span> <span class='ocrx_word' id='word_1_209' title='bbox 963 1570 1010 1622; x_wconf 80' lang='lat' dir='ltr'><strong>bit.</strong></span> <span class='ocrx_word' id='word_1_210' title='bbox 1031 1568 1085 1623; x_wconf 85' lang='lat' dir='ltr'><strong>Sed</strong></span> <span class='ocrx_word' id='word_1_211' title='bbox 1101 1569 1156 1627; x_wconf 85' lang='lat' dir='ltr'><strong>alia</strong></span> <span class='ocrx_word' id='word_1_212' title='bbox 1177 1575 1244 1623; x_wconf 88' lang='lat' dir='ltr'><strong>sunt</strong></span> <span class='ocrx_word' id='word_1_213' title='bbox 1258 1584 1344 1625; x_wconf 86' lang='lat' dir='ltr'><strong>onera</strong></span> <span class='ocrx_word' id='word_1_214' title='bbox 1358 1569 1560 1641; x_wconf 75' lang='lat' dir='ltr'><strong>participanda</strong></span> <span class='ocrx_word' id='word_1_215' title='bbox 1574 1570 1758 1637; x_wconf 83' lang='lat' dir='ltr'><strong>infirmitatis,</strong></span> 
     </span>
     <span class='ocr_line' id='line_1_16' title="bbox 122 1656 1761 1731; baseline -0.001 -16"><span class='ocrx_word' id='word_1_216' title='bbox 122 1661 173 1726; x_wconf 86' lang='lat' dir='ltr'><strong>Tu,</strong></span> <span class='ocrx_word' id='word_1_217' title='bbox 190 1661 239 1731; x_wconf 87' lang='lat' dir='ltr'><strong>qui</strong></span> <span class='ocrx_word' id='word_1_218' title='bbox 254 1666 282 1714; x_wconf 85' lang='lat' dir='ltr'><strong>te</strong></span> <span class='ocrx_word' id='word_1_219' title='bbox 297 1660 419 1714; x_wconf 81' lang='lat' dir='ltr'><strong>aestimas</strong></span> <span class='ocrx_word' id='word_1_220' title='bbox 435 1660 601 1730; x_wconf 82' lang='lat' dir='ltr'><strong>spiritalem,</strong></span> <span class='ocrx_word' id='word_1_221' title='bbox 618 1667 647 1718; x_wconf 86' lang='lat' dir='ltr'><strong>ct</strong></span> <span class='ocrx_word' id='word_1_222' title='bbox 665 1661 699 1716; x_wconf 89' lang='lat' dir='ltr'><strong>de</strong></span> <span class='ocrx_word' id='word_1_223' title='bbox 714 1661 831 1719; x_wconf 84' lang='lat' dir='ltr'><strong>alterius</strong></span> <span class='ocrx_word' id='word_1_224' title='bbox 845 1662 921 1716; x_wconf 76' lang='lat' dir='ltr'><strong>intrr-</strong></span> <span class='ocrx_word' id='word_1_225' title='bbox 962 1657 1017 1710; x_wconf 85' lang='lat' dir='ltr'><strong>alia</strong></span> <span class='ocrx_word' id='word_1_226' title='bbox 1027 1656 1176 1713; x_wconf 82' lang='lat' dir='ltr'><strong>reddendae</strong></span> <span class='ocrx_word' id='word_1_227' title='bbox 1186 1657 1306 1713; x_wconf 80' lang='lat' dir='ltr'><strong>rationis</strong></span> <span class='ocrx_word' id='word_1_228' title='bbox 1320 1658 1378 1713; x_wconf 87' lang='lat' dir='ltr'><strong>Deo</strong></span> <span class='ocrx_word' id='word_1_229' title='bbox 1393 1658 1428 1713; x_wconf 88' lang='lat' dir='ltr'><strong>de</strong></span> <span class='ocrx_word' id='word_1_230' title='bbox 1439 1658 1547 1713; x_wconf 88' lang='lat' dir='ltr'><strong>actibus</strong></span> <span class='ocrx_word' id='word_1_231' title='bbox 1562 1659 1668 1714; x_wconf 85' lang='lat' dir='ltr'><strong>nostris</strong></span> <span class='ocrx_word' id='word_1_232' title='bbox 1684 1678 1689 1711; x_wconf 93' lang='lat'>:</span> <span class='ocrx_word' id='word_1_233' title='bbox 1706 1659 1761 1713; x_wconf 85' lang='lat' dir='ltr'><strong>elia</strong></span> 
     </span>
     <span class='ocr_line' id='line_1_17' title="bbox 123 1737 1760 1820; baseline 0.001 -18"><span class='ocrx_word' id='word_1_234' title='bbox 123 1749 222 1803; x_wconf 86' lang='lat' dir='ltr'><strong>mitute</strong></span> <span class='ocrx_word' id='word_1_235' title='bbox 232 1748 424 1814; x_wconf 88' lang='lat' dir='ltr'><strong>robustiores,</strong></span> <span class='ocrx_word' id='word_1_236' title='bbox 439 1766 496 1804; x_wconf 92' lang='lat' dir='ltr'><strong>non</strong></span> <span class='ocrx_word' id='word_1_237' title='bbox 506 1749 591 1804; x_wconf 88' lang='lat' dir='ltr'><strong>debes</strong></span> <span class='ocrx_word' id='word_1_238' title='bbox 599 1749 818 1809; x_wconf 67' lang='lat' dir='ltr'><strong>imbecillitatem</strong></span> <span class='ocrx_word' id='word_1_239' title='bbox 826 1737 1023 1820; x_wconf 73' lang='lat' dir='ltr'><strong>iacen-Bcum</strong></span> <span class='ocrx_word' id='word_1_240' title='bbox 1031 1745 1164 1804; x_wconf 78' lang='lat' dir='ltr'><strong>iratribus</strong></span> <span class='ocrx_word' id='word_1_241' title='bbox 1170 1747 1356 1802; x_wconf 83' lang='lat' dir='ltr'><strong>sustentanda</strong></span> <span class='ocrx_word' id='word_1_242' title='bbox 1366 1748 1621 1813; x_wconf 65' lang='lat' dir='ltr'><strong>communicantem,</strong></span> <span class='ocrx_word' id='word_1_243' title='bbox 1635 1748 1760 1819; x_wconf 77' lang='lat' dir='ltr'><strong>haecpro·</strong></span> 
     </span>
    </p>
   </div>
   <div class='ocr_carea' id='block_1_3' title="bbox 24 1834 1430 1921">
    <p class='ocr_par' dir='ltr' id='par_1_3' title="bbox 24 1834 1430 1921">
     <span class='ocr_line' id='line_1_18' title="bbox 24 1834 1430 1921; baseline -0.004 -28"><span class='ocrx_word' id='word_1_244' title='bbox 24 1908 29 1921; x_wconf 28' lang='grc' dir='ltr'><strong><em>ι</em></strong></span> <span class='ocrx_word' id='word_1_245' title='bbox 121 1839 166 1904; x_wconf 86' lang='lat' dir='ltr'><strong>tis,</strong></span> <span class='ocrx_word' id='word_1_246' title='bbox 176 1838 226 1892; x_wconf 88' lang='lat' dir='ltr'><strong>sed</strong></span> <span class='ocrx_word' id='word_1_247' title='bbox 237 1846 315 1893; x_wconf 88' lang='lat' dir='ltr'><strong>tuam</strong></span> <span class='ocrx_word' id='word_1_248' title='bbox 327 1838 521 1894; x_wconf 79' lang='lat' dir='ltr'><strong>tortitudinem</strong></span> <span class='ocrx_word' id='word_1_249' title='bbox 533 1839 720 1894; x_wconf 82' lang='lat' dir='ltr'><strong>considerare¹</strong></span> <span class='ocrx_word' id='word_1_250' title='bbox 736 1839 835 1911; x_wconf 84' lang='lat' dir='ltr'><strong>Neque</strong></span> <span class='ocrx_word' id='word_1_251' title='bbox 844 1840 920 1893; x_wconf 88' lang='lat' dir='ltr'><strong>enim</strong></span> <span class='ocrx_word' id='word_1_252' title='bbox 961 1835 1023 1905; x_wconf 80' lang='lat' dir='ltr'><strong>pria</strong></span> <span class='ocrx_word' id='word_1_253' title='bbox 1038 1834 1074 1889; x_wconf 85' lang='lat' dir='ltr'><strong>ab</strong></span> <span class='ocrx_word' id='word_1_254' title='bbox 1086 1851 1255 1905; x_wconf 85' lang='lat' dir='ltr'><strong>unoquoque</strong></span> <span class='ocrx_word' id='word_1_255' title='bbox 1270 1841 1430 1907; x_wconf 86' lang='lat' dir='ltr'><strong>portantur.</strong></span> 
     </span>
    </p>
   </div>
   <div class='ocr_carea' id='block_1_4' title="bbox 116 1924 1766 5653">
    <p class='ocr_par' dir='ltr' id='par_1_4' title="bbox 116 1924 1766 5653">
     <span class='ocr_line' id='line_1_19' title="bbox 122 1924 1761 1999; baseline -0.001 -17"><span class='ocrx_word' id='word_1_256' title='bbox 122 1927 228 1982; x_wconf 89' lang='lat' dir='ltr'><strong>sialius</strong></span> <span class='ocrx_word' id='word_1_257' title='bbox 244 1928 366 1998; x_wconf 81' lang='lat' dir='ltr'><strong>perfecte</strong></span> <span class='ocrx_word' id='word_1_258' title='bbox 379 1934 535 1999; x_wconf 84' lang='lat' dir='ltr'><strong>nonpotest</strong></span> <span class='ocrx_word' id='word_1_259' title='bbox 546 1928 582 1982; x_wconf 82' lang='lat' dir='ltr'><strong>ad</strong></span> <span class='ocrx_word' id='word_1_260' title='bbox 592 1928 920 1983; x_wconf 79' lang='lat' dir='ltr'><strong>ChristianismumaJu.</strong></span> <span class='ocrx_word' id='word_1_261' title='bbox 996 1924 1184 1979; x_wconf 78' lang='lat' dir='ltr'><strong>Gorrtntunicat</strong></span> <span class='ocrx_word' id='word_1_262' title='bbox 1196 1930 1289 1978; x_wconf 84' lang='lat' dir='ltr'><strong>autent</strong></span> <span class='ocrx_word' id='word_1_263' title='bbox 1314 1928 1347 1990; x_wconf 81' lang='lat' dir='ltr'><strong>is,</strong></span> <span class='ocrx_word' id='word_1_264' title='bbox 1367 1928 1417 1994; x_wconf 80' lang='lat' dir='ltr'><strong>qai</strong></span> <span class='ocrx_word' id='word_1_265' title='bbox 1433 1927 1620 1981; x_wconf 76' lang='lat' dir='ltr'><strong>catechizatur</strong></span> <span class='ocrx_word' id='word_1_266' title='bbox 1633 1929 1723 1990; x_wconf 72' lang='lat' dir='ltr'><strong>verbm</strong></span> <span class='ocrx_word' id='word_1_267' title='bbox 1739 1933 1761 1983; x_wconf 84' lang='lat' dir='ltr'><strong>tt</strong></span> 
     </span>
     <span class='ocr_line' id='line_1_20' title="bbox 122 2013 1760 2088; baseline 0.001 -18"><span class='ocrx_word' id='word_1_268' title='bbox 122 2016 230 2071; x_wconf 87' lang='lat' dir='ltr'><strong>daismo</strong></span> <span class='ocrx_word' id='word_1_269' title='bbox 241 2017 373 2083; x_wconf 86' lang='lat' dir='ltr'><strong>tmnsire,</strong></span> <span class='ocrx_word' id='word_1_270' title='bbox 387 2016 524 2072; x_wconf 85' lang='lat' dir='ltr'><strong>idcircotu</strong></span> <span class='ocrx_word' id='word_1_271' title='bbox 536 2016 676 2088; x_wconf 86' lang='lat' dir='ltr'><strong>perfectus</strong></span> <span class='ocrx_word' id='word_1_272' title='bbox 687 2034 716 2072; x_wconf 88' lang='lat' dir='ltr'><strong>es</strong></span> <span class='ocrx_word' id='word_1_273' title='bbox 724 2018 900 2074; x_wconf 81' lang='lat' dir='ltr'><strong>Christianus</strong></span> <span class='ocrx_word' id='word_1_274' title='bbox 912 2037 918 2085; x_wconf 88' lang='lat'>;</span> <span class='ocrx_word' id='word_1_275' title='bbox 961 2016 1011 2082; x_wconf 77' lang='lat' dir='ltr'><strong>put</strong></span> <span class='ocrx_word' id='word_1_276' title='bbox 1020 2029 1046 2066; x_wconf 83' lang='lat' dir='ltr'><strong>su</strong></span> <span class='ocrx_word' id='word_1_277' title='bbox 1059 2013 1216 2079; x_wconf 75' lang='lat' dir='ltr'><strong>catechizat,</strong></span> <span class='ocrx_word' id='word_1_278' title='bbox 1229 2017 1260 2067; x_wconf 82' lang='lat' dir='ltr'><strong>ln</strong></span> <span class='ocrx_word' id='word_1_279' title='bbox 1271 2015 1398 2067; x_wconf 75' lang='lat' dir='ltr'><strong>erunibus</strong></span> <span class='ocrx_word' id='word_1_280' title='bbox 1409 2015 1496 2069; x_wconf 78' lang='lat' dir='ltr'><strong>bonis.</strong></span> <span class='ocrx_word' id='word_1_281' title='bbox 1504 2013 1608 2085; x_wconf 70' lang='lat' dir='ltr'><strong>(Ambl</strong></span> <span class='ocrx_word' id='word_1_282' title='bbox 1617 2015 1760 2079; x_wconf 69' lang='lat' dir='ltr'><strong>Hocdicit</strong></span> 
     </span>
     <span class='ocr_line' id='line_1_21' title="bbox 121 2100 1762 2176; baseline 0.002 -17"><span class='ocrx_word' id='word_1_283' title='bbox 121 2107 170 2159; x_wconf 84' lang='lat' dir='ltr'><strong>sed</strong></span> <span class='ocrx_word' id='word_1_284' title='bbox 185 2106 208 2160; x_wconf 91' lang='lat' dir='ltr'><strong>si</strong></span> <span class='ocrx_word' id='word_1_285' title='bbox 219 2111 247 2159; x_wconf 81' lang='lat' dir='ltr'><strong>te</strong></span> <span class='ocrx_word' id='word_1_286' title='bbox 257 2107 371 2176; x_wconf 84' lang='lat' dir='ltr'><strong>propria</strong></span> <span class='ocrx_word' id='word_1_287' title='bbox 383 2107 555 2161; x_wconf 85' lang='lat' dir='ltr'><strong>couscientia</strong></span> <span class='ocrx_word' id='word_1_288' title='bbox 567 2123 623 2166; x_wconf 87' lang='lat' dir='ltr'><strong>nou</strong></span> <span class='ocrx_word' id='word_1_289' title='bbox 634 2107 785 2172; x_wconf 79' lang='lat' dir='ltr'><strong>uernordet,</strong></span> <span class='ocrx_word' id='word_1_290' title='bbox 798 2107 883 2161; x_wconf 87' lang='lat' dir='ltr'><strong>habes</strong></span> <span class='ocrx_word' id='word_1_291' title='bbox 893 2108 922 2163; x_wconf 90' lang='lat' dir='ltr'><strong>in</strong></span> <span class='ocrx_word' id='word_1_292' title='bbox 964 2105 997 2155; x_wconf 91' lang='lat' dir='ltr'><strong>ut</strong></span> <span class='ocrx_word' id='word_1_293' title='bbox 1015 2100 1176 2155; x_wconf 89' lang='lat' dir='ltr'><strong>doctoribus</strong></span> <span class='ocrx_word' id='word_1_294' title='bbox 1194 2100 1342 2162; x_wconf 76' lang='lat' dir='ltr'><strong>audientes</strong></span> <span class='ocrx_word' id='word_1_295' title='bbox 1357 2103 1566 2157; x_wconf 72' lang='lat' dir='ltr'><strong>communicant</strong></span> <span class='ocrx_word' id='word_1_296' title='bbox 1586 2103 1616 2157; x_wconf 76' lang='lat' dir='ltr'><strong>in</strong></span> <span class='ocrx_word' id='word_1_297' title='bbox 1632 2103 1762 2159; x_wconf 79' lang='lat' dir='ltr'><strong>omuibus</strong></span> 
     </span>
     <span class='ocr_line' id='line_1_22' title="bbox 123 2189 1762 2266; baseline 0.005 -17"><span class='ocrx_word' id='word_1_298' title='bbox 123 2195 272 2266; x_wconf 87' lang='lat' dir='ltr'><strong>temetipso</strong></span> <span class='ocrx_word' id='word_1_299' title='bbox 282 2195 451 2264; x_wconf 83' lang='lat' dir='ltr'><strong>gloriam,et</strong></span> <span class='ocrx_word' id='word_1_300' title='bbox 460 2196 552 2254; x_wconf 87' lang='lat' dir='ltr'><strong>nonin</strong></span> <span class='ocrx_word' id='word_1_301' title='bbox 565 2197 785 2252; x_wconf 72' lang='lat' dir='ltr'><strong>alter=o.1ltldeta</strong></span> <span class='ocrx_word' id='word_1_302' title='bbox 794 2213 850 2253; x_wconf 78' lang='lat' dir='ltr'><strong>raon</strong></span> <span class='ocrx_word' id='word_1_303' title='bbox 859 2197 922 2251; x_wconf 84' lang='lat' dir='ltr'><strong>ideo</strong></span> <span class='ocrx_word' id='word_1_304' title='bbox 964 2189 1052 2245; x_wconf 82' lang='lat' dir='ltr'><strong>honis.</strong></span> <span class='ocrx_word' id='word_1_305' title='bbox 1080 2190 1110 2247; x_wconf 90' lang='lat' dir='ltr'><strong>Si</strong></span> <span class='ocrx_word' id='word_1_306' title='bbox 1125 2195 1219 2246; x_wconf 78' lang='lat' dir='ltr'><strong>auteur</strong></span> <span class='ocrx_word' id='word_1_307' title='bbox 1236 2190 1318 2244; x_wconf 78' lang='lat' dir='ltr'><strong>aliter</strong></span> <span class='ocrx_word' id='word_1_308' title='bbox 1334 2196 1421 2261; x_wconf 83' lang='lat' dir='ltr'><strong>agant</strong></span> <span class='ocrx_word' id='word_1_309' title='bbox 1445 2208 1531 2263; x_wconf 83' lang='lat' dir='ltr'><strong>quam</strong></span> <span class='ocrx_word' id='word_1_310' title='bbox 1547 2192 1659 2257; x_wconf 60' lang='lat' dir='ltr'><strong>dotent·</strong></span> <span class='ocrx_word' id='word_1_311' title='bbox 1674 2193 1705 2249; x_wconf 76' lang='lat' dir='ltr'><strong>in</strong></span> <span class='ocrx_word' id='word_1_312' title='bbox 1719 2193 1762 2247; x_wconf 70' lang='lat' dir='ltr'><strong>his</strong></span> 
     </span>
     <span class='ocr_line' id='line_1_23' title="bbox 122 2278 1763 2356; baseline 0 -19"><span class='ocrx_word' id='word_1_313' title='bbox 122 2283 205 2337; x_wconf 80' lang='lat' dir='ltr'><strong>tortis</strong></span> <span class='ocrx_word' id='word_1_314' title='bbox 218 2290 261 2337; x_wconf 88' lang='lat' dir='ltr'><strong>est</strong></span> <span class='ocrx_word' id='word_1_315' title='bbox 275 2285 342 2355; x_wconf 83' lang='lat' dir='ltr'><strong>quia</strong></span> <span class='ocrx_word' id='word_1_316' title='bbox 361 2285 447 2341; x_wconf 82' lang='lat' dir='ltr'><strong>vincit</strong></span> <span class='ocrx_word' id='word_1_317' title='bbox 462 2284 617 2351; x_wconf 87' lang='lat' dir='ltr'><strong>infirmum,</strong></span> <span class='ocrx_word' id='word_1_318' title='bbox 634 2291 663 2342; x_wconf 88' lang='lat' dir='ltr'><strong>et</strong></span> <span class='ocrx_word' id='word_1_319' title='bbox 680 2286 814 2356; x_wconf 81' lang='lat' dir='ltr'><strong>languida</strong></span> <span class='ocrx_word' id='word_1_320' title='bbox 827 2286 923 2340; x_wconf 83' lang='lat' dir='ltr'><strong>adver-</strong></span> <span class='ocrx_word' id='word_1_321' title='bbox 963 2278 1018 2339; x_wconf 78' lang='lat' dir='ltr'><strong>illis</strong></span> <span class='ocrx_word' id='word_1_322' title='bbox 1041 2295 1097 2335; x_wconf 90' lang='lat' dir='ltr'><strong>uon</strong></span> <span class='ocrx_word' id='word_1_323' title='bbox 1116 2279 1391 2347; x_wconf 86' lang='lat' dir='ltr'><strong>communicandum,</strong></span> <span class='ocrx_word' id='word_1_324' title='bbox 1408 2281 1458 2335; x_wconf 85' lang='lat' dir='ltr'><strong>sed</strong></span> <span class='ocrx_word' id='word_1_325' title='bbox 1480 2281 1717 2349; x_wconf 81' lang='lat' dir='ltr'><strong>dissentiendum,</strong></span> <span class='ocrx_word' id='word_1_326' title='bbox 1732 2289 1763 2336; x_wconf 89' lang='lat' dir='ltr'><strong>ut</strong></span> 
     </span>
     <span class='ocr_line' id='line_1_24' title="bbox 122 2368 1761 2444; baseline 0.001 -19"><span class='ocrx_word' id='word_1_327' title='bbox 122 2373 192 2426; x_wconf 84' lang='lat' dir='ltr'><strong>surii</strong></span> <span class='ocrx_word' id='word_1_328' title='bbox 209 2373 335 2427; x_wconf 84' lang='lat' dir='ltr'><strong>membra</strong></span> <span class='ocrx_word' id='word_1_329' title='bbox 350 2374 501 2444; x_wconf 81' lang='lat' dir='ltr'><strong>superavit,</strong></span> <span class='ocrx_word' id='word_1_330' title='bbox 518 2374 567 2428; x_wconf 85' lang='lat' dir='ltr'><strong>sed</strong></span> <span class='ocrx_word' id='word_1_331' title='bbox 587 2374 611 2428; x_wconf 91' lang='lat' dir='ltr'><strong>si</strong></span> <span class='ocrx_word' id='word_1_332' title='bbox 637 2373 768 2431; x_wconf 86' lang='lat' dir='ltr'><strong>robustus</strong></span> <span class='ocrx_word' id='word_1_333' title='bbox 782 2382 835 2439; x_wconf 82' lang='lat' dir='ltr'><strong>cst,</strong></span> <span class='ocrx_word' id='word_1_334' title='bbox 851 2379 879 2429; x_wconf 87' lang='lat' dir='ltr'><strong>ct</strong></span> <span class='ocrx_word' id='word_1_335' title='bbox 894 2375 923 2428; x_wconf 92' lang='lat' dir='ltr'><strong>in</strong></span> <span class='ocrx_word' id='word_1_336' title='bbox 963 2368 1106 2439; x_wconf 62' lang='lat' dir='ltr'><strong>mamslex</strong></span> <span class='ocrx_word' id='word_1_337' title='bbox 1116 2368 1167 2423; x_wconf 91' lang='lat' dir='ltr'><strong>tibi</strong></span> <span class='ocrx_word' id='word_1_338' title='bbox 1177 2369 1233 2422; x_wconf 79' lang='lat' dir='ltr'><strong>dun</strong></span> <span class='ocrx_word' id='word_1_339' title='bbox 1247 2369 1293 2434; x_wconf 79' lang='lat' dir='ltr'><strong>sit,</strong></span> <span class='ocrx_word' id='word_1_340' title='bbox 1306 2382 1390 2440; x_wconf 88' lang='lat' dir='ltr'><strong>quam</strong></span> <span class='ocrx_word' id='word_1_341' title='bbox 1400 2370 1486 2430; x_wconf 82' lang='lat' dir='ltr'><strong>homo</strong></span> <span class='ocrx_word' id='word_1_342' title='bbox 1496 2369 1562 2424; x_wconf 91' lang='lat' dir='ltr'><strong>:sibi</strong></span> <span class='ocrx_word' id='word_1_343' title='bbox 1572 2371 1761 2439; x_wconf 77' lang='lat' dir='ltr'><strong>euimoberit,</strong></span> 
     </span>
     <span class='ocr_line' id='line_1_25' title="bbox 127 2457 1761 2533; baseline 0.001 -18"><span class='ocrx_word' id='word_1_344' title='bbox 127 2461 358 2526; x_wconf 84' lang='lat' dir='ltr'><strong>suasortitudinc‚</strong></span> <span class='ocrx_word' id='word_1_345' title='bbox 369 2476 426 2517; x_wconf 88' lang='lat' dir='ltr'><strong>nou</strong></span> <span class='ocrx_word' id='word_1_346' title='bbox 436 2463 465 2518; x_wconf 90' lang='lat' dir='ltr'><strong>in</strong></span> <span class='ocrx_word' id='word_1_347' title='bbox 477 2463 641 2519; x_wconf 83' lang='lat' dir='ltr'><strong>infirmitate</strong></span> <span class='ocrx_word' id='word_1_348' title='bbox 649 2463 766 2523; x_wconf 80' lang='lat' dir='ltr'><strong>alterius</strong></span> <span class='ocrx_word' id='word_1_349' title='bbox 773 2464 921 2533; x_wconf 80' lang='lat' dir='ltr'><strong>gloriatur.</strong></span> <span class='ocrx_word' id='word_1_350' title='bbox 964 2474 1020 2521; x_wconf 79' lang='lat' dir='ltr'><strong>nou</strong></span> <span class='ocrx_word' id='word_1_351' title='bbox 1039 2457 1108 2524; x_wconf 72' lang='lat' dir='ltr'><strong>libi3</strong></span> <span class='ocrx_word' id='word_1_352' title='bbox 1138 2459 1215 2529; x_wconf 76' lang='lat' dir='ltr'><strong>quia,</strong></span> <span class='ocrx_word' id='word_1_353' title='bbox 1236 2475 1299 2528; x_wconf 72' lang='lat' dir='ltr'><strong>qua</strong></span> <span class='ocrx_word' id='word_1_354' title='bbox 1322 2459 1439 2525; x_wconf 79' lang='lat' dir='ltr'><strong>doeens,</strong></span> <span class='ocrx_word' id='word_1_355' title='bbox 1462 2459 1601 2515; x_wconf 85' lang='lat' dir='ltr'><strong>observas.</strong></span> <span class='ocrx_word' id='word_1_356' title='bbox 1622 2462 1761 2531; x_wconf 69' lang='lat' dir='ltr'><strong>(aaron.)</strong></span> 
     </span>
     <span class='ocr_line' id='line_1_26' title="bbox 131 2547 1764 2623; baseline -0.002 -17"><span class='ocrx_word' id='word_1_357' title='bbox 131 2550 253 2619; x_wconf 80' lang='lat' dir='ltr'><strong>lntelligi</strong></span> <span class='ocrx_word' id='word_1_358' title='bbox 264 2557 355 2621; x_wconf 89' lang='lat' dir='ltr'><strong>potest</strong></span> <span class='ocrx_word' id='word_1_359' title='bbox 361 2551 478 2605; x_wconf 85' lang='lat' dir='ltr'><strong>etaliter</strong></span> <span class='ocrx_word' id='word_1_360' title='bbox 489 2570 493 2603; x_wconf 91' lang='lat'><strong>:</strong></span> <span class='ocrx_word' id='word_1_361' title='bbox 503 2552 558 2615; x_wconf 83' lang='lat' dir='ltr'><strong>Qui</strong></span> <span class='ocrx_word' id='word_1_362' title='bbox 565 2553 764 2610; x_wconf 86' lang='lat' dir='ltr'><strong>conscientiam</strong></span> <span class='ocrx_word' id='word_1_363' title='bbox 770 2552 924 2623; x_wconf 85' lang='lat' dir='ltr'><strong>habetope-</strong></span> <span class='ocrx_word' id='word_1_364' title='bbox 965 2547 1089 2603; x_wconf 81' lang='lat' dir='ltr'><strong>Marcion</strong></span> <span class='ocrx_word' id='word_1_365' title='bbox 1095 2547 1169 2605; x_wconf 86' lang='lat' dir='ltr'><strong>huuc</strong></span> <span class='ocrx_word' id='word_1_366' title='bbox 1179 2547 1271 2602; x_wconf 86' lang='lat' dir='ltr'><strong>locum</strong></span> <span class='ocrx_word' id='word_1_367' title='bbox 1283 2548 1323 2603; x_wconf 89' lang='lat' dir='ltr'><strong>ita</strong></span> <span class='ocrx_word' id='word_1_368' title='bbox 1333 2548 1535 2619; x_wconf 80' lang='lat' dir='ltr'><strong>interpretatus</strong></span> <span class='ocrx_word' id='word_1_369' title='bbox 1545 2554 1598 2614; x_wconf 89' lang='lat' dir='ltr'><strong>est,</strong></span> <span class='ocrx_word' id='word_1_370' title='bbox 1607 2555 1640 2603; x_wconf 93' lang='lat' dir='ltr'><strong>ut</strong></span> <span class='ocrx_word' id='word_1_371' title='bbox 1649 2555 1764 2621; x_wconf 76' lang='lat' dir='ltr'><strong>putaret</strong></span> 
     </span>
     <span class='ocr_line' id='line_1_27' title="bbox 130 2636 1764 2711; baseline 0.002 -21"><span class='ocrx_word' id='word_1_372' title='bbox 130 2638 169 2690; x_wconf 87' lang='lat' dir='ltr'><strong>ris</strong></span> <span class='ocrx_word' id='word_1_373' title='bbox 179 2637 244 2692; x_wconf 90' lang='lat' dir='ltr'><strong>boni</strong></span> <span class='ocrx_word' id='word_1_374' title='bbox 255 2644 283 2692; x_wconf 90' lang='lat' dir='ltr'><strong>et</strong></span> <span class='ocrx_word' id='word_1_375' title='bbox 293 2638 419 2709; x_wconf 68' lang='lat' dir='ltr'><strong>Jseipsum</strong></span> <span class='ocrx_word' id='word_1_376' title='bbox 432 2640 612 2695; x_wconf 73' lang='lat' dir='ltr'><strong>considerans</strong></span> <span class='ocrx_word' id='word_1_377' title='bbox 626 2656 696 2711; x_wconf 84' lang='lat' dir='ltr'><strong>opus</strong></span> <span class='ocrx_word' id='word_1_378' title='bbox 711 2656 794 2695; x_wconf 87' lang='lat' dir='ltr'><strong>suum</strong></span> <span class='ocrx_word' id='word_1_379' title='bbox 812 2658 868 2698; x_wconf 89' lang='lat' dir='ltr'><strong>non</strong></span> <span class='ocrx_word' id='word_1_380' title='bbox 878 2659 923 2696; x_wconf 85' lang='lat' dir='ltr'><strong>re·</strong></span> <span class='ocrx_word' id='word_1_381' title='bbox 965 2636 1060 2693; x_wconf 79' lang='lat' dir='ltr'><strong>fideles</strong></span> <span class='ocrx_word' id='word_1_382' title='bbox 1076 2643 1105 2690; x_wconf 79' lang='lat' dir='ltr'><strong>et</strong></span> <span class='ocrx_word' id='word_1_383' title='bbox 1119 2637 1334 2695; x_wconf 70' lang='lat' dir='ltr'><strong>catechumenos</strong></span> <span class='ocrx_word' id='word_1_384' title='bbox 1345 2637 1429 2692; x_wconf 76' lang='lat' dir='ltr'><strong>situul</strong></span> <span class='ocrx_word' id='word_1_385' title='bbox 1439 2654 1520 2694; x_wconf 82' lang='lat' dir='ltr'><strong>orare</strong></span> <span class='ocrx_word' id='word_1_386' title='bbox 1529 2638 1642 2705; x_wconf 82' lang='lat' dir='ltr'><strong>debere,</strong></span> <span class='ocrx_word' id='word_1_387' title='bbox 1659 2647 1688 2694; x_wconf 86' lang='lat' dir='ltr'><strong>et</strong></span> <span class='ocrx_word' id='word_1_388' title='bbox 1707 2656 1764 2694; x_wconf 76' lang='lat' dir='ltr'><strong>rna-</strong></span> 
     </span>
     <span class='ocr_line' id='line_1_28' title="bbox 128 2724 1763 2800; baseline -0.001 -17"><span class='ocrx_word' id='word_1_389' title='bbox 128 2727 288 2798; x_wconf 73' lang='lat' dir='ltr'><strong>preheudit,</strong></span> <span class='ocrx_word' id='word_1_390' title='bbox 300 2744 356 2783; x_wconf 88' lang='lat' dir='ltr'><strong>non</strong></span> <span class='ocrx_word' id='word_1_391' title='bbox 372 2727 455 2789; x_wconf 83' lang='lat' dir='ltr'><strong>debet-</strong></span> <span class='ocrx_word' id='word_1_392' title='bbox 463 2729 497 2783; x_wconf 85' lang='lat' dir='ltr'><strong>de</strong></span> <span class='ocrx_word' id='word_1_393' title='bbox 512 2729 564 2783; x_wconf 89' lang='lat' dir='ltr'><strong>hoc</strong></span> <span class='ocrx_word' id='word_1_394' title='bbox 575 2730 650 2800; x_wconf 89' lang='lat' dir='ltr'><strong>apud</strong></span> <span class='ocrx_word' id='word_1_395' title='bbox 664 2730 750 2785; x_wconf 87' lang='lat' dir='ltr'><strong>alium</strong></span> <span class='ocrx_word' id='word_1_396' title='bbox 763 2731 925 2800; x_wconf 66' lang='lat' dir='ltr'><strong>gloriariet</strong></span> <span class='ocrx_word' id='word_1_397' title='bbox 962 2724 1086 2796; x_wconf 80' lang='lat' dir='ltr'><strong>gistrum</strong></span> <span class='ocrx_word' id='word_1_398' title='bbox 1096 2726 1339 2784; x_wconf 80' lang='lat' dir='ltr'><strong>communicarem</strong></span> <span class='ocrx_word' id='word_1_399' title='bbox 1349 2726 1476 2781; x_wconf 86' lang='lat' dir='ltr'><strong>oratione</strong></span> <span class='ocrx_word' id='word_1_400' title='bbox 1487 2727 1646 2798; x_wconf 81' lang='lat' dir='ltr'><strong>discipulis3</strong></span> <span class='ocrx_word' id='word_1_401' title='bbox 1656 2729 1706 2784; x_wconf 90' lang='lat' dir='ltr'><strong>illo</strong></span> <span class='ocrx_word' id='word_1_402' title='bbox 1720 2730 1763 2784; x_wconf 71' lang='lat' dir='ltr'><strong>¹rel</strong></span> 
     </span>
     <span class='ocr_line' id='line_1_29' title="bbox 131 2815 1762 2889; baseline 0.004 -21"><span class='ocrx_word' id='word_1_403' title='bbox 131 2815 244 2870; x_wconf 81' lang='lat' dir='ltr'><strong>laudem</strong></span> <span class='ocrx_word' id='word_1_404' title='bbox 259 2830 338 2871; x_wconf 84' lang='lat' dir='ltr'><strong>suam</strong></span> <span class='ocrx_word' id='word_1_405' title='bbox 356 2817 430 2878; x_wconf 76' lang='lat' dir='ltr'><strong>foras</strong></span> <span class='ocrx_word' id='word_1_406' title='bbox 444 2816 571 2881; x_wconf 85' lang='lat' dir='ltr'><strong>sundere,</strong></span> <span class='ocrx_word' id='word_1_407' title='bbox 593 2823 621 2871; x_wconf 83' lang='lat' dir='ltr'><strong>et</strong></span> <span class='ocrx_word' id='word_1_408' title='bbox 639 2820 846 2877; x_wconf 87' lang='lat' dir='ltr'><strong>communicare</strong></span> <span class='ocrx_word' id='word_1_409' title='bbox 860 2836 924 2875; x_wconf 90' lang='lat' dir='ltr'><strong>cum</strong></span> <span class='ocrx_word' id='word_1_410' title='bbox 965 2815 1087 2869; x_wconf 84' lang='lat' dir='ltr'><strong>maxime</strong></span> <span class='ocrx_word' id='word_1_411' title='bbox 1101 2815 1200 2880; x_wconf 86' lang='lat' dir='ltr'><strong>elatus,</strong></span> <span class='ocrx_word' id='word_1_412' title='bbox 1217 2816 1290 2887; x_wconf 92' lang='lat' dir='ltr'><strong>quod</strong></span> <span class='ocrx_word' id='word_1_413' title='bbox 1309 2822 1455 2889; x_wconf 87' lang='lat' dir='ltr'><strong>sequatur,</strong></span> <span class='ocrx_word' id='word_1_414' title='bbox 1475 2820 1505 2871; x_wconf 84' lang='lat' dir='ltr'><strong>tn</strong></span> <span class='ocrx_word' id='word_1_415' title='bbox 1519 2819 1648 2872; x_wconf 75' lang='lat' dir='ltr'><strong>manthos</strong></span> <span class='ocrx_word' id='word_1_416' title='bbox 1673 2820 1762 2875; x_wconf 82' lang='lat' dir='ltr'><strong>bonis.</strong></span> 
     </span>
     <span class='ocr_line' id='line_1_30' title="bbox 125 2903 1764 2978; baseline 0.002 -20"><span class='ocrx_word' id='word_1_417' title='bbox 125 2903 243 2971; x_wconf 84' lang='lat' dir='ltr'><strong>cunctis,</strong></span> <span class='ocrx_word' id='word_1_418' title='bbox 259 2911 288 2958; x_wconf 91' lang='lat' dir='ltr'><strong>et</strong></span> <span class='ocrx_word' id='word_1_419' title='bbox 300 2906 492 2963; x_wconf 82' lang='lat' dir='ltr'><strong>exhominum</strong></span> <span class='ocrx_word' id='word_1_420' title='bbox 511 2907 739 2976; x_wconf 79' lang='lat' dir='ltr'><strong>quaeremfauore</strong></span> <span class='ocrx_word' id='word_1_421' title='bbox 747 2909 922 2978; x_wconf 76' lang='lat' dir='ltr'><strong>jactantiam,</strong></span> <span class='ocrx_word' id='word_1_422' title='bbox 966 2903 1036 2961; x_wconf 85' lang='lat' dir='ltr'><strong>Cum</strong></span> <span class='ocrx_word' id='word_1_423' title='bbox 1051 2904 1158 2975; x_wconf 80' lang='lat' dir='ltr'><strong>utique,</strong></span> <span class='ocrx_word' id='word_1_424' title='bbox 1174 2904 1198 2958; x_wconf 89' lang='lat' dir='ltr'><strong>si</strong></span> <span class='ocrx_word' id='word_1_425' title='bbox 1214 2904 1249 2958; x_wconf 85' lang='lat' dir='ltr'><strong>de</strong></span> <span class='ocrx_word' id='word_1_426' title='bbox 1264 2905 1391 2965; x_wconf 77' lang='lat' dir='ltr'><strong>oratione</strong></span> <span class='ocrx_word' id='word_1_427' title='bbox 1405 2905 1505 2961; x_wconf 77' lang='lat' dir='ltr'><strong>diisset</strong></span> <span class='ocrx_word' id='word_1_428' title='bbox 1519 2912 1624 2972; x_wconf 85' lang='lat' dir='ltr'><strong>sermo,</strong></span> <span class='ocrx_word' id='word_1_429' title='bbox 1641 2921 1698 2963; x_wconf 90' lang='lat' dir='ltr'><strong>nou</strong></span> <span class='ocrx_word' id='word_1_430' title='bbox 1714 2907 1764 2962; x_wconf 89' lang='lat' dir='ltr'><strong>de-</strong></span> 
     </span>
     <span class='ocr_line' id='line_1_31' title="bbox 124 2991 1764 3066; baseline 0.012 -20"><span class='ocrx_word' id='word_1_431' title='bbox 124 2993 215 3048; x_wconf 88' lang='lat' dir='ltr'><strong>sedin</strong></span> <span class='ocrx_word' id='word_1_432' title='bbox 229 2994 321 3066; x_wconf 83' lang='lat' dir='ltr'><strong>seipso</strong></span> <span class='ocrx_word' id='word_1_433' title='bbox 337 2994 441 3049; x_wconf 87' lang='lat' dir='ltr'><strong>habeat</strong></span> <span class='ocrx_word' id='word_1_434' title='bbox 454 2995 574 3065; x_wconf 84' lang='lat' dir='ltr'><strong>gloriam</strong></span> <span class='ocrx_word' id='word_1_435' title='bbox 591 3001 619 3050; x_wconf 84' lang='lat' dir='ltr'><strong>et</strong></span> <span class='ocrx_word' id='word_1_436' title='bbox 631 2996 709 3056; x_wconf 64' lang='lat' dir='ltr'><strong>duat</strong></span> <span class='ocrx_word' id='word_1_437' title='bbox 725 3013 730 3048; x_wconf 92' lang='lat'>:</span> <span class='ocrx_word' id='word_1_438' title='bbox 749 2998 818 3052; x_wconf 79' lang='lat' dir='ltr'><strong>Mitti</strong></span> <span class='ocrx_word' id='word_1_439' title='bbox 831 3003 923 3052; x_wconf 80' lang='lat' dir='ltr'><strong>autem</strong></span> <span class='ocrx_word' id='word_1_440' title='bbox 964 2991 1059 3047; x_wconf 68' lang='lat' dir='ltr'><strong>buerit</strong></span> <span class='ocrx_word' id='word_1_441' title='bbox 1072 2993 1096 3046; x_wconf 67' lang='lat'><strong>05</strong></span> <span class='ocrx_word' id='word_1_442' title='bbox 1111 2993 1233 3064; x_wconf 56' lang='lat' dir='ltr'><strong>Ptffissillb</strong></span> <span class='ocrx_word' id='word_1_443' title='bbox 1254 2994 1301 3064; x_wconf 87' lang='lat' dir='ltr'><strong>qui</strong></span> <span class='ocrx_word' id='word_1_444' title='bbox 1315 2995 1533 3063; x_wconf 59' lang='lat' dir='ltr'><strong>cathoehlffltusr</strong></span> <span class='ocrx_word' id='word_1_445' title='bbox 1549 2995 1598 3050; x_wconf 58' lang='lat'><strong>⁸⁸¹¹</strong></span> <span class='ocrx_word' id='word_1_446' title='bbox 1610 2995 1637 3051; x_wconf 61' lang='lat'><strong>05</strong></span> <span class='ocrx_word' id='word_1_447' title='bbox 1652 2997 1702 3066; x_wconf 78' lang='lat' dir='ltr'><strong>(1¹¹i</strong></span> <span class='ocrx_word' id='word_1_448' title='bbox 1714 3012 1764 3050; x_wconf 59' lang='grc' dir='ltr'><strong>Μ·</strong></span> 
     </span>
     <span class='ocr_line' id='line_1_32' title="bbox 123 3054 1761 3155; baseline 0.003 -20"><span class='ocrx_word' id='word_1_449' title='bbox 123 3083 195 3137; x_wconf 81' lang='lat' dir='ltr'><strong>nbstt</strong></span> <span class='ocrx_word' id='word_1_450' title='bbox 209 3086 338 3150; x_wconf 77' lang='lat' dir='ltr'><strong>ploru&#39;ari,</strong></span> <span class='ocrx_word' id='word_1_451' title='bbox 351 3087 409 3138; x_wconf 80' lang='lat' dir='ltr'><strong>nr&#39;n&#39;</strong></span> <span class='ocrx_word' id='word_1_452' title='bbox 418 3088 450 3138; x_wconf 80' lang='lat' dir='ltr'><strong>in</strong></span> <span class='ocrx_word' id='word_1_453' title='bbox 459 3101 537 3138; x_wconf 81' lang='lat' dir='ltr'><strong>cruce</strong></span> <span class='ocrx_word' id='word_1_454' title='bbox 552 3086 665 3139; x_wconf 74' lang='lat' dir='ltr'><strong>deretini</strong></span> <span class='ocrx_word' id='word_1_455' title='bbox 674 3088 832 3141; x_wconf 80' lang='lat' dir='ltr'><strong>noctrilcsu</strong></span> <span class='ocrx_word' id='word_1_456' title='bbox 844 3054 1093 3149; x_wconf 68' lang='lat' dir='ltr'><strong>stirs-Cachina,</strong></span> <span class='ocrx_word' id='word_1_457' title='bbox 1108 3082 1138 3136; x_wconf 91' lang='lat' dir='ltr'><strong>id</strong></span> <span class='ocrx_word' id='word_1_458' title='bbox 1153 3089 1204 3147; x_wconf 88' lang='lat' dir='ltr'><strong>est,</strong></span> <span class='ocrx_word' id='word_1_459' title='bbox 1214 3083 1421 3154; x_wconf 87' lang='lat' dir='ltr'><strong>nondiscipulo,</strong></span> <span class='ocrx_word' id='word_1_460' title='bbox 1434 3083 1483 3138; x_wconf 90' lang='lat' dir='ltr'><strong>sed</strong></span> <span class='ocrx_word' id='word_1_461' title='bbox 1498 3084 1643 3155; x_wconf 80' lang='lat' dir='ltr'><strong>magistro.</strong></span> <span class='ocrx_word' id='word_1_462' title='bbox 1652 3085 1761 3140; x_wconf 83' lang='lat' dir='ltr'><strong>Deinde</strong></span> 
     </span>
     <span class='ocr_line' id='line_1_33' title="bbox 122 3170 1762 3245; baseline 0.002 -20"><span class='ocrx_word' id='word_1_463' title='bbox 122 3173 302 3240; x_wconf 70' lang='lat' dir='ltr'><strong>superquam</strong></span> <span class='ocrx_word' id='word_1_464' title='bbox 313 3173 385 3226; x_wconf 78' lang='lat' dir='ltr'><strong>rntln&#39;</strong></span> <span class='ocrx_word' id='word_1_465' title='bbox 393 3174 920 3243; x_wconf 66' lang='lat' dir='ltr'><strong>ruauduscruuflnuscstetepmnando.</strong></span> <span class='ocrx_word' id='word_1_466' title='bbox 963 3170 1050 3225; x_wconf 87' lang='lat' dir='ltr'><strong>etiam</strong></span> <span class='ocrx_word' id='word_1_467' title='bbox 1065 3177 1175 3235; x_wconf 82' lang='lat' dir='ltr'><strong>oaetera,</strong></span> <span class='ocrx_word' id='word_1_468' title='bbox 1189 3187 1250 3242; x_wconf 84' lang='lat' dir='ltr'><strong>quac</strong></span> <span class='ocrx_word' id='word_1_469' title='bbox 1260 3180 1426 3243; x_wconf 87' lang='lat' dir='ltr'><strong>sequuntm·,</strong></span> <span class='ocrx_word' id='word_1_470' title='bbox 1441 3174 1575 3244; x_wconf 75' lang='lat' dir='ltr'><strong>cumeJ&#39;ns</strong></span> <span class='ocrx_word' id='word_1_471' title='bbox 1586 3175 1762 3245; x_wconf 82' lang='lat' dir='ltr'><strong>expositione</strong></span> 
     </span>
     <span class='ocr_line' id='line_1_34' title="bbox 127 3258 1760 3335; baseline 0.002 -20"><span class='ocrx_word' id='word_1_472' title='bbox 127 3258 181 3323; x_wconf 84' lang='lat' dir='ltr'><strong>Qui</strong></span> <span class='ocrx_word' id='word_1_473' title='bbox 194 3260 314 3329; x_wconf 80' lang='lat' dir='ltr'><strong>gloriam</strong></span> <span class='ocrx_word' id='word_1_474' title='bbox 324 3261 427 3335; x_wconf 75' lang='lat' dir='ltr'><strong>quaerit</strong></span> <span class='ocrx_word' id='word_1_475' title='bbox 439 3261 475 3316; x_wconf 87' lang='lat' dir='ltr'><strong>ab</strong></span> <span class='ocrx_word' id='word_1_476' title='bbox 485 3262 584 3320; x_wconf 83' lang='lat' dir='ltr'><strong>altero.</strong></span> <span class='ocrx_word' id='word_1_477' title='bbox 593 3263 657 3316; x_wconf 90' lang='lat' dir='ltr'><strong>huic</strong></span> <span class='ocrx_word' id='word_1_478' title='bbox 666 3278 718 3319; x_wconf 91' lang='lat' dir='ltr'><strong>uec</strong></span> <span class='ocrx_word' id='word_1_479' title='bbox 728 3263 850 3319; x_wconf 89' lang='lat' dir='ltr'><strong>mundus</strong></span> <span class='ocrx_word' id='word_1_480' title='bbox 859 3280 922 3318; x_wconf 87' lang='lat' dir='ltr'><strong>cru·</strong></span> <span class='ocrx_word' id='word_1_481' title='bbox 963 3274 1021 3316; x_wconf 90' lang='lat' dir='ltr'><strong>uon</strong></span> <span class='ocrx_word' id='word_1_482' title='bbox 1030 3264 1204 3330; x_wconf 80' lang='lat' dir='ltr'><strong>congruunt:</strong></span> <span class='ocrx_word' id='word_1_483' title='bbox 1218 3262 1467 3328; x_wconf 75' lang='lat' dir='ltr'><strong>Ouascnttnaucrit</strong></span> <span class='ocrx_word' id='word_1_484' title='bbox 1476 3263 1563 3328; x_wconf 78' lang='grc' dir='ltr'><strong><em>ὴοηιο,</em></strong></span> <span class='ocrx_word' id='word_1_485' title='bbox 1573 3263 1659 3318; x_wconf 71' lang='lat' dir='ltr'><strong>lenset</strong></span> <span class='ocrx_word' id='word_1_486' title='bbox 1669 3269 1760 3329; x_wconf 74' lang='lat' dir='ltr'><strong>enatet,</strong></span> 
     </span>
     <span class='ocr_line' id='line_1_35' title="bbox 126 3347 1765 3422; baseline -0.001 -15"><span class='ocrx_word' id='word_1_487' title='bbox 126 3347 224 3407; x_wconf 81' lang='lat' dir='ltr'><strong>cilixus</strong></span> <span class='ocrx_word' id='word_1_488' title='bbox 234 3356 286 3414; x_wconf 91' lang='lat' dir='ltr'><strong>est,</strong></span> <span class='ocrx_word' id='word_1_489' title='bbox 299 3364 350 3405; x_wconf 90' lang='lat' dir='ltr'><strong>nec</strong></span> <span class='ocrx_word' id='word_1_490' title='bbox 360 3351 508 3405; x_wconf 83' lang='lat' dir='ltr'><strong>crucifixus</strong></span> <span class='ocrx_word' id='word_1_491' title='bbox 525 3357 569 3406; x_wconf 87' lang='lat' dir='ltr'><strong>est</strong></span> <span class='ocrx_word' id='word_1_492' title='bbox 581 3351 641 3422; x_wconf 90' lang='lat' dir='ltr'><strong>ipse</strong></span> <span class='ocrx_word' id='word_1_493' title='bbox 658 3369 722 3407; x_wconf 89' lang='lat' dir='ltr'><strong>cum</strong></span> <span class='ocrx_word' id='word_1_494' title='bbox 732 3353 844 3409; x_wconf 83' lang='lat' dir='ltr'><strong>Christo</strong></span> <span class='ocrx_word' id='word_1_495' title='bbox 860 3370 922 3407; x_wconf 87' lang='lat' dir='ltr'><strong>:re-</strong></span> <span class='ocrx_word' id='word_1_496' title='bbox 963 3355 993 3404; x_wconf 88' lang='lat' dir='ltr'><strong>et</strong></span> <span class='ocrx_word' id='word_1_497' title='bbox 1005 3366 1011 3400; x_wconf 87' lang='lat'>:</span> <span class='ocrx_word' id='word_1_498' title='bbox 1024 3351 1227 3404; x_wconf 79' lang='lat' dir='ltr'><strong>Bonannuutent</strong></span> <span class='ocrx_word' id='word_1_499' title='bbox 1234 3352 1372 3418; x_wconf 68' lang='lat' dir='ltr'><strong>facientes,</strong></span> <span class='ocrx_word' id='word_1_500' title='bbox 1385 3367 1442 3405; x_wconf 86' lang='lat' dir='ltr'><strong>non</strong></span> <span class='ocrx_word' id='word_1_501' title='bbox 1454 3353 1614 3419; x_wconf 72' lang='lat' dir='ltr'><strong>deficiamus</strong></span> <span class='ocrx_word' id='word_1_502' title='bbox 1625 3368 1633 3403; x_wconf 93' lang='lat'><em>:</em></span> <span class='ocrx_word' id='word_1_503' title='bbox 1643 3358 1765 3421; x_wconf 76' lang='lat' dir='ltr'><strong>ternpore</strong></span> 
     </span>
     <span class='ocr_line' id='line_1_36' title="bbox 126 3438 1764 3513; baseline 0.002 -19"><span class='ocrx_word' id='word_1_504' title='bbox 126 3438 201 3509; x_wconf 84' lang='lat' dir='ltr'><strong>cepit</strong></span> <span class='ocrx_word' id='word_1_505' title='bbox 215 3439 327 3510; x_wconf 87' lang='lat' dir='ltr'><strong>quippe,</strong></span> <span class='ocrx_word' id='word_1_506' title='bbox 345 3441 420 3510; x_wconf 88' lang='lat' dir='ltr'><strong>quod</strong></span> <span class='ocrx_word' id='word_1_507' title='bbox 436 3441 580 3511; x_wconf 73' lang='lat' dir='ltr'><strong>quaerebat</strong></span> <span class='ocrx_word' id='word_1_508' title='bbox 594 3440 629 3495; x_wconf 87' lang='lat' dir='ltr'><strong>ab</strong></span> <span class='ocrx_word' id='word_1_509' title='bbox 643 3441 923 3507; x_wconf 66' lang='lat' dir='ltr'><strong>bominibusmerce-</strong></span> <span class='ocrx_word' id='word_1_510' title='bbox 964 3440 1040 3492; x_wconf 83' lang='lat' dir='ltr'><strong>enim</strong></span> <span class='ocrx_word' id='word_1_511' title='bbox 1057 3455 1105 3491; x_wconf 86' lang='lat' dir='ltr'><strong>suc</strong></span> <span class='ocrx_word' id='word_1_512' title='bbox 1128 3443 1268 3503; x_wconf 81' lang='lat' dir='ltr'><strong>maternus,</strong></span> <span class='ocrx_word' id='word_1_513' title='bbox 1286 3454 1342 3493; x_wconf 76' lang='lat' dir='ltr'><strong>tion</strong></span> <span class='ocrx_word' id='word_1_514' title='bbox 1360 3441 1521 3506; x_wconf 73' lang='lat' dir='ltr'><strong>deficimus.</strong></span> <span class='ocrx_word' id='word_1_515' title='bbox 1539 3440 1644 3495; x_wconf 75' lang='lat' dir='ltr'><strong>Senem</strong></span> <span class='ocrx_word' id='word_1_516' title='bbox 1664 3441 1764 3513; x_wconf 82' lang='lat' dir='ltr'><strong>itaque</strong></span> 
     </span>
     <span class='ocr_line' id='line_1_37' title="bbox 127 3525 1760 3610; baseline 0.002 -29"><span class='ocrx_word' id='word_1_517' title='bbox 127 3525 191 3581; x_wconf 88' lang='lat' dir='ltr'><strong>dem</strong></span> <span class='ocrx_word' id='word_1_518' title='bbox 207 3544 298 3583; x_wconf 87' lang='lat' dir='ltr'><strong>suam.</strong></span> <span class='ocrx_word' id='word_1_519' title='bbox 318 3530 507 3610; x_wconf 64' lang='lat' dir='ltr'><strong>Unusquisque</strong></span> <span class='ocrx_word' id='word_1_520' title='bbox 521 3533 597 3584; x_wconf 78' lang='lat' dir='ltr'><strong>araim</strong></span> <span class='ocrx_word' id='word_1_521' title='bbox 612 3547 681 3584; x_wconf 85' lang='lat' dir='ltr'><strong>onus</strong></span> <span class='ocrx_word' id='word_1_522' title='bbox 694 3547 777 3585; x_wconf 79' lang='lat' dir='ltr'><strong>suuni</strong></span> <span class='ocrx_word' id='word_1_523' title='bbox 789 3533 921 3599; x_wconf 78' lang='lat' dir='ltr'><strong>portabit.</strong></span> <span class='ocrx_word' id='word_1_524' title='bbox 964 3525 1760 3599; x_wconf 65' lang='lat' dir='ltr'><strong>isteest:Quiasuperiusspiritalibuspreceperatuteos,</strong></span> 
     </span>
     <span class='ocr_line' id='line_1_38' title="bbox 127 3615 1765 3688; baseline 0.004 -19"><span class='ocrx_word' id='word_1_525' title='bbox 127 3615 924 3688; x_wconf 69' lang='lat' dir='ltr'><strong>Videtursuperiouibuscontraire,ubiait:alteralterias</strong></span> <span class='ocrx_word' id='word_1_526' title='bbox 965 3616 1013 3686; x_wconf 87' lang='lat' dir='ltr'><strong>qui</strong></span> <span class='ocrx_word' id='word_1_527' title='bbox 1030 3616 1215 3688; x_wconf 80' lang='lat' dir='ltr'><strong>praeoccupati</strong></span> <span class='ocrx_word' id='word_1_528' title='bbox 1228 3616 1343 3673; x_wconf 79' lang='lat' dir='ltr'><strong>fueraut</strong></span> <span class='ocrx_word' id='word_1_529' title='bbox 1360 3617 1389 3674; x_wconf 84' lang='lat' dir='ltr'><strong>in</strong></span> <span class='ocrx_word' id='word_1_530' title='bbox 1400 3618 1494 3688; x_wconf 86' lang='lat' dir='ltr'><strong>aliquo</strong></span> <span class='ocrx_word' id='word_1_531' title='bbox 1509 3618 1622 3685; x_wconf 82' lang='lat' dir='ltr'><strong>delicto,</strong></span> <span class='ocrx_word' id='word_1_532' title='bbox 1638 3619 1765 3675; x_wconf 89' lang='lat' dir='ltr'><strong>instrue-</strong></span> 
     </span>
     <span class='ocr_line' id='line_1_39' title="bbox 125 3705 1766 3780; baseline 0.004 -23"><span class='ocrx_word' id='word_1_533' title='bbox 125 3706 925 3780; x_wconf 83' lang='lat' dir='ltr'><strong>oacroportote.Sienimonussuumunusquisqueporta-</strong></span> <span class='ocrx_word' id='word_1_534' title='bbox 965 3712 1029 3759; x_wconf 91' lang='lat' dir='ltr'><strong>rent</strong></span> <span class='ocrx_word' id='word_1_535' title='bbox 1048 3705 1078 3761; x_wconf 90' lang='lat' dir='ltr'><strong>ln</strong></span> <span class='ocrx_word' id='word_1_536' title='bbox 1104 3705 1205 3777; x_wconf 82' lang='lat' dir='ltr'><strong>spiritu</strong></span> <span class='ocrx_word' id='word_1_537' title='bbox 1228 3706 1363 3771; x_wconf 85' lang='lat' dir='ltr'><strong>lenitatis,</strong></span> <span class='ocrx_word' id='word_1_538' title='bbox 1388 3712 1417 3761; x_wconf 90' lang='lat' dir='ltr'><strong>et</strong></span> <span class='ocrx_word' id='word_1_539' title='bbox 1435 3707 1508 3761; x_wconf 86' lang='lat' dir='ltr'><strong>alter</strong></span> <span class='ocrx_word' id='word_1_540' title='bbox 1536 3708 1656 3774; x_wconf 85' lang='lat' dir='ltr'><strong>alterius</strong></span> <span class='ocrx_word' id='word_1_541' title='bbox 1676 3725 1766 3764; x_wconf 84' lang='lat' dir='ltr'><strong>onera</strong></span> 
     </span>
     <span class='ocr_line' id='line_1_40' title="bbox 126 3791 1765 3869; baseline 0.006 -23"><span class='ocrx_word' id='word_1_542' title='bbox 126 3791 176 3855; x_wconf 87' lang='lat' dir='ltr'><strong>bit,</strong></span> <span class='ocrx_word' id='word_1_543' title='bbox 189 3794 260 3849; x_wconf 86' lang='lat' dir='ltr'><strong>alter</strong></span> <span class='ocrx_word' id='word_1_544' title='bbox 269 3796 386 3855; x_wconf 79' lang='lat' dir='ltr'><strong>alterius</strong></span> <span class='ocrx_word' id='word_1_545' title='bbox 397 3813 484 3851; x_wconf 85' lang='lat' dir='ltr'><strong>onera</strong></span> <span class='ocrx_word' id='word_1_546' title='bbox 494 3804 607 3868; x_wconf 84' lang='lat' dir='ltr'><strong>portare</strong></span> <span class='ocrx_word' id='word_1_547' title='bbox 619 3814 675 3852; x_wconf 91' lang='lat' dir='ltr'><strong>non</strong></span> <span class='ocrx_word' id='word_1_548' title='bbox 685 3799 797 3869; x_wconf 88' lang='lat' dir='ltr'><strong>poterit.</strong></span> <span class='ocrx_word' id='word_1_549' title='bbox 814 3799 868 3854; x_wconf 89' lang='lat' dir='ltr'><strong>Sed</strong></span> <span class='ocrx_word' id='word_1_550' title='bbox 882 3799 923 3854; x_wconf 80' lang='lat' dir='ltr'><strong>ui·</strong></span> <span class='ocrx_word' id='word_1_551' title='bbox 964 3801 1120 3866; x_wconf 84' lang='lat' dir='ltr'><strong>portarent,</strong></span> <span class='ocrx_word' id='word_1_552' title='bbox 1136 3794 1321 3865; x_wconf 72' lang='lat' dir='ltr'><strong>adimplentes</strong></span> <span class='ocrx_word' id='word_1_553' title='bbox 1338 3796 1429 3866; x_wconf 84' lang='lat' dir='ltr'><strong>legem</strong></span> <span class='ocrx_word' id='word_1_554' title='bbox 1444 3796 1559 3863; x_wconf 82' lang='lat' dir='ltr'><strong>Christi,</strong></span> <span class='ocrx_word' id='word_1_555' title='bbox 1578 3814 1654 3852; x_wconf 90' lang='lat' dir='ltr'><strong>nunc</strong></span> <span class='ocrx_word' id='word_1_556' title='bbox 1669 3815 1686 3854; x_wconf 87' lang='lat' dir='ltr'><strong>e</strong></span> <span class='ocrx_word' id='word_1_557' title='bbox 1701 3815 1765 3857; x_wconf 85' lang='lat' dir='ltr'><strong>cou-</strong></span> 
     </span>
     <span class='ocr_line' id='line_1_41' title="bbox 127 3867 1765 3959; baseline 0.005 -23"><span class='ocrx_word' id='word_1_558' title='bbox 127 3882 260 3949; x_wconf 89' lang='lat' dir='ltr'><strong>dendum,</strong></span> <span class='ocrx_word' id='word_1_559' title='bbox 278 3885 404 3956; x_wconf 85' lang='lat' dir='ltr'><strong>quodibi</strong></span> <span class='ocrx_word' id='word_1_560' title='bbox 431 3887 604 3958; x_wconf 82' lang='lat' dir='ltr'><strong>praeceperit,</strong></span> <span class='ocrx_word' id='word_1_561' title='bbox 621 3867 654 3945; x_wconf 73' lang='lat' dir='ltr'><strong>ui</strong></span> <span class='ocrx_word' id='word_1_562' title='bbox 668 3893 814 3958; x_wconf 81' lang='lat' dir='ltr'><strong>peccantes</strong></span> <span class='ocrx_word' id='word_1_563' title='bbox 828 3888 858 3942; x_wconf 91' lang='lat' dir='ltr'><strong>in</strong></span> <span class='ocrx_word' id='word_1_564' title='bbox 872 3889 925 3943; x_wconf 88' lang='lat' dir='ltr'><strong>hac</strong></span> <span class='ocrx_word' id='word_1_565' title='bbox 964 3885 1052 3939; x_wconf 90' lang='lat' dir='ltr'><strong>trario</strong></span> <span class='ocrx_word' id='word_1_566' title='bbox 1067 3885 1121 3951; x_wconf 89' lang='lat' dir='ltr'><strong>his,</strong></span> <span class='ocrx_word' id='word_1_567' title='bbox 1141 3884 1188 3954; x_wconf 92' lang='lat' dir='ltr'><strong>qui</strong></span> <span class='ocrx_word' id='word_1_568' title='bbox 1209 3883 1300 3939; x_wconf 84' lang='lat' dir='ltr'><strong>adbuc</strong></span> <span class='ocrx_word' id='word_1_569' title='bbox 1316 3884 1513 3941; x_wconf 85' lang='lat' dir='ltr'><strong>imbecilliores</strong></span> <span class='ocrx_word' id='word_1_570' title='bbox 1529 3893 1557 3941; x_wconf 93' lang='lat' dir='ltr'><strong>et</strong></span> <span class='ocrx_word' id='word_1_571' title='bbox 1579 3885 1712 3959; x_wconf 88' lang='lat' dir='ltr'><strong>discipuli</strong></span> <span class='ocrx_word' id='word_1_572' title='bbox 1735 3895 1765 3944; x_wconf 85' lang='lat' dir='ltr'><strong>et</strong></span> 
     </span>
     <span class='ocr_line' id='line_1_42' title="bbox 126 3971 1763 4049; baseline 0.006 -27"><span class='ocrx_word' id='word_1_573' title='bbox 126 3971 184 4025; x_wconf 81' lang='lat' dir='ltr'><strong>vita</strong></span> <span class='ocrx_word' id='word_1_574' title='bbox 198 3988 248 4026; x_wconf 86' lang='lat' dir='ltr'><strong>nos</strong></span> <span class='ocrx_word' id='word_1_575' title='bbox 258 3973 378 4031; x_wconf 83' lang='lat' dir='ltr'><strong>invicem</strong></span> <span class='ocrx_word' id='word_1_576' title='bbox 388 3981 589 4041; x_wconf 87' lang='lat' dir='ltr'><strong>sustentemus,</strong></span> <span class='ocrx_word' id='word_1_577' title='bbox 601 3976 667 4031; x_wconf 87' lang='lat' dir='ltr'><strong>etin</strong></span> <span class='ocrx_word' id='word_1_578' title='bbox 678 3977 808 4046; x_wconf 68' lang='lat' dir='ltr'><strong>presenti</strong></span> <span class='ocrx_word' id='word_1_579' title='bbox 823 3977 923 4032; x_wconf 75' lang='lat' dir='ltr'><strong>saeculo</strong></span> <span class='ocrx_word' id='word_1_580' title='bbox 964 3975 1090 4029; x_wconf 83' lang='lat' dir='ltr'><strong>camales</strong></span> <span class='ocrx_word' id='word_1_581' title='bbox 1103 3979 1193 4041; x_wconf 85' lang='lat' dir='ltr'><strong>erant,</strong></span> <span class='ocrx_word' id='word_1_582' title='bbox 1206 3974 1336 4044; x_wconf 85' lang='lat' dir='ltr'><strong>imperat,</strong></span> <span class='ocrx_word' id='word_1_583' title='bbox 1349 3979 1381 4030; x_wconf 86' lang='lat' dir='ltr'><strong>ut</strong></span> <span class='ocrx_word' id='word_1_584' title='bbox 1394 3990 1449 4045; x_wconf 92' lang='lat' dir='ltr'><strong>quo</strong></span> <span class='ocrx_word' id='word_1_585' title='bbox 1462 3975 1546 4030; x_wconf 86' lang='lat' dir='ltr'><strong>modo</strong></span> <span class='ocrx_word' id='word_1_586' title='bbox 1560 3975 1613 4048; x_wconf 92' lang='lat' dir='ltr'><strong>ipsi</strong></span> <span class='ocrx_word' id='word_1_587' title='bbox 1628 3993 1646 4031; x_wconf 84' lang='lat' dir='ltr'><strong>a</strong></span> <span class='ocrx_word' id='word_1_588' title='bbox 1659 3978 1763 4049; x_wconf 77' lang='lat' dir='ltr'><strong>magis</strong></span> 
     </span>
     <span class='ocr_line' id='line_1_43' title="bbox 126 4058 1761 4138; baseline 0.007 -27"><span class='ocrx_word' id='word_1_589' title='bbox 126 4058 295 4115; x_wconf 82' lang='lat' dir='ltr'><strong>alterutrum</strong></span> <span class='ocrx_word' id='word_1_590' title='bbox 317 4062 420 4115; x_wconf 83' lang='lat' dir='ltr'><strong>auxilio</strong></span> <span class='ocrx_word' id='word_1_591' title='bbox 441 4063 529 4119; x_wconf 86' lang='lat' dir='ltr'><strong>simus</strong></span> <span class='ocrx_word' id='word_1_592' title='bbox 547 4081 552 4115; x_wconf 93' lang='lat'><strong>:</strong></span> <span class='ocrx_word' id='word_1_593' title='bbox 569 4064 614 4117; x_wconf 87' lang='lat' dir='ltr'><strong>hle</strong></span> <span class='ocrx_word' id='word_1_594' title='bbox 634 4071 730 4118; x_wconf 83' lang='lat' dir='ltr'><strong>autem</strong></span> <span class='ocrx_word' id='word_1_595' title='bbox 753 4065 787 4118; x_wconf 90' lang='lat' dir='ltr'><strong>de</strong></span> <span class='ocrx_word' id='word_1_596' title='bbox 811 4065 923 4120; x_wconf 87' lang='lat' dir='ltr'><strong>Domini</strong></span> <span class='ocrx_word' id='word_1_597' title='bbox 963 4062 1016 4117; x_wconf 80' lang='lat' dir='ltr'><strong>ms</strong></span> <span class='ocrx_word' id='word_1_598' title='bbox 1030 4062 1168 4134; x_wconf 86' lang='lat' dir='ltr'><strong>spiritalia</strong></span> <span class='ocrx_word' id='word_1_599' title='bbox 1181 4067 1302 4129; x_wconf 83' lang='lat' dir='ltr'><strong>metunt,</strong></span> <span class='ocrx_word' id='word_1_600' title='bbox 1319 4063 1358 4118; x_wconf 88' lang='lat' dir='ltr'><strong>sic</strong></span> <span class='ocrx_word' id='word_1_601' title='bbox 1378 4064 1521 4134; x_wconf 77' lang='lat' dir='ltr'><strong>magistris</strong></span> <span class='ocrx_word' id='word_1_602' title='bbox 1540 4067 1667 4121; x_wconf 84' lang='lat' dir='ltr'><strong>carnalia</strong></span> <span class='ocrx_word' id='word_1_603' title='bbox 1692 4084 1761 4138; x_wconf 70' lang='lat' dir='ltr'><strong>pree</strong></span> 
     </span>
     <span class='ocr_line' id='line_1_44' title="bbox 123 4145 1764 4224; baseline 0.007 -24"><span class='ocrx_word' id='word_1_604' title='bbox 123 4145 201 4207; x_wconf 85' lang='lat' dir='ltr'><strong>dicat</strong></span> <span class='ocrx_word' id='word_1_605' title='bbox 214 4148 244 4201; x_wconf 91' lang='lat' dir='ltr'><strong>in</strong></span> <span class='ocrx_word' id='word_1_606' title='bbox 258 4165 310 4203; x_wconf 87' lang='lat' dir='ltr'><strong>nos</strong></span> <span class='ocrx_word' id='word_1_607' title='bbox 321 4150 438 4218; x_wconf 78' lang='lat' dir='ltr'><strong>judicio,</strong></span> <span class='ocrx_word' id='word_1_608' title='bbox 455 4153 529 4220; x_wconf 90' lang='lat' dir='ltr'><strong>qnod</strong></span> <span class='ocrx_word' id='word_1_609' title='bbox 553 4167 608 4205; x_wconf 89' lang='lat' dir='ltr'><strong>non</strong></span> <span class='ocrx_word' id='word_1_610' title='bbox 629 4169 663 4205; x_wconf 82' lang='lat' dir='ltr'><strong>ex</strong></span> <span class='ocrx_word' id='word_1_611' title='bbox 679 4152 794 4207; x_wconf 83' lang='lat' dir='ltr'><strong>alterius</strong></span> <span class='ocrx_word' id='word_1_612' title='bbox 809 4161 922 4224; x_wconf 86' lang='lat' dir='ltr'><strong>peccato</strong></span> <span class='ocrx_word' id='word_1_613' title='bbox 963 4148 1057 4213; x_wconf 85' lang='lat' dir='ltr'><strong>beant,</strong></span> <span class='ocrx_word' id='word_1_614' title='bbox 1074 4152 1122 4223; x_wconf 87' lang='lat' dir='ltr'><strong>qui</strong></span> <span class='ocrx_word' id='word_1_615' title='bbox 1132 4157 1207 4209; x_wconf 86' lang='lat' dir='ltr'><strong>totos</strong></span> <span class='ocrx_word' id='word_1_616' title='bbox 1218 4168 1249 4219; x_wconf 76' lang='lat' dir='ltr'><strong>sc</strong></span> <span class='ocrx_word' id='word_1_617' title='bbox 1265 4151 1365 4206; x_wconf 82' lang='lat' dir='ltr'><strong>divinae</strong></span> <span class='ocrx_word' id='word_1_618' title='bbox 1385 4152 1537 4208; x_wconf 88' lang='lat' dir='ltr'><strong>eruditioni</strong></span> <span class='ocrx_word' id='word_1_619' title='bbox 1553 4160 1582 4208; x_wconf 88' lang='lat' dir='ltr'><strong>et</strong></span> <span class='ocrx_word' id='word_1_620' title='bbox 1601 4156 1698 4210; x_wconf 88' lang='lat' dir='ltr'><strong>studio</strong></span> <span class='ocrx_word' id='word_1_621' title='bbox 1707 4161 1764 4211; x_wconf 85' lang='lat' dir='ltr'><strong>tra-</strong></span> 
     </span>
     <span class='ocr_line' id='line_1_45' title="bbox 125 4237 1763 4314; baseline 0.007 -26"><span class='ocrx_word' id='word_1_622' title='bbox 125 4239 154 4288; x_wconf 90' lang='lat' dir='ltr'><strong>et</strong></span> <span class='ocrx_word' id='word_1_623' title='bbox 168 4237 377 4308; x_wconf 84' lang='lat' dir='ltr'><strong>comparatione</strong></span> <span class='ocrx_word' id='word_1_624' title='bbox 387 4239 546 4306; x_wconf 87' lang='lat' dir='ltr'><strong>deterioris,</strong></span> <span class='ocrx_word' id='word_1_625' title='bbox 563 4239 611 4292; x_wconf 90' lang='lat' dir='ltr'><strong>sed</strong></span> <span class='ocrx_word' id='word_1_626' title='bbox 616 4241 697 4309; x_wconf 84' lang='lat' dir='ltr'><strong>juxta</strong></span> <span class='ocrx_word' id='word_1_627' title='bbox 708 4247 835 4296; x_wconf 88' lang='lat' dir='ltr'><strong>nostrum</strong></span> <span class='ocrx_word' id='word_1_628' title='bbox 841 4259 921 4314; x_wconf 84' lang='lat' dir='ltr'><strong>opus,</strong></span> <span class='ocrx_word' id='word_1_629' title='bbox 963 4239 1062 4295; x_wconf 86' lang='lat' dir='ltr'><strong>dentes</strong></span> <span class='ocrx_word' id='word_1_630' title='bbox 1076 4239 1139 4294; x_wconf 80' lang='lat' dir='ltr'><strong>vitee</strong></span> <span class='ocrx_word' id='word_1_631' title='bbox 1153 4240 1236 4310; x_wconf 70' lang='lat' dir='ltr'><strong>huius</strong></span> <span class='ocrx_word' id='word_1_632' title='bbox 1251 4241 1416 4295; x_wconf 85' lang='lat' dir='ltr'><strong>necessariis</strong></span> <span class='ocrx_word' id='word_1_633' title='bbox 1426 4241 1564 4312; x_wconf 79' lang='lat' dir='ltr'><strong>indigent,</strong></span> <span class='ocrx_word' id='word_1_634' title='bbox 1581 4249 1611 4298; x_wconf 93' lang='lat' dir='ltr'><strong>et</strong></span> <span class='ocrx_word' id='word_1_635' title='bbox 1629 4244 1680 4300; x_wconf 81' lang='lat' dir='ltr'><strong>siat</strong></span> <span class='ocrx_word' id='word_1_636' title='bbox 1693 4244 1763 4300; x_wconf 88' lang='lat' dir='ltr'><strong>illud</strong></span> 
     </span>
     <span class='ocr_line' id='line_1_46' title="bbox 126 4325 1762 4401; baseline 0.006 -20"><span class='ocrx_word' id='word_1_637' title='bbox 126 4331 177 4381; x_wconf 89' lang='lat' dir='ltr'><strong>aut</strong></span> <span class='ocrx_word' id='word_1_638' title='bbox 192 4332 352 4396; x_wconf 72' lang='lat' dir='ltr'><strong>peccatores</strong></span> <span class='ocrx_word' id='word_1_639' title='bbox 366 4325 401 4380; x_wconf 86' lang='lat' dir='ltr'><strong>ab</strong></span> <span class='ocrx_word' id='word_1_640' title='bbox 418 4343 451 4381; x_wconf 88' lang='lat' dir='ltr'><strong>eo</strong></span> <span class='ocrx_word' id='word_1_641' title='bbox 472 4327 642 4398; x_wconf 88' lang='lat' dir='ltr'><strong>judicemur,</strong></span> <span class='ocrx_word' id='word_1_642' title='bbox 664 4335 714 4383; x_wconf 85' lang='lat' dir='ltr'><strong>aut</strong></span> <span class='ocrx_word' id='word_1_643' title='bbox 735 4331 833 4395; x_wconf 87' lang='lat' dir='ltr'><strong>sancti,</strong></span> <span class='ocrx_word' id='word_1_644' title='bbox 851 4333 922 4386; x_wconf 89' lang='lat' dir='ltr'><strong>reci-</strong></span> <span class='ocrx_word' id='word_1_645' title='bbox 964 4329 1039 4400; x_wconf 87' lang='lat' dir='ltr'><strong>quod</strong></span> <span class='ocrx_word' id='word_1_646' title='bbox 1056 4329 1091 4383; x_wconf 87' lang='lat' dir='ltr'><strong>de</strong></span> <span class='ocrx_word' id='word_1_647' title='bbox 1113 4345 1218 4384; x_wconf 84' lang='lat' dir='ltr'><strong>manne</strong></span> <span class='ocrx_word' id='word_1_648' title='bbox 1235 4329 1372 4401; x_wconf 86' lang='lat' dir='ltr'><strong>scriptum</strong></span> <span class='ocrx_word' id='word_1_649' title='bbox 1387 4336 1454 4385; x_wconf 83' lang='lat' dir='ltr'><strong>est:</strong></span> <span class='ocrx_word' id='word_1_650' title='bbox 1478 4332 1533 4398; x_wconf 80' lang='lat' dir='ltr'><strong>Qui</strong></span> <span class='ocrx_word' id='word_1_651' title='bbox 1548 4336 1682 4399; x_wconf 83' lang='lat' dir='ltr'><strong>mattam,</strong></span> <span class='ocrx_word' id='word_1_652' title='bbox 1707 4351 1762 4390; x_wconf 83' lang='lat' dir='ltr'><strong>naa</strong></span> 
     </span>
     <span class='ocr_line' id='line_1_47' title="bbox 124 4378 1760 4493; baseline 0.004 -22"><span class='ocrx_word' id='word_1_653' title='bbox 124 4415 219 4486; x_wconf 83' lang='lat' dir='ltr'><strong>piente</strong></span> <span class='ocrx_word' id='word_1_654' title='bbox 242 4430 411 4487; x_wconf 83' lang='lat' dir='ltr'><strong>unoquoque</strong></span> <span class='ocrx_word' id='word_1_655' title='bbox 431 4418 584 4473; x_wconf 89' lang='lat' dir='ltr'><strong>secundum</strong></span> <span class='ocrx_word' id='word_1_656' title='bbox 601 4434 671 4493; x_wconf 87' lang='lat' dir='ltr'><strong>opus</strong></span> <span class='ocrx_word' id='word_1_657' title='bbox 689 4435 780 4473; x_wconf 84' lang='lat' dir='ltr'><strong>suurn.</strong></span> <span class='ocrx_word' id='word_1_658' title='bbox 799 4378 1683 4489; x_wconf 59' lang='lat' dir='ltr'><strong>obscureBaburianae,etpisinuntensiumrainardutmeou.</strong></span> <span class='ocrx_word' id='word_1_659' title='bbox 1694 4428 1760 4492; x_wconf 72' lang='lat' dir='ltr'><strong>xri).</strong></span> 
     </span>
     <span class='ocr_line' id='line_1_48' title="bbox 124 4505 1762 4579; baseline 0.007 -22"><span class='ocrx_word' id='word_1_660' title='bbox 124 4505 190 4560; x_wconf 88' lang='lat' dir='ltr'><strong>licet</strong></span> <span class='ocrx_word' id='word_1_661' title='bbox 199 4506 333 4561; x_wconf 87' lang='lat' dir='ltr'><strong>docemur</strong></span> <span class='ocrx_word' id='word_1_662' title='bbox 343 4506 472 4576; x_wconf 87' lang='lat' dir='ltr'><strong>perhanc</strong></span> <span class='ocrx_word' id='word_1_663' title='bbox 481 4507 680 4562; x_wconf 74' lang='lat' dir='ltr'><strong>sententiolam</strong></span> <span class='ocrx_word' id='word_1_664' title='bbox 696 4523 798 4562; x_wconf 82' lang='lat' dir='ltr'><strong>norum</strong></span> <span class='ocrx_word' id='word_1_665' title='bbox 808 4509 920 4579; x_wconf 84' lang='lat' dir='ltr'><strong>dogma,</strong></span> <span class='ocrx_word' id='word_1_666' title='bbox 963 4506 1041 4561; x_wconf 88' lang='lat' dir='ltr'><strong>Bona</strong></span> <span class='ocrx_word' id='word_1_667' title='bbox 1054 4507 1187 4561; x_wconf 85' lang='lat' dir='ltr'><strong>autemin</strong></span> <span class='ocrx_word' id='word_1_668' title='bbox 1197 4506 1328 4577; x_wconf 82' lang='lat' dir='ltr'><strong>praeseuti</strong></span> <span class='ocrx_word' id='word_1_669' title='bbox 1337 4506 1399 4560; x_wconf 88' lang='lat' dir='ltr'><strong>loco</strong></span> <span class='ocrx_word' id='word_1_670' title='bbox 1406 4507 1488 4577; x_wconf 79' lang='lat' dir='ltr'><strong>juxta</strong></span> <span class='ocrx_word' id='word_1_671' title='bbox 1498 4508 1573 4579; x_wconf 77' lang='lat' dir='ltr'><strong>vulgi</strong></span> <span class='ocrx_word' id='word_1_672' title='bbox 1583 4512 1762 4567; x_wconf 85' lang='lat' dir='ltr'><strong>consuetudi-</strong></span> 
     </span>
     <span class='ocr_line' id='line_1_49' title="bbox 125 4593 1760 4668; baseline 0.006 -22"><span class='ocrx_word' id='word_1_673' title='bbox 125 4594 200 4662; x_wconf 91' lang='lat' dir='ltr'><strong>quod</strong></span> <span class='ocrx_word' id='word_1_674' title='bbox 210 4593 312 4661; x_wconf 84' lang='lat' dir='ltr'><strong>latitat,</strong></span> <span class='ocrx_word' id='word_1_675' title='bbox 324 4595 426 4655; x_wconf 85' lang='lat' dir='ltr'><strong>damin</strong></span> <span class='ocrx_word' id='word_1_676' title='bbox 433 4596 565 4668; x_wconf 79' lang='lat' dir='ltr'><strong>prasenti</strong></span> <span class='ocrx_word' id='word_1_677' title='bbox 572 4597 784 4661; x_wconf 75' lang='lat' dir='ltr'><strong>saculosumus,</strong></span> <span class='ocrx_word' id='word_1_678' title='bbox 796 4598 853 4652; x_wconf 85' lang='lat' dir='ltr'><strong>sire</strong></span> <span class='ocrx_word' id='word_1_679' title='bbox 861 4615 922 4653; x_wconf 86' lang='lat' dir='ltr'><strong>ora-</strong></span> <span class='ocrx_word' id='word_1_680' title='bbox 963 4611 1038 4659; x_wconf 89' lang='lat' dir='ltr'><strong>nem,</strong></span> <span class='ocrx_word' id='word_1_681' title='bbox 1046 4596 1760 4668; x_wconf 63' lang='lat' dir='ltr'><strong>moremquecommunem,uictumetvestitummtn,</strong></span> 
     </span>
     <span class='ocr_line' id='line_1_50' title="bbox 125 4679 1760 4760; baseline 0.006 -25"><span class='ocrx_word' id='word_1_682' title='bbox 125 4679 259 4746; x_wconf 86' lang='lat' dir='ltr'><strong>tionibus,</strong></span> <span class='ocrx_word' id='word_1_683' title='bbox 271 4683 329 4735; x_wconf 87' lang='lat' dir='ltr'><strong>sive</strong></span> <span class='ocrx_word' id='word_1_684' title='bbox 342 4684 465 4741; x_wconf 89' lang='lat' dir='ltr'><strong>consiliis</strong></span> <span class='ocrx_word' id='word_1_685' title='bbox 479 4685 598 4741; x_wconf 90' lang='lat' dir='ltr'><strong>invicem</strong></span> <span class='ocrx_word' id='word_1_686' title='bbox 609 4701 691 4757; x_wconf 86' lang='lat' dir='ltr'><strong>posse</strong></span> <span class='ocrx_word' id='word_1_687' title='bbox 705 4703 756 4741; x_wconf 92' lang='lat' dir='ltr'><strong>nos</strong></span> <span class='ocrx_word' id='word_1_688' title='bbox 770 4687 897 4756; x_wconf 78' lang='lat' dir='ltr'><strong>adjuvari</strong></span> <span class='ocrx_word' id='word_1_689' title='bbox 914 4706 919 4741; x_wconf 92' lang='lat'><strong>:</strong></span> <span class='ocrx_word' id='word_1_690' title='bbox 963 4702 1025 4757; x_wconf 78' lang='lat' dir='ltr'><strong>qum</strong></span> <span class='ocrx_word' id='word_1_691' title='bbox 1045 4686 1172 4740; x_wconf 86' lang='lat' dir='ltr'><strong>homines</strong></span> <span class='ocrx_word' id='word_1_692' title='bbox 1196 4686 1270 4739; x_wconf 89' lang='lat' dir='ltr'><strong>inter</strong></span> <span class='ocrx_word' id='word_1_693' title='bbox 1294 4683 1368 4741; x_wconf 90' lang='lat' dir='ltr'><strong>bona</strong></span> <span class='ocrx_word' id='word_1_694' title='bbox 1392 4693 1554 4753; x_wconf 87' lang='lat' dir='ltr'><strong>numerant,</strong></span> <span class='ocrx_word' id='word_1_695' title='bbox 1586 4690 1760 4760; x_wconf 82' lang='lat' dir='ltr'><strong>appellauit:</strong></span> 
     </span>
     <span class='ocr_line' id='line_1_51' title="bbox 124 4774 1759 4839; baseline 0.008 -18"><span class='ocrx_word' id='word_1_696' title='bbox 124 4784 189 4823; x_wconf 89' lang='lat' dir='ltr'><strong>cum</strong></span> <span class='ocrx_word' id='word_1_697' title='bbox 209 4774 304 4823; x_wconf 87' lang='lat' dir='ltr'><strong>autem</strong></span> <span class='ocrx_word' id='word_1_698' title='bbox 326 4777 392 4825; x_wconf 87' lang='lat' dir='ltr'><strong>ante</strong></span> <span class='ocrx_word' id='word_1_699' title='bbox 411 4774 535 4830; x_wconf 89' lang='lat' dir='ltr'><strong>tribunal</strong></span> <span class='ocrx_word' id='word_1_700' title='bbox 557 4776 662 4831; x_wconf 82' lang='lat' dir='ltr'><strong>Christi</strong></span> <span class='ocrx_word' id='word_1_701' title='bbox 685 4777 853 4839; x_wconf 68' lang='lat' dir='ltr'><strong>venerimus</strong></span> <span class='ocrx_word' id='word_1_702' title='bbox 871 4793 921 4831; x_wconf 88' lang='lat' dir='ltr'><strong>nec</strong></span> <span class='ocrx_word' id='word_1_703' title='bbox 962 4776 1759 4839; x_wconf 77' lang='lat' dir='ltr'><strong>Hobctttcsent&#39;ntor&#39;ctmnctucstitunt,ltiscontentisumus.</strong></span> 
     </span>
     <span class='ocr_line' id='line_1_52' title="bbox 123 4856 1761 4937; baseline 0.007 -24"><span class='ocrx_word' id='word_1_704' title='bbox 123 4856 184 4923; x_wconf 79' lang='lat' dir='ltr'><strong>lob,</strong></span> <span class='ocrx_word' id='word_1_705' title='bbox 198 4873 249 4911; x_wconf 88' lang='lat' dir='ltr'><strong>uec</strong></span> <span class='ocrx_word' id='word_1_706' title='bbox 263 4858 371 4920; x_wconf 83' lang='lat' dir='ltr'><strong>Daniel,</strong></span> <span class='ocrx_word' id='word_1_707' title='bbox 380 4863 498 4917; x_wconf 85' lang='lat' dir='ltr'><strong>necNec</strong></span> <span class='ocrx_word' id='word_1_708' title='bbox 509 4881 609 4934; x_wconf 83' lang='lat' dir='ltr'><strong>rogare</strong></span> <span class='ocrx_word' id='word_1_709' title='bbox 619 4881 756 4937; x_wconf 88' lang='lat' dir='ltr'><strong>possepro</strong></span> <span class='ocrx_word' id='word_1_710' title='bbox 768 4880 919 4936; x_wconf 88' lang='lat' dir='ltr'><strong>quoquam,</strong></span> <span class='ocrx_word' id='word_1_711' title='bbox 961 4863 1020 4919; x_wconf 87' lang='lat' dir='ltr'><strong>Nec</strong></span> <span class='ocrx_word' id='word_1_712' title='bbox 1032 4864 1146 4925; x_wconf 77' lang='lat' dir='ltr'><strong>mirum,</strong></span> <span class='ocrx_word' id='word_1_713' title='bbox 1163 4864 1186 4918; x_wconf 89' lang='lat' dir='ltr'><strong>si</strong></span> <span class='ocrx_word' id='word_1_714' title='bbox 1199 4862 1302 4918; x_wconf 87' lang='lat' dir='ltr'><strong>Paulus</strong></span> <span class='ocrx_word' id='word_1_715' title='bbox 1316 4879 1350 4916; x_wconf 84' lang='lat' dir='ltr'><strong>ea</strong></span> <span class='ocrx_word' id='word_1_716' title='bbox 1364 4880 1425 4934; x_wconf 85' lang='lat' dir='ltr'><strong>quae</strong></span> <span class='ocrx_word' id='word_1_717' title='bbox 1440 4869 1522 4920; x_wconf 78' lang='lat' dir='ltr'><strong>eraut</strong></span> <span class='ocrx_word' id='word_1_718' title='bbox 1539 4867 1651 4937; x_wconf 88' lang='lat' dir='ltr'><strong>corpori</strong></span> <span class='ocrx_word' id='word_1_719' title='bbox 1668 4884 1761 4924; x_wconf 85' lang='lat' dir='ltr'><strong>ncoes-</strong></span> 
     </span>
     <span class='ocr_line' id='line_1_53' title="bbox 121 4946 1762 5024; baseline 0.008 -23"><span class='ocrx_word' id='word_1_720' title='bbox 121 4946 170 5001; x_wconf 82' lang='lat' dir='ltr'><strong>sed</strong></span> <span class='ocrx_word' id='word_1_721' title='bbox 185 4962 415 5017; x_wconf 80' lang='lat' dir='ltr'><strong>unumquemque</strong></span> <span class='ocrx_word' id='word_1_722' title='bbox 435 4957 549 5019; x_wconf 86' lang='lat' dir='ltr'><strong>portare</strong></span> <span class='ocrx_word' id='word_1_723' title='bbox 560 4970 630 5007; x_wconf 90' lang='lat' dir='ltr'><strong>onus</strong></span> <span class='ocrx_word' id='word_1_724' title='bbox 645 4971 737 5009; x_wconf 89' lang='lat' dir='ltr'><strong>suum.</strong></span> <span class='ocrx_word' id='word_1_725' title='bbox 755 4956 847 5022; x_wconf 57' lang='lat' dir='ltr'><strong>(stup.)</strong></span> <span class='ocrx_word' id='word_1_726' title='bbox 864 4955 919 5009; x_wconf 80' lang='lat' dir='ltr'><strong>ue·</strong></span> <span class='ocrx_word' id='word_1_727' title='bbox 960 4953 1036 5009; x_wconf 84' lang='lat' dir='ltr'><strong>saria</strong></span> <span class='ocrx_word' id='word_1_728' title='bbox 1044 4952 1110 5008; x_wconf 89' lang='lat' dir='ltr'><strong>boni</strong></span> <span class='ocrx_word' id='word_1_729' title='bbox 1124 4953 1311 5024; x_wconf 76' lang='lat' dir='ltr'><strong>appellatione</strong></span> <span class='ocrx_word' id='word_1_730' title='bbox 1324 4953 1454 5022; x_wconf 83' lang='lat' dir='ltr'><strong>signavit,</strong></span> <span class='ocrx_word' id='word_1_731' title='bbox 1462 4970 1526 5009; x_wconf 89' lang='lat' dir='ltr'><strong>cum</strong></span> <span class='ocrx_word' id='word_1_732' title='bbox 1536 4954 1622 5010; x_wconf 86' lang='lat' dir='ltr'><strong>etiam</strong></span> <span class='ocrx_word' id='word_1_733' title='bbox 1633 4957 1762 5014; x_wconf 82' lang='lat' dir='ltr'><strong>Salvator</strong></span> 
     </span>
     <span class='ocr_line' id='line_1_54' title="bbox 123 5035 1759 5114; baseline 0.01 -27"><span class='ocrx_word' id='word_1_734' title='bbox 123 5048 253 5093; x_wconf 80' lang='lat' dir='ltr'><strong>vocemur</strong></span> <span class='ocrx_word' id='word_1_735' title='bbox 269 5035 305 5095; x_wconf 87' lang='lat' dir='ltr'><strong>ad</strong></span> <span class='ocrx_word' id='word_1_736' title='bbox 321 5037 529 5105; x_wconf 85' lang='lat' dir='ltr'><strong>conscientiam,</strong></span> <span class='ocrx_word' id='word_1_737' title='bbox 546 5042 580 5096; x_wconf 88' lang='lat' dir='ltr'><strong>de</strong></span> <span class='ocrx_word' id='word_1_738' title='bbox 596 5059 651 5113; x_wconf 88' lang='lat' dir='ltr'><strong>qua</strong></span> <span class='ocrx_word' id='word_1_739' title='bbox 667 5044 735 5098; x_wconf 91' lang='lat' dir='ltr'><strong>dicit</strong></span> <span class='ocrx_word' id='word_1_740' title='bbox 747 5044 916 5114; x_wconf 85' lang='lat' dir='ltr'><strong>Apostolus:</strong></span> <span class='ocrx_word' id='word_1_741' title='bbox 960 5041 1100 5096; x_wconf 78' lang='lat' dir='ltr'><strong>noster-ad</strong></span> <span class='ocrx_word' id='word_1_742' title='bbox 1112 5041 1759 5111; x_wconf 84' lang='lat' dir='ltr'><strong>eos,quinecdumadvirtutumculmeuasccu·</strong></span> 
     </span>
     <span class='ocr_line' id='line_1_55' title="bbox 122 5123 1756 5197; baseline 0.006 -16"><span class='ocrx_word' id='word_1_743' title='bbox 122 5123 194 5181; x_wconf 74' lang='lat' dir='ltr'><strong>Nam</strong></span> <span class='ocrx_word' id='word_1_744' title='bbox 209 5126 300 5191; x_wconf 80' lang='lat' dir='ltr'><strong>pluria</strong></span> <span class='ocrx_word' id='word_1_745' title='bbox 316 5130 411 5179; x_wconf 80' lang='lat' dir='ltr'><strong>nostra</strong></span> <span class='ocrx_word' id='word_1_746' title='bbox 422 5127 477 5179; x_wconf 76' lang='lat' dir='ltr'><strong>trac</strong></span> <span class='ocrx_word' id='word_1_747' title='bbox 486 5135 531 5191; x_wconf 75' lang='lat' dir='ltr'><strong>est,</strong></span> <span class='ocrx_word' id='word_1_748' title='bbox 546 5133 735 5187; x_wconf 76' lang='lat' dir='ltr'><strong>testimonium</strong></span> <span class='ocrx_word' id='word_1_749' title='bbox 749 5129 919 5186; x_wconf 68' lang='lat' dir='ltr'><strong>instruentia</strong></span> <span class='ocrx_word' id='word_1_750' title='bbox 960 5131 1069 5197; x_wconf 85' lang='lat' dir='ltr'><strong>derant,</strong></span> <span class='ocrx_word' id='word_1_751' title='bbox 1081 5131 1129 5185; x_wconf 90' lang='lat' dir='ltr'><strong>sed</strong></span> <span class='ocrx_word' id='word_1_752' title='bbox 1145 5130 1236 5186; x_wconf 84' lang='lat' dir='ltr'><strong>adhuc</strong></span> <span class='ocrx_word' id='word_1_753' title='bbox 1245 5130 1380 5186; x_wconf 90' lang='lat' dir='ltr'><strong>humilius</strong></span> <span class='ocrx_word' id='word_1_754' title='bbox 1393 5129 1569 5197; x_wconf 82' lang='lat' dir='ltr'><strong>incedebant,</strong></span> <span class='ocrx_word' id='word_1_755' title='bbox 1580 5139 1610 5187; x_wconf 93' lang='lat' dir='ltr'><strong>et</strong></span> <span class='ocrx_word' id='word_1_756' title='bbox 1623 5133 1677 5190; x_wconf 90' lang='lat' dir='ltr'><strong>sibi</strong></span> <span class='ocrx_word' id='word_1_757' title='bbox 1691 5136 1756 5191; x_wconf 88' lang='lat' dir='ltr'><strong>addi</strong></span> 
     </span>
     <span class='ocr_line' id='line_1_56' title="bbox 122 5213 1759 5291; baseline 0.01 -27"><span class='ocrx_word' id='word_1_758' title='bbox 122 5218 221 5267; x_wconf 80' lang='lat' dir='ltr'><strong>nostru</strong></span> <span class='ocrx_word' id='word_1_759' title='bbox 235 5214 275 5279; x_wconf 86' lang='lat' dir='ltr'><strong>(ll</strong></span> <span class='ocrx_word' id='word_1_760' title='bbox 288 5213 349 5268; x_wconf 83' lang='lat' dir='ltr'><strong>Cor.</strong></span> <span class='ocrx_word' id='word_1_761' title='bbox 366 5219 395 5275; x_wconf 74' lang='grc' dir='ltr'><strong>ι).</strong></span> <span class='ocrx_word' id='word_1_762' title='bbox 415 5214 588 5270; x_wconf 75' lang='lat' dir='ltr'><strong>Revocemur</strong></span> <span class='ocrx_word' id='word_1_763' title='bbox 605 5220 639 5272; x_wconf 88' lang='lat' dir='ltr'><strong>ad</strong></span> <span class='ocrx_word' id='word_1_764' title='bbox 655 5219 865 5284; x_wconf 85' lang='lat' dir='ltr'><strong>conscientiam,</strong></span> <span class='ocrx_word' id='word_1_765' title='bbox 882 5220 917 5275; x_wconf 89' lang='lat' dir='ltr'><strong>de</strong></span> <span class='ocrx_word' id='word_1_766' title='bbox 958 5218 1109 5291; x_wconf 86' lang='lat' dir='ltr'><strong>poscebant</strong></span> <span class='ocrx_word' id='word_1_767' title='bbox 1132 5220 1224 5283; x_wconf 86' lang='lat' dir='ltr'><strong>fidem,</strong></span> <span class='ocrx_word' id='word_1_768' title='bbox 1248 5219 1350 5274; x_wconf 83' lang='lat' dir='ltr'><strong>dixerit</strong></span> <span class='ocrx_word' id='word_1_769' title='bbox 1375 5236 1382 5270; x_wconf 92' lang='lat'><em>:</em></span> <span class='ocrx_word' id='word_1_770' title='bbox 1403 5219 1435 5275; x_wconf 78' lang='lat' dir='ltr'><strong>Sl</strong></span> <span class='ocrx_word' id='word_1_771' title='bbox 1451 5237 1514 5288; x_wconf 79' lang='lat' dir='ltr'><strong>erpo</strong></span> <span class='ocrx_word' id='word_1_772' title='bbox 1529 5237 1584 5287; x_wconf 57' lang='lat' dir='ltr'><strong>tuos,</strong></span> <span class='ocrx_word' id='word_1_773' title='bbox 1608 5240 1671 5277; x_wconf 75' lang='lat' dir='ltr'><strong>nean</strong></span> <span class='ocrx_word' id='word_1_774' title='bbox 1688 5229 1759 5280; x_wconf 70' lang='lat' dir='ltr'><strong>treola·</strong></span> 
     </span>
     <span class='ocr_line' id='line_1_57' title="bbox 119 5300 1757 5383; baseline 0.01 -30"><span class='ocrx_word' id='word_1_775' title='bbox 119 5300 187 5371; x_wconf 88' lang='lat' dir='ltr'><strong>quia</strong></span> <span class='ocrx_word' id='word_1_776' title='bbox 197 5301 265 5355; x_wconf 90' lang='lat' dir='ltr'><strong>dicit</strong></span> <span class='ocrx_word' id='word_1_777' title='bbox 277 5320 282 5353; x_wconf 92' lang='lat'>:</span> <span class='ocrx_word' id='word_1_778' title='bbox 295 5304 367 5370; x_wconf 81' lang='lat' dir='ltr'><strong>Opus</strong></span> <span class='ocrx_word' id='word_1_779' title='bbox 379 5309 470 5357; x_wconf 83' lang='lat' dir='ltr'><strong>autum</strong></span> <span class='ocrx_word' id='word_1_780' title='bbox 480 5320 561 5357; x_wconf 74' lang='lat' dir='ltr'><strong>sicum</strong></span> <span class='ocrx_word' id='word_1_781' title='bbox 575 5309 668 5373; x_wconf 81' lang='lat' dir='ltr'><strong>probet</strong></span> <span class='ocrx_word' id='word_1_782' title='bbox 678 5312 876 5378; x_wconf 71' lang='lat' dir='ltr'><strong>uniusquisque,</strong></span> <span class='ocrx_word' id='word_1_783' title='bbox 892 5315 917 5364; x_wconf 85' lang='lat' dir='ltr'><strong>ct</strong></span> <span class='ocrx_word' id='word_1_784' title='bbox 957 5311 1027 5371; x_wconf 72' lang='lat' dir='ltr'><strong>sitis,</strong></span> <span class='ocrx_word' id='word_1_785' title='bbox 1038 5311 1112 5362; x_wconf 69' lang='lat' dir='ltr'><strong>scitis</strong></span> <span class='ocrx_word' id='word_1_786' title='bbox 1122 5310 1192 5362; x_wconf 84' lang='lat' dir='ltr'><strong>bono</strong></span> <span class='ocrx_word' id='word_1_787' title='bbox 1201 5310 1267 5363; x_wconf 77' lang='lat' dir='ltr'><strong>dcttu</strong></span> <span class='ocrx_word' id='word_1_788' title='bbox 1276 5310 1417 5374; x_wconf 81' lang='lat' dir='ltr'><strong>durcfiltis</strong></span> <span class='ocrx_word' id='word_1_789' title='bbox 1428 5312 1533 5375; x_wconf 79' lang='lat' dir='ltr'><strong>restris,</strong></span> <span class='ocrx_word' id='word_1_790' title='bbox 1550 5317 1654 5378; x_wconf 77' lang='lat' dir='ltr'><strong>quatrio</strong></span> <span class='ocrx_word' id='word_1_791' title='bbox 1668 5317 1757 5383; x_wconf 71' lang='lat' dir='ltr'><strong>mauis</strong></span> 
     </span>
     <span class='ocr_line' id='line_1_58' title="bbox 120 5392 1753 5472; baseline 0.01 -32"><span class='ocrx_word' id='word_1_792' title='bbox 120 5392 232 5451; x_wconf 80' lang='lat' dir='ltr'><strong>tancia</strong></span> <span class='ocrx_word' id='word_1_793' title='bbox 248 5394 387 5458; x_wconf 81' lang='lat' dir='ltr'><strong>semetipso</strong></span> <span class='ocrx_word' id='word_1_794' title='bbox 401 5393 507 5446; x_wconf 81' lang='lat' dir='ltr'><strong>ltobclu&#39;t</strong></span> <span class='ocrx_word' id='word_1_795' title='bbox 520 5396 649 5460; x_wconf 75' lang='lat' dir='ltr'><strong>plurium,</strong></span> <span class='ocrx_word' id='word_1_796' title='bbox 666 5402 691 5449; x_wconf 91' lang='lat' dir='ltr'><strong>ct</strong></span> <span class='ocrx_word' id='word_1_797' title='bbox 707 5400 801 5451; x_wconf 78' lang='lat' dir='ltr'><strong>nertin</strong></span> <span class='ocrx_word' id='word_1_798' title='bbox 817 5400 913 5452; x_wconf 81' lang='lat' dir='ltr'><strong>attero.</strong></span> <span class='ocrx_word' id='word_1_799' title='bbox 959 5400 1039 5455; x_wconf 85' lang='lat' dir='ltr'><strong>Potur</strong></span> <span class='ocrx_word' id='word_1_800' title='bbox 1052 5401 1161 5452; x_wconf 77' lang='lat' dir='ltr'><strong>caelestis</strong></span> <span class='ocrx_word' id='word_1_801' title='bbox 1175 5398 1250 5450; x_wconf 80' lang='lat' dir='ltr'><strong>dubit</strong></span> <span class='ocrx_word' id='word_1_802' title='bbox 1261 5398 1331 5451; x_wconf 79' lang='lat' dir='ltr'><strong>dotto</strong></span> <span class='ocrx_word' id='word_1_803' title='bbox 1343 5400 1531 5466; x_wconf 82' lang='lat' dir='ltr'><strong>petentibussc</strong></span> <span class='ocrx_word' id='word_1_804' title='bbox 1546 5405 1559 5452; x_wconf 74' lang='lat' dir='ltr'><strong>l</strong></span> <span class='ocrx_word' id='word_1_805' title='bbox 1572 5401 1679 5466; x_wconf 73' lang='lat' dir='ltr'><strong>(natta.</strong></span> <span class='ocrx_word' id='word_1_806' title='bbox 1695 5408 1753 5472; x_wconf 78' lang='lat' dir='ltr'><strong>vn).</strong></span> 
     </span>
     <span class='ocr_line' id='line_1_59' title="bbox 119 5475 1756 5559; baseline 0.011 -29"><span class='ocrx_word' id='word_1_807' title='bbox 119 5475 196 5547; x_wconf 88' lang='lat' dir='ltr'><strong>Opus</strong></span> <span class='ocrx_word' id='word_1_808' title='bbox 211 5492 277 5546; x_wconf 79' lang='lat' dir='ltr'><strong>ergo</strong></span> <span class='ocrx_word' id='word_1_809' title='bbox 292 5494 374 5532; x_wconf 89' lang='lat' dir='ltr'><strong>suum</strong></span> <span class='ocrx_word' id='word_1_810' title='bbox 384 5480 482 5549; x_wconf 90' lang='lat' dir='ltr'><strong>probet</strong></span> <span class='ocrx_word' id='word_1_811' title='bbox 492 5479 609 5550; x_wconf 89' lang='lat' dir='ltr'><strong>quisque</strong></span> <span class='ocrx_word' id='word_1_812' title='bbox 623 5488 864 5548; x_wconf 87' lang='lat' dir='ltr'><strong>nostrum,utrum</strong></span> <span class='ocrx_word' id='word_1_813' title='bbox 880 5486 915 5540; x_wconf 90' lang='lat' dir='ltr'><strong>de</strong></span> <span class='ocrx_word' id='word_1_814' title='bbox 957 5487 1014 5556; x_wconf 55' lang='lat' dir='ltr'><strong>Quo</strong></span> <span class='ocrx_word' id='word_1_815' title='bbox 1024 5492 1092 5557; x_wconf 91' lang='lat' dir='ltr'><strong>puto</strong></span> <span class='ocrx_word' id='word_1_816' title='bbox 1104 5492 1133 5543; x_wconf 86' lang='lat' dir='ltr'><strong>et</strong></span> <span class='ocrx_word' id='word_1_817' title='bbox 1142 5484 1203 5547; x_wconf 85' lang='lat' dir='ltr'><strong>lob,</strong></span> <span class='ocrx_word' id='word_1_818' title='bbox 1212 5501 1275 5541; x_wconf 85' lang='lat' dir='ltr'><strong>cum</strong></span> <span class='ocrx_word' id='word_1_819' title='bbox 1289 5486 1325 5539; x_wconf 81' lang='lat' dir='ltr'><strong>ad</strong></span> <span class='ocrx_word' id='word_1_820' title='bbox 1341 5503 1467 5553; x_wconf 81' lang='lat' dir='ltr'><strong>uxorem,</strong></span> <span class='ocrx_word' id='word_1_821' title='bbox 1479 5488 1558 5559; x_wconf 86' lang='lat' dir='ltr'><strong>quasi</strong></span> <span class='ocrx_word' id='word_1_822' title='bbox 1570 5504 1658 5545; x_wconf 87' lang='lat' dir='ltr'><strong>unam</strong></span> <span class='ocrx_word' id='word_1_823' title='bbox 1664 5491 1700 5546; x_wconf 93' lang='lat' dir='ltr'><strong>de</strong></span> <span class='ocrx_word' id='word_1_824' title='bbox 1714 5493 1756 5548; x_wconf 86' lang='lat' dir='ltr'><strong>in-</strong></span> 
     </span>
     <span class='ocr_line' id='line_1_60' title="bbox 116 5565 1752 5653; baseline 0.008 -28"><span class='ocrx_word' id='word_1_825' title='bbox 116 5580 186 5627; x_wconf 74' lang='lat' dir='ltr'><strong>tono</strong></span> <span class='ocrx_word' id='word_1_826' title='bbox 201 5565 346 5631; x_wconf 77' lang='lat' dir='ltr'><strong>charitatis</strong></span> <span class='ocrx_word' id='word_1_827' title='bbox 359 5575 481 5635; x_wconf 82' lang='lat' dir='ltr'><strong>emanet,</strong></span> <span class='ocrx_word' id='word_1_828' title='bbox 495 5574 589 5623; x_wconf 88' lang='lat' dir='ltr'><strong>utrum</strong></span> <span class='ocrx_word' id='word_1_829' title='bbox 605 5570 639 5626; x_wconf 89' lang='lat' dir='ltr'><strong>de</strong></span> <span class='ocrx_word' id='word_1_830' title='bbox 650 5572 744 5628; x_wconf 87' lang='lat' dir='ltr'><strong>radice</strong></span> <span class='ocrx_word' id='word_1_831' title='bbox 752 5574 912 5633; x_wconf 88' lang='lat' dir='ltr'><strong>dilectionis</strong></span> <span class='ocrx_word' id='word_1_832' title='bbox 954 5575 1120 5647; x_wconf 83' lang='lat' dir='ltr'><strong>sipieutibus</strong></span> <span class='ocrx_word' id='word_1_833' title='bbox 1146 5574 1309 5635; x_wconf 81' lang='lat' dir='ltr'><strong>tuulieribue</strong></span> <span class='ocrx_word' id='word_1_834' title='bbox 1328 5576 1501 5647; x_wconf 84' lang='lat' dir='ltr'><strong>loqueretur,</strong></span> <span class='ocrx_word' id='word_1_835' title='bbox 1525 5586 1657 5648; x_wconf 78' lang='lat' dir='ltr'><strong>respectu</strong></span> <span class='ocrx_word' id='word_1_836' title='bbox 1679 5583 1752 5653; x_wconf 68' lang='lat' dir='ltr'><strong>eius,</strong></span> 
     </span>
    </p>
   </div>
   <div class='ocr_carea' id='block_1_5' title="bbox 0 0 1895 6116">
    <p class='ocr_par' dir='ltr' id='par_1_5' title="bbox 0 0 1895 6116">
     <span class='ocr_line' id='line_1_61' title="bbox 0 0 1895 6116; baseline 0 0"><span class='ocrx_word' id='word_1_837' title='bbox 0 0 1895 6116; x_wconf 95' lang='lat' dir='ltr'><strong> </strong></span> 
     </span>
    </p>
   </div>
  </div>
 </body>
</html>
