3786 6128
173 322 241 384 1147
465 325 497 378 B.
517 318 655 379 mam
674 318 790 381 naum
809 324 978 381 arentur.
999 318 1161 383 leGDNT.
1181 320 1331 382 ermon
1353 320 1446 383 PARS
1464 316 1515 382 ln.
1747 316 1823 384 illd

170 456 283 524 petuam
299 450 411 521 eligere,
428 448 574 505 veritatem
590 448 733 521 Evangelii
753 450 920 521 relinquere,
939 451 1043 511 etAde
1056 452 1140 520 gente
1155 464 1211 505 non
1235 454 1348 518 saneta3
1370 449 1405 506 ab
1420 451 1536 507 hominu
1554 451 1653 522 iniquo
1669 456 1701 506 et
1720 448 1845 511 doloso

135 526 138 531 ⁴
170 556 297 595 errorum
312 539 449 594 fallaciam
465 540 557 611 potius
572 540 649 610 sequi
665 540 744 593 vello.
1008 538 1084 610 eripe
1100 541 1236 610 meti’sol.
1251 539 1324 612 anri).
1347 558 1360 592 ι
1376 541 1427 595 llic
1440 542 1567 611 judicare
1581 552 1633 612 pm
1643 541 1853 602 discretione

207 627 336 682 «Nonne
347 626 407 682 haec
417 626 529 682 condita
542 634 609 682 sunt
622 617 696 699 apud
708 644 761 694 nte,
772 634 800 682 et
813 626 924 699 signata
938 627 966 682 in
1008 629 1136 698 ponitur3
1153 628 1219 683 alibi
1236 635 1331 683 autem
1353 631 1426 684 idem
1443 630 1580 701 propheta
1598 628 1635 683 ad
1662 624 1864 697 Dominari-2

171 714 339 772 «thesauris
350 718 441 771 meis?
459 717 542 772 »illia
552 718 637 771 editio
652 737 656 770 :
669 717 788 771 oNonne
803 717 967 772 haecomnia
1008 718 1131 772 clamans
1142 719 1183 772 ait
1199 738 1204 772 :
1223 732 1236 770 e
1252 718 1359 784 ludica,
1377 719 1503 784 Domine,
1517 724 1651 772 amentes
1666 730 1866 790 meexptx,

169 811 338 878 congregata
362 813 427 860 sunt
449 806 523 878 apud
541 823 586 860 ine
604 810 632 860 et
653 806 763 877 signata
778 807 806 860 in
826 808 966 861 thesauris
1006 820 1063 877 gna
1076 806 1274 878 impugnantes
1288 822 1334 862 me
1349 812 1431 873 (Rani.
1449 811 1551 875 xxxiv).
1571 821 1582 859 a
1603 809 1660 863 Sed
1676 806 1728 861 hic
1739 810 1817 879 judi
1831 849 1867 864 -

170 894 262 950 meis?
277 914 290 948 a
304 894 390 950 Meris
400 901 443 950 est
453 894 568 950 humaui
584 895 705 965 generis
718 896 899 968 utpneterita
911 897 965 950 cito
1007 897 1081 950 cium
1092 910 1143 967 pro
1158 896 1338 951 damnatione
1358 897 1482 967 positum
1506 905 1558 961 est,
1576 897 1726 968 indicabit
1743 898 1866 967 enim,

170 982 357 1050 obliviscatur,
376 992 403 1040 et
414 1003 474 1056 quae
489 984 639 1055 aliquando
653 985 772 1053 grarndia
788 985 962 1047 ridebantur,
1008 985 1144 1039 Dominus
1154 987 1263 1040 sanctos
1277 1001 1352 1052 suos,
1364 986 1476 1057 quando
1490 1001 1538 1040 eos
1553 987 1582 1040 ln
1598 987 1647 1039 die
1656 985 1762 1056 judicii
1774 1004 1830 1044 se
1844 1031 1864 1042 -

169 1074 260 1147 spatio
276 1075 410 1145 temporis
424 1073 535 1127 labente
550 1074 633 1127 simul
652 1074 712 1144 ipsa
727 1074 756 1126 in
771 1074 965 1128 recordatione
1007 1088 1156 1144 gregansa
1171 1075 1363 1145 peecatoribus
1389 1075 1536 1129 collocabit
1550 1076 1578 1129 in
1597 1075 1722 1129 dextera
1740 1092 1792 1129 sua
1854 1111 1859 1142 :

169 1156 317 1230 deliciant3
335 1162 382 1217 sed
398 1180 453 1217 non
467 1163 507 1216 ita
521 1170 564 1216 est
578 1163 652 1233 apud
666 1163 764 1227 Deum,
783 1162 829 1216 ubi
844 1164 967 1233 praeteri·
1008 1163 1102 1216 hostes
1117 1169 1211 1218 autem
1222 1180 1319 1218 eornm
1335 1170 1363 1218 et
1376 1170 1569 1234 persecutores
1583 1180 1602 1218 a
1623 1164 1752 1218 sinistris
1764 1175 1859 1232 ³¹²1-

168 1257 230 1308 tum
245 1251 407 1306 otiaturum
421 1259 539 1311 nonest,
551 1252 598 1305 sed
614 1252 965 1322 praesenssemperadest,
1008 1257 1079 1317 tuat,
1095 1258 1127 1306 ut
1141 1253 1351 1307 damnationem
1362 1259 1466 1307 certam
1483 1265 1547 1307 cum
1562 1253 1679 1308 diabolo
1695 1260 1856 1325 etangss

169 1356 232 1411 quaa
254 1340 329 1395 enim
351 1341 432 1395 nobis
456 1346 634 1411 praetercunt,
656 1339 694 1394 ibi
712 1347 898 1405 resumantur,
917 1358 968 1395 nec
1008 1339 1043 1394 lis
1058 1343 1118 1412 ejus
1133 1341 1162 1395 ln
1182 1341 1290 1396 inferno
1304 1342 1449 1414 recipiant,
1467 1348 1495 1396 et
1509 1341 1592 1396 ibunt
1612 1342 1644 1396 hi
1658 1343 1690 1397 ln
1707 1344 1849 1415 suppli.

136 1424 145 1441 '
169 1427 299 1485 oblivioni
320 1430 475 1488 tradentur,
505 1430 570 1484 inde
589 1446 701 1484 necesse
722 1435 773 1495 est,
799 1436 831 1484 ut
854 1435 969 1502 peccata
1008 1429 1083 1483 cium
1095 1435 1246 1485 aeternum:
1257 1431 1327 1501 justi
1342 1432 1846 1494 autemlnvitamaetemamaune.

168 1535 230 1590 quae
241 1517 347 1574 dudum
357 1518 558 1583 commisimus,
571 1520 688 1572 instanti
699 1519 863 1589 peonitentia
874 1519 967 1574 delere
1009 1534 1063 1590 que
1076 1520 1197 1590 perfecte
1213 1520 1275 1585 erit,
1292 1521 1366 1590 quod
1381 1520 1409 1574 in
1424 1521 1557 1591 praedicto
1572 1536 1657 1574 versu
1667 1518 1841 1592 subsequi.

168 1625 262 1663 coram
292 1609 379 1662 oculis
406 1609 455 1662 Dei
482 1610 655 1674 studeamus,
674 1608 795 1663 neforto
813 1607 842 1662 in
858 1608 962 1676 futuro,
1006 1615 1074 1662 tur:
1095 1609 1156 1663 «Et
1167 1609 1197 1662 in
1210 1609 1295 1662 servis
1310 1609 1366 1663 tuis
1383 1607 1570 1663 miserebitur.
1581 1629 1594 1659 n
1609 1609 1687 1673 Quia
1709 1611 1740 1664 in
1760 1628 1837 1672 πω

168 1698 280 1770 quando
294 1704 405 1768 tempus
420 1698 474 1751 erit
493 1698 619 1751 vindictae
640 1704 752 1768 reputet
772 1698 852 1752 nobis
870 1698 964 1752 debita
1005 1692 1067 1751 lesu
1079 1696 1688 1753 beatitudineiidelibussoismisericordiam
1698 1708 1833 1771 pomata.

167 1792 263 1841 nostra
282 1792 311 1839 et
330 1787 422 1840 dicat:
452 1788 515 1840 Haec
534 1787 624 1840 iecisti
644 1794 674 1840 ct
698 1787 781 1852 tacui,
798 1768 1049 1841 existimastlssbit
1062 1792 1206 1841 veternam.
1222 1787 1301 1851 Quod
1317 1793 1421 1853 autem,
1436 1789 1517 1857 juxta
1538 1788 1624 1841 aliam
1648 1789 1827 1853 editionem,

168 1875 356 1946 iniquitatem,
373 1875 447 1946 quod
461 1892 551 1929 essem
563 1875 614 1929 tibi
629 1876 728 1929 similis
743 1894 748 1927 :
765 1893 882 1947 arguam
897 1883 925 1930 te
940 1884 968 1929 et
1010 1872 1145 1929 Dominus
1156 1875 1260 1946 iegitur
1270 1877 1298 1930 in
1309 1877 1395 1929 smmis
1410 1877 1467 1930 suis
1477 1871 1628 1940 consolari,
1644 1885 1825 1949 metonymi

167 1969 289 2019 statuam
304 1965 459 2018 illacontm
473 1964 570 2018 faeiem
585 1973 673 2018 tuam.
1009 1962 1155 2018 cedictum
1176 1973 1227 2026 est,
1249 1964 1295 2018 obi
1319 1978 1369 2036 per
1394 1965 1422 2018 id
1444 1966 1518 2035 quod
1537 1965 1669 2026 eflicitur,
1687 1966 1716 2020 id
1739 1974 1822 2038 quod

205 2070 218 2104 ι
232 2053 295 2107 lica
304 2060 347 2108 est
360 2054 430 2108 ultio
443 2061 471 2107 et
487 2069 537 2124 ego
554 2053 706 2107 retribuam
721 2053 762 2107 eis
777 2054 806 2107 in
828 2061 964 2125 tempore,
1008 2052 1094 2107 ehicit
1108 2055 1326 2117 demonstratur,
1341 2070 1406 2108 nam
1421 2054 1557 2108 Dominus
1578 2056 1664 2124 juxta
1680 2059 1819 2112 naturum

168 2143 352 2197 «otiabatur
376 2160 425 2213 pes
440 2159 548 2196 eornm.
564 2143 649 2197 »Alia
662 2143 748 2197 editio
765 2161 794 2195 :a
814 2145 846 2198 ln
865 2144 910 2198 die
922 2145 966 2197 ul·
1007 2158 1118 2213 semper
1141 2141 1223 2196 laetus
1242 2146 1270 2195 et
1290 2143 1461 2213 tranquillus
1483 2148 1538 2209 est,
1560 2157 1613 2196 nec
1634 2151 1760 2214 unquam
1792 2147 1818 2198 io

166 2230 250 2287 donis
265 2231 381 2286 reddam
397 2232 453 2285 illis
468 2232 496 2286 in
510 2239 646 2302 tempore,
656 2249 710 2302 quo
720 2233 815 2302 lapsus
826 2232 966 2304 sueritpes
1008 2231 1131 2286 tristitiae
1153 2246 1302 2286 moerorem
1325 2236 1523 2296 commutator,
1546 2231 1582 2286 de
1603 2248 1660 2302 quo
1674 2233 1816 2304 scriptum

166 2334 273 2373 eorum.
292 2321 404 2375 »Certa
423 2327 489 2374 sunt
509 2322 582 2391 apud
601 2322 752 2375 Dominum
768 2327 795 2374 et
810 2329 922 2392 tempus
939 2329 966 2376 et
1007 2325 1066 2375 est:
1087 2319 1160 2382 «To,
1169 2322 1296 2385 Domine,
1309 2321 1355 2393 qui
1368 2331 1432 2375 cum
1442 2321 1649 2392 tranquillitate
1658 2322 1778 2391 judicas
1792 2325 1819 2372 el

165 2408 265 2462 modus
276 2409 411 2473 vindictae,
425 2427 479 2480 quo
491 2416 657 2480 peccatores,
666 2411 689 2463 si
705 2427 734 2463 se
749 2426 767 2463 a
780 2411 901 2480 peccatis
911 2428 965 2465 non
1006 2407 1132 2480 disponis
1147 2411 1243 2464 omnia
1254 2410 1327 2478 (Sap.
1341 2415 1402 2471 xo).
1413 2426 1426 2462 a
1438 2411 1512 2464 Bene
1527 2425 1595 2479 ergo
1604 2405 1820 2466 diciturDomi

166 2499 346 2562 correxerint,
363 2500 512 2569 torquendi
528 2505 602 2552 sunt.
619 2499 672 2552 Sed
689 2498 755 2568 quia
771 2499 865 2553 multo
881 2499 965 2552 mise·
1008 2516 1060 2553 nus
1074 2499 1103 2552 iu
1119 2499 1205 2552 servis
1229 2499 1286 2553 suis
1305 2498 1453 2564 consolari,
1472 2499 1518 2570 qul
1535 2499 1641 2552 electos
1659 2510 1728 2553 suos
1750 2498 1822 2571 post

167 2587 291 2640 mhones
307 2589 368 2656 eJ‘us
383 2595 458 2653 sunt,
478 2609 490 2637 ι
507 2604 733 2658 praeoccupemus
746 2586 845 2641 faciem
861 2590 922 2657 ejus
937 2589 966 2642 in
1008 2588 1091 2642 linem
1106 2586 1227 2642 tristitiae
1242 2588 1387 2658 praesentis
1403 2594 1508 2641 aetcrna
1518 2598 1585 2658 pace
1596 2589 1739 2657 etgaudio
1749 2599 1825 2641 eon·

166 2675 347 2741 contessione,
357 2681 385 2729 et
395 2677 424 2728 in
439 2676 554 2747 psalmis
561 2676 715 2745 jubilemus
730 2676 755 2729 ei
773 2677 854 2741 (Psoi.
864 2684 963 2745 nervi.»
1007 2672 1126 2735 solatur,
1137 2676 1233 2731 Potest
1243 2683 1271 2731 et
1286 2677 1339 2731 iste
1354 2690 1449 2731 versus
1468 2677 1502 2730 ad
1518 2674 1684 2730 ludaeorum
1698 2683 1827 2731 conref-

165 2763 352 2818 Humiliemus
367 2766 396 2818 in
407 2765 516 2834 jejunio
532 2765 640 2818 animas
652 2765 966 2834 nostr·as,vigilemuset
1007 2763 1113 2820 sionem
1125 2766 1253 2820 ultimam
1264 2765 1372 2830 referri,
1389 2765 1500 2836 quando
1510 2765 1666 2820 miserante
1681 2767 1740 2821 Deo
1759 2773 1830 2838 po

165 2867 286 2917 oremus,
303 2853 436 2923 quoniam
454 2854 516 2924 quis
532 2854 583 2906 scit
599 2854 622 2906 si
643 2861 821 2908 convertatur
836 2861 864 2907 et
884 2855 965 2925 igno·
1007 2851 1075 2924 pulo
1087 2868 1137 2908 suo
1153 2860 1216 2924 post
1230 2854 1433 2925 plenitudinem
1443 2850 1834 2923 gentiumadildemsubili

165 2946 227 2995 scat
236 2942 311 2996 Deus
325 2949 354 2995 et
368 2942 509 3012 relinquat
524 2949 586 3012 post
600 2959 629 2995 se
641 2942 886 2997 benedictionem?
1005 2942 1837 3014 trantemomnislsraelpergratiamdlvinamadeautdel11

202 3050 214 3078 u
232 3031 316 3083 iuxta
335 3036 378 3084 est
392 3031 451 3084 dies
472 3031 637 3101 perditionis
655 3036 684 3083 ct
706 3032 804 3084 adesse
828 3031 965 3086 festinant
1006 3029 1089 3085 iidem
1107 3045 1256 3086 conversus
1271 3033 1364 3086 salsus
1378 3032 1435 3085 liet.

167 3134 181 3170 ι
195 3124 332 3189 tempora.
351 3137 364 3171 a
381 3121 443 3173 lilio
458 3120 562 3173 editio:
578 3142 589 3169 a
603 3120 674 3182 Quia
682 3137 768 3191 prope
776 3127 819 3174 est
830 3121 889 3175 dies
904 3090 997 3192 per·C
1042 3118 1180 3174 «Videbit
1194 3120 1268 3191 quod
1283 3120 1471 3174 intirmatasit
1481 3132 1592 3186 ritanus,
1602 3121 1731 3177 etclausl
1744 3126 1841 3195 qmi

162 3206 278 3261 ditionis
292 3224 401 3271 eorum,
417 3214 446 3262 et
463 3210 521 3263 hac
536 3216 601 3264 sunt
625 3215 724 3278 parata
739 3208 824 3262 vobis.
843 3230 855 3260 i
881 3211 895 3263 J
899 3216 964 3264 uxta
1007 3205 1840 3281 oquedeiecerunt,residuiqoeconsumpiisuntetdioei.

162 3299 207 3350 est
230 3297 382 3368 unicnique
403 3298 462 3351 dies
485 3298 610 3363 ultionis,
634 3298 701 3368 quia
722 3305 814 3352 certus
837 3304 888 3364 est,
912 3316 963 3354 nec
1007 3316 1017 3349 ι
1035 3294 1084 3352 ubl
1099 3304 1165 3353 sunt
1179 3298 1219 3352 dii
1234 3313 1341 3364 eorum,
1353 3297 1494 3370 inquibus
1507 3297 1651 3352 habebant
1663 3300 1841 3355 nondam·

163 3384 330 3440 diuturnum
363 3403 423 3440 esse
453 3393 554 3458 potest,
571 3387 645 3457 quod
673 3387 824 3457 aliquando
851 3389 958 3442 sinitur.
1005 3403 1067 3441 tex
1077 3400 1196 3458 quorum
1214 3386 1334 3441 victimis
1342 3387 1526 3442 comedebant
1534 3387 1668 3459 adipeset
1677 3384 1844 3444 bibebssit

162 3472 303 3545 Quidquid
321 3476 395 3530 enim
410 3476 564 3546 temporale
578 3482 630 3540 est,
648 3482 679 3530 ut
693 3481 736 3528 cst
750 3476 958 3537 hominis-aetas,
1005 3494 1017 3527 o
1033 3476 1130 3530 vinum
1145 3475 1322 3530 libaminum.
1339 3480 1457 3546 surgant
1470 3480 1498 3528 et
1519 3476 1699 3546 opitulentur
1716 3476 1803 3533 vobi
1814 3487 1840 3523 s·

160 3579 258 3618 cursus
273 3565 417 3635 praesentis
430 3565 501 3628 vitm,
519 3565 542 3616 si
561 3565 596 3617 ad
616 3565 802 3618 aeternitatem
818 3583 961 3636 compara·
1004 3581 1015 3615 r
1033 3569 1061 3618 ct
1073 3564 1102 3618 in
1117 3565 1281 3619 necessitate
1294 3582 1341 3619 vos
1351 3571 1531 3635 protegant.»
1545 3565 1608 3618 Alia
1616 3566 1721 3620 editio:
1740 3560 1844 3617 «vi-

160 3657 217 3716 tun,
235 3670 352 3723 parvum
363 3654 394 3707 fit
404 3655 465 3722 ejus
475 3654 694 3724 comparatione,
706 3654 769 3707 ideo
784 3654 916 3719 dieitur,-
933 3662 962 3709 et
1002 3652 1044 3707 dit
1059 3653 1133 3707 enim
1153 3670 1200 3707 eos
1210 3653 1341 3724 fatigatos
1352 3660 1381 3707 ct
1393 3653 1515 3707 deiectos
1538 3653 1568 3706 in
1587 3652 1758 3709 abductione
1813 3650 1843 3700 ‘i

160 3741 257 3795 adesse
273 3742 409 3796 festinant
418 3748 555 3812 tempora,
569 3762 581 3793 a
595 3743 660 3812 quia
670 3742 725 3795 cito
739 3742 877 3797 finiuntur
888 3751 960 3797 tem·
1001 3738 1159 3807 dissolutos,
1172 3750 1201 3796 et
1214 3742 1284 3796 dixit
1299 3761 1304 3796 :
1321 3742 1374 3797 Ubi
1398 3746 1464 3796 sunt
1478 3756 1552 3796 nnnc
1570 3742 1612 3796 dii
1635 3743 1759 3809 illorum,
1818 3735 1845 3787 ‘li

160 3831 276 3902 poraiia,
289 3837 317 3885 et
331 3838 431 3901 parata
439 3832 544 3902 iniquis
559 3831 711 3885 adveniunt
722 3837 873 3895 tormenta,
880 3834 961 3902 Juxta
1002 3828 1103 3901 qulbus
1117 3828 1336 3885 conlidebathin
1351 3830 1429 3902 ipsis,
1446 3844 1566 3902 quorum
1574 3832 1691 3903 adipem
1702 3823 1845 3886 surii

159 3919 198 3983 id,
222 3921 296 3990 quod
309 3920 445 3990 seriptum
465 3927 508 3974 est
524 3939 556 3973 :a
581 3921 684 3974 Parata
705 3927 771 3974 sunt
789 3920 960 3975 derisoribus
1001 3917 1108 3974 clarum
1123 3919 1257 3986 edebatis,
1274 3924 1302 3973 et
1315 3918 1453 3973 bibebatis
1477 3919 1571 3972 vinum
1597 3919 1742 3974 libationis
1756 3924 1847 3973 ez*

156 4007 263 4077 iudicia
279 4010 367 4073 (Pron.
391 4012 456 4074 xix).
475 4029 488 4061 s
509 4009 669 4062 Secundum
697 4009 842 4062 historiam
866 4016 960 4064 antem
1001 4010 1511 4079 rum,exsurgantnuncetjoventsos
1525 4014 1554 4061 et
1568 4009 1849 4081 contectam-*r

159 4095 352 4150 israelitarum
363 4097 482 4150 vindicta
492 4097 675 4169 appropiavit,
690 4097 797 4167 quiaex
808 4115 862 4169 quo
873 4098 961 4152 rebel·
1001 4102 1131 4152 tectores.
1141 4116 1153 4147 a
1163 4097 1284 4163 Videbit,
1300 4097 1400 4168 inquit,
1410 4097 1484 4168 quod
1499 4097 1644 4151 infirmata
1659 4098 1785 4152 sitmam
1799 4095 1853 4135 ‘⁴¹⁵

159 4184 218 4238 lare
233 4187 669 4256 coeperunt,nunquamperlecta
684 4186 863 4249 institerunt,
873 4187 961 4241 donec
1002 4199 1065 4239 eum
1077 4185 1169 4239 videre
1184 4186 1280 4239 iecerit
1295 4186 1370 4256 quod
1383 4200 1468 4257 opera
1483 4187 1635 4252 malorum,
1652 4200 1716 4257 quaa
1732 4184 1856 4240 leve·

160 4288 288 4344 regnum,
297 4273 389 4327 locum
404 4279 433 4327 et
447 4273 507 4329 vitai
518 4273 731 4346 prosperitatem
746 4274 852 4344 pariter
866 4276 959 4346 perdi·
1001 4281 1068 4328 runt
1078 4274 1105 4328 ln
1119 4274 1276 4329 idololatria
1289 4275 1331 4328 rel
1342 4275 1451 4330 eaterls
1461 4274 1744 4345 transgressionibus,
1756 4270 1860 4353 ἰΞῚζ

159 4356 272 4427 derunt,
285 4379 349 4416 nam
365 4369 514 4434 postquam
526 4363 679 4434 Prophetas
689 4362 887 4417 occideruntet
902 4364 960 4418 Sai—
1001 4364 1083 4418 ilrma
1096 4363 1209 4430 suerint,
1226 4363 1337 4434 qnando
1348 4364 1381 4417 ad
1398 4363 1517 4417 nihilum
1534 4363 1659 4427 redacta,
1678 4364 1747 4418 nihil
1760 4356 1865 4416 ᾗῇ

159 4454 284 4505 vaterem
309 4450 508 4506 crucifixerunt
536 4450 718 4506 seditionibus
743 4452 866 4523 antiquis
888 4467 959 4506 nora
1001 4451 1048 4523 qui
1058 4468 1091 4506 ea
1104 4452 1228 4506 fecerant
1244 4452 1408 4524 profuerint,
1426 4457 1454 4506 et
1467 4451 1556 4506 clausi
1565 4467 1679 4523 quoque
1694 4440 1871 4523 dener?

158 4540 417 4610 superadjicientes,
437 4541 578 4595 Rornanos
595 4536 754 4594 rebellando
769 4539 798 4594 in
813 4558 843 4594 sc
859 4557 958 4612 provo·
999 4544 1074 4607 runt,
1086 4541 1200 4603 hocest,
1217 4541 1274 4595 sive
1290 4541 1379 4596 ludaei
1403 4541 1437 4596 ad
1453 4540 1646 4612 captivitatem
1660 4541 1697 4595 ab
1710 4528 1877 4611 qnqfflr

159 4632 267 4692 aarum,
286 4629 333 4698 qui
350 4629 418 4682 urbe
443 4628 594 4693 destructa,
613 4631 717 4700 templo
747 4645 889 4696 succenso,
907 4647 957 4701 po·
1000 4629 1037 4684 cis
1050 4629 1126 4683 clucti
1138 4630 1240 4684 ibidem
1252 4630 1410 4702 consumpti
1421 4635 1496 4697 sunt,
1514 4631 1556 4684 vel
1571 4640 1671 4684 omnes
1683 4610 1884 4702 impiiffin

158 4714 225 4787 pulo
235 4715 308 4769 famo
323 4722 351 4771 et
364 4718 458 4787 gladio
470 4726 578 4780 necato,
593 4718 726 4789 reliquias
742 4735 838 4772 eorum
855 4724 957 4790 perto·
998 4723 1166 4790 potestatem
1174 4720 1333 4773 daemonom
1343 4717 1440 4774 traditi
1448 4721 1585 4773 ultranon
1599 4718 1804 4790 prevalebunt
1827 4690 1889 4753 'L

157 4807 219 4859 tum
238 4800 333 4858 orbem
349 4806 551 4877 disperserunt,
569 4807 614 4861 uhi
638 4808 751 4861 incertis
775 4801 888 4862 sedibus
909 4823 956 4861 va-
998 4807 1403 4878 residuiqueconsumptisunt,
1416 4783 1888 4879 qulaabhacvitaexeuntff

156 4891 249 4964 gando
264 4909 312 4964 spe
327 4892 486 4949 litterarum
504 4902 620 4951 manent
633 4896 742 4950 incerti.
998 4912 1055 4950 non
1066 4896 1210 4950 habebunt
1225 4897 1342 4951 ulterius
1355 4901 1523 4968 potestatem
1538 4902 1625 4968 atque
1638 4878 1869 4953 facultaterff'
1886 4880 1889 4902 ¹

195 4981 362 5037 «iudicabit
380 4983 515 5039 Dominus
530 4985 665 5057 populum
680 5000 762 5039 suurn
778 4992 807 5040 et
827 4987 856 5040 in
871 4987 956 5041 servis
998 4985 1104 5057 aliquid
1117 4985 1354 5040 iaciendl.ldcirco
1365 4986 1394 5039 in
1410 4986 1575 5040 Ecclesiaste
1587 4987 1792 5058 scriptumest.
1853 4996 1865 5004 ‘

159 5072 242 5126 «suis
257 5071 445 5127 miserebitur.
468 5093 478 5121 i
496 5074 558 5127 Alia
569 5074 654 5128 editio
674 5092 705 5127 :e
731 5074 803 5139 Quia
820 5073 957 5145 judicabit
1000 5092 1013 5126 ι
1028 5075 1219 5146 Quodcunque
1226 5075 1579 5146 potestmanustoalacere
1590 5074 1829 5147 instanteropa‘
1857 5070 1892 5089 ‘'

155 5153 292 5215 Dominus
303 5161 436 5232 populum
448 5179 529 5216 soum
545 5167 573 5216 et
588 5163 616 5216 in
632 5160 717 5216 servis
732 5162 789 5217 suis
800 5163 955 5218 consolabi-
997 5177 1069 5230 rare,
1083 5163 1149 5234 quia
1159 5164 1793 5235 necopus,neeratio,necsapientianecscien·
1803 5172 1847 5197 f
1892 5161 1893 5164 ’

155 5251 211 5302 tur.
226 5267 237 5299 a
250 5247 391 5303 iudicabit
400 5266 466 5321 crgo
477 5251 613 5306 Dominus
621 5254 754 5324 populum
769 5268 955 5323 suum,quan-
997 5254 1037 5306 tia
1047 5259 1131 5306 erunt
1144 5252 1217 5323 apud
1233 5252 1345 5317 inferos,
1363 5269 1418 5324 quo
1429 5259 1459 5306 tu
1474 5269 1609 5324 properas
1627 5254 1792 5319 (Scelerata

156 5328 191 5389 do
211 5333 312 5391 eiectos
328 5354 393 5392 suos
409 5355 425 5392 a
441 5340 565 5411 reprobis
581 5342 709 5404 secernit,
724 5357 789 5396 nam
804 5341 955 5412 aliquando
997 5341 1076 5406 Quod
1088 5347 1181 5395 autem
1196 5339 1393 5411 subjungitur:
1413 5361 1425 5392 (ι
1441 5339 1494 5397 Ubi
1504 5347 1573 5396 sunt
1587 5341 1633 5396 Dii
1648 5358 1757 5404 eorum,
1769 5342 1792 5394 in

153 5419 279 5492 judicare
289 5443 339 5497 pro
350 5425 951 5503 discernere3ahquandoreroprodamnare
994 5430 1094 5503 quibus
1108 5429 1249 5485 habebant
1263 5430 1403 5497 fiduciam,
1426 5448 1439 5483 a
1456 5435 1484 5485 et
1504 5432 1626 5503 reliqua,
1647 5432 1792 5503 signifieat.

155 5507 300 5583 accipitur,
317 5515 390 5568 ande
417 5512 446 5571 ln
469 5519 575 5589 psalmo
591 5518 732 5592 Propheta
746 5520 781 5574 ad
802 5519 951 5574 Dominum
994 5519 1066 5592 quod
1079 5519 1231 5574 idololatra
1245 5519 1354 5575 nullum
1366 5520 1538 5591 adjutorium
1552 5521 1582 5574 ln
1592 5520 1793 5576 dlenmessiia-

156 5594 227 5655 unt
242 5618 248 5653 ι
262 5616 275 5652 «
287 5598 301 5657 i
304 5601 385 5658 udica
394 5620 448 5671 me,
456 5605 540 5673 Deus,
554 5612 583 5661 et
595 5606 721 5664 discerne
732 5621 845 5665 cauam
860 5623 952 5665 meam
993 5609 1031 5664 tls
1042 5607 1165 5665 habeant
1179 5607 1215 5663 ab
1223 5605 1315 5671 ldolls,
1331 5608 1432 5683 qulbus
1446 5611 1532 5665 ahma
1544 5609 1656 5664 cultum
1665 5608 1790 5665 oxhlbne

1867 5317 1889 5349 4
