3772 6120
117 319 189 383 15³8
844 317 1036 383 EPISTOLAE.
1093 362 1096 367 ,
1690 318 1760 379 1534

117 447 150 503 in
161 462 219 519 quo
235 445 371 516 iniquitas
396 458 452 498 non
468 446 519 509 est,
532 445 638 496 utatur.
655 442 753 498 Massa
764 442 860 514 itaque
871 443 979 507 liu-A«
997 444 1050 514 13).
1066 445 1137 501 Hinc
1147 450 1176 500 et
1203 461 1253 517 per
1278 445 1381 500 lsaiam
1399 444 1521 499 dicitur:
1541 463 1546 497 :
1575 461 1590 495 ι
1615 443 1679 498 lIaec
1692 442 1762 499 dicit

117 537 198 592 mani
211 534 334 607 generis,
348 550 410 604 qum
424 533 454 587 in
469 533 559 588 Adam
571 540 599 588 et
614 537 676 592 Evae
692 532 922 608 prevaricatione
967 555 977 585 ι
995 533 1300 590 Dominus:Custodite
1311 533 1459 604 judicium,
1474 537 1503 588 et
1515 533 1598 588 facite
1610 530 1759 604 justitiam.

118 624 290 683 damnabilis
304 623 488 694 mortalisque
509 623 583 679 sacta
598 631 651 694 est,
667 642 723 681 non
753 625 924 681 condemna·
968 624 1068 688 quia
1083 626 1217 696 juxtaest
1241 624 1317 678 salus
1333 640 1397 677 nica
1417 628 1449 678 ut
1469 622 1571 690 veniat,
1597 627 1626 676 et
1648 621 1762 693 justitia

119 716 198 772 tione
208 713 303 769 divina
316 711 495 782 generaliter,
521 714 570 768 sed
585 731 618 768 cx
632 714 727 770 debito
751 730 833 787 poena
859 728 924 767 cru·
967 733 980 766 «
996 730 1060 768 mea
1074 719 1106 768 ut
1123 714 1270 768 reveletur.
1297 714 1401 767 Beatus
1424 713 1466 766 vir
1489 713 1537 783 qui
1561 712 1626 767 tecit
1647 711 1709 776 hoc,
1734 714 1764 766 et

119 801 415 874 ciatusquegehennae
438 800 557 856 debetur
573 821 579 869 ;
593 803 674 858 venia
699 820 775 871 vero,
792 819 849 858 non
864 817 924 856 me·
968 822 980 854 1
997 802 1073 857 tilius
1082 802 1203 857 hominis
1213 803 1261 875 qui
1283 801 1468 874 apprehendit
1490 802 1575 868 istud,
1602 799 1762 855 custodiens

119 894 186 960 rito,
202 892 253 947 sed
269 890 320 945 Dei
342 890 413 961 justi
440 890 544 961 judicis
566 892 766 948 misericordia
794 890 925 963 largitate
968 892 1141 947 «sabbatum
1169 909 1203 946 ne
1234 892 1341 963 polluat
1368 890 1448 953 illud,
1478 889 1637 945 custodiens
1662 904 1763 943 manus

119 981 273 1038 musertur.
286 979 359 1045 Quia
372 980 541 1049 verojustus
558 985 586 1035 et
595 981 753 1037 misericors
763 982 838 1036 Deus
852 997 924 1052 prae·
968 999 1063 1038 nsuas
1077 998 1112 1036 ne
1127 980 1209 1035 faciat
1221 997 1303 1035 011110
1331 979 1436 1034 malum
1453 981 1517 1046 (Iso.
1544 995 1596 1044 uvi,
1625 978 1634 1035 l
1663 978 1761 1047 sepi»

119 1070 196 1127 scius
203 1074 248 1124 est
260 1068 430 1134 futurorum,
443 1084 476 1121 ex
486 1067 539 1122 hac
563 1069 717 1126 damnabili
743 1086 846 1137 massa,
867 1085 925 1125 non
964 1072 1005 1128 De
1020 1087 1075 1144 quo
1090 1075 1119 1126 et
1133 1087 1183 1141 per
1196 1069 1346 1124 leremiam
1362 1067 1487 1122 dicitur:
1511 1087 1523 1121 1
1541 1068 1607 1123 llaec
1629 1065 1697 1122 dicit
1705 1065 1763 1121 Do·
1782 1061 1788 1074 '

119 1175 306 1233 personarum
321 1157 492 1228 acceptione,
510 1158 557 1213 sed
571 1159 677 1229 Judicio
701 1159 841 1232 aequitatis
866 1175 924 1213 sue
968 1160 1091 1215 «minus
1106 1159 1191 1215 lsrael
1208 1178 1214 1212 :
1231 1159 1395 1213 Maledictus
1421 1158 1465 1212 vir
1490 1158 1537 1231 qui
1558 1175 1615 1213 non
1643 1156 1764 1213 audierit

119 1245 372 1320 irreprehensibili,
385 1262 455 1316 quos
469 1247 580 1316 praescit
594 1248 787 1304 misericordia
800 1247 926 1319 gratuita
968 1270 981 1302 a
993 1248 1077 1305 verba
1087 1248 1161 1321 pacti
1172 1248 1266 1318 hujus
1288 1247 1361 1318 quod
1369 1247 1487 1319 praecepi
1512 1247 1637 1320 patribus
1664 1245 1764 1301 vestris

120 1342 271 1410 preparat,
282 1335 312 1390 id
326 1342 368 1389 est
380 1335 562 1406 praedestinat
576 1336 706 1391 advitam
714 1341 926 1403 0101110111,οω-
968 1359 981 1391 n
996 1339 1025 1394 in
1039 1338 1085 1394 die
1100 1354 1156 1409 qua
1166 1337 1247 1392 eduxi
1263 1337 1351 1391 eosde
1361 1341 1438 1391 terra
1456 1337 1578 1409 AEgpr,
1599 1337 1635 1392 de
1651 1337 1764 1391 fornace

118 1433 196 1482 teras
210 1430 409 1495 autempoena,
424 1429 456 1477 ut
471 1424 596 1495 praedixi,
615 1424 710 1480 debita
734 1425 823 1497 punit,
859 1424 926 1496 quia
968 1428 1097 1493 «terrea,
1117 1425 1235 1481 dicens:
1258 1425 1362 1480 Audite
1388 1442 1482 1481 vocem
1503 1443 1605 1485 meam,
1634 1430 1663 1481 et
1681 1426 1763 1481 facite
1826 1466 1829 1471 .

120 1514 191 1588 quid
205 1512 397 1569 assentimuri
411 1513 549 1584 praescivit
563 1532 569 1580 ;
583 1531 639 1569 non
654 1519 751 1569 tamen
769 1513 926 1585 puniendos
969 1513 1300 1587 somniaquaepraecipio
1315 1513 1400 1580 vobis,
1413 1521 1442 1569 et
1456 1515 1533 1570 eritis
1548 1515 1617 1570 mihi
1632 1515 1763 1588 inpopu·
1844 1513 1848 1518 '

120 1602 256 1676 ipseteuit
270 1607 320 1657 aut
334 1602 551 1674 predestinavit,
568 1603 617 1658 sed
632 1608 788 1669 tantum,ut
801 1603 880 1668 dixit,
896 1602 926 1659 ia
969 1625 983 1659 α
997 1607 1065 1673 111111,
1081 1611 1111 1659 et
1124 1621 1176 1676 ego
1191 1621 1239 1659 ero
1255 1602 1332 1658 vohis
1350 1603 1381 1658 in
1390 1604 1490 1669 Deum,
1504 1608 1532 1657 et
1541 1602 1680 1659 suscitabo
1686 1605 1765 1675 jura-

120 1690 277 1747 damnabili
297 1706 393 1745 massa
414 1691 561 1762 praescivit.
587 1692 668 1757 Quod
682 1692 707 1746 si
721 1709 738 1746 a
761 1709 806 1747 me
822 1692 924 1764 quaeris
935 1713 982 1788 Bu
997 1699 1123 1750 mentum
1135 1693 1209 1766 quod
1218 1693 1311 1765 juravi
1322 1693 1449 1764 patribus
1464 1692 1700 1748 vestrisdaturum
1719 1708 1764 1748 me

120 1780 194 1837 seire
205 1796 256 1835 cur
270 1780 341 1834 duas
351 1779 420 1834 istas
434 1780 607 1835 differentias
620 1782 694 1836 Detrs
706 1780 799 1847 faciat,
815 1780 839 1836 si
859 1797 924 1851 per·
969 1804 981 1837 ‹
999 1784 1152 1839 eisterram
1162 1783 1375 1837 fluentemlacte
1389 1786 1417 1836 et
1430 1781 1587 1850 mellona.
1598 1780 1763 1851 x1,3nq.).u

119 1885 256 1925 sonarum
268 1874 397 1941 acceptor
411 1885 468 1923 non
482 1874 535 1935 est,
552 1869 619 1940 quia
631 1870 863 1940 generaliteraut
876 1885 926 1940 pu·
966 1874 1008 1928 Ad
1023 1872 1195 1928 Ezechielem
1216 1871 1350 1926 Dominus
1362 1870 1403 1924 ait
1419 1888 1424 1924 :
1440 1890 1451 1921 1
1467 1872 1509 1925 'lu
1524 1887 1600 1941 ergo,
1622 1871 1661 1926 nti
1677 1869 1767 1926 homi·

119 1958 183 2014 nire
194 1956 279 2013 debet
289 1957 411 2028 justitia,
428 1963 477 2011 aut
497 1958 690 2012 misericordia
709 1957 838 2023 liberare,
862 1973 926 2012 eon·
968 1982 981 2013 «
997 1962 1050 2028 nis,
1062 1961 1107 2016 dic
1126 1961 1161 2015 ad
1177 1961 1292 2014 domum
1303 1959 1389 2015 Israel
1405 1978 1411 2027 ;
1426 1960 1466 2013 sic
1481 1960 1565 2014 locuti
1585 1960 1651 2014 estis
1670 1959 1766 2014 dicen·

118 2047 207 2104 tende
225 2063 289 2101 cum
305 2046 401 2111 Paulo,
415 2045 472 2100 imo
487 2046 510 2101 si
526 2047 613 2102 audes
627 2063 714 2118 argue
728 2047 858 2118 Paulum,
876 2045 925 2119 qui
968 2071 979 2102 1
998 2057 1058 2105 tes:
1074 2049 1240 2121 Iniquitates
1250 2054 1353 2103 nostrae
1368 2052 1397 2102 et
1422 2053 1536 2120 peccata
1559 2052 1655 2102 nostra
1681 2063 1767 2119 super

120 2136 204 2200 dixit,
221 2135 332 2191 Christo
346 2134 376 2188 in
391 2151 421 2188 se
430 2134 560 2206 loquente
576 2155 607 2189 :a
625 2135 752 2202 Ohomo,
767 2141 799 2190 tu
814 2135 877 2207 quis
895 2151 925 2190 es
967 2159 981 2192 u
997 2144 1132 2206 nossunt,
1149 2137 1220 2193 etin
1245 2137 1313 2209 ipsis
1337 2153 1388 2191 nos
1411 2136 1580 2192 tabescimus
1597 2154 1602 2189 :
1626 2135 1766 2207 quomodo

122 2244 136 2278 a
154 2225 205 2297 qni
217 2224 373 2295 repondens
384 2224 442 2277 Deo
456 2224 469 2277 ?
482 2224 616 2296 Nunquid
630 2224 699 2279 dicit
717 2226 884 2296 figmentum
899 2224 925 2280 ei
968 2250 979 2279 ι
998 2245 1065 2300 ergo
1078 2229 1169 2282 vivere
1182 2226 1335 2298 poterimus
1350 2226 1362 2280 t
1375 2226 1425 2281 Dic
1436 2225 1470 2280 ad
1486 2242 1534 2279 eos
1545 2225 1625 2280 :Haee
1637 2223 1705 2279 dicit
1713 2224 1767 2279 Do·

123 2313 204 2385 rqui
219 2312 308 2378 finxit,
325 2311 429 2384 thuid
444 2328 489 2366 me
504 2312 544 2366 sic
555 2312 646 2367 fecisti
661 2312 673 2366 l
689 2313 733 2368 Aa
761 2329 817 2368 non
841 2312 927 2367 habet
969 2318 1112 2373 ominus:
1134 2317 1205 2372 Nolo
1233 2320 1352 2371 mortem
1370 2315 1459 2388 impii,
1488 2315 1536 2369 sed
1562 2319 1594 2370 ut
1620 2317 1767 2369 converta-

125 2407 324 2474 ‹potestatem
348 2401 451 2472 figulus
475 2401 528 2456 luti
551 2418 584 2455 ex
612 2402 708 2456 eadem
727 2420 820 2457 massa
835 2403 927 2459 facere
969 2430 981 2459 ι
998 2414 1045 2462 1111
1055 2406 1160 2478 impius
1176 2405 1247 2459 avia
1269 2404 1458 2471 sua,ctvivat.
1474 2403 1684 2470 convertimini,
1699 2418 1767 2458 eon·

125 2490 234 2546 «aliud
250 2490 365 2563 quidem
376 2506 424 2545 vas
438 2490 468 2545 in
481 2491 626 2558 honorem,
639 2491 716 2546 aliud
727 2492 758 2547 in
781 2497 927 2546 contume·
969 2495 1142 2550 evertimini
1156 2493 1233 2564 aviis
1248 2493 1347 2549 vestris
1358 2493 1495 2566 pessimis,
1513 2498 1542 2548 et
1555 2509 1642 2564 quare
1663 2490 1767 2546 morie-
1800 2531 1806 2539 .
1860 2492 1864 2499 “

125 2599 140 2635 s
161 2580 251 2636 liam?
268 2600 279 2631 1
298 2582 382 2649 (Dora.
399 2596 437 2646 rx,
454 2578 509 2648 30.)
526 2580 689 2651 Egoautem
711 2581 763 2635 hoc
777 2581 839 2635 dico
854 2580 928 2652 quod
971 2604 982 2636 1
999 2583 1078 2650 1111111,
1092 2582 1290 2639 domuslsrael
1305 2582 1369 2637 tro
1384 2583 1489 2654 itaque,
1504 2582 1544 2637 nli
1568 2579 1698 2646 hominis,
1723 2578 1769 2635 dic

127 2669 196 2732 dixi,
208 2668 275 2741 quia
289 2668 424 2740 quidquid
438 2670 512 2723 Dcus
527 2668 595 2738 agit,
611 2668 838 2736 misericorditer,
850 2670 928 2741 juste
943 2741 944 2746 η
970 2690 984 2727 a
1000 2673 1035 2728 ad
1051 2672 1124 2727 lilios
1137 2671 1234 2744 populi
1258 2670 1316 2726 tui:
1331 2671 1445 2727 lustitia
1468 2671 1539 2743 justi
1562 2686 1619 2726 non
1639 2667 1770 2724 liberabit

125 2762 279 2829 sancteque
301 2755 393 2810 facit:
413 2756 480 2827 quia
503 2757 578 2811 solus
603 2757 662 2829 ipse
685 2757 856 2830 praesciendo
875 2759 929 2813 scit
971 2780 983 2814 (1
1000 2779 1065 2818 eum
1088 2761 1117 2816 in
1144 2777 1321 2833 quacumque
1341 2760 1387 2815 die
1405 2760 1569 2832 peccaverit,
1589 2764 1619 2814 et
1638 2758 1769 2832 impietas

126 2847 298 2919 quodhomo
322 2846 471 2900 nesciendo
486 2846 585 2900 nescit.
611 2846 680 2911 Quis
704 2847 779 2901 enirn
800 2847 929 2918 cognovit
972 2873 983 2901 ι
1001 2850 1080 2922 impii
1096 2867 1153 2904 non
1163 2848 1274 2904 nocebit
1288 2849 1314 2903 ei
1327 2848 1357 2903 in
1368 2865 1534 2921 quacunque
1548 2848 1593 2903 die
1620 2863 1770 2904 conversus

125 2951 243 2992 sensum
256 2935 378 3000 Domini,
395 2934 459 3005 quis
472 2934 605 2990 instruxit
618 2952 693 3002 eum,
709 2936 831 3008 autquis
840 2936 929 2991 coasi-
972 2959 984 2990 1
999 2939 1085 2994 fuerit
1097 2939 1132 2994 de
1146 2939 1292 3010 impietate
1307 2954 1359 2993 sua
1374 2941 1422 3005 ,et
1432 2939 1526 3008 justus
1541 2953 1597 2992 non
1612 2935 1716 3009 poterit
1729 2935 1767 2990 vi·

127 3025 228 3081 liarius
237 3026 298 3096 ejus
312 3024 365 3078 tuit
376 3024 388 3076 l
399 3029 449 3078 aut
456 3024 518 3094 quis
528 3024 606 3096 prior
614 3024 689 3078 dedit
706 3025 746 3079 illi
757 3030 785 3078 et
795 3023 928 3080 retribui·
939 3051 961 3112 c
972 3049 983 3080 1
1001 3045 1066 3083 vere
1075 3028 1105 3082 in
1112 3027 1223 3098 justitia
1243 3028 1336 3081 suain
1352 3042 1528 3098 quacumque
1543 3025 1588 3080 die
1603 3024 1767 3097 peccaverit.

125 3119 177 3170 tur
189 3114 298 3169 ailant
311 3113 375 3184 quis
389 3112 456 3167 dicit
472 3113 507 3179 ei,
532 3112 710 3181 Quidfecisti
724 3114 737 3167 t
751 3115 814 3169 Non
838 3118 931 3187 potest
972 3135 986 3171 ‹
1002 3117 1119 3173 Etiamsi
1133 3117 1229 3171 dixero
1242 3117 1320 3188 justo
1331 3116 1405 3187 quod
1424 3115 1481 3170 vita
1494 3115 1577 3182 vivat,
1594 3120 1624 3169 et
1650 3114 1771 3169 contisus

127 3207 241 3259 tantum
261 3204 355 3273 justus
364 3202 418 3256 dici
433 3202 518 3268 Deus,
532 3207 582 3255 aut
599 3202 690 3256 solum
703 3203 869 3270 misericors,
881 3203 931 3258 sed
974 3226 985 3258 ι
1003 3207 1033 3261 in
1044 3207 1157 3279 justitia
1171 3222 1222 3260 sua
1235 3204 1332 3260 feccrit
1344 3205 1531 3276 iniquitatem,
1549 3219 1646 3259 omnes
1653 3202 1771 3274 justitia

125 3294 224 3365 justus
244 3296 274 3345 ct
304 3291 472 3346 misericors.
496 3290 541 3345 Sic
571 3291 701 3361 legimus,
724 3292 764 3346 sic
779 3293 928 3347 credimus.
974 3297 1064 3367 «ejus
1074 3294 1205 3349 oblivioni
1216 3293 1372 3361 tradentur,
1385 3298 1413 3348 et
1427 3293 1456 3347 in
1470 3293 1677 3363 iniquitatesua
1686 3307 1772 3363 quam

130 3382 287 3453 Propterea
301 3380 412 3451 quando
429 3379 469 3433 rlli
483 3396 547 3434 cum
561 3379 648 3434 David
668 3380 888 3436 misericordiam
902 3385 931 3436 et
972 3402 986 3438 ‹
1003 3389 1184 3455 operatusest
1193 3383 1288 3455 inipso
1300 3383 1444 3437 morietur.
1453 3381 1502 3436 Sin
1512 3385 1605 3436 autem
1619 3380 1715 3435 dixero
1721 3379 1772 3434 im·

124 3470 265 3544 judicium
275 3475 430 3535 cantamus
448 3475 595 3525 cantamus
605 3475 770 3536 metuentes,
780 3486 836 3524 non
846 3469 931 3525 inter-
973 3491 987 3525 a
1002 3473 1057 3544 pio,
1070 3473 1159 3526 Morte
1172 3471 1308 3535 morieris,
1322 3476 1351 3524 ct
1364 3470 1454 3541 egerit
1467 3469 1661 3540 poenitentiam
1675 3485 1693 3525 a
1707 3484 1772 3542 pan·

127 3561 264 3632 rogamus
277 3575 339 3630 quae
353 3558 391 3614 sit
405 3560 612 3631 voluntasejuS,
625 3559 769 3629 injudicio
784 3558 930 3614 etmiseri-
972 3583 985 3611 a
1001 3567 1064 3615 cato
1074 3577 1135 3627 suo,
1143 3559 1296 3630 feceritque
1302 3557 1439 3629 judicium
1455 3565 1483 3612 ct
1504 3557 1657 3628 justitiam,
1678 3563 1707 3612 et
1731 3556 1772 3629 pi·

127 3649 226 3705 cordia
239 3648 478 3720 conquiescentes.
498 3648 619 3702 »Omnis
634 3647 709 3702 enim
722 3648 765 3702 lex
774 3647 870 3702 divina
878 3649 932 3704 hoc
972 3668 986 3703 ι
1001 3647 1407 3720 gnusrestitueritilleimpius,
1417 3645 1768 3718 rapinamquereddiderit,

129 3738 318 3808 docet,utper
328 3736 720 3791 ohedientiammandatorum
728 3736 779 3791 Dei
789 3735 931 3809 pervenia-
974 3735 1255 3792 «inmundatisvitae
1270 3734 1463 3801 ambulaverit,
1493 3752 1543 3789 nec
1568 3734 1667 3789 fecerit
1693 3734 1772 3806 quid·

128 3844 196 3883 mus
209 3827 245 3881 ad
256 3832 411 3881 creatorem
419 3831 548 3880 nostrum
561 3842 626 3880 :nec
635 3827 710 3880 ullus
716 3826 825 3881 ratione
835 3826 932 3897 vigens
975 3846 985 3877 1
1004 3841 1090 3897 quam
1098 3825 1244 3895 injustum,
1257 3824 1314 3878 vita
1323 3823 1433 3878 rivetet
1446 3841 1503 3878 non
1516 3824 1662 3878 morietur.
1670 3821 1773 3878 Omnia
1834 3876 1840 3893 ,

128 3917 193 3973 sine
208 3917 264 3970 side
276 3920 353 3970 recta
368 3919 396 3969 ct
408 3913 693 3985 bonisoperibusDco
708 3915 817 3985 placere
830 3919 930 3987 potest.
976 3933 986 3964 1
1003 3914 1187 3985 peccataejus
1204 3929 1265 3984 quae
1286 3911 1411 3983 peccavit
1429 3929 1485 3967 non
1508 3910 1722 3983 imputabuntur
1746 3911 1772 3967 ei

129 4005 214 4062 Unde
224 4010 254 4060 et
266 4003 430 4077 prophetica
444 4008 529 4073 atque
543 4003 695 4075 apostolica
710 4002 933 4074 cloquiahocre-
975 4003 1117 4070 ntdzectt.
1134 4018 1185 4055 xxx
1200 4017 1237 4067 111,
1269 4000 1301 4055 10
1321 4001 1398 4071 sep).
1426 4021 1437 4052 1
1460 4000 1503 4055 nd
1517 3999 1774 4056 Nabuchodonosor

128 4098 244 4161 sonam,
261 4093 296 4147 ad
311 4094 363 4146 hoc
381 4093 574 4158 exhortantur,
587 4097 619 4146 ut
640 4097 716 4146 recto
731 4108 815 4146 cursu
829 4096 933 4146 sancta
974 4106 1085 4161 quoque
1099 4091 1196 4145 Daniel
1211 4089 1348 4161 propheta
1362 4089 1450 4144 sicait
1462 4089 1526 4145 :‹0
1547 4106 1605 4156 rex,
1626 4089 1773 4144 consilium

129 4181 353 4238 conversationis
366 4181 563 4252 perveniamus
576 4180 610 4235 ad
621 4186 776 4235 creatorem
794 4185 931 4235 nostrum.
976 4198 989 4232 «
1005 4195 1099 4234 meum
1110 4180 1219 4251 placeat
1232 4178 1292 4243 tibi,
1303 4185 1332 4233 ct
1346 4185 1460 4250 peccata
1474 4183 1525 4233 tua
1539 4178 1774 4251 eleemosynisre·

129 4270 262 4342 Denique
276 4269 316 4323 sic
325 4270 435 4340 Moyses
449 4268 490 4323 ait
506 4286 511 4321 :
530 4270 618 4323 «Non
637 4267 759 4323 tentabis
783 4269 935 4324 Dominum
977 4288 989 4320 ‹
1006 4264 1097 4337 dime,
1107 4269 1377 4340 etiniquitatestuas
1389 4267 1590 4322 misericordiis
1604 4283 1770 4339 pauperum,

105 4403 109 4408 .
134 4379 147 4412 ι
165 4360 256 4415 Deum
268 4363 359 4425 tuum,
370 4357 602 4412 sicuttentastiiu
618 4358 678 4412 loco
686 4357 860 4425 tentationis,
877 4358 989 4426 (lu-D«
1007 4356 1125 4413 forsitan
1142 4357 1269 4427 ignoscat
1282 4357 1471 4411 Deusdelictis
1481 4356 1536 4409 tuis
1546 4357 1627 4422 (Dour.
1639 4373 1676 4420 vr,
1692 4354 1771 4426 11).»

134 4469 146 4500 ι
166 4447 240 4503 stodi
254 4452 393 4519 praecepta
406 4446 518 4501 Domini
534 4446 647 4512 Baitai,
678 4464 710 4501 ac
721 4446 892 4513 testimonia,
905 4452 934 4502 et
974 4446 1046 4501 Hinc
1061 4451 1090 4500 et
1103 4462 1154 4517 per
1167 4445 1365 4500 Oseedicitur:
1380 4461 1392 4496 n
1411 4444 1552 4499 Seminate
1567 4443 1645 4498 vobis
1655 4443 1773 4515 injusti·

135 4555 152 4590 a
166 4536 356 4602 ceremonias,
372 4552 442 4607 quas
457 4535 589 4607 precaepit
601 4534 667 4589 tibi:
682 4541 712 4590 et
725 4534 767 4589 fac
782 4535 856 4607 quod
872 4536 933 4607 pla·
978 4557 989 4583 1
1005 4535 1054 4601 tia,
1071 4540 1100 4589 et
1109 4534 1205 4589 metite
1218 4534 1248 4588 in
1264 4550 1312 4587 ore
1328 4533 1534 4597 misericordia,
1551 4533 1681 4589 innovate
1696 4532 1773 4590 vobis

97 4648 100 4653 ·
135 4626 307 4682 «citumest
320 4631 349 4679 et
361 4624 465 4679 bonum
475 4624 504 4678 in
516 4628 666 4695 conspectu
680 4624 803 4689 Domini,
819 4630 850 4679 ut
863 4623 934 4680 bene
977 4623 1120 4677 nnovale:
1136 4627 1248 4694 tempus
1263 4628 1357 4677 autem
1386 4621 1557 4693 requirendi,
1577 4639 1641 4677 eum
1666 4623 1775 4681 venerit

135 4731 151 4767 ι
166 4715 204 4769 sit
215 4714 278 4780 tibi,
288 4719 317 4769 et
326 4715 470 4785 ingressus
481 4713 734 4784 possideasterram
742 4714 887 4785 optimam,
899 4713 935 4768 de
978 4731 993 4763 11
1007 4712 1055 4783 qui
1066 4710 1175 4766 docebit
1184 4727 1232 4766 vos
1249 4710 1388 4782 justitiam
1406 4711 1471 4781 (Osa.
1490 4729 1516 4777 x,
1531 4710 1585 4783 l‘l).
1612 4733 1623 4762 ι
1636 4712 1670 4767 Et
1684 4712 1771 4768 item:

137 4820 223 4876 «qua
240 4803 346 4874 juravit
374 4803 511 4857 Dominus
537 4802 664 4873 patribus
678 4802 743 4868 tuis,
772 4807 805 4857 ut
829 4802 937 4858 deleret
978 4800 1771 4870 nConvertere,v'aqtn't,lsraeladDomiaumDeumtuum,

136 4909 265 4948 «omnes
280 4892 481 4947 inimicostuos
492 4908 586 4946 coram
600 4896 638 4955 te,
660 4891 732 4947 sicut
758 4893 867 4947 locutus
893 4896 937 4947 est
977 4905 991 4943 a
1009 4889 1142 4960 quoniam
1152 4890 1284 4946 corruisti
1293 4890 1322 4943 ia
1338 4888 1488 4959 iniquitate
1497 4890 1664 4944 tua'lollite
1686 4889 1774 4947 vobis·

136 4984 258 5052 «want.
280 4998 316 5045 v1,
338 4980 370 5035 16
389 4984 466 5050 sea).
495 4982 600 5036 »Nam
618 4981 768 5035 Psalmists
791 4981 855 5036 hinc
872 4981 933 5036 ait:
981 4995 1070 5034 «cum
1082 4979 1176 5047 verba,
1192 4976 1633 5043 etconvertiminiadDominum,
1650 4985 1679 5035 et
1689 4979 1774 5037 dicite

136 5091 148 5122 ι
164 5071 234 5137 Quis
244 5076 287 5126 est
301 5071 384 5124 homo
397 5070 444 5141 qui
454 5070 513 5125 vult
527 5070 621 5135 vitam,
631 5074 660 5124 et
675 5070 752 5141 cupit
763 5070 857 5125 videre
877 5069 936 5126 dies
980 5093 991 5123 ι
1009 5071 1033 5127 ei
1048 5068 1177 5125 :Omnem
1193 5069 1273 5124 auter
1286 5066 1474 5138 iniquitatem,
1488 5071 1515 5120 et
1540 5065 1633 5137 accipe
1656 5067 1770 5138 bonum,

134 5158 420 5215 abonoslcoerceat
433 5159 559 5230 linguam
574 5175 654 5213 suam
674 5159 785 5222 ansolo,
817 5164 846 5213 et
861 5158 937 5215 labia
978 5184 992 5216 n
1007 5170 1035 5219 et
1048 5163 1198 5218 reddemus
1212 5158 1311 5212 vitulos
1324 5154 1771 5229 labiorumnostrorum(0sc.xv1,

135 5266 148 5300 a·
165 5249 276 5319 eiusne
290 5248 444 5320 loquantur
458 5249 563 5302 dolum.
580 5248 707 5302 Divertat
719 5265 736 5302 a
749 5250 833 5316 malo,
850 5255 879 5304 et
893 5249 936 5303 sa·
980 5272 990 5303 ι
1007 5252 1033 5319 2,
1044 5250 1081 5320 3).
1100 5269 1111 5301 1
1129 5249 1157 5305 Si
1174 5244 1321 5320 quidemin
1331 5244 1410 5297 loele
1421 5243 1599 5315 itascriptum
1614 5249 1669 5300 est:
1688 5265 1701 5298 n
1717 5246 1774 5303 lla·

137 5355 149 5388 1
165 5336 348 5403 ciatbonum;
359 5337 588 5409 inquiratpacem
598 5341 849 5408 etsequatuream.
862 5338 936 5403 Quia
979 5363 989 5394 1
1006 5357 1078 5413 gnus
1088 5339 1162 5394 enim
1172 5337 1232 5392 dies
1248 5333 1358 5390 Domini
1374 5337 1402 5386 et
1417 5331 1550 5386 terribilis
1563 5334 1658 5402 valde,
1668 5341 1696 5391 ct
1711 5338 1774 5410 quis

138 5446 149 5475 c
168 5425 243 5480 oculi
257 5425 370 5481 Domini
383 5436 468 5498 supe'r
479 5428 613 5497 justos,et
631 5443 713 5481 aures
724 5429 785 5497 ejus
799 5428 827 5481 in
838 5445 935 5498 preces
978 5450 991 5485 a
1008 5427 1156 5485 sustinebit
1170 5426 1257 5482 euml
1272 5426 1352 5479 Nunc
1363 5438 1429 5493 ergo
1445 5420 1513 5475 dicit
1526 5423 1663 5480 Dominus
1680 5444 1686 5480 ε
1704 5426 1775 5481 Con-

138 5536 149 5566 ι
167 5531 277 5569 eorum.
289 5517 493 5571 Vultusautcm
500 5515 610 5570 Domini
620 5516 931 5586 superiacicntesmala,
977 5539 992 5572 n
1006 5517 1146 5574 vertimini
1161 5516 1249 5570 adsue
1263 5515 1291 5569 in
1306 5521 1364 5570 toto
1378 5517 1461 5571 cordo
1473 5523 1574 5583 vostro,
1591 5516 1619 5570 in
1628 5516 1737 5586 jeJunio
1746 5522 1775 5570 et

138 5624 150 5656 ι
172 5609 204 5658 ut
219 5605 443 5678 perdatdeterra
453 5605 619 5662 memoriam
628 5621 726 5661 eorum
736 5606 933 5676 {Psatxxxvnn
977 5609 1035 5664 nin
1049 5608 1117 5662 fletu
1130 5605 1192 5660 etin
1204 5605 1327 5676 planctu,
1346 5612 1374 5661 et
1397 5606 1514 5663 scindite
1529 5605 1614 5663 corda
1640 5611 1734 5662 vestra
1745 5611 1774 5665 et
