3786 6128
53 315 125 377 {27³
695 319 743 374 DE
761 320 921 377 vincano
941 322 1051 378 DEUM.
1623 310 1690 373 tt't

51 444 219 516 unigenitus
226 443 422 515 Filius,quiest
431 444 461 498 in
470 445 534 499 sinu
544 444 710 516 Patris,ipse
718 446 1008 509 narravithomnem
1022 447 1224 519 plenitudinem
1240 448 1300 500 Dei.
1319 466 1331 496 a
1345 447 1403 516 Ego
1417 447 1476 500 nec
1488 445 1573 499 verba
1583 451 1693 517 aposto-

53 533 135 589 Unde
145 550 203 589 non
213 534 247 588 ad
260 533 405 587 oculorum
414 533 604 604 corporalium
613 534 662 588 sed
673 534 708 588 ad
719 536 856 590 mentium
897 537 917 591 li
928 536 1007 591 Pauli
1019 537 1058 590 sic
1069 536 1225 606 intelligere
1235 536 1320 589 soleo.
1332 536 1364 590 ln
1376 534 1525 588 latitudine
1539 533 1614 589 bona
1626 550 1693 606 ope-

52 623 191 678 visionem
214 622 321 677 dictum
346 625 390 676 est
414 621 554 693 pertinere
578 624 653 694 quod
679 630 785 678 narrat.
802 624 857 680 Sed
898 642 931 681 ra
944 624 1097 687 charitatis,
1114 625 1143 679 in
1160 624 1335 695 longitudine
1355 623 1591 695 perseverantiam
1605 640 1694 695 usque

53 728 154 767 rursus
169 728 204 766 ne
218 711 387 766 desiderium
403 716 532 765 nostrum
553 730 571 766 a
587 713 712 784 corporis
724 730 808 768 sensu
822 713 857 767 ad
898 714 928 768 in
940 715 1035 777 linem,
1047 714 1077 767 in
1090 712 1238 767 altitudine
1248 728 1326 782 spem
1337 712 1492 766 coelestium
1503 712 1692 782 praemiorum,

53 800 143 856 alium
157 800 282 872 corporis
296 816 409 855 sensum
428 799 572 870 migraret,
590 802 642 856 hoe
656 807 699 856 est
720 802 755 856 ad
775 819 858 858 aures
897 803 927 857 in
943 803 1080 874 profundo
1094 802 1286 857 inscrutabilia
1292 801 1398 872 Judicia
1409 802 1470 856 Dei.
1481 800 1561 856 Unde
1571 801 1625 854 ista
1631 816 1695 870 gra·

53 889 90 944 ab
100 889 196 953 oculis,
215 889 278 943 ideo
292 905 357 943 cum
370 888 510 943 dixisset«
526 907 578 944 nec
592 890 784 962 corporalibus
794 908 858 946 ocu·
898 894 939 947 tia
951 893 980 947 in
994 894 1121 947 homines
1133 893 1219 958 venit,
1236 891 1283 963 qui
1298 908 1349 945 nos
1363 891 1392 945 in
1408 906 1520 944 omnem
1541 889 1694 960 plenitudi-

53 978 89 1033 lis
99 978 176 1034 Deus
185 979 330 1050 quaritur,
342 995 394 1033 nec
408 962 646 1034 circumscribitur
661 980 730 1045 visu,
747 996 799 1035 nec
812 986 857 1035 ta·
898 998 962 1036 nem
973 981 1025 1036 Dei
1036 981 1228 1035 misericordia
1238 979 1563 1050 suaimpleredignetur,
1576 977 1693 1032 utvide·

52 1073 237 1134 ctutenetur,
247 1090 258 1116 ι
267 1066 376 1122 addidit
382 1060 477 1131 etiam,
487 1087 500 1121 r
511 1085 562 1122 nec
573 1068 688 1124 auditur
696 1070 855 1135 allatunnt,
898 1071 922 1124 ri
938 1071 1027 1142 possit
1041 1087 1057 1124 a
1071 1069 1159 1124 nobis.

53 1156 79 1211 si
94 1173 255 1227 possumus,
266 1156 443 1227 unigenitum
457 1158 561 1212 Filium
575 1158 624 1230 qui
636 1158 719 1212 estin
732 1158 796 1212 sinu
807 1159 858 1213 Pa·
933 1160 1014 1214 Nunc
1024 1166 1118 1213 autern
1128 1158 1202 1228 quod
1212 1159 1282 1213 milri
1292 1158 1550 1229 proposueiasetad
1559 1159 1695 1229 explican-

54 1245 107 1300 tais
116 1245 157 1300 sic
166 1245 358 1316 intelligamus
367 1251 532 1300 narrantem
546 1247 686 1318 quomodo
696 1253 725 1301 et
735 1246 859 1302 Verbum
899 1248 967 1303 dum
981 1247 1094 1302 difficile
1110 1245 1264 1312 videbatur,
1280 1252 1378 1300 utrum
1402 1246 1570 1317 explicatum
1587 1246 1634 1312 sit,
1651 1245 1694 1299 di·

53 1340 169 1390 estnon
185 1351 271 1389 sonus
291 1334 407 1389 auribus
426 1342 564 1406 strepens,
580 1335 629 1390 sed
647 1337 740 1407 imago
756 1336 858 1391 menti·
899 1336 1020 1407 ligenter
1029 1336 1143 1390 attende
1159 1335 1305 1389 recolendo
1319 1351 1381 1406 quae
1395 1334 1471 1389 dicta
1484 1339 1559 1389 sunt.
1576 1335 1605 1388 Si
1619 1334 1695 1388 enim

53 1422 108 1479 bus
122 1423 309 1488 innotescens,
325 1431 358 1478 ut
377 1425 435 1480 illic
458 1425 570 1479 interna
590 1432 619 1479 et
640 1425 773 1480 ineffabili
797 1426 859 1481 luce
900 1423 1694 1496 quaerisutrumpossitDeusvideri,Respondeo:potest3

54 1512 193 1567 clarescat
207 1513 282 1582 quod
295 1513 402 1567 dictum
426 1521 469 1567 est
485 1533 491 1567 :
506 1532 519 1565 a
536 1514 590 1579 Qui
614 1531 659 1568 me
678 1515 763 1577 videt,
785 1515 861 1569 videt
891 1515 924 1568 ·si
947 1514 1048 1584 quaeris
1063 1514 1138 1568 unde
1153 1513 1250 1579 sciam,
1264 1513 1418 1584 respondeo
1433 1512 1498 1582 quia
1512 1513 1542 1566 in
1556 1499 1697 1566 veracissi-

53 1606 85 1655 et
100 1601 212 1656 Patrem
229 1602 441 1669 (loon.x1v,9);
455 1622 467 1654 a
485 1603 559 1673 quod
584 1603 628 1657 hic
641 1603 770 1675 Philippo
783 1604 859 1659 dice·
900 1621 946 1657 ma
955 1603 1102 1674 Scriptura
1110 1602 1227 1672 legitur:
1245 1621 1255 1652 ι
1269 1602 1347 1656 Beati
1357 1600 1696 1671 mundicorde,quoniam

54 1688 142 1745 batur
152 1691 264 1760 quando
274 1691 385 1745 videbat
399 1697 428 1745 et
439 1708 494 1745 non
507 1691 627 1746 ridebat.
640 1693 773 1763 Sequitur
783 1693 857 1747 enim
900 1693 953 1763 ipsi
963 1693 1051 1746 Deum
1064 1691 1198 1745 videbunt
1213 1692 1319 1759 (illotilr.
1332 1707 1357 1751 v,
1373 1688 1412 1758 8),
1432 1710 1443 1740 ι
1458 1697 1487 1744 et
1500 1695 1600 1744 cetera
1617 1689 1694 1743 talia.

56 1780 144 1849 hujus
152 1778 268 1834 visionis
276 1780 564 1852 eximiusconcupitor
573 1780 737 1836 Ambrosius
748 1782 858 1835 dicens:
870 1772 891 1830 Β
901 1780 930 1835 Si
947 1780 1049 1851 quaeris
1060 1779 1199 1851 quomodo
1208 1779 1300 1833 dietus
1309 1779 1347 1833 sit
1356 1778 1501 1832 invisibilis
1510 1778 1534 1831 si
1544 1778 1632 1832 rideri
1646 1794 1697 1848 po-

59 1888 74 1920 ι
89 1867 202 1923 Etcum
215 1867 315 1922 absens
330 1875 457 1942 putatur,
471 1869 580 1923 videtur
594 1889 600 1936 3
618 1877 646 1924 ct
660 1886 723 1924 curn
738 1886 860 1942 praesens
899 1877 964 1926 test.
973 1869 1128 1940 respondeo
1139 1868 1304 1922 invisibilem
1314 1884 1375 1921 esse
1385 1874 1526 1930 naturam,
1543 1867 1631 1921 videri
1645 1883 1696 1920 au-

55 1962 110 2022 est,
134 1973 190 2011 non
214 1957 333 2012 videtur.
351 1976 364 2010 ι)
382 1959 445 2012 Non
471 1958 551 2025 dixit,
576 1960 647 2013 Cum
677 1958 778 2013 absens
806 1964 857 2025 est,
899 1963 958 2013 tem
973 1975 1036 2012 cum
1051 1958 1120 2023 vult,
1136 1957 1264 2028 plurimis
1285 1956 1360 2010 evrini
1375 1956 1507 2010 visusest
1522 1975 1528 2009 ε
1544 1972 1600 2009 non
1615 1955 1696 2009 sicuti

55 2045 117 2110 sed,
134 2046 205 2100 Cum
224 2046 325 2101 absens
345 2053 471 2119 putatur.
487 2048 634 2118 Nusquam
655 2048 729 2101 enim
747 2053 791 2102 est
808 2048 859 2102 ab·
900 2053 952 2113 est,
962 2047 1011 2101 sed
1026 2047 1102 2118 quali
1115 2046 1207 2118 specie
1221 2046 1261 2100 illi
1277 2045 1382 2117 placuit
1391 2062 1541 2117 apparere3
1557 2046 1581 2098 si
1595 2045 1697 2116 quaeris

57 2149 123 2188 sens
152 2135 201 2206 qui
227 2135 327 2190 coelum
356 2143 385 2190 et
411 2143 517 2191 terram
545 2136 653 2208 implet,
682 2153 733 2191 nec
760 2137 858 2207 spatiis
900 2137 1040 2207 quomodo
1055 2153 1120 2191 curn
1134 2136 1205 2190 vidit
1218 2136 1261 2189 vel
1275 2135 1344 2190 Cain
1357 2135 1517 2200 sceleratus,
1536 2133 1647 2204 quando
1663 2134 1698 2187 de

56 2223 222 2290 includitur,
251 2225 343 2296 parvis
367 2226 510 2296 magnisve
527 2225 702 2287 dillunditur,
727 2227 775 2280 sed
795 2225 857 2280 ubi·
899 2242 950 2280 suo
963 2226 1067 2279 scelere
1079 2224 1116 2279 ab
1127 2225 1175 2279 illo
1189 2224 1379 2293 interrogatus
1392 2229 1420 2276 et
1429 2223 1571 2293 judicatus
1586 2228 1637 2287 est,
1655 2221 1697 2275 vel

56 2328 112 2384 que
135 2319 212 2368 utus
235 2318 287 2379 est,
312 2319 340 2368 et
362 2315 439 2368 nullo
461 2315 622 2369 continetur
645 2315 714 2369 loco.
732 2316 791 2369 Hoc
810 2314 858 2385 qui
900 2314 986 2368 etiam
1002 2314 1061 2385 ipse
1082 2312 1219 2377 diabolus,
1237 2312 1348 2383 quando
1367 2311 1444 2367 venit
1460 2327 1525 2366 eum
1546 2310 1653 2381 angelis
1667 2315 1699 2364 ut

55 2399 210 2455 excedente
230 2407 325 2455 mente
348 2401 490 2472 intelligit,
512 2402 587 2455 videt
611 2402 711 2468 Deum,
740 2407 768 2456 et
795 2418 859 2456 cum
899 2418 993 2457 coram
1009 2401 1056 2456 illo
1070 2401 1224 2467 assisteret,
1241 2400 1264 2454 si
1280 2420 1293 2451 o
1310 2399 1383 2455 beati
1399 2400 1497 2454 mundi
1517 2399 1609 2464 corde,
1627 2415 1697 2469 quo-

56 2487 161 2544 absens
182 2496 307 2560 putatur.
325 2489 379 2554 Qui
402 2496 498 2544 autem
521 2490 573 2544 hoc
596 2507 653 2544 non
675 2496 775 2561 potest,
799 2495 860 2545 oret
900 2492 976 2546 niam
992 2491 1046 2563 ipsi
1060 2492 1151 2545 Deum
1165 2489 1312 2557 videbunt;
1331 2513 1342 2536 ι
1358 2488 1513 2559 respondeo
1521 2486 1698 2559 nonquidem

57 2584 88 2633 et
102 2584 177 2649 agat,
194 2583 227 2632 ut
245 2595 326 2649 posse
349 2585 499 2643 mereatur,
513 2596 564 2633 nec
584 2580 619 2633 all
639 2580 782 2634 hominem
801 2579 859 2633 dis·
901 2597 963 2634 esse
978 2596 1152 2651 consequens
1167 2585 1199 2633 ut
1220 2579 1305 2633 etiam
1327 2577 1440 2632 rideant
1456 2592 1531 2641 cum,
1547 2576 1596 2647 qui
1618 2591 1698 2630 voces

58 2673 223 2739 putatorem
237 2668 339 2737 pulset,
351 2674 383 2721 ut
397 2668 470 2739 quod
486 2684 543 2722 non
557 2669 634 2738 legit,
650 2669 735 2738 legat,
756 2669 804 2723 sed
824 2668 860 2722 ad
901 2669 936 2723 ab
953 2686 986 2723 eo
1000 2668 1088 2723 factas
1102 2668 1252 2739 aliquando
1267 2667 1394 2721 audiunt.
1410 2667 1508 2737 Neque
1529 2666 1604 2719 enirn
1624 2664 1700 2718 vide·

58 2756 345 2822 DeumSalvatorem,
355 2761 387 2809 ut
401 2757 475 2827 quod
490 2773 547 2811 non
562 2758 645 2823 valet,
654 2758 754 2811 valeat.
764 2757 861 2811 Potest
901 2764 969 2812 runt
979 2774 1043 2812 euni
1052 2758 1099 2829 qui
1109 2757 1269 2823 audierunt,
1278 2756 1390 2828 quando
1400 2755 1470 2810 dixit
1478 2755 1513 2808 ad
1524 2754 1652 2818 Filium«
1665 2752 1701 2807 Et

59 2852 158 2899 umen
167 2861 279 2899 movere
289 2845 428 2916 quomodo
437 2846 497 2915 jam
516 2846 577 2917 ipsa
587 2847 638 2901 Dei
649 2845 807 2900 substantia
821 2846 862 2900 vi·
903 2846 1052 2901 clarificavi
1075 2851 1103 2900 et
1125 2846 1228 2900 iteruin
1253 2843 1409 2899 clarificabo
1427 2847 1517 2909 {doura
1544 2857 1594 2907 ιιι,
1609 2842 1665 2909 48).
1685 2860 1696 2892 ι

60 2933 122 2987 deri
132 2933 459 3005 potueritaqurbusdam
471 2934 501 2989 in
517 2935 570 2988 hac
592 2935 649 2988 vita
673 2934 780 3005 positis,
796 2950 862 3005 pro-
904 2935 1104 2990 Verumtamen
1119 2951 1175 2989 non
1186 2951 1247 2988 esse
1259 2934 1430 2997 mirandum,
1445 2932 1497 2987 etsi
1512 2931 1598 3003 aliqui
1612 2930 1697 2987 etiam

59 3027 124 3094 pter
134 3021 202 3075 illud
214 3022 288 3092 quod
298 3022 404 3076 dictum
415 3021 499 3075 estad
511 3023 626 3093 Moysen
636 3042 642 3076 :
652 3023 761 3077 «Nemo
771 3029 864 3094 potest
904 3040 960 3079 non
970 3023 1068 3078 mundi
1077 3024 1161 3078 corde
1170 3024 1265 3077 vident
1279 3023 1369 3076 Deum
1384 3023 1414 3076 in
1429 3021 1520 3092 specie
1544 3036 1629 3091 quam
1651 3034 1699 3072 vo·

60 3110 163 3165 taciem
172 3111 375 3176 meamvidcrc,
385 3118 413 3164 et
423 3111 773 3177 viverelle'aod.xxxnr‚‘lll)‚
785 3131 798 3165 a
808 3111 863 3166 uisi
872 3086 894 3147 G
903 3114 997 3169 luntas
1011 3114 1073 3183 ejus
1087 3113 1192 3178 iecerit,
1203 3112 1309 3166 latente
1323 3110 1456 3165 invisibili
1477 3116 1506 3163 et
1524 3108 1597 3181 apud
1613 3125 1643 3162 se
1657 3108 1702 3161 in-

61 3199 130 3272 quia
143 3206 237 3271 potest
246 3200 371 3253 humana
382 3199 603 3254 mensdivinitus
616 3216 678 3272 rapi
692 3218 725 3254 ex
739 3201 792 3255 hac
805 3201 864 3255 vita
904 3201 1094 3256 commutabili
1104 3207 1235 3255 manente
1242 3208 1352 3255 natura.
1360 3200 1389 3254 Si
1399 3199 1501 3270 quaeris
1509 3204 1605 3252 utrum
1615 3197 1701 3250 etiam

60 3289 262 3359 adangelicam
269 3289 526 3358 vitam,antequam
534 3306 583 3359 per
592 3290 676 3343 istam
685 3306 863 3344 communem
905 3291 987 3345 sicuti
1002 3298 1046 3345 est
1064 3291 1215 3360 aliquando
1237 3289 1325 3360 possit
1338 3288 1435 3349 videri,
1452 3286 1618 3358 respondeo,
1634 3285 1700 3339 tiliis

63 3382 185 3432 mortem
192 3394 276 3431 carne
285 3377 419 3443 solvatur,
436 3377 476 3431 sic
492 3378 567 3432 enim
579 3384 677 3449 raptus
691 3384 734 3431 est
748 3379 796 3449 qui
811 3395 862 3432 au·
905 3381 957 3434 hoc
971 3396 1032 3433 esse
1046 3378 1225 3449 promissum,
1234 3378 1269 3431 de
1278 3377 1380 3448 quibus
1391 3377 1557 3440 dictumest,
1568 3397 1579 3426 ι
1592 3374 1702 3429 Scimus

62 3465 134 3519 divit
146 3465 203 3519 illic
218 3465 370 3520 ineffabilia
384 3465 469 3519 verba
479 3481 540 3535 quae
550 3483 606 3521 non
622 3466 687 3520 licet
700 3465 808 3520 homini
822 3466 863 3519 lo·
904 3469 969 3539 quia
983 3484 1046 3521 curn
1056 3466 1228 3538 apparuerit,
1238 3465 1343 3519 similes
1353 3465 1378 3517 ei
1392 3464 1506 3528 erimus,
1522 3463 1653 3535 quoniam
1664 3462 1702 3516 vi-

62 3554 122 3626 qui,
139 3554 187 3608 ubi
204 3570 293 3625 usque
308 3555 377 3608 adeo
391 3554 465 3608 facta
485 3561 528 3608 est
551 3554 586 3608 ab
600 3556 685 3626 hujus
701 3555 763 3608 vitae
778 3555 865 3608 sensi·
904 3556 1032 3610 dabimus
1046 3572 1112 3609 eum
1128 3554 1210 3608 sicuti
1225 3559 1268 3607 est
1283 3554 1309 3619 (1
1320 3556 1399 3606 doctr.
1412 3567 1453 3614 ιιι,
1470 3550 1509 3622 ⁴2).
1527 3570 1540 3603 o
1557 3551 1586 3605 Si
1601 3549 1702 3621 quaeris

63 3642 116 3697 bus
130 3643 259 3714 quaedam
274 3643 439 3698 intentionis
457 3644 574 3707 aversio,
587 3650 620 3698 ut
632 3645 689 3697 sive
704 3646 732 3698 in
747 3660 863 3715 corpore
904 3646 979 3700 unde
994 3661 1057 3699 eum
1079 3642 1243 3706 videbimus,
1260 3641 1415 3712 respondeo
1431 3659 1437 3693 :
1454 3640 1528 3694 unde
1548 3639 1639 3709 angeli
1661 3639 1702 3692 vi·

64 3732 121 3787 sive
136 3737 217 3787 extra
227 3749 326 3804 corpus
340 3733 435 3799 luerit,
447 3733 475 3787 id
488 3739 540 3797 est,
553 3740 659 3799 utrum,
669 3733 822 3787 sicutsolet
835 3733 864 3786 in
905 3734 983 3798 dent,
995 3732 1095 3804 quibus
1105 3738 1173 3786 tunc
1182 3731 1287 3786 erimus
1297 3730 1433 3801 aequales·
1450 3728 1602 3783 sicutenim
1610 3727 1703 3782 viden·

65 3822 274 3877 vehementiore
281 3825 392 3887 exstasi,
401 3839 480 3876 mens
488 3822 523 3875 ab
529 3822 580 3875 hac
590 3822 648 3876 vita
655 3821 684 3876 in
693 3821 771 3875 illam
779 3821 865 3876 vitam
905 3829 954 3878 tur
966 3822 1020 3877 ista
1036 3838 1097 3893 quae
1112 3819 1431 3885 visibilianominantur,
1446 3818 1560 3872 «Deum
1574 3832 1656 3871 nenio
1665 3816 1704 3869 ri·

64 3910 152 3966 tuerit
163 3910 288 3965 alienata
297 3916 428 3984 manente
437 3911 562 3981 corporis
572 3910 693 3976 vinculo,
704 3925 741 3964 aa
751 3910 865 3965 omnino
906 3910 1178 3982 ditunquam(loan.
1190 3924 1209 3974 ι,
1225 3905 1300 3975 itia
1314 3924 1366 3962 nec
1378 3906 1466 3962 videri
1485 3911 1586 3978 potest,
1605 3925 1615 3952 ι
1632 3918 1703 3975 quo·

66 4000 203 4054 resolutio
216 3999 290 4054 facta
303 4000 397 4063 hierit,
410 3999 500 4071 qualis
515 4000 544 4053 in
559 4000 641 4070 plena
656 4006 747 4054 morte
760 3998 866 4053 contin·
907 4001 983 4055 niam
1000 4000 1090 4054 lucem
1105 3997 1214 4052 habitat
1228 3996 1456 4062 inaccessibilem,
1475 4016 1486 4047 ι
1504 4003 1533 4049 et
1548 4001 1590 4048 est
1604 4000 1706 4047 natura

64 4088 116 4160 git,
132 4087 242 4142 nescire
255 4105 285 4142 se
298 4088 412 4143 diceret.
430 4089 473 4143 lta
487 4090 520 4142 sit
539 4093 613 4143 utet
630 4089 699 4142 illud
714 4104 811 4143 verum
830 4087 867 4141 sit
906 4087 1052 4143 invisibilis
1070 4086 1142 4141 sicut
1156 4085 1376 4156 incorruptibilis
1391 4101 1452 4155 qum
1466 4082 1617 4138 contextim
1631 4083 1704 4152 Apo·

65 4177 141 4249 quod
155 4177 262 4231 dictum
276 4182 329 4243 est,
342 4178 455 4231 «Nemo
472 4183 564 4249 potest
577 4177 676 4231 taciem
687 4193 778 4231 meam
793 4176 867 4229 ride·
907 4178 995 4232 stolus
1010 4176 1103 4248 posuit
1117 4176 1221 4239 dicens,
1241 4193 1254 4226 a
1267 4174 1336 4243 Regi
1350 4179 1445 4228 autem
1460 4172 1624 4228 saeculorum
1637 4170 1706 4226 invi·

65 4282 97 4320 re
111 4271 142 4320 et
152 4264 255 4331 vivere,
267 4267 334 4336 quia
349 4282 463 4320 necesse
479 4271 522 4320 est
536 4265 660 4320 abstrahi
682 4265 717 4319 ab
741 4266 796 4319 hac
810 4265 867 4318 vita
907 4264 1227 4336 sibili,incorruptibili(1
1238 4259 1706 4333 Tim.1,li),›quiasicutnuncin·

37 4376 41 4383 ·
66 4360 204 4422 mentem,
216 4355 328 4425 quando
342 4355 371 4409 in
387 4354 461 4409 illius
470 4354 692 4408 ineffabilitatem
700 4354 815 4409 visionis
824 4371 867 4408 as·
907 4355 1125 4427 corruptilisnec
1131 4351 1402 4426 posteacorruptilis,
1413 4350 1515 4405 itanon
1522 4350 1613 4403 solum
1619 4366 1703 4416 nunc,

64 4443 208 4510 sumitur3
223 4448 252 4497 et
265 4460 320 4498 non
336 4443 374 4497 sit
390 4443 551 4497 incredibile
573 4444 741 4514 quibusdam
763 4416 898 4498 sanctisD
908 4445 957 4499 sed
969 4444 1054 4499 etiam
1070 4459 1182 4513 semper
1195 4439 1351 4495 invisibilis.
1363 4440 1420 4493 Nec
1434 4438 1463 4492 in
1477 4438 1536 4492 loco
1547 4438 1622 4491 enim
1631 4437 1705 4491 vide-

66 4533 195 4588 nondum
205 4533 246 4587 ita
260 4533 399 4587 defunctis
412 4538 445 4586 ut
458 4532 619 4603 sepelienda
629 4533 766 4588 cadavera
779 4549 869 4587 rema·
908 4539 956 4587 tur
970 4532 1019 4587 sed
1033 4531 1138 4586 mundo
1153 4530 1251 4594 corde;
1268 4545 1320 4582 nec
1329 4526 1520 4597 corporalibus
1531 4526 1617 4579 oculis
1633 4543 1706 4596 qute-

65 4626 180 4688 nerent,
188 4621 273 4676 etiam
287 4621 370 4676 istam
384 4621 576 4676 excellentiam
591 4623 768 4677 revelationis
783 4622 868 4675 fuisse
909 4623 990 4685 citur,
999 4619 1326 4681 necanditurallatu,nec
1335 4616 1457 4670 sentitur
1471 4615 1590 4669 incessu.
1600 4614 1705 4685 Unige-

64 4712 334 4767 ooncessam.Porro
354 4711 429 4781 quod
441 4709 508 4764 dicit
518 4711 668 4781 Apostolus
686 4709 810 4764 scribens
833 4709 868 4763 ad
910 4711 986 4764 nitus
995 4714 1090 4763 autem
1099 4707 1249 4778 Filiusqui
1259 4705 1412 4760 estinsinn
1425 4704 1526 4769 Patris,
1535 4703 1648 4757 deitatis
1658 4719 1706 4758 na-

64 4800 204 4872 Ephesios
221 4800 325 4868 (Eplvcs.
340 4814 382 4864 ιιι,
396 4799 440 4867 lt)
458 4818 463 4852 :
484 4819 494 4849 ι
513 4799 604 4869 Hujus
618 4799 658 4852 rei
672 4798 765 4868 gratia
786 4798 868 4852 ilecto
909 4806 1002 4853 turam
1009 4804 1093 4868 atque
1101 4796 1286 4851 substantiam
1297 4793 1490 4849 insonabiliter
1499 4798 1597 4847 narrat
1605 4797 1634 4846 et
1644 4791 1706 4846 ideo

61 4905 162 4962 genua
168 4905 233 4943 mua
241 4889 277 4943 ad
288 4889 401 4943 Patrem
412 4888 525 4943 Domini
538 4888 627 4942 nostri
637 4889 651 4943 J
654 4905 702 4942 esu
714 4887 869 4952 Christi,ex
910 4887 1001 4957 dignis
1013 4886 1176 4957 idoneisque
1189 4892 1268 4939 tanto
1284 4889 1443 4953 conspectu,
1464 4881 1552 4935 oculis
1566 4881 1650 4935 etiam
1664 4880 1705 4933 in-

64 4996 124 5052 quo
139 4978 233 5033 omnis
243 4979 398 5049 paternitas
406 4979 436 5032 in
446 4978 523 5032 coelis
533 4983 561 5031 et
569 4977 598 5030 in
609 4982 686 5031 terra
696 4976 868 5041 nominatur,
909 4977 1056 5032 visibiliter
1066 4980 1213 5030 monstrat.
1223 4975 1279 5044 Ipsi
1294 4973 1369 5027 enim
1384 4976 1450 5025 sunt
1465 4971 1537 5025 oculi
1552 4971 1586 5024 de
1605 4968 1705 5040 quibus

64 5073 98 5123 ut
112 5068 162 5122 det
176 5066 253 5121 vobis
269 5068 423 5122 secundum
438 5067 550 5121 divitias
571 5066 667 5136 gloriae
683 5083 749 5133 suae,
766 5067 869 5120 virtute
910 5065 1060 5137 Apostolus
1074 5065 1151 5129 dicit,
1167 5084 1177 5115 ι
1198 5063 1374 5117 illuminatos
1395 5061 1490 5114 oculos
1509 5058 1601 5112 cordis
1623 5056 1706 5111 vestri

64 5156 243 5213 corroborari
249 5156 436 5228 perspiritum
442 5155 867 5227 ejusininterioremhominem,
913 5155 987 5223 (ἱρὴ.
1004 5168 1023 5218 ι,
1041 5151 1099 5222 18);
1119 5151 1289 5221 »dequibus
1304 5150 1425 5214 dicitur,
1444 5147 1600 5202 «illumina
1613 5147 1707 5200 oculos

65 5246 198 5303 habitare
209 5245 352 5301 Christum
366 5262 417 5316 per
426 5245 509 5299 tidem
524 5246 553 5298 in
566 5243 698 5298 cordibus
712 5243 811 5297 vestris
823 5262 829 5296 ι
841 5243 871 5297 in
912 5258 1161 5314 meosnennquam
1170 5240 1344 5295 obdormiam
1352 5239 1381 5292 in
1390 5243 1480 5291 morte
1491 5239 1572 5297 (Psoi.
1585 5250 1634 5297 ιιι,
1646 5232 1704 5306 lh»

66 5335 330 5392 charitateradicati
338 5333 870 5405 etsundati,utpossitiscomprehende-
912 5332 1047 5387 Dominus
1058 5331 1132 5384 enim
1143 5329 1258 5401 spiritus
1269 5333 1324 5391 est3
1339 5327 1412 5379 unde
1422 5325 1469 5396 qui
1478 5325 1602 5379 adhaeret
1613 5324 1708 5379 Domi·

68 5444 98 5481 re
112 5441 180 5479 cum
194 5425 324 5478 omnibus
335 5423 448 5489 sanctis,
461 5423 566 5495 quaesit
579 5421 698 5477 latitudo
713 5426 741 5474 et
751 5421 872 5491 longitu·
912 5437 958 5483 no,
975 5437 1047 5475 unus
1059 5419 1174 5491 spiritus
1187 5423 1239 5472 est.
1256 5415 1377 5471 Proinde
1392 5414 1440 5485 qui
1455 5419 1547 5484 potest
1561 5413 1650 5467 Deum
1665 5414 1707 5468 in·
1806 5458 1811 5464 .

68 5517 104 5570 do
115 5521 145 5569 et
155 5512 314 5568 sublimitas
321 5512 525 5585 etprofundum
535 5510 711 5579 ;scireetiam
719 5509 872 5580 superemi·
912 5509 1058 5565 visibiliter
1072 5509 1174 5573 videre,
1190 5507 1249 5578 ipsc
1260 5507 1318 5561 Deo
1333 5509 1426 5576 potest
1439 5501 1652 5573 incorporaliter
1660 5502 1708 5556 ad-

70 5603 316 5658 nentemscientiae
324 5604 490 5659 charitatem
497 5600 611 5666 Christi,
620 5598 832 5670 utimpleamini
842 5599 871 5653 in
912 5600 1026 5655 haerere.
1044 5599 1131 5652 Pano
1143 5597 1167 5651 si
1178 5613 1212 5650 ea
1221 5612 1282 5667 quae
1292 5596 1321 5649 in
1331 5594 1709 5662 animonostrosuntcorpo-
