<?xml version="1.0" encoding="UTF-8"?>
<!DOCTYPE html PUBLIC "-//W3C//DTD XHTML 1.0 Transitional//EN"
    "http://www.w3.org/TR/xhtml1/DTD/xhtml1-transitional.dtd">
<html xmlns="http://www.w3.org/1999/xhtml" xml:lang="en" lang="en">
 <head>
  <title>
</title>
<meta http-equiv="Content-Type" content="text/html;charset=utf-8" />
  <meta name='ocr-system' content='tesseract 3.04.00' />
  <meta name='ocr-capabilities' content='ocr_page ocr_carea ocr_par ocr_line ocrx_word'/>
</head>
<body>
  <div class='ocr_page' id='page_1' title='image "./patrologiaecurs22goog/patrologiaecurs22goog_0408.png"; bbox 0 0 3772 6120; ppageno 0'>
   <div class='ocr_carea' id='block_1_1' title="bbox 117 244 1459 313">
    <p class='ocr_par' dir='ltr' id='par_1_1' title="bbox 117 244 1459 313">
     <span class='ocr_line' id='line_1_1' title="bbox 117 244 1459 313; baseline -0.006 -2"><span class='ocrx_word' id='word_1_1' title='bbox 117 248 169 311; x_wconf 72' lang='grc'><strong>803</strong></span> <span class='ocrx_word' id='word_1_2' title='bbox 416 253 446 309; x_wconf 87' lang='lat' dir='ltr'><strong>B.</strong></span> <span class='ocrx_word' id='word_1_3' title='bbox 468 252 603 309; x_wconf 73' lang='lat' dir='ltr'><strong>nonum</strong></span> <span class='ocrx_word' id='word_1_4' title='bbox 623 250 739 309; x_wconf 74' lang='lat' dir='ltr'><strong>usum</strong></span> <span class='ocrx_word' id='word_1_5' title='bbox 757 250 925 307; x_wconf 73' lang='lat' dir='ltr'><strong>Ancurae.</strong></span> <span class='ocrx_word' id='word_1_6' title='bbox 946 249 1108 307; x_wconf 73' lang='lat' dir='ltr'><strong>uocum.</strong></span> <span class='ocrx_word' id='word_1_7' title='bbox 1129 248 1279 309; x_wconf 74' lang='lat' dir='ltr'><strong>ornabit</strong></span> <span class='ocrx_word' id='word_1_8' title='bbox 1296 247 1390 313; x_wconf 67' lang='lat' dir='ltr'><strong>PARS</strong></span> <span class='ocrx_word' id='word_1_9' title='bbox 1408 244 1459 313; x_wconf 79' lang='grc' dir='ltr'>ΙΙΙ.</span> 
     </span>
    </p>
   </div>
   <div class='ocr_carea' id='block_1_2' title="bbox 89 369 1608 5591">
    <p class='ocr_par' dir='ltr' id='par_1_2' title="bbox 89 369 1608 5143">
     <span class='ocr_line' id='line_1_2' title="bbox 119 369 1608 448; baseline -0.004 -19"><span class='ocrx_word' id='word_1_10' title='bbox 119 390 132 429; x_wconf 77' lang='grc' dir='ltr'>ι</span> <span class='ocrx_word' id='word_1_11' title='bbox 148 373 316 447; x_wconf 69' lang='lat' dir='ltr'><strong>peraridum</strong></span> <span class='ocrx_word' id='word_1_12' title='bbox 326 380 445 431; x_wconf 88' lang='lat' dir='ltr'><strong>terram:</strong></span> <span class='ocrx_word' id='word_1_13' title='bbox 459 375 533 448; x_wconf 91' lang='lat' dir='ltr'><strong>quod</strong></span> <span class='ocrx_word' id='word_1_14' title='bbox 542 375 649 447; x_wconf 79' lang='lat' dir='ltr'><strong>experti</strong></span> <span class='ocrx_word' id='word_1_15' title='bbox 655 375 778 447; x_wconf 81' lang='lat' dir='ltr'><strong>AEgyptii</strong></span> <span class='ocrx_word' id='word_1_16' title='bbox 787 374 912 429; x_wconf 88' lang='lat' dir='ltr'><strong>devorati</strong></span> <span class='ocrx_word' id='word_1_17' title='bbox 923 373 1041 433; x_wconf 84' lang='lat' dir='ltr'><strong>Asuum</strong></span> <span class='ocrx_word' id='word_1_18' title='bbox 1056 374 1205 445; x_wconf 78' lang='lat' dir='ltr'><strong>protelare.</strong></span> <span class='ocrx_word' id='word_1_19' title='bbox 1220 374 1327 428; x_wconf 81' lang='lat' dir='ltr'><strong>Tamen</strong></span> <span class='ocrx_word' id='word_1_20' title='bbox 1350 387 1406 429; x_wconf 91' lang='lat' dir='ltr'><strong>non</strong></span> <span class='ocrx_word' id='word_1_21' title='bbox 1426 387 1462 427; x_wconf 89' lang='lat' dir='ltr'><strong>ea</strong></span> <span class='ocrx_word' id='word_1_22' title='bbox 1474 369 1608 443; x_wconf 79' lang='lat' dir='ltr'><strong>explanat</strong></span> 
     </span>
     <span class='ocr_line' id='line_1_3' title="bbox 121 457 1608 537; baseline -0.002 -22"><span class='ocrx_word' id='word_1_23' title='bbox 121 481 133 515; x_wconf 82' lang='lat' dir='ltr'><strong>u</strong></span> <span class='ocrx_word' id='word_1_24' title='bbox 150 469 225 518; x_wconf 88' lang='lat' dir='ltr'><strong>suut.</strong></span> <span class='ocrx_word' id='word_1_25' title='bbox 239 484 251 515; x_wconf 73' lang='lat' dir='ltr'><strong>s</strong></span> <span class='ocrx_word' id='word_1_26' title='bbox 264 464 510 535; x_wconf 77' lang='lat' dir='ltr'><strong>Iterumpupulum</strong></span> <span class='ocrx_word' id='word_1_27' title='bbox 519 465 673 537; x_wconf 84' lang='lat' dir='ltr'><strong>perlectum</strong></span> <span class='ocrx_word' id='word_1_28' title='bbox 687 469 832 535; x_wconf 89' lang='lat' dir='ltr'><strong>comparat</strong></span> <span class='ocrx_word' id='word_1_29' title='bbox 843 463 916 535; x_wconf 87' lang='lat' dir='ltr'><strong>plebi</strong></span> <span class='ocrx_word' id='word_1_30' title='bbox 958 463 1054 527; x_wconf 84' lang='lat' dir='ltr'><strong>currit,</strong></span> <span class='ocrx_word' id='word_1_31' title='bbox 1067 468 1208 537; x_wconf 82' lang='lat' dir='ltr'><strong>sapienter</strong></span> <span class='ocrx_word' id='word_1_32' title='bbox 1217 462 1296 517; x_wconf 85' lang='lat' dir='ltr'><strong>valde</strong></span> <span class='ocrx_word' id='word_1_33' title='bbox 1307 467 1459 531; x_wconf 87' lang='lat' dir='ltr'><strong>utrumque</strong></span> <span class='ocrx_word' id='word_1_34' title='bbox 1473 457 1608 525; x_wconf 64' lang='lat' dir='ltr'><strong>facienao</strong></span> 
     </span>
     <span class='ocr_line' id='line_1_4' title="bbox 119 548 1608 626; baseline -0.003 -20"><span class='ocrx_word' id='word_1_35' title='bbox 119 552 202 607; x_wconf 93' lang='lat' dir='ltr'><strong>unius</strong></span> <span class='ocrx_word' id='word_1_36' title='bbox 218 551 279 617; x_wconf 90' lang='lat' dir='ltr'><strong>loci,</strong></span> <span class='ocrx_word' id='word_1_37' title='bbox 298 570 332 607; x_wconf 92' lang='lat' dir='ltr'><strong>ne</strong></span> <span class='ocrx_word' id='word_1_38' title='bbox 347 553 443 607; x_wconf 87' lang='lat' dir='ltr'><strong>dicant</strong></span> <span class='ocrx_word' id='word_1_39' title='bbox 454 553 520 625; x_wconf 89' lang='lat' dir='ltr'><strong>quia</strong></span> <span class='ocrx_word' id='word_1_40' title='bbox 531 570 586 607; x_wconf 94' lang='lat' dir='ltr'><strong>non</strong></span> <span class='ocrx_word' id='word_1_41' title='bbox 599 569 748 626; x_wconf 87' lang='lat' dir='ltr'><strong>possumus</strong></span> <span class='ocrx_word' id='word_1_42' title='bbox 762 553 916 608; x_wconf 89' lang='lat' dir='ltr'><strong>secundum</strong></span> <span class='ocrx_word' id='word_1_43' title='bbox 957 551 1075 621; x_wconf 76' lang='lat' dir='ltr'><strong>fugiens,</strong></span> <span class='ocrx_word' id='word_1_44' title='bbox 1088 558 1116 606; x_wconf 92' lang='lat' dir='ltr'><strong>et</strong></span> <span class='ocrx_word' id='word_1_45' title='bbox 1129 552 1297 607; x_wconf 79' lang='lat' dir='ltr'>densitatem</span> <span class='ocrx_word' id='word_1_46' title='bbox 1312 548 1517 605; x_wconf 88' lang='lat' dir='ltr'><strong>sententiarum</strong></span> <span class='ocrx_word' id='word_1_47' title='bbox 1533 562 1608 602; x_wconf 77' lang='lat' dir='ltr'><strong>nont</strong></span> 
     </span>
     <span class='ocr_line' id='line_1_5' title="bbox 117 636 1608 713; baseline -0.003 -19"><span class='ocrx_word' id='word_1_48' title='bbox 117 640 189 711; x_wconf 86' lang='lat' dir='ltr'><strong>quod</strong></span> <span class='ocrx_word' id='word_1_49' title='bbox 202 640 273 710; x_wconf 80' lang='lat' dir='ltr'><strong>justi</strong></span> <span class='ocrx_word' id='word_1_50' title='bbox 287 646 448 712; x_wconf 88' lang='lat' dir='ltr'><strong>potuerunt.</strong></span> <span class='ocrx_word' id='word_1_51' title='bbox 479 642 587 704; x_wconf 74' lang='lat' dir='ltr'><strong>«Fine,</strong></span> <span class='ocrx_word' id='word_1_52' title='bbox 617 642 719 713; x_wconf 84' lang='lat' dir='ltr'><strong>inquit,</strong></span> <span class='ocrx_word' id='word_1_53' title='bbox 745 641 918 697; x_wconf 72' lang='lat' dir='ltr'><strong>barisierunt</strong></span> <span class='ocrx_word' id='word_1_54' title='bbox 957 636 1608 713; x_wconf 72' lang='lat' dir='ltr'><strong>nequeenimomninotacuitmequedicensmr</strong></span> 
     </span>
     <span class='ocr_line' id='line_1_6' title="bbox 116 723 1608 801; baseline -0.005 -17"><span class='ocrx_word' id='word_1_55' title='bbox 116 745 195 784; x_wconf 85' lang='lat' dir='ltr'><strong>mare</strong></span> <span class='ocrx_word' id='word_1_56' title='bbox 207 728 343 793; x_wconf 86' lang='lat' dir='ltr'>Rubrum,</span> <span class='ocrx_word' id='word_1_57' title='bbox 358 735 494 800; x_wconf 87' lang='lat' dir='ltr'><strong>tanquam</strong></span> <span class='ocrx_word' id='word_1_58' title='bbox 510 747 560 801; x_wconf 91' lang='lat' dir='ltr'><strong>per</strong></span> <span class='ocrx_word' id='word_1_59' title='bbox 574 730 683 785; x_wconf 89' lang='lat' dir='ltr'><strong>aridam</strong></span> <span class='ocrx_word' id='word_1_60' title='bbox 699 736 822 785; x_wconf 84' lang='lat' dir='ltr'><strong>terram:</strong></span> <span class='ocrx_word' id='word_1_61' title='bbox 841 729 915 799; x_wconf 88' lang='lat' dir='ltr'><strong>quod</strong></span> <span class='ocrx_word' id='word_1_62' title='bbox 958 728 1086 783; x_wconf 81' lang='lat' dir='ltr'><strong>effectus:</strong></span> <span class='ocrx_word' id='word_1_63' title='bbox 1096 727 1431 799; x_wconf 85' lang='lat' dir='ltr'><strong>utrumqueautemlecit.</strong></span> <span class='ocrx_word' id='word_1_64' title='bbox 1441 726 1512 779; x_wconf 89' lang='lat' dir='ltr'><strong>Cum</strong></span> <span class='ocrx_word' id='word_1_65' title='bbox 1525 723 1608 779; x_wconf 69' lang='lat' dir='ltr'><strong>enimi</strong></span> 
     </span>
     <span class='ocr_line' id='line_1_7' title="bbox 117 815 1608 892; baseline -0.003 -20"><span class='ocrx_word' id='word_1_66' title='bbox 117 817 222 889; x_wconf 86' lang='lat' dir='ltr'><strong>experti</strong></span> <span class='ocrx_word' id='word_1_67' title='bbox 252 818 363 889; x_wconf 71' lang='lat' dir='ltr'><strong>AEgypti</strong></span> <span class='ocrx_word' id='word_1_68' title='bbox 379 818 503 892; x_wconf 79' lang='lat' dir='ltr'><strong>absorpti</strong></span> <span class='ocrx_word' id='word_1_69' title='bbox 517 826 592 873; x_wconf 86' lang='lat' dir='ltr'><strong>sunt.</strong></span> <span class='ocrx_word' id='word_1_70' title='bbox 620 843 632 866; x_wconf 71' lang='grc' dir='ltr'><strong>υ</strong></span> <span class='ocrx_word' id='word_1_71' title='bbox 658 819 691 873; x_wconf 93' lang='lat' dir='ltr'><strong>ln</strong></span> <span class='ocrx_word' id='word_1_72' title='bbox 715 818 767 873; x_wconf 92' lang='lat' dir='ltr'><strong>boc</strong></span> <span class='ocrx_word' id='word_1_73' title='bbox 794 819 855 873; x_wconf 90' lang='lat' dir='ltr'><strong>loeo</strong></span> <span class='ocrx_word' id='word_1_74' title='bbox 880 816 915 871; x_wconf 89' lang='lat' dir='ltr'><strong>ad</strong></span> <span class='ocrx_word' id='word_1_75' title='bbox 958 817 1207 877; x_wconf 82' lang='lat' dir='ltr'><strong>sortiterdecertat,</strong></span> <span class='ocrx_word' id='word_1_76' title='bbox 1215 817 1238 871; x_wconf 91' lang='lat' dir='ltr'><strong>si</strong></span> <span class='ocrx_word' id='word_1_77' title='bbox 1249 815 1438 871; x_wconf 85' lang='lat' dir='ltr'><strong>incertumine</strong></span> <span class='ocrx_word' id='word_1_78' title='bbox 1445 816 1608 886; x_wconf 79' lang='lat' dir='ltr'><strong>perseveret</strong></span> 
     </span>
     <span class='ocr_line' id='line_1_8' title="bbox 118 900 1608 979; baseline -0.005 -14"><span class='ocrx_word' id='word_1_79' title='bbox 118 906 341 965; x_wconf 72' lang='lat' dir='ltr'><strong>recordationem</strong></span> <span class='ocrx_word' id='word_1_80' title='bbox 354 922 402 961; x_wconf 89' lang='lat' dir='ltr'><strong>eos</strong></span> <span class='ocrx_word' id='word_1_81' title='bbox 417 907 531 962; x_wconf 80' lang='lat' dir='ltr'><strong>adducit</strong></span> <span class='ocrx_word' id='word_1_82' title='bbox 540 907 713 979; x_wconf 87' lang='lat' dir='ltr'><strong>passionum,</strong></span> <span class='ocrx_word' id='word_1_83' title='bbox 724 907 916 979; x_wconf 70' lang='lat' dir='ltr'><strong>quasinrligy·</strong></span> <span class='ocrx_word' id='word_1_84' title='bbox 958 905 1263 971; x_wconf 84' lang='lat' dir='ltr'><strong>auditoremQuienim</strong></span> <span class='ocrx_word' id='word_1_85' title='bbox 1269 907 1329 976; x_wconf 87' lang='lat' dir='ltr'><strong>jam</strong></span> <span class='ocrx_word' id='word_1_86' title='bbox 1337 900 1608 973; x_wconf 78' lang='lat' dir='ltr'><strong>credentilongitudi</strong></span> 
     </span>
     <span class='ocr_line' id='line_1_9' title="bbox 118 987 1608 1067; baseline -0.003 -17"><span class='ocrx_word' id='word_1_87' title='bbox 118 1000 166 1065; x_wconf 90' lang='lat' dir='ltr'><strong>pto</strong></span> <span class='ocrx_word' id='word_1_88' title='bbox 177 995 251 1067; x_wconf 88' lang='lat' dir='ltr'><strong>passi</strong></span> <span class='ocrx_word' id='word_1_89' title='bbox 261 996 560 1059; x_wconf 79' lang='lat' dir='ltr'><strong>sunt.Quomodobocl</strong></span> <span class='ocrx_word' id='word_1_90' title='bbox 575 994 918 1067; x_wconf 79' lang='lat' dir='ltr'><strong>Quiassdesperabantper</strong></span> <span class='ocrx_word' id='word_1_91' title='bbox 958 994 1141 1051; x_wconf 88' lang='lat' dir='ltr'><strong>nismolestus</strong></span> <span class='ocrx_word' id='word_1_92' title='bbox 1153 1011 1214 1051; x_wconf 90' lang='lat' dir='ltr'><strong>esse</strong></span> <span class='ocrx_word' id='word_1_93' title='bbox 1228 993 1357 1058; x_wconf 87' lang='lat' dir='ltr'><strong>voluerit,</strong></span> <span class='ocrx_word' id='word_1_94' title='bbox 1365 992 1527 1063; x_wconf 87' lang='lat' dir='ltr'><strong>opinionem</strong></span> <span class='ocrx_word' id='word_1_95' title='bbox 1540 987 1608 1045; x_wconf 82' lang='lat' dir='ltr'><strong>amb:</strong></span> 
     </span>
     <span class='ocr_line' id='line_1_10' title="bbox 120 1080 1608 1156; baseline -0.001 -17"><span class='ocrx_word' id='word_1_96' title='bbox 120 1100 197 1139; x_wconf 89' lang='lat' dir='ltr'><strong>mare</strong></span> <span class='ocrx_word' id='word_1_97' title='bbox 213 1083 339 1139; x_wconf 84' lang='lat' dir='ltr'><strong>Rubrum</strong></span> <span class='ocrx_word' id='word_1_98' title='bbox 351 1084 481 1155; x_wconf 88' lang='lat' dir='ltr'><strong>transire,</strong></span> <span class='ocrx_word' id='word_1_99' title='bbox 493 1090 608 1156; x_wconf 90' lang='lat' dir='ltr'><strong>propter</strong></span> <span class='ocrx_word' id='word_1_100' title='bbox 621 1082 814 1139; x_wconf 88' lang='lat' dir='ltr'><strong>hocerabant:</strong></span> <span class='ocrx_word' id='word_1_101' title='bbox 827 1083 917 1155; x_wconf 78' lang='lat' dir='ltr'><strong>magis</strong></span> <span class='ocrx_word' id='word_1_102' title='bbox 958 1084 1063 1139; x_wconf 88' lang='lat' dir='ltr'><strong>currit:</strong></span> <span class='ocrx_word' id='word_1_103' title='bbox 1077 1091 1188 1154; x_wconf 81' lang='lat' dir='ltr'><strong>oportet</strong></span> <span class='ocrx_word' id='word_1_104' title='bbox 1198 1084 1273 1139; x_wconf 89' lang='lat' dir='ltr'><strong>enim</strong></span> <span class='ocrx_word' id='word_1_105' title='bbox 1283 1081 1400 1137; x_wconf 75' lang='lat' dir='ltr'><strong>utilitati</strong></span> <span class='ocrx_word' id='word_1_106' title='bbox 1411 1080 1608 1153; x_wconf 67' lang='lat' dir='ltr'><strong>prospicerem</strong></span> 
     </span>
     <span class='ocr_line' id='line_1_11' title="bbox 118 1168 1598 1246; baseline -0.003 -19"><span class='ocrx_word' id='word_1_107' title='bbox 118 1178 213 1227; x_wconf 89' lang='lat' dir='ltr'><strong>autem</strong></span> <span class='ocrx_word' id='word_1_108' title='bbox 228 1173 337 1245; x_wconf 81' lang='lat' dir='ltr'><strong>Moyses</strong></span> <span class='ocrx_word' id='word_1_109' title='bbox 347 1179 409 1227; x_wconf 89' lang='lat' dir='ltr'><strong>erat</strong></span> <span class='ocrx_word' id='word_1_110' title='bbox 432 1172 480 1245; x_wconf 91' lang='lat' dir='ltr'><strong>qui</strong></span> <span class='ocrx_word' id='word_1_111' title='bbox 499 1171 607 1229; x_wconf 83' lang='lat' dir='ltr'><strong>orabat.</strong></span> <span class='ocrx_word' id='word_1_112' title='bbox 624 1172 838 1246; x_wconf 84' lang='lat' dir='ltr'><strong>Contemplaris,</strong></span> <span class='ocrx_word' id='word_1_113' title='bbox 852 1171 917 1243; x_wconf 89' lang='lat' dir='ltr'><strong>quia</strong></span> <span class='ocrx_word' id='word_1_114' title='bbox 960 1173 1029 1229; x_wconf 72' lang='lat' dir='ltr'><strong>«De</strong></span> <span class='ocrx_word' id='word_1_115' title='bbox 1044 1172 1167 1236; x_wconf 83' lang='lat' dir='ltr'><strong>Gedeon,</strong></span> <span class='ocrx_word' id='word_1_116' title='bbox 1197 1171 1314 1237; x_wconf 81' lang='lat' dir='ltr'><strong>Baraclr,</strong></span> <span class='ocrx_word' id='word_1_117' title='bbox 1342 1170 1471 1233; x_wconf 81' lang='lat' dir='ltr'><strong>Samson,</strong></span> <span class='ocrx_word' id='word_1_118' title='bbox 1487 1168 1598 1241; x_wconf 79' lang='lat' dir='ltr'><strong>Iephte,</strong></span> 
     </span>
     <span class='ocr_line' id='line_1_12' title="bbox 117 1254 1607 1335; baseline -0.004 -18"><span class='ocrx_word' id='word_1_119' title='bbox 117 1260 220 1335; x_wconf 85' lang='lat' dir='ltr'><strong>ubique</strong></span> <span class='ocrx_word' id='word_1_120' title='bbox 231 1261 301 1318; x_wconf 85' lang='lat' dir='ltr'><strong>fides</strong></span> <span class='ocrx_word' id='word_1_121' title='bbox 307 1260 536 1317; x_wconf 86' lang='lat' dir='ltr'><strong>ratiocinationes</strong></span> <span class='ocrx_word' id='word_1_122' title='bbox 547 1262 689 1317; x_wconf 88' lang='lat' dir='ltr'><strong>humanas</strong></span> <span class='ocrx_word' id='word_1_123' title='bbox 698 1260 816 1327; x_wconf 82' lang='lat' dir='ltr'><strong>excedit,</strong></span> <span class='ocrx_word' id='word_1_124' title='bbox 830 1265 859 1315; x_wconf 90' lang='lat' dir='ltr'><strong>et</strong></span> <span class='ocrx_word' id='word_1_125' title='bbox 872 1261 916 1317; x_wconf 88' lang='lat' dir='ltr'><strong>iu·</strong></span> <span class='ocrx_word' id='word_1_126' title='bbox 959 1280 971 1312; x_wconf 81' lang='grc' dir='ltr'><strong><em>ι</em></strong></span> <span class='ocrx_word' id='word_1_127' title='bbox 991 1261 1103 1315; x_wconf 80' lang='lat' dir='ltr'><strong>Samuel</strong></span> <span class='ocrx_word' id='word_1_128' title='bbox 1114 1266 1142 1315; x_wconf 86' lang='lat' dir='ltr'><strong>et</strong></span> <span class='ocrx_word' id='word_1_129' title='bbox 1156 1258 1309 1331; x_wconf 87' lang='lat' dir='ltr'><strong>prophetis,</strong></span> <span class='ocrx_word' id='word_1_130' title='bbox 1322 1258 1369 1329; x_wconf 88' lang='lat' dir='ltr'><strong>qui</strong></span> <span class='ocrx_word' id='word_1_131' title='bbox 1380 1274 1431 1329; x_wconf 89' lang='lat' dir='ltr'><strong>per</strong></span> <span class='ocrx_word' id='word_1_132' title='bbox 1444 1257 1529 1311; x_wconf 91' lang='lat' dir='ltr'><strong>tidem</strong></span> <span class='ocrx_word' id='word_1_133' title='bbox 1545 1254 1607 1311; x_wconf 82' lang='lat' dir='ltr'><strong>davi</strong></span> 
     </span>
     <span class='ocr_line' id='line_1_13' title="bbox 118 1342 1608 1423; baseline -0.003 -20"><span class='ocrx_word' id='word_1_134' title='bbox 118 1349 862 1423; x_wconf 81' lang='lat' dir='ltr'><strong>firmitatematquebumilitatembominumsuperat?</strong></span> <span class='ocrx_word' id='word_1_135' title='bbox 873 1348 917 1404; x_wconf 92' lang='lat' dir='ltr'><strong>In·</strong></span> <span class='ocrx_word' id='word_1_136' title='bbox 959 1365 1052 1419; x_wconf 78' lang='lat' dir='ltr'><strong>agna.</strong></span> <span class='ocrx_word' id='word_1_137' title='bbox 1068 1370 1078 1399; x_wconf 71' lang='grc' dir='ltr'><strong><em>ι</em></strong></span> <span class='ocrx_word' id='word_1_138' title='bbox 1093 1350 1125 1405; x_wconf 88' lang='lat' dir='ltr'><strong>ln</strong></span> <span class='ocrx_word' id='word_1_139' title='bbox 1140 1349 1192 1403; x_wconf 92' lang='lat' dir='ltr'><strong>boc</strong></span> <span class='ocrx_word' id='word_1_140' title='bbox 1207 1349 1267 1402; x_wconf 92' lang='lat' dir='ltr'><strong>loco</strong></span> <span class='ocrx_word' id='word_1_141' title='bbox 1280 1348 1396 1417; x_wconf 85' lang='lat' dir='ltr'><strong>culpant</strong></span> <span class='ocrx_word' id='word_1_142' title='bbox 1410 1346 1530 1403; x_wconf 90' lang='lat' dir='ltr'><strong>Paulum</strong></span> <span class='ocrx_word' id='word_1_143' title='bbox 1546 1342 1608 1416; x_wconf 90' lang='lat' dir='ltr'><strong>quid</strong></span> 
     </span>
     <span class='ocr_line' id='line_1_14' title="bbox 119 1433 1608 1509; baseline -0.004 -17"><span class='ocrx_word' id='word_1_144' title='bbox 119 1438 208 1494; x_wconf 91' lang='lat' dir='ltr'><strong>tueris</strong></span> <span class='ocrx_word' id='word_1_145' title='bbox 221 1438 351 1509; x_wconf 85' lang='lat' dir='ltr'><strong>quiajam</strong></span> <span class='ocrx_word' id='word_1_146' title='bbox 364 1438 448 1493; x_wconf 91' lang='lat' dir='ltr'><strong>simul</strong></span> <span class='ocrx_word' id='word_1_147' title='bbox 460 1443 492 1493; x_wconf 91' lang='lat' dir='ltr'><strong>ut</strong></span> <span class='ocrx_word' id='word_1_148' title='bbox 508 1436 668 1503; x_wconf 87' lang='lat' dir='ltr'><strong>credebant,</strong></span> <span class='ocrx_word' id='word_1_149' title='bbox 686 1437 771 1492; x_wconf 89' lang='lat' dir='ltr'><strong>etiam</strong></span> <span class='ocrx_word' id='word_1_150' title='bbox 781 1436 918 1509; x_wconf 85' lang='lat' dir='ltr'><strong>supplicia</strong></span> <span class='ocrx_word' id='word_1_151' title='bbox 958 1436 1035 1491; x_wconf 88' lang='lat' dir='ltr'><strong>niam</strong></span> <span class='ocrx_word' id='word_1_152' title='bbox 1051 1438 1158 1495; x_wconf 85' lang='lat' dir='ltr'><strong>Barach</strong></span> <span class='ocrx_word' id='word_1_153' title='bbox 1168 1442 1197 1491; x_wconf 89' lang='lat' dir='ltr'><strong>et</strong></span> <span class='ocrx_word' id='word_1_154' title='bbox 1206 1437 1326 1491; x_wconf 88' lang='lat' dir='ltr'><strong>Samson</strong></span> <span class='ocrx_word' id='word_1_155' title='bbox 1337 1442 1366 1489; x_wconf 92' lang='lat' dir='ltr'><strong>et</strong></span> <span class='ocrx_word' id='word_1_156' title='bbox 1378 1434 1521 1505; x_wconf 79' lang='lat' dir='ltr'><strong>lephtben</strong></span> <span class='ocrx_word' id='word_1_157' title='bbox 1536 1433 1608 1488; x_wconf 84' lang='lat' dir='ltr'><strong>inter</strong></span> 
     </span>
     <span class='ocr_line' id='line_1_15' title="bbox 119 1521 1608 1597; baseline -0.003 -17"><span class='ocrx_word' id='word_1_158' title='bbox 119 1526 306 1589; x_wconf 84' lang='lat' dir='ltr'><strong>declinabant,</strong></span> <span class='ocrx_word' id='word_1_159' title='bbox 318 1526 510 1597; x_wconf 84' lang='lat' dir='ltr'><strong>nuncquidem</strong></span> <span class='ocrx_word' id='word_1_160' title='bbox 524 1526 553 1581; x_wconf 91' lang='lat' dir='ltr'><strong>iu</strong></span> <span class='ocrx_word' id='word_1_161' title='bbox 563 1526 918 1597; x_wconf 75' lang='lat' dir='ltr'><strong>sanguinepostiummunc</strong></span> <span class='ocrx_word' id='word_1_162' title='bbox 959 1525 1059 1585; x_wconf 84' lang='lat' dir='ltr'><strong>stituit.</strong></span> <span class='ocrx_word' id='word_1_163' title='bbox 1077 1525 1148 1590; x_wconf 86' lang='lat' dir='ltr'><strong>Quid</strong></span> <span class='ocrx_word' id='word_1_164' title='bbox 1158 1525 1246 1581; x_wconf 84' lang='lat' dir='ltr'><strong>dicis?</strong></span> <span class='ocrx_word' id='word_1_165' title='bbox 1261 1524 1436 1579; x_wconf 86' lang='lat' dir='ltr'><strong>meretricem</strong></span> <span class='ocrx_word' id='word_1_166' title='bbox 1449 1522 1539 1594; x_wconf 90' lang='lat' dir='ltr'><strong>ponit,</strong></span> <span class='ocrx_word' id='word_1_167' title='bbox 1558 1521 1608 1577; x_wconf 87' lang='lat' dir='ltr'><strong>isto</strong></span> 
     </span>
     <span class='ocr_line' id='line_1_16' title="bbox 119 1612 1608 1685; baseline -0.004 -15"><span class='ocrx_word' id='word_1_168' title='bbox 119 1621 215 1670; x_wconf 87' lang='lat' dir='ltr'><strong>autem</strong></span> <span class='ocrx_word' id='word_1_169' title='bbox 228 1615 257 1669; x_wconf 91' lang='lat' dir='ltr'><strong>in</strong></span> <span class='ocrx_word' id='word_1_170' title='bbox 264 1615 498 1669; x_wconf 79' lang='lat' dir='ltr'><strong>llubromarilEt</strong></span> <span class='ocrx_word' id='word_1_171' title='bbox 504 1614 762 1671; x_wconf 87' lang='lat' dir='ltr'><strong>boemanisestabat</strong></span> <span class='ocrx_word' id='word_1_172' title='bbox 769 1631 871 1685; x_wconf 90' lang='lat' dir='ltr'><strong>aquam</strong></span> <span class='ocrx_word' id='word_1_173' title='bbox 877 1632 918 1669; x_wconf 86' lang='lat' dir='ltr'><strong>es·</strong></span> <span class='ocrx_word' id='word_1_174' title='bbox 959 1614 1028 1669; x_wconf 82' lang='lat' dir='ltr'><strong>nat?</strong></span> <span class='ocrx_word' id='word_1_175' title='bbox 1042 1616 1100 1671; x_wconf 82' lang='lat' dir='ltr'><strong>Nec</strong></span> <span class='ocrx_word' id='word_1_176' title='bbox 1110 1614 1180 1669; x_wconf 92' lang='lat' dir='ltr'><strong>mibi</strong></span> <span class='ocrx_word' id='word_1_177' title='bbox 1195 1631 1269 1669; x_wconf 89' lang='lat' dir='ltr'><strong>nune</strong></span> <span class='ocrx_word' id='word_1_178' title='bbox 1282 1613 1360 1667; x_wconf 90' lang='lat' dir='ltr'><strong>dicas</strong></span> <span class='ocrx_word' id='word_1_179' title='bbox 1369 1612 1548 1667; x_wconf 87' lang='lat' dir='ltr'><strong>aliamritam</strong></span> <span class='ocrx_word' id='word_1_180' title='bbox 1564 1626 1608 1667; x_wconf 86' lang='lat' dir='ltr'><strong>eor</strong></span> 
     </span>
     <span class='ocr_line' id='line_1_17' title="bbox 120 1690 1596 1775; baseline -0.003 -18"><span class='ocrx_word' id='word_1_181' title='bbox 120 1720 159 1769; x_wconf 89' lang='lat' dir='ltr'><strong>se,</strong></span> <span class='ocrx_word' id='word_1_182' title='bbox 177 1720 233 1775; x_wconf 88' lang='lat' dir='ltr'><strong>qua</strong></span> <span class='ocrx_word' id='word_1_183' title='bbox 241 1704 282 1759; x_wconf 91' lang='lat' dir='ltr'><strong>illi</strong></span> <span class='ocrx_word' id='word_1_184' title='bbox 297 1703 440 1761; x_wconf 80' lang='lat' dir='ltr'><strong>venientes</strong></span> <span class='ocrx_word' id='word_1_185' title='bbox 450 1702 575 1774; x_wconf 88' lang='lat' dir='ltr'><strong>absorpti</strong></span> <span class='ocrx_word' id='word_1_186' title='bbox 585 1710 668 1759; x_wconf 82' lang='lat' dir='ltr'><strong>sunt:</strong></span> <span class='ocrx_word' id='word_1_187' title='bbox 682 1720 714 1757; x_wconf 84' lang='lat' dir='ltr'><strong>cx</strong></span> <span class='ocrx_word' id='word_1_188' title='bbox 725 1703 777 1759; x_wconf 89' lang='lat' dir='ltr'><strong>hoc</strong></span> <span class='ocrx_word' id='word_1_189' title='bbox 788 1700 918 1774; x_wconf 86' lang='lat' dir='ltr'><strong>apparuit</strong></span> <span class='ocrx_word' id='word_1_190' title='bbox 929 1690 1016 1757; x_wconf 79' lang='lat' dir='ltr'><strong>Boon</strong></span> <span class='ocrx_word' id='word_1_191' title='bbox 1034 1703 1222 1758; x_wconf 90' lang='lat' dir='ltr'><strong>crediderunt.</strong></span> <span class='ocrx_word' id='word_1_192' title='bbox 1240 1708 1269 1756; x_wconf 89' lang='lat' dir='ltr'><strong>et</strong></span> <span class='ocrx_word' id='word_1_193' title='bbox 1283 1702 1306 1757; x_wconf 91' lang='lat' dir='ltr'><strong>si</strong></span> <span class='ocrx_word' id='word_1_194' title='bbox 1321 1719 1377 1757; x_wconf 91' lang='lat' dir='ltr'><strong>non</strong></span> <span class='ocrx_word' id='word_1_195' title='bbox 1390 1698 1596 1754; x_wconf 89' lang='lat' dir='ltr'><strong>clarueruntin</strong></span> 
     </span>
     <span class='ocr_line' id='line_1_18' title="bbox 121 1790 1608 1865; baseline -0.004 -18"><span class='ocrx_word' id='word_1_196' title='bbox 121 1809 177 1848; x_wconf 93' lang='lat' dir='ltr'><strong>non</strong></span> <span class='ocrx_word' id='word_1_197' title='bbox 191 1809 250 1849; x_wconf 90' lang='lat' dir='ltr'><strong>esse</strong></span> <span class='ocrx_word' id='word_1_198' title='bbox 265 1792 453 1864; x_wconf 87' lang='lat' dir='ltr'><strong>phantasiam,</strong></span> <span class='ocrx_word' id='word_1_199' title='bbox 468 1792 517 1847; x_wconf 89' lang='lat' dir='ltr'><strong>sed</strong></span> <span class='ocrx_word' id='word_1_200' title='bbox 527 1792 600 1847; x_wconf 78' lang='lat' dir='ltr'><strong>sicin</strong></span> <span class='ocrx_word' id='word_1_201' title='bbox 614 1792 643 1847; x_wconf 90' lang='lat' dir='ltr'><strong>in</strong></span> <span class='ocrx_word' id='word_1_202' title='bbox 658 1791 786 1847; x_wconf 91' lang='lat' dir='ltr'><strong>leonibus</strong></span> <span class='ocrx_word' id='word_1_203' title='bbox 800 1792 856 1847; x_wconf 88' lang='lat' dir='ltr'><strong>illis</strong></span> <span class='ocrx_word' id='word_1_204' title='bbox 870 1792 917 1864; x_wconf 87' lang='lat' dir='ltr'><strong>qui</strong></span> <span class='ocrx_word' id='word_1_205' title='bbox 959 1792 1113 1865; x_wconf 86' lang='lat' dir='ltr'><strong>prophetis,</strong></span> <span class='ocrx_word' id='word_1_206' title='bbox 1124 1791 1226 1862; x_wconf 89' lang='lat' dir='ltr'><strong>inquit,</strong></span> <span class='ocrx_word' id='word_1_207' title='bbox 1237 1791 1284 1862; x_wconf 93' lang='lat' dir='ltr'><strong>qui</strong></span> <span class='ocrx_word' id='word_1_208' title='bbox 1303 1808 1352 1861; x_wconf 85' lang='lat' dir='ltr'><strong>per</strong></span> <span class='ocrx_word' id='word_1_209' title='bbox 1364 1790 1447 1843; x_wconf 83' lang='lat' dir='ltr'><strong>fidem</strong></span> <span class='ocrx_word' id='word_1_210' title='bbox 1470 1803 1608 1860; x_wconf 72' lang='lat' dir='ltr'><strong>expugnat</strong></span> 
     </span>
     <span class='ocr_line' id='line_1_19' title="bbox 120 1877 1605 1951; baseline -0.003 -16"><span class='ocrx_word' id='word_1_211' title='bbox 120 1880 156 1935; x_wconf 93' lang='lat' dir='ltr'><strong>ab</strong></span> <span class='ocrx_word' id='word_1_212' title='bbox 171 1881 211 1935; x_wconf 89' lang='lat' dir='ltr'><strong>eis</strong></span> <span class='ocrx_word' id='word_1_213' title='bbox 225 1881 349 1935; x_wconf 84' lang='lat' dir='ltr'><strong>devorati</strong></span> <span class='ocrx_word' id='word_1_214' title='bbox 356 1885 432 1945; x_wconf 85' lang='lat' dir='ltr'><strong>sunt,</strong></span> <span class='ocrx_word' id='word_1_215' title='bbox 446 1880 626 1937; x_wconf 83' lang='lat' dir='ltr'><strong>ostentabant</strong></span> <span class='ocrx_word' id='word_1_216' title='bbox 641 1881 788 1936; x_wconf 83' lang='lat' dir='ltr'><strong>veritatem</strong></span> <span class='ocrx_word' id='word_1_217' title='bbox 798 1897 893 1937; x_wconf 90' lang='lat' dir='ltr'><strong>rerum</strong></span> <span class='ocrx_word' id='word_1_218' title='bbox 909 1899 916 1947; x_wconf 88' lang='lat'>;</span> <span class='ocrx_word' id='word_1_219' title='bbox 957 1896 1041 1951; x_wconf 76' lang='lat' dir='ltr'><strong>gnae</strong></span> <span class='ocrx_word' id='word_1_220' title='bbox 1057 1880 1188 1951; x_wconf 69' lang='lat' dir='ltr'><strong>«Operati</strong></span> <span class='ocrx_word' id='word_1_221' title='bbox 1197 1885 1263 1933; x_wconf 89' lang='lat' dir='ltr'><strong>sunt</strong></span> <span class='ocrx_word' id='word_1_222' title='bbox 1270 1879 1420 1949; x_wconf 87' lang='lat' dir='ltr'><strong>justitiam,</strong></span> <span class='ocrx_word' id='word_1_223' title='bbox 1433 1877 1528 1948; x_wconf 86' lang='lat' dir='ltr'><strong>adepti</strong></span> <span class='ocrx_word' id='word_1_224' title='bbox 1538 1881 1605 1933; x_wconf 89' lang='lat' dir='ltr'><strong>sunt</strong></span> 
     </span>
     <span class='ocr_line' id='line_1_20' title="bbox 119 1965 1608 2041; baseline -0.002 -18"><span class='ocrx_word' id='word_1_225' title='bbox 119 1975 148 2023; x_wconf 88' lang='lat' dir='ltr'><strong>et</strong></span> <span class='ocrx_word' id='word_1_226' title='bbox 160 1969 234 2024; x_wconf 89' lang='lat' dir='ltr'><strong>sicut</strong></span> <span class='ocrx_word' id='word_1_227' title='bbox 256 1969 285 2024; x_wconf 94' lang='lat' dir='ltr'><strong>in</strong></span> <span class='ocrx_word' id='word_1_228' title='bbox 306 1969 417 2024; x_wconf 87' lang='lat' dir='ltr'><strong>camino</strong></span> <span class='ocrx_word' id='word_1_229' title='bbox 435 1970 484 2041; x_wconf 90' lang='lat' dir='ltr'><strong>qui</strong></span> <span class='ocrx_word' id='word_1_230' title='bbox 510 1968 617 2025; x_wconf 88' lang='lat' dir='ltr'><strong>incensi</strong></span> <span class='ocrx_word' id='word_1_231' title='bbox 632 1975 699 2025; x_wconf 90' lang='lat' dir='ltr'><strong>sunt</strong></span> <span class='ocrx_word' id='word_1_232' title='bbox 714 1971 797 2037; x_wconf 78' lang='lat' dir='ltr'><strong>(dan.</strong></span> <span class='ocrx_word' id='word_1_233' title='bbox 816 1986 852 2035; x_wconf 79' lang='lat' dir='ltr'><strong>rr,</strong></span> <span class='ocrx_word' id='word_1_234' title='bbox 864 1972 915 2037; x_wconf 86' lang='lat' dir='ltr'><strong>m),</strong></span> <span class='ocrx_word' id='word_1_235' title='bbox 962 1989 973 2020; x_wconf 79' lang='grc' dir='ltr'>ι</span> <span class='ocrx_word' id='word_1_236' title='bbox 991 1968 1093 2025; x_wconf 89' lang='lat' dir='ltr'><strong>siones.</strong></span> <span class='ocrx_word' id='word_1_237' title='bbox 1116 1994 1126 2016; x_wconf 69' lang='lat' dir='ltr'><em>v</em></span> <span class='ocrx_word' id='word_1_238' title='bbox 1144 1968 1198 2033; x_wconf 82' lang='lat' dir='ltr'><strong>oui</strong></span> <span class='ocrx_word' id='word_1_239' title='bbox 1210 1975 1277 2023; x_wconf 89' lang='lat' dir='ltr'><strong>sunt</strong></span> <span class='ocrx_word' id='word_1_240' title='bbox 1286 1967 1332 2025; x_wconf 87' lang='lat' dir='ltr'><strong>isti</strong></span> <span class='ocrx_word' id='word_1_241' title='bbox 1349 1984 1419 2041; x_wconf 89' lang='lat' dir='ltr'><strong>quos</strong></span> <span class='ocrx_word' id='word_1_242' title='bbox 1437 1965 1525 2020; x_wconf 76' lang='lat' dir='ltr'><strong>dicit?</strong></span> <span class='ocrx_word' id='word_1_243' title='bbox 1539 1965 1608 2021; x_wconf 79' lang='lat' dir='ltr'><strong>Mise</strong></span> 
     </span>
     <span class='ocr_line' id='line_1_21' title="bbox 119 2054 1608 2131; baseline -0.004 -18"><span class='ocrx_word' id='word_1_244' title='bbox 119 2058 158 2113; x_wconf 88' lang='lat' dir='ltr'><strong>sic</strong></span> <span class='ocrx_word' id='word_1_245' title='bbox 174 2058 349 2113; x_wconf 85' lang='lat' dir='ltr'><strong>etiamnunc</strong></span> <span class='ocrx_word' id='word_1_246' title='bbox 363 2058 477 2131; x_wconf 85' lang='lat' dir='ltr'><strong>inspicis</strong></span> <span class='ocrx_word' id='word_1_247' title='bbox 487 2059 600 2114; x_wconf 87' lang='lat' dir='ltr'><strong>easdem</strong></span> <span class='ocrx_word' id='word_1_248' title='bbox 611 2074 666 2121; x_wconf 88' lang='lat' dir='ltr'><strong>res,</strong></span> <span class='ocrx_word' id='word_1_249' title='bbox 675 2058 739 2113; x_wconf 89' lang='lat' dir='ltr'><strong>aliis</strong></span> <span class='ocrx_word' id='word_1_250' title='bbox 752 2058 867 2131; x_wconf 81' lang='lat' dir='ltr'><strong>quidem</strong></span> <span class='ocrx_word' id='word_1_251' title='bbox 882 2058 917 2113; x_wconf 92' lang='lat' dir='ltr'><strong>ad</strong></span> <span class='ocrx_word' id='word_1_252' title='bbox 959 2056 1111 2113; x_wconf 89' lang='lat' dir='ltr'><strong>enimdicit</strong></span> <span class='ocrx_word' id='word_1_253' title='bbox 1130 2057 1157 2111; x_wconf 93' lang='lat' dir='ltr'><strong>in</strong></span> <span class='ocrx_word' id='word_1_254' title='bbox 1178 2057 1230 2111; x_wconf 91' lang='lat' dir='ltr'><strong>boc</strong></span> <span class='ocrx_word' id='word_1_255' title='bbox 1250 2057 1321 2121; x_wconf 92' lang='lat' dir='ltr'><strong>loco,</strong></span> <span class='ocrx_word' id='word_1_256' title='bbox 1336 2072 1419 2127; x_wconf 87' lang='lat' dir='ltr'><strong>quam</strong></span> <span class='ocrx_word' id='word_1_257' title='bbox 1434 2055 1534 2109; x_wconf 86' lang='lat' dir='ltr'><strong>babuit</strong></span> <span class='ocrx_word' id='word_1_258' title='bbox 1552 2054 1608 2109; x_wconf 81' lang='lat' dir='ltr'><strong>Dar</strong></span> 
     </span>
     <span class='ocr_line' id='line_1_22' title="bbox 119 2141 1608 2219; baseline -0.004 -16"><span class='ocrx_word' id='word_1_259' title='bbox 119 2147 240 2203; x_wconf 81' lang='lat' dir='ltr'><strong>salutern</strong></span> <span class='ocrx_word' id='word_1_260' title='bbox 254 2146 607 2219; x_wconf 72' lang='lat' dir='ltr'><strong>agrariam,a1itsauam</strong></span> <span class='ocrx_word' id='word_1_261' title='bbox 621 2147 656 2201; x_wconf 89' lang='lat' dir='ltr'><strong>ad</strong></span> <span class='ocrx_word' id='word_1_262' title='bbox 675 2146 862 2218; x_wconf 83' lang='lat' dir='ltr'><strong>perditionem</strong></span> <span class='ocrx_word' id='word_1_263' title='bbox 874 2163 918 2201; x_wconf 86' lang='lat' dir='ltr'><strong>ra·</strong></span> <span class='ocrx_word' id='word_1_264' title='bbox 958 2145 1034 2200; x_wconf 93' lang='lat' dir='ltr'><strong>enim</strong></span> <span class='ocrx_word' id='word_1_265' title='bbox 1054 2145 1106 2199; x_wconf 91' lang='lat' dir='ltr'><strong>boc</strong></span> <span class='ocrx_word' id='word_1_266' title='bbox 1128 2161 1193 2199; x_wconf 92' lang='lat' dir='ltr'><strong>eum</strong></span> <span class='ocrx_word' id='word_1_267' title='bbox 1216 2144 1307 2198; x_wconf 86' lang='lat' dir='ltr'><strong>dicere</strong></span> <span class='ocrx_word' id='word_1_268' title='bbox 1331 2143 1452 2198; x_wconf 90' lang='lat' dir='ltr'><strong>arbitror</strong></span> <span class='ocrx_word' id='word_1_269' title='bbox 1468 2184 1472 2195; x_wconf 94' lang='lat'><em>.</em></span> <span class='ocrx_word' id='word_1_270' title='bbox 1493 2164 1504 2194; x_wconf 78' lang='lat' dir='ltr'><strong>e</strong></span> <span class='ocrx_word' id='word_1_271' title='bbox 1520 2141 1608 2215; x_wconf 79' lang='lat' dir='ltr'><strong>ndept</strong></span> 
     </span>
     <span class='ocr_line' id='line_1_23' title="bbox 118 2230 1608 2309; baseline -0.005 -18"><span class='ocrx_word' id='word_1_272' title='bbox 118 2235 375 2293; x_wconf 77' lang='lat' dir='ltr'><strong>luisselntantum</strong></span> <span class='ocrx_word' id='word_1_273' title='bbox 385 2241 429 2291; x_wconf 89' lang='lat' dir='ltr'><strong>est</strong></span> <span class='ocrx_word' id='word_1_274' title='bbox 436 2236 506 2291; x_wconf 87' lang='lat' dir='ltr'><strong>lides</strong></span> <span class='ocrx_word' id='word_1_275' title='bbox 516 2234 771 2307; x_wconf 80' lang='lat' dir='ltr'><strong>maguumbonum,</strong></span> <span class='ocrx_word' id='word_1_276' title='bbox 783 2235 917 2309; x_wconf 86' lang='lat' dir='ltr'><strong>quoniam</strong></span> <span class='ocrx_word' id='word_1_277' title='bbox 958 2234 1167 2306; x_wconf 84' lang='lat' dir='ltr'><strong>promissiones.</strong></span> <span class='ocrx_word' id='word_1_278' title='bbox 1185 2252 1198 2287; x_wconf 73' lang='lat' dir='ltr'><strong>a</strong></span> <span class='ocrx_word' id='word_1_279' title='bbox 1216 2233 1334 2297; x_wconf 79' lang='lat' dir='ltr'><strong>Quales?</strong></span> <span class='ocrx_word' id='word_1_280' title='bbox 1349 2233 1420 2287; x_wconf 88' lang='lat' dir='ltr'><strong>lstas</strong></span> <span class='ocrx_word' id='word_1_281' title='bbox 1435 2232 1470 2285; x_wconf 91' lang='lat' dir='ltr'><strong>de</strong></span> <span class='ocrx_word' id='word_1_282' title='bbox 1485 2230 1608 2303; x_wconf 74' lang='lat' dir='ltr'><strong>quibust</strong></span> 
     </span>
     <span class='ocr_line' id='line_1_24' title="bbox 119 2319 1608 2397; baseline -0.003 -20"><span class='ocrx_word' id='word_1_283' title='bbox 119 2325 215 2391; x_wconf 88' lang='lat' dir='ltr'><strong>etiam,</strong></span> <span class='ocrx_word' id='word_1_284' title='bbox 236 2324 349 2396; x_wconf 86' lang='lat' dir='ltr'><strong>quaudo</strong></span> <span class='ocrx_word' id='word_1_285' title='bbox 371 2324 407 2379; x_wconf 91' lang='lat' dir='ltr'><strong>ad</strong></span> <span class='ocrx_word' id='word_1_286' title='bbox 430 2323 656 2397; x_wconf 86' lang='lat' dir='ltr'><strong>desperationem</strong></span> <span class='ocrx_word' id='word_1_287' title='bbox 674 2323 798 2397; x_wconf 84' lang='lat' dir='ltr'><strong>aliquam</strong></span> <span class='ocrx_word' id='word_1_288' title='bbox 811 2323 918 2378; x_wconf 82' lang='lat' dir='ltr'><strong>reneri·</strong></span> <span class='ocrx_word' id='word_1_289' title='bbox 958 2322 1132 2397; x_wconf 84' lang='lat' dir='ltr'><strong>quiasemen</strong></span> <span class='ocrx_word' id='word_1_290' title='bbox 1152 2322 1214 2391; x_wconf 86' lang='lat' dir='ltr'><strong>ejus</strong></span> <span class='ocrx_word' id='word_1_291' title='bbox 1240 2320 1350 2377; x_wconf 88' lang='lat' dir='ltr'><strong>sedebit</strong></span> <span class='ocrx_word' id='word_1_292' title='bbox 1366 2337 1451 2395; x_wconf 86' lang='lat' dir='ltr'><strong>super</strong></span> <span class='ocrx_word' id='word_1_293' title='bbox 1465 2319 1608 2393; x_wconf 78' lang='lat' dir='ltr'><strong>soliumej</strong></span> 
     </span>
     <span class='ocr_line' id='line_1_25' title="bbox 121 2408 1601 2485; baseline -0.003 -17"><span class='ocrx_word' id='word_1_294' title='bbox 121 2430 193 2478; x_wconf 84' lang='lat' dir='ltr'><strong>raus,</strong></span> <span class='ocrx_word' id='word_1_295' title='bbox 211 2418 278 2468; x_wconf 89' lang='lat' dir='ltr'><strong>tunc</strong></span> <span class='ocrx_word' id='word_1_296' title='bbox 293 2428 403 2485; x_wconf 90' lang='lat' dir='ltr'><strong>quoque</strong></span> <span class='ocrx_word' id='word_1_297' title='bbox 416 2412 579 2478; x_wconf 87' lang='lat' dir='ltr'><strong>liberamur,</strong></span> <span class='ocrx_word' id='word_1_298' title='bbox 596 2430 628 2467; x_wconf 88' lang='lat' dir='ltr'><strong>ac</strong></span> <span class='ocrx_word' id='word_1_299' title='bbox 644 2412 667 2467; x_wconf 94' lang='lat' dir='ltr'><strong>si</strong></span> <span class='ocrx_word' id='word_1_300' title='bbox 682 2429 772 2485; x_wconf 89' lang='lat' dir='ltr'><strong>usque</strong></span> <span class='ocrx_word' id='word_1_301' title='bbox 784 2412 819 2467; x_wconf 89' lang='lat' dir='ltr'><strong>ad</strong></span> <span class='ocrx_word' id='word_1_302' title='bbox 827 2413 917 2483; x_wconf 88' lang='lat' dir='ltr'><strong>ipsam</strong></span> <span class='ocrx_word' id='word_1_303' title='bbox 961 2417 1156 2466; x_wconf 81' lang='lat' dir='ltr'><strong>‹turarerunt</strong></span> <span class='ocrx_word' id='word_1_304' title='bbox 1188 2427 1238 2463; x_wconf 90' lang='lat' dir='ltr'><strong>ora</strong></span> <span class='ocrx_word' id='word_1_305' title='bbox 1266 2411 1389 2475; x_wconf 91' lang='lat' dir='ltr'><strong>leonum,</strong></span> <span class='ocrx_word' id='word_1_306' title='bbox 1407 2408 1601 2463; x_wconf 85' lang='lat' dir='ltr'><strong>exstinxerunt</strong></span> 
     </span>
     <span class='ocr_line' id='line_1_26' title="bbox 122 2497 1608 2570; baseline -0.001 -17"><span class='ocrx_word' id='word_1_307' title='bbox 122 2500 404 2564; x_wconf 76' lang='lat' dir='ltr'><strong>mortemveniamus,</strong></span> <span class='ocrx_word' id='word_1_308' title='bbox 413 2518 445 2555; x_wconf 90' lang='lat' dir='ltr'><strong>ac</strong></span> <span class='ocrx_word' id='word_1_309' title='bbox 458 2501 482 2555; x_wconf 89' lang='lat' dir='ltr'><strong>si</strong></span> <span class='ocrx_word' id='word_1_310' title='bbox 494 2501 527 2555; x_wconf 91' lang='lat' dir='ltr'><strong>de</strong></span> <span class='ocrx_word' id='word_1_311' title='bbox 538 2499 617 2555; x_wconf 88' lang='lat' dir='ltr'><strong>nobis</strong></span> <span class='ocrx_word' id='word_1_312' title='bbox 627 2500 662 2553; x_wconf 86' lang='lat' dir='ltr'><strong>ab</strong></span> <span class='ocrx_word' id='word_1_313' title='bbox 679 2499 808 2555; x_wconf 90' lang='lat' dir='ltr'><strong>ommbus</strong></span> <span class='ocrx_word' id='word_1_314' title='bbox 818 2500 918 2570; x_wconf 89' lang='lat' dir='ltr'><strong>despe-</strong></span> <span class='ocrx_word' id='word_1_315' title='bbox 961 2519 973 2550; x_wconf 79' lang='lat' dir='ltr'><strong>r</strong></span> <span class='ocrx_word' id='word_1_316' title='bbox 986 2497 1608 2570; x_wconf 65' lang='lat' dir='ltr'><strong>ignis,effugaveruntariemgladiiaContem&#39;</strong></span> 
     </span>
     <span class='ocr_line' id='line_1_27' title="bbox 120 2586 1608 2661; baseline -0.003 -16"><span class='ocrx_word' id='word_1_317' title='bbox 120 2594 209 2645; x_wconf 88' lang='lat' dir='ltr'><strong>retur.</strong></span> <span class='ocrx_word' id='word_1_318' title='bbox 226 2589 293 2651; x_wconf 79' lang='lat' dir='ltr'><strong>Quae</strong></span> <span class='ocrx_word' id='word_1_319' title='bbox 309 2605 431 2659; x_wconf 87' lang='lat' dir='ltr'><strong>namque</strong></span> <span class='ocrx_word' id='word_1_320' title='bbox 443 2590 502 2659; x_wconf 88' lang='lat' dir='ltr'><strong>jam</strong></span> <span class='ocrx_word' id='word_1_321' title='bbox 517 2606 581 2661; x_wconf 84' lang='lat' dir='ltr'><strong>spes</strong></span> <span class='ocrx_word' id='word_1_322' title='bbox 597 2589 675 2643; x_wconf 80' lang='lat' dir='ltr'><strong>erat?</strong></span> <span class='ocrx_word' id='word_1_323' title='bbox 692 2586 763 2643; x_wconf 83' lang='lat' dir='ltr'><strong>lllnc</strong></span> <span class='ocrx_word' id='word_1_324' title='bbox 782 2588 915 2658; x_wconf 76' lang='lat' dir='ltr'><strong>AEgyptii,</strong></span> <span class='ocrx_word' id='word_1_325' title='bbox 959 2588 1042 2643; x_wconf 90' lang='lat' dir='ltr'><strong>modo</strong></span> <span class='ocrx_word' id='word_1_326' title='bbox 1054 2588 1084 2641; x_wconf 90' lang='lat' dir='ltr'><strong>in</strong></span> <span class='ocrx_word' id='word_1_327' title='bbox 1099 2588 1161 2659; x_wconf 86' lang='lat' dir='ltr'><strong>ipsa</strong></span> <span class='ocrx_word' id='word_1_328' title='bbox 1175 2592 1265 2641; x_wconf 89' lang='lat' dir='ltr'><strong>morte</strong></span> <span class='ocrx_word' id='word_1_329' title='bbox 1280 2594 1380 2641; x_wconf 86' lang='lat' dir='ltr'><strong>erant:</strong></span> <span class='ocrx_word' id='word_1_330' title='bbox 1397 2586 1495 2640; x_wconf 89' lang='lat' dir='ltr'><strong>Daniel</strong></span> <span class='ocrx_word' id='word_1_331' title='bbox 1511 2602 1529 2638; x_wconf 91' lang='lat' dir='ltr'><strong>a</strong></span> <span class='ocrx_word' id='word_1_332' title='bbox 1547 2586 1608 2641; x_wconf 91' lang='lat' dir='ltr'><strong>leon</strong></span> 
     </span>
     <span class='ocr_line' id='line_1_28' title="bbox 122 2674 1608 2751; baseline 0.001 -22"><span class='ocrx_word' id='word_1_333' title='bbox 122 2676 187 2731; x_wconf 90' lang='lat' dir='ltr'><strong>inde</strong></span> <span class='ocrx_word' id='word_1_334' title='bbox 201 2692 289 2741; x_wconf 92' lang='lat' dir='ltr'><strong>mare,</strong></span> <span class='ocrx_word' id='word_1_335' title='bbox 319 2677 372 2751; x_wconf 87' lang='lat' dir='ltr'><strong>ipsi</strong></span> <span class='ocrx_word' id='word_1_336' title='bbox 396 2677 519 2733; x_wconf 87' lang='lat' dir='ltr'><strong>inermes</strong></span> <span class='ocrx_word' id='word_1_337' title='bbox 535 2695 541 2731; x_wconf 94' lang='lat'><strong>:</strong></span> <span class='ocrx_word' id='word_1_338' title='bbox 557 2682 608 2733; x_wconf 89' lang='lat' dir='ltr'><strong>aut</strong></span> <span class='ocrx_word' id='word_1_339' title='bbox 621 2677 696 2731; x_wconf 89' lang='lat' dir='ltr'><strong>enim</strong></span> <span class='ocrx_word' id='word_1_340' title='bbox 710 2677 740 2731; x_wconf 92' lang='lat' dir='ltr'><strong>in</strong></span> <span class='ocrx_word' id='word_1_341' title='bbox 754 2676 918 2733; x_wconf 89' lang='lat' dir='ltr'><strong>marierant</strong></span> <span class='ocrx_word' id='word_1_342' title='bbox 958 2677 1038 2747; x_wconf 90' lang='lat' dir='ltr'><strong>pueri</strong></span> <span class='ocrx_word' id='word_1_343' title='bbox 1053 2677 1082 2731; x_wconf 93' lang='lat' dir='ltr'><strong>in</strong></span> <span class='ocrx_word' id='word_1_344' title='bbox 1097 2677 1207 2730; x_wconf 89' lang='lat' dir='ltr'><strong>camino</strong></span> <span class='ocrx_word' id='word_1_345' title='bbox 1217 2674 1438 2739; x_wconf 86' lang='lat' dir='ltr'><strong>deambulantes,</strong></span> <span class='ocrx_word' id='word_1_346' title='bbox 1448 2675 1608 2743; x_wconf 66' lang='lat' dir='ltr'><strong>Israelita,⁴</strong></span> 
     </span>
     <span class='ocr_line' id='line_1_29' title="bbox 122 2762 1602 2837; baseline -0.002 -18"><span class='ocrx_word' id='word_1_347' title='bbox 122 2764 252 2837; x_wconf 90' lang='lat' dir='ltr'><strong>perituri,</strong></span> <span class='ocrx_word' id='word_1_348' title='bbox 264 2764 571 2837; x_wconf 80' lang='lat' dir='ltr'><strong>sirellentsugere,aut</strong></span> <span class='ocrx_word' id='word_1_349' title='bbox 581 2765 609 2820; x_wconf 91' lang='lat' dir='ltr'><strong>in</strong></span> <span class='ocrx_word' id='word_1_350' title='bbox 619 2782 721 2821; x_wconf 89' lang='lat' dir='ltr'><strong>manus</strong></span> <span class='ocrx_word' id='word_1_351' title='bbox 740 2765 918 2837; x_wconf 77' lang='lat' dir='ltr'><strong>AEgyptiaeas</strong></span> <span class='ocrx_word' id='word_1_352' title='bbox 960 2766 1038 2820; x_wconf 85' lang='lat' dir='ltr'><strong>Isaac</strong></span> <span class='ocrx_word' id='word_1_353' title='bbox 1050 2770 1078 2819; x_wconf 90' lang='lat' dir='ltr'><strong>et</strong></span> <span class='ocrx_word' id='word_1_354' title='bbox 1088 2765 1172 2819; x_wconf 87' lang='lat' dir='ltr'><strong>Jacob</strong></span> <span class='ocrx_word' id='word_1_355' title='bbox 1186 2765 1216 2820; x_wconf 89' lang='lat' dir='ltr'><strong>in</strong></span> <span class='ocrx_word' id='word_1_356' title='bbox 1232 2763 1315 2818; x_wconf 81' lang='lat' dir='ltr'><strong>variis</strong></span> <span class='ocrx_word' id='word_1_357' title='bbox 1331 2762 1555 2819; x_wconf 90' lang='lat' dir='ltr'><strong>tentationibus:</strong></span> <span class='ocrx_word' id='word_1_358' title='bbox 1573 2767 1602 2817; x_wconf 92' lang='lat' dir='ltr'><strong>et</strong></span> 
     </span>
     <span class='ocr_line' id='line_1_30' title="bbox 122 2852 1608 2927; baseline 0.001 -22"><span class='ocrx_word' id='word_1_359' title='bbox 122 2852 254 2907; x_wconf 88' lang='lat' dir='ltr'><strong>incidere.</strong></span> <span class='ocrx_word' id='word_1_360' title='bbox 269 2853 471 2909; x_wconf 85' lang='lat' dir='ltr'><strong>Verumtamen</strong></span> <span class='ocrx_word' id='word_1_361' title='bbox 485 2870 518 2907; x_wconf 81' lang='lat' dir='ltr'><strong>ex</strong></span> <span class='ocrx_word' id='word_1_362' title='bbox 538 2855 646 2923; x_wconf 86' lang='lat' dir='ltr'><strong>majore</strong></span> <span class='ocrx_word' id='word_1_363' title='bbox 660 2853 855 2927; x_wconf 78' lang='lat' dir='ltr'><strong>desperatione</strong></span> <span class='ocrx_word' id='word_1_364' title='bbox 872 2871 919 2907; x_wconf 90' lang='lat' dir='ltr'><strong>eos</strong></span> <span class='ocrx_word' id='word_1_365' title='bbox 960 2854 1189 2924; x_wconf 79' lang='lat' dir='ltr'><strong>desperaverunt.</strong></span> <span class='ocrx_word' id='word_1_366' title='bbox 1205 2854 1264 2909; x_wconf 89' lang='lat' dir='ltr'><strong>Hoc</strong></span> <span class='ocrx_word' id='word_1_367' title='bbox 1274 2852 1348 2907; x_wconf 90' lang='lat' dir='ltr'><strong>enim</strong></span> <span class='ocrx_word' id='word_1_368' title='bbox 1360 2859 1402 2907; x_wconf 91' lang='lat' dir='ltr'><strong>est</strong></span> <span class='ocrx_word' id='word_1_369' title='bbox 1411 2852 1491 2913; x_wconf 82' lang='lat' dir='ltr'><strong>fides,</strong></span> <span class='ocrx_word' id='word_1_370' title='bbox 1502 2858 1540 2905; x_wconf 78' lang='lat' dir='ltr'><strong>‚ut</strong></span> <span class='ocrx_word' id='word_1_371' title='bbox 1551 2868 1608 2907; x_wconf 87' lang='lat' dir='ltr'><strong>cum</strong></span> 
     </span>
     <span class='ocr_line' id='line_1_31' title="bbox 91 2940 1608 3013; baseline -0.004 -16"><span class='ocrx_word' id='word_1_372' title='bbox 91 2952 95 2959; x_wconf 87' lang='lat'>&#39;</span> <span class='ocrx_word' id='word_1_373' title='bbox 121 2940 263 2997; x_wconf 79' lang='lat' dir='ltr'><strong>liberarit:</strong></span> <span class='ocrx_word' id='word_1_374' title='bbox 278 2940 400 3013; x_wconf 91' lang='lat' dir='ltr'><strong>idipsum</strong></span> <span class='ocrx_word' id='word_1_375' title='bbox 415 2957 493 2995; x_wconf 85' lang='lat' dir='ltr'><strong>nrare</strong></span> <span class='ocrx_word' id='word_1_376' title='bbox 508 2941 576 3013; x_wconf 87' lang='lat' dir='ltr'><strong>ipsis</strong></span> <span class='ocrx_word' id='word_1_377' title='bbox 592 2946 634 2995; x_wconf 91' lang='lat' dir='ltr'><strong>est</strong></span> <span class='ocrx_word' id='word_1_378' title='bbox 648 2941 832 3004; x_wconf 88' lang='lat' dir='ltr'><strong>substratum,</strong></span> <span class='ocrx_word' id='word_1_379' title='bbox 845 2948 920 2996; x_wconf 84' lang='lat' dir='ltr'><strong>sicut</strong></span> <span class='ocrx_word' id='word_1_380' title='bbox 960 2943 989 2997; x_wconf 89' lang='lat' dir='ltr'><strong>in</strong></span> <span class='ocrx_word' id='word_1_381' title='bbox 1003 2942 1175 2998; x_wconf 89' lang='lat' dir='ltr'><strong>contrarium</strong></span> <span class='ocrx_word' id='word_1_382' title='bbox 1191 2947 1303 3005; x_wconf 87' lang='lat' dir='ltr'><strong>exeunt,</strong></span> <span class='ocrx_word' id='word_1_383' title='bbox 1329 2947 1395 2996; x_wconf 91' lang='lat' dir='ltr'><strong>tunc</strong></span> <span class='ocrx_word' id='word_1_384' title='bbox 1416 2941 1566 2995; x_wconf 86' lang='lat' dir='ltr'><strong>credamus</strong></span> <span class='ocrx_word' id='word_1_385' title='bbox 1581 2958 1588 2994; x_wconf 92' lang='lat'><strong>:</strong></span> <span class='ocrx_word' id='word_1_386' title='bbox 1604 2960 1608 2991; x_wconf 72' lang='lat' dir='ltr'><strong>r</strong></span> 
     </span>
     <span class='ocr_line' id='line_1_32' title="bbox 120 3004 1608 3099; baseline -0.002 -14"><span class='ocrx_word' id='word_1_387' title='bbox 120 3034 207 3093; x_wconf 88' lang='lat' dir='ltr'><strong>terra,</strong></span> <span class='ocrx_word' id='word_1_388' title='bbox 223 3029 374 3084; x_wconf 88' lang='lat' dir='ltr'><strong>bosautem</strong></span> <span class='ocrx_word' id='word_1_389' title='bbox 382 3029 518 3085; x_wconf 87' lang='lat' dir='ltr'><strong>demersit</strong></span> <span class='ocrx_word' id='word_1_390' title='bbox 528 3030 601 3084; x_wconf 89' lang='lat' dir='ltr'><strong>sicut</strong></span> <span class='ocrx_word' id='word_1_391' title='bbox 615 3046 711 3085; x_wconf 80' lang='lat' dir='ltr'><strong>inere:</strong></span> <span class='ocrx_word' id='word_1_392' title='bbox 728 3030 784 3085; x_wconf 89' lang='lat' dir='ltr'><strong>illic</strong></span> <span class='ocrx_word' id='word_1_393' title='bbox 798 3029 917 3084; x_wconf 89' lang='lat' dir='ltr'><strong>oblitum</strong></span> <span class='ocrx_word' id='word_1_394' title='bbox 927 3004 1131 3087; x_wconf 81' lang='lat' dir='ltr'><strong>Ccontrarium</strong></span> <span class='ocrx_word' id='word_1_395' title='bbox 1144 3030 1249 3086; x_wconf 86' lang='lat' dir='ltr'><strong>sactum</strong></span> <span class='ocrx_word' id='word_1_396' title='bbox 1264 3036 1315 3093; x_wconf 89' lang='lat' dir='ltr'><strong>est,</strong></span> <span class='ocrx_word' id='word_1_397' title='bbox 1331 3030 1379 3084; x_wconf 89' lang='lat' dir='ltr'><strong>sed</strong></span> <span class='ocrx_word' id='word_1_398' title='bbox 1398 3034 1498 3084; x_wconf 88' lang='lat' dir='ltr'><strong>cuncta</strong></span> <span class='ocrx_word' id='word_1_399' title='bbox 1515 3044 1608 3099; x_wconf 78' lang='lat' dir='ltr'><strong>consec</strong></span> 
     </span>
     <span class='ocr_line' id='line_1_33' title="bbox 121 3116 1608 3189; baseline -0.001 -17"><span class='ocrx_word' id='word_1_400' title='bbox 121 3122 300 3182; x_wconf 79' lang='lat' dir='ltr'><strong>naturesuae,</strong></span> <span class='ocrx_word' id='word_1_401' title='bbox 315 3117 460 3172; x_wconf 85' lang='lat' dir='ltr'><strong>hicautern</strong></span> <span class='ocrx_word' id='word_1_402' title='bbox 469 3118 699 3173; x_wconf 88' lang='lat' dir='ltr'><strong>etiamarmatum</strong></span> <span class='ocrx_word' id='word_1_403' title='bbox 710 3118 843 3174; x_wconf 85' lang='lat' dir='ltr'><strong>adversus</strong></span> <span class='ocrx_word' id='word_1_404' title='bbox 858 3135 914 3172; x_wconf 89' lang='lat' dir='ltr'><strong>eos.</strong></span> <span class='ocrx_word' id='word_1_405' title='bbox 958 3120 1238 3175; x_wconf 85' lang='lat' dir='ltr'><strong>ordinatavenerunt.</strong></span> <span class='ocrx_word' id='word_1_406' title='bbox 1249 3116 1608 3189; x_wconf 68' lang='lat' dir='ltr'><strong>«Edugareruntoragladii</strong></span> 
     </span>
     <span class='ocr_line' id='line_1_34' title="bbox 124 3206 1608 3280; baseline -0.002 -19"><span class='ocrx_word' id='word_1_407' title='bbox 124 3206 412 3261; x_wconf 83' lang='lat' dir='ltr'><strong>‹Fidemurilcricho</strong></span> <span class='ocrx_word' id='word_1_408' title='bbox 424 3212 592 3265; x_wconf 90' lang='lat' dir='ltr'><strong>corruerunt</strong></span> <span class='ocrx_word' id='word_1_409' title='bbox 602 3206 720 3261; x_wconf 91' lang='lat' dir='ltr'><strong>circuitu</strong></span> <span class='ocrx_word' id='word_1_410' title='bbox 730 3206 839 3261; x_wconf 87' lang='lat' dir='ltr'><strong>dierum</strong></span> <span class='ocrx_word' id='word_1_411' title='bbox 853 3224 917 3278; x_wconf 92' lang='lat' dir='ltr'><strong>sep·</strong></span> <span class='ocrx_word' id='word_1_412' title='bbox 959 3209 1048 3263; x_wconf 90' lang='lat' dir='ltr'><strong>tribus</strong></span> <span class='ocrx_word' id='word_1_413' title='bbox 1057 3208 1152 3280; x_wconf 89' lang='lat' dir='ltr'><strong>pueris</strong></span> <span class='ocrx_word' id='word_1_414' title='bbox 1167 3225 1231 3263; x_wconf 89' lang='lat' dir='ltr'><strong>eum</strong></span> <span class='ocrx_word' id='word_1_415' title='bbox 1244 3208 1346 3261; x_wconf 89' lang='lat' dir='ltr'><strong>iterum</strong></span> <span class='ocrx_word' id='word_1_416' title='bbox 1361 3214 1429 3277; x_wconf 91' lang='lat' dir='ltr'><strong>puto</strong></span> <span class='ocrx_word' id='word_1_417' title='bbox 1443 3207 1547 3260; x_wconf 90' lang='lat' dir='ltr'><strong>dicere.</strong></span> <span class='ocrx_word' id='word_1_418' title='bbox 1562 3226 1576 3260; x_wconf 77' lang='grc' dir='ltr'><strong><em>ι</em></strong></span> <span class='ocrx_word' id='word_1_419' title='bbox 1601 3208 1608 3257; x_wconf 88' lang='lat' dir='ltr'><strong>t</strong></span> 
     </span>
     <span class='ocr_line' id='line_1_35' title="bbox 121 3293 1608 3366; baseline -0.001 -15"><span class='ocrx_word' id='word_1_420' title='bbox 121 3299 207 3351; x_wconf 74' lang='lat' dir='ltr'><strong>tem.»</strong></span> <span class='ocrx_word' id='word_1_421' title='bbox 215 3295 278 3351; x_wconf 86' lang='lat' dir='ltr'><strong>Non</strong></span> <span class='ocrx_word' id='word_1_422' title='bbox 284 3295 360 3349; x_wconf 89' lang='lat' dir='ltr'><strong>enim</strong></span> <span class='ocrx_word' id='word_1_423' title='bbox 366 3294 498 3351; x_wconf 88' lang='lat' dir='ltr'><strong>tubarum</strong></span> <span class='ocrx_word' id='word_1_424' title='bbox 504 3295 614 3351; x_wconf 86' lang='lat' dir='ltr'><strong>sonitus</strong></span> <span class='ocrx_word' id='word_1_425' title='bbox 621 3311 766 3351; x_wconf 87' lang='lat' dir='ltr'><strong>murorum</strong></span> <span class='ocrx_word' id='word_1_426' title='bbox 772 3296 919 3366; x_wconf 80' lang='lat' dir='ltr'><strong>saxadeje-</strong></span> <span class='ocrx_word' id='word_1_427' title='bbox 962 3303 1052 3353; x_wconf 78' lang='lat' dir='ltr'><strong>«runt</strong></span> <span class='ocrx_word' id='word_1_428' title='bbox 1064 3297 1099 3351; x_wconf 91' lang='lat' dir='ltr'><strong>dc</strong></span> <span class='ocrx_word' id='word_1_429' title='bbox 1108 3296 1283 3361; x_wconf 84' lang='lat' dir='ltr'><strong>infirmitate,</strong></span> <span class='ocrx_word' id='word_1_430' title='bbox 1295 3297 1381 3350; x_wconf 86' lang='lat' dir='ltr'><strong>fortes</strong></span> <span class='ocrx_word' id='word_1_431' title='bbox 1390 3296 1454 3350; x_wconf 88' lang='lat' dir='ltr'><strong>sacti</strong></span> <span class='ocrx_word' id='word_1_432' title='bbox 1466 3300 1534 3349; x_wconf 89' lang='lat' dir='ltr'><strong>sunt</strong></span> <span class='ocrx_word' id='word_1_433' title='bbox 1542 3293 1608 3349; x_wconf 83' lang='lat' dir='ltr'><strong>inbe</strong></span> 
     </span>
     <span class='ocr_line' id='line_1_36' title="bbox 89 3382 1608 3455; baseline 0 -18"><span class='ocrx_word' id='word_1_434' title='bbox 89 3414 92 3419; x_wconf 94' lang='lat'><em>·</em></span> <span class='ocrx_word' id='word_1_435' title='bbox 121 3382 918 3455; x_wconf 87' lang='lat' dir='ltr'><strong>cit,acsiperdccemmilliaannosquistubisinsonet,sed</strong></span> <span class='ocrx_word' id='word_1_436' title='bbox 962 3391 1126 3441; x_wconf 59' lang='lat' dir='ltr'><strong>everterunt</strong></span> <span class='ocrx_word' id='word_1_437' title='bbox 1149 3390 1318 3450; x_wconf 83' lang='lat' dir='ltr'><strong>exterorum,</strong></span> <span class='ocrx_word' id='word_1_438' title='bbox 1335 3394 1504 3455; x_wconf 88' lang='lat' dir='ltr'><strong>acceperunt</strong></span> <span class='ocrx_word' id='word_1_439' title='bbox 1518 3382 1608 3437; x_wconf 88' lang='lat' dir='ltr'><strong>mulie.</strong></span> 
     </span>
     <span class='ocr_line' id='line_1_37' title="bbox 122 3471 1608 3545; baseline 0.001 -19"><span class='ocrx_word' id='word_1_440' title='bbox 122 3471 191 3526; x_wconf 85' lang='lat' dir='ltr'><strong>tides</strong></span> <span class='ocrx_word' id='word_1_441' title='bbox 205 3471 301 3526; x_wconf 87' lang='lat' dir='ltr'><strong>omnia</strong></span> <span class='ocrx_word' id='word_1_442' title='bbox 309 3472 383 3527; x_wconf 80' lang='lat' dir='ltr'><strong>valet</strong></span> <span class='ocrx_word' id='word_1_443' title='bbox 394 3472 525 3527; x_wconf 91' lang='lat' dir='ltr'><strong>.Intueris</strong></span> <span class='ocrx_word' id='word_1_444' title='bbox 532 3472 635 3545; x_wconf 91' lang='lat' dir='ltr'><strong>ubique</strong></span> <span class='ocrx_word' id='word_1_445' title='bbox 651 3473 919 3543; x_wconf 88' lang='lat' dir='ltr'><strong>nequeconscientie</strong></span> <span class='ocrx_word' id='word_1_446' title='bbox 963 3494 975 3527; x_wconf 77' lang='lat' dir='ltr'><strong>e</strong></span> <span class='ocrx_word' id='word_1_447' title='bbox 990 3475 1162 3531; x_wconf 87' lang='lat' dir='ltr'><strong>surrectione</strong></span> <span class='ocrx_word' id='word_1_448' title='bbox 1169 3481 1295 3529; x_wconf 88' lang='lat' dir='ltr'><strong>mortuos</strong></span> <span class='ocrx_word' id='word_1_449' title='bbox 1305 3490 1380 3527; x_wconf 92' lang='lat' dir='ltr'><strong>suos.</strong></span> <span class='ocrx_word' id='word_1_450' title='bbox 1401 3474 1608 3545; x_wconf 82' lang='lat' dir='ltr'><strong>›Tempuspost</strong></span> 
     </span>
     <span class='ocr_line' id='line_1_38' title="bbox 121 3559 1608 3633; baseline 0.003 -20"><span class='ocrx_word' id='word_1_451' title='bbox 121 3559 516 3631; x_wconf 79' lang='lat' dir='ltr'><strong>[consequentialullarerum</strong></span> <span class='ocrx_word' id='word_1_452' title='bbox 527 3578 618 3633; x_wconf 90' lang='lat' dir='ltr'><strong>neque</strong></span> <span class='ocrx_word' id='word_1_453' title='bbox 627 3568 735 3619; x_wconf 72' lang='lat' dir='ltr'><strong>naturae</strong></span> <span class='ocrx_word' id='word_1_454' title='bbox 745 3562 807 3633; x_wconf 83' lang='lat' dir='ltr'><strong>lege</strong></span> <span class='ocrx_word' id='word_1_455' title='bbox 821 3561 918 3617; x_wconf 90' lang='lat' dir='ltr'><strong>omnia</strong></span> <span class='ocrx_word' id='word_1_456' title='bbox 959 3563 1031 3619; x_wconf 87' lang='lat' dir='ltr'><strong>versi</strong></span> <span class='ocrx_word' id='word_1_457' title='bbox 1044 3570 1110 3617; x_wconf 88' lang='lat' dir='ltr'><strong>sunt</strong></span> <span class='ocrx_word' id='word_1_458' title='bbox 1124 3581 1157 3619; x_wconf 78' lang='lat' dir='ltr'><strong>ex</strong></span> <span class='ocrx_word' id='word_1_459' title='bbox 1169 3562 1321 3633; x_wconf 76' lang='lat' dir='ltr'><strong>Babylonia</strong></span> <span class='ocrx_word' id='word_1_460' title='bbox 1330 3562 1502 3633; x_wconf 81' lang='lat' dir='ltr'><strong>significat«</strong></span> <span class='ocrx_word' id='word_1_461' title='bbox 1518 3562 1556 3616; x_wconf 85' lang='lat' dir='ltr'><strong>Ex</strong></span> <span class='ocrx_word' id='word_1_462' title='bbox 1568 3560 1608 3617; x_wconf 85' lang='lat' dir='ltr'><strong>ini</strong></span> 
     </span>
     <span class='ocr_line' id='line_1_39' title="bbox 121 3649 1608 3722; baseline 0.003 -21"><span class='ocrx_word' id='word_1_463' title='bbox 121 3649 285 3718; x_wconf 88' lang='lat' dir='ltr'><strong>permutari,</strong></span> <span class='ocrx_word' id='word_1_464' title='bbox 293 3650 343 3703; x_wconf 91' lang='lat' dir='ltr'><strong>sed</strong></span> <span class='ocrx_word' id='word_1_465' title='bbox 352 3654 468 3721; x_wconf 87' lang='lat' dir='ltr'><strong>propter</strong></span> <span class='ocrx_word' id='word_1_466' title='bbox 476 3650 600 3721; x_wconf 68' lang='lat' dir='ltr'><strong>[praeter]</strong></span> <span class='ocrx_word' id='word_1_467' title='bbox 618 3668 697 3721; x_wconf 90' lang='lat' dir='ltr'><strong>spem</strong></span> <span class='ocrx_word' id='word_1_468' title='bbox 718 3656 819 3705; x_wconf 89' lang='lat' dir='ltr'><strong>cuncta</strong></span> <span class='ocrx_word' id='word_1_469' title='bbox 832 3650 918 3704; x_wconf 81' lang='lat' dir='ltr'><strong>fieri?</strong></span> <span class='ocrx_word' id='word_1_470' title='bbox 959 3652 1033 3707; x_wconf 90' lang='lat' dir='ltr'><strong>enim</strong></span> <span class='ocrx_word' id='word_1_471' title='bbox 1048 3653 1100 3707; x_wconf 84' lang='lat' dir='ltr'><strong>lroc</strong></span> <span class='ocrx_word' id='word_1_472' title='bbox 1114 3669 1175 3705; x_wconf 89' lang='lat' dir='ltr'><strong>esse</strong></span> <span class='ocrx_word' id='word_1_473' title='bbox 1190 3656 1266 3722; x_wconf 90' lang='lat' dir='ltr'><strong>puto,</strong></span> <span class='ocrx_word' id='word_1_474' title='bbox 1287 3651 1315 3705; x_wconf 91' lang='lat' dir='ltr'><strong>id</strong></span> <span class='ocrx_word' id='word_1_475' title='bbox 1336 3656 1387 3717; x_wconf 88' lang='lat' dir='ltr'><strong>est,</strong></span> <span class='ocrx_word' id='word_1_476' title='bbox 1403 3668 1436 3705; x_wconf 82' lang='lat' dir='ltr'><strong>er</strong></span> <span class='ocrx_word' id='word_1_477' title='bbox 1451 3650 1608 3721; x_wconf 71' lang='lat' dir='ltr'><strong>captivitate</strong></span> 
     </span>
     <span class='ocr_line' id='line_1_40' title="bbox 119 3736 1608 3813; baseline 0.002 -23"><span class='ocrx_word' id='word_1_478' title='bbox 119 3736 242 3791; x_wconf 87' lang='lat' dir='ltr'><strong>Proinde</strong></span> <span class='ocrx_word' id='word_1_479' title='bbox 250 3737 915 3811; x_wconf 80' lang='lat' dir='ltr'><strong>etiamhicp1·opter[praeter]spemcuuctafiunt.</strong></span> <span class='ocrx_word' id='word_1_480' title='bbox 955 3741 1016 3813; x_wconf 81' lang='lat' dir='ltr'><strong>jam</strong></span> <span class='ocrx_word' id='word_1_481' title='bbox 1024 3739 1469 3813; x_wconf 79' lang='lat' dir='ltr'><strong>indesperationeerantJudaicce</strong></span> <span class='ocrx_word' id='word_1_482' title='bbox 1479 3756 1534 3805; x_wconf 91' lang='lat' dir='ltr'><strong>res,</strong></span> <span class='ocrx_word' id='word_1_483' title='bbox 1546 3755 1608 3811; x_wconf 83' lang='lat' dir='ltr'><strong>quai</strong></span> 
     </span>
     <span class='ocr_line' id='line_1_41' title="bbox 120 3825 1608 3901; baseline 0.001 -20"><span class='ocrx_word' id='word_1_484' title='bbox 120 3825 340 3890; x_wconf 78' lang='lat' dir='ltr'><strong>Quoniamenim</strong></span> <span class='ocrx_word' id='word_1_485' title='bbox 352 3843 464 3882; x_wconf 87' lang='lat' dir='ltr'><strong>sursum</strong></span> <span class='ocrx_word' id='word_1_486' title='bbox 474 3834 559 3900; x_wconf 87' lang='lat' dir='ltr'><strong>atquc</strong></span> <span class='ocrx_word' id='word_1_487' title='bbox 573 3828 705 3882; x_wconf 90' lang='lat' dir='ltr'><strong>deorsum</strong></span> <span class='ocrx_word' id='word_1_488' title='bbox 719 3827 838 3894; x_wconf 91' lang='lat' dir='ltr'><strong>dicebat,</strong></span> <span class='ocrx_word' id='word_1_489' title='bbox 851 3828 918 3899; x_wconf 90' lang='lat' dir='ltr'><strong>quia</strong></span> <span class='ocrx_word' id='word_1_490' title='bbox 958 3828 1310 3884; x_wconf 82' lang='lat' dir='ltr'><strong>mortuisnihildistabant.</strong></span> <span class='ocrx_word' id='word_1_491' title='bbox 1321 3827 1390 3891; x_wconf 87' lang='lat' dir='ltr'><strong>Quis</strong></span> <span class='ocrx_word' id='word_1_492' title='bbox 1400 3827 1537 3882; x_wconf 88' lang='lat' dir='ltr'><strong>enimnon</strong></span> <span class='ocrx_word' id='word_1_493' title='bbox 1547 3827 1608 3901; x_wconf 71' lang='lat' dir='ltr'><strong>desp</strong></span> 
     </span>
     <span class='ocr_line' id='line_1_42' title="bbox 121 3914 1608 3996; baseline 0.001 -27"><span class='ocrx_word' id='word_1_494' title='bbox 121 3914 351 3996; x_wconf 84' lang='lat' dir='ltr'><strong>oportetcredere</strong></span> <span class='ocrx_word' id='word_1_495' title='bbox 366 3915 504 3985; x_wconf 87' lang='lat' dir='ltr'><strong>etspebus</strong></span> <span class='ocrx_word' id='word_1_496' title='bbox 516 3916 619 3971; x_wconf 84' lang='lat' dir='ltr'><strong>suturis</strong></span> <span class='ocrx_word' id='word_1_497' title='bbox 628 3917 697 3989; x_wconf 83' lang='lat' dir='ltr'><strong>regi,</strong></span> <span class='ocrx_word' id='word_1_498' title='bbox 707 3933 820 3972; x_wconf 88' lang='lat' dir='ltr'><strong>oruuem</strong></span> <span class='ocrx_word' id='word_1_499' title='bbox 829 3917 917 3973; x_wconf 84' lang='lat' dir='ltr'><strong>istum</strong></span> <span class='ocrx_word' id='word_1_500' title='bbox 957 3917 1608 3991; x_wconf 80' lang='lat' dir='ltr'><strong>Babyloniaeospossererertr?utnondicoreve</strong></span> 
     </span>
     <span class='ocr_line' id='line_1_43' title="bbox 121 4002 1608 4076; baseline 0.003 -21"><span class='ocrx_word' id='word_1_501' title='bbox 121 4018 279 4057; x_wconf 89' lang='lat' dir='ltr'><strong>sermonem</strong></span> <span class='ocrx_word' id='word_1_502' title='bbox 294 4002 388 4066; x_wconf 85' lang='lat' dir='ltr'><strong>morit,</strong></span> <span class='ocrx_word' id='word_1_503' title='bbox 403 4004 553 4060; x_wconf 88' lang='lat' dir='ltr'><strong>ostendens</strong></span> <span class='ocrx_word' id='word_1_504' title='bbox 575 4005 707 4076; x_wconf 88' lang='lat' dir='ltr'><strong>quianon</strong></span> <span class='ocrx_word' id='word_1_505' title='bbox 723 4022 807 4065; x_wconf 84' lang='lat' dir='ltr'><strong>nunc.</strong></span> <span class='ocrx_word' id='word_1_506' title='bbox 820 4006 868 4060; x_wconf 90' lang='lat' dir='ltr'><strong>sed</strong></span> <span class='ocrx_word' id='word_1_507' title='bbox 884 4022 917 4060; x_wconf 86' lang='lat' dir='ltr'><strong>ex</strong></span> <span class='ocrx_word' id='word_1_508' title='bbox 957 4007 1006 4061; x_wconf 89' lang='lat' dir='ltr'><strong>sed</strong></span> <span class='ocrx_word' id='word_1_509' title='bbox 1016 4007 1102 4062; x_wconf 87' lang='lat' dir='ltr'><strong>etiam</strong></span> <span class='ocrx_word' id='word_1_510' title='bbox 1112 4006 1240 4061; x_wconf 81' lang='lat' dir='ltr'><strong>tortiores</strong></span> <span class='ocrx_word' id='word_1_511' title='bbox 1255 4006 1336 4060; x_wconf 87' lang='lat' dir='ltr'><strong>ellici.</strong></span> <span class='ocrx_word' id='word_1_512' title='bbox 1353 4023 1365 4056; x_wconf 78' lang='lat' dir='ltr'><strong>r</strong></span> <span class='ocrx_word' id='word_1_513' title='bbox 1379 4006 1479 4061; x_wconf 87' lang='lat' dir='ltr'><strong>Castra</strong></span> <span class='ocrx_word' id='word_1_514' title='bbox 1488 4011 1608 4061; x_wconf 81' lang='lat' dir='ltr'><strong>verterer</strong></span> 
     </span>
     <span class='ocr_line' id='line_1_44' title="bbox 120 4088 1606 4166; baseline 0.004 -23"><span class='ocrx_word' id='word_1_515' title='bbox 120 4088 200 4144; x_wconf 88' lang='lat' dir='ltr'><strong>initio</strong></span> <span class='ocrx_word' id='word_1_516' title='bbox 214 4090 310 4145; x_wconf 87' lang='lat' dir='ltr'><strong>omnia</strong></span> <span class='ocrx_word' id='word_1_517' title='bbox 323 4090 459 4146; x_wconf 89' lang='lat' dir='ltr'><strong>miracula</strong></span> <span class='ocrx_word' id='word_1_518' title='bbox 481 4109 532 4164; x_wconf 92' lang='lat' dir='ltr'><strong>per</strong></span> <span class='ocrx_word' id='word_1_519' title='bbox 548 4094 633 4147; x_wconf 86' lang='lat' dir='ltr'><strong>fidem</strong></span> <span class='ocrx_word' id='word_1_520' title='bbox 646 4093 797 4166; x_wconf 86' lang='lat' dir='ltr'><strong>impetrata</strong></span> <span class='ocrx_word' id='word_1_521' title='bbox 808 4101 875 4149; x_wconf 89' lang='lat' dir='ltr'><strong>sunt</strong></span> <span class='ocrx_word' id='word_1_522' title='bbox 888 4100 917 4148; x_wconf 95' lang='lat' dir='ltr'><strong>et</strong></span> <span class='ocrx_word' id='word_1_523' title='bbox 956 4112 1030 4151; x_wconf 85' lang='lat' dir='ltr'><strong>rum.</strong></span> <span class='ocrx_word' id='word_1_524' title='bbox 1049 4116 1060 4147; x_wconf 74' lang='lat' dir='ltr'><strong>i</strong></span> <span class='ocrx_word' id='word_1_525' title='bbox 1074 4096 1128 4151; x_wconf 89' lang='lat' dir='ltr'><strong>Sed</strong></span> <span class='ocrx_word' id='word_1_526' title='bbox 1137 4095 1214 4151; x_wconf 83' lang='lat' dir='ltr'><strong>robis</strong></span> <span class='ocrx_word' id='word_1_527' title='bbox 1224 4094 1294 4150; x_wconf 88' lang='lat' dir='ltr'><strong>nihil</strong></span> <span class='ocrx_word' id='word_1_528' title='bbox 1304 4095 1359 4149; x_wconf 84' lang='lat' dir='ltr'><strong>tale</strong></span> <span class='ocrx_word' id='word_1_529' title='bbox 1365 4095 1492 4166; x_wconf 82' lang='lat' dir='ltr'><strong>contigit</strong></span> <span class='ocrx_word' id='word_1_530' title='bbox 1505 4094 1606 4166; x_wconf 89' lang='lat' dir='ltr'><strong>inquit.</strong></span> 
     </span>
     <span class='ocr_line' id='line_1_45' title="bbox 119 4178 1608 4253; baseline 0.003 -22"><span class='ocrx_word' id='word_1_531' title='bbox 119 4178 251 4251; x_wconf 82' lang='lat' dir='ltr'><strong>perlecta.</strong></span> <span class='ocrx_word' id='word_1_532' title='bbox 267 4198 279 4229; x_wconf 85' lang='grc' dir='ltr'><strong><em>ι</em></strong></span> <span class='ocrx_word' id='word_1_533' title='bbox 298 4178 366 4233; x_wconf 84' lang='lat' dir='ltr'><strong>Fide</strong></span> <span class='ocrx_word' id='word_1_534' title='bbox 387 4178 464 4237; x_wconf 76' lang='lat' dir='ltr'><strong>Raab</strong></span> <span class='ocrx_word' id='word_1_535' title='bbox 482 4181 615 4235; x_wconf 81' lang='lat' dir='ltr'><strong>meretrix</strong></span> <span class='ocrx_word' id='word_1_536' title='bbox 629 4197 686 4237; x_wconf 87' lang='lat' dir='ltr'><strong>non</strong></span> <span class='ocrx_word' id='word_1_537' title='bbox 697 4182 780 4253; x_wconf 88' lang='lat' dir='ltr'><strong>periit</strong></span> <span class='ocrx_word' id='word_1_538' title='bbox 792 4199 856 4237; x_wconf 90' lang='lat' dir='ltr'><strong>cum</strong></span> <span class='ocrx_word' id='word_1_539' title='bbox 870 4183 916 4237; x_wconf 87' lang='lat' dir='ltr'><strong>in-</strong></span> <span class='ocrx_word' id='word_1_540' title='bbox 956 4183 1051 4239; x_wconf 84' lang='lat' dir='ltr'><strong>tormae</strong></span> <span class='ocrx_word' id='word_1_541' title='bbox 1066 4189 1132 4239; x_wconf 89' lang='lat' dir='ltr'><strong>sunt</strong></span> <span class='ocrx_word' id='word_1_542' title='bbox 1154 4184 1322 4239; x_wconf 79' lang='lat' dir='ltr'><strong>futurorum.</strong></span> <span class='ocrx_word' id='word_1_543' title='bbox 1352 4184 1558 4253; x_wconf 71' lang='lat' dir='ltr'><strong>«deceperunt</strong></span> <span class='ocrx_word' id='word_1_544' title='bbox 1574 4198 1608 4237; x_wconf 78' lang='lat' dir='ltr'><strong>mr</strong></span> 
     </span>
     <span class='ocr_line' id='line_1_46' title="bbox 123 4265 1608 4343; baseline 0.006 -25"><span class='ocrx_word' id='word_1_545' title='bbox 123 4284 134 4318; x_wconf 79' lang='lat' dir='ltr'><strong>r</strong></span> <span class='ocrx_word' id='word_1_546' title='bbox 152 4265 281 4332; x_wconf 90' lang='lat' dir='ltr'><strong>credulis,</strong></span> <span class='ocrx_word' id='word_1_547' title='bbox 298 4265 438 4339; x_wconf 85' lang='lat' dir='ltr'><strong>excipiens</strong></span> <span class='ocrx_word' id='word_1_548' title='bbox 447 4269 636 4339; x_wconf 85' lang='lat' dir='ltr'><strong>exploratores</strong></span> <span class='ocrx_word' id='word_1_549' title='bbox 651 4286 714 4323; x_wconf 88' lang='lat' dir='ltr'><strong>cum</strong></span> <span class='ocrx_word' id='word_1_550' title='bbox 732 4287 809 4341; x_wconf 89' lang='lat' dir='ltr'><strong>pace.</strong></span> <span class='ocrx_word' id='word_1_551' title='bbox 824 4290 836 4319; x_wconf 72' lang='lat' dir='ltr'><strong>r</strong></span> <span class='ocrx_word' id='word_1_552' title='bbox 851 4272 917 4325; x_wconf 82' lang='lat' dir='ltr'><strong>Pro</strong></span> <span class='ocrx_word' id='word_1_553' title='bbox 959 4273 1191 4329; x_wconf 77' lang='lat' dir='ltr'><strong>«resurrectione</strong></span> <span class='ocrx_word' id='word_1_554' title='bbox 1208 4279 1333 4330; x_wconf 86' lang='lat' dir='ltr'><strong>mortuos</strong></span> <span class='ocrx_word' id='word_1_555' title='bbox 1348 4289 1423 4327; x_wconf 84' lang='lat' dir='ltr'><strong>suos.</strong></span> <span class='ocrx_word' id='word_1_556' title='bbox 1447 4291 1460 4324; x_wconf 76' lang='lat' dir='ltr'><strong>s</strong></span> <span class='ocrx_word' id='word_1_557' title='bbox 1476 4273 1518 4327; x_wconf 86' lang='lat' dir='ltr'><strong>Ea</strong></span> <span class='ocrx_word' id='word_1_558' title='bbox 1531 4288 1608 4343; x_wconf 79' lang='lat' dir='ltr'><strong>quae=</strong></span> 
     </span>
     <span class='ocr_line' id='line_1_47' title="bbox 118 4355 1608 4433; baseline 0.003 -22"><span class='ocrx_word' id='word_1_559' title='bbox 118 4355 185 4411; x_wconf 88' lang='lat' dir='ltr'><strong>iude</strong></span> <span class='ocrx_word' id='word_1_560' title='bbox 195 4355 347 4411; x_wconf 81' lang='lat' dir='ltr'><strong>admodum</strong></span> <span class='ocrx_word' id='word_1_561' title='bbox 358 4362 441 4430; x_wconf 88' lang='lat' dir='ltr'><strong>turpe</strong></span> <span class='ocrx_word' id='word_1_562' title='bbox 451 4362 535 4421; x_wconf 88' lang='lat' dir='ltr'><strong>esset,</strong></span> <span class='ocrx_word' id='word_1_563' title='bbox 552 4358 575 4412; x_wconf 88' lang='lat' dir='ltr'><strong>si</strong></span> <span class='ocrx_word' id='word_1_564' title='bbox 587 4358 733 4413; x_wconf 86' lang='lat' dir='ltr'><strong>meretrice</strong></span> <span class='ocrx_word' id='word_1_565' title='bbox 744 4359 916 4416; x_wconf 85' lang='lat' dir='ltr'><strong>infideliores</strong></span> <span class='ocrx_word' id='word_1_566' title='bbox 956 4363 1056 4433; x_wconf 83' lang='lat' dir='ltr'><strong>phetas</strong></span> <span class='ocrx_word' id='word_1_567' title='bbox 1066 4367 1264 4433; x_wconf 85' lang='lat' dir='ltr'><strong>provenerunt,</strong></span> <span class='ocrx_word' id='word_1_568' title='bbox 1280 4361 1357 4424; x_wconf 90' lang='lat' dir='ltr'><strong>dicit,</strong></span> <span class='ocrx_word' id='word_1_569' title='bbox 1366 4361 1494 4417; x_wconf 85' lang='lat' dir='ltr'><strong>Elisoeum</strong></span> <span class='ocrx_word' id='word_1_570' title='bbox 1511 4368 1541 4415; x_wconf 91' lang='lat' dir='ltr'><strong>et</strong></span> <span class='ocrx_word' id='word_1_571' title='bbox 1554 4360 1608 4415; x_wconf 82' lang='lat' dir='ltr'><strong>Elia</strong></span> 
     </span>
     <span class='ocr_line' id='line_1_48' title="bbox 119 4444 1608 4522; baseline 0.005 -25"><span class='ocrx_word' id='word_1_572' title='bbox 119 4444 305 4509; x_wconf 78' lang='lat' dir='ltr'><strong>exstitissent3</strong></span> <span class='ocrx_word' id='word_1_573' title='bbox 320 4450 416 4499; x_wconf 87' lang='lat' dir='ltr'><strong>tamen</strong></span> <span class='ocrx_word' id='word_1_574' title='bbox 425 4444 475 4501; x_wconf 88' lang='lat' dir='ltr'><strong>illa</strong></span> <span class='ocrx_word' id='word_1_575' title='bbox 488 4445 615 4501; x_wconf 90' lang='lat' dir='ltr'><strong>homines</strong></span> <span class='ocrx_word' id='word_1_576' title='bbox 625 4446 733 4501; x_wconf 78' lang='lat' dir='ltr'><strong>audivit</strong></span> <span class='ocrx_word' id='word_1_577' title='bbox 741 4448 912 4511; x_wconf 89' lang='lat' dir='ltr'><strong>nuntiantes,</strong></span> <span class='ocrx_word' id='word_1_578' title='bbox 956 4467 1032 4513; x_wconf 83' lang='lat' dir='ltr'><strong>caus,</strong></span> <span class='ocrx_word' id='word_1_579' title='bbox 1050 4450 1097 4522; x_wconf 91' lang='lat' dir='ltr'><strong>qui</strong></span> <span class='ocrx_word' id='word_1_580' title='bbox 1112 4455 1238 4505; x_wconf 89' lang='lat' dir='ltr'><strong>mortuos</strong></span> <span class='ocrx_word' id='word_1_581' title='bbox 1252 4450 1434 4505; x_wconf 88' lang='lat' dir='ltr'><strong>suscitabant.</strong></span> <span class='ocrx_word' id='word_1_582' title='bbox 1450 4450 1521 4504; x_wconf 77' lang='lat' dir='ltr'><strong>«nm</strong></span> <span class='ocrx_word' id='word_1_583' title='bbox 1536 4456 1608 4504; x_wconf 82' lang='lat' dir='ltr'><strong>auter</strong></span> 
     </span>
     <span class='ocr_line' id='line_1_49' title="bbox 120 4533 1604 4610; baseline 0.004 -23"><span class='ocrx_word' id='word_1_584' title='bbox 120 4539 149 4587; x_wconf 90' lang='lat' dir='ltr'><strong>et</strong></span> <span class='ocrx_word' id='word_1_585' title='bbox 160 4533 307 4589; x_wconf 79' lang='lat' dir='ltr'><strong>confestim</strong></span> <span class='ocrx_word' id='word_1_586' title='bbox 330 4533 457 4589; x_wconf 86' lang='lat' dir='ltr'><strong>eredidit.</strong></span> <span class='ocrx_word' id='word_1_587' title='bbox 488 4535 561 4590; x_wconf 87' lang='lat' dir='ltr'><strong>Nam</strong></span> <span class='ocrx_word' id='word_1_588' title='bbox 577 4542 606 4590; x_wconf 90' lang='lat' dir='ltr'><strong>et</strong></span> <span class='ocrx_word' id='word_1_589' title='bbox 620 4552 682 4590; x_wconf 89' lang='lat' dir='ltr'><strong>eam</strong></span> <span class='ocrx_word' id='word_1_590' title='bbox 698 4536 783 4593; x_wconf 82' lang='lat' dir='ltr'><strong>fidem</strong></span> <span class='ocrx_word' id='word_1_591' title='bbox 800 4538 915 4593; x_wconf 88' lang='lat' dir='ltr'><strong>ellectus</strong></span> <span class='ocrx_word' id='word_1_592' title='bbox 959 4558 970 4592; x_wconf 83' lang='grc' dir='ltr'>ι</span> <span class='ocrx_word' id='word_1_593' title='bbox 987 4545 1054 4594; x_wconf 88' lang='lat' dir='ltr'><strong>sunt</strong></span> <span class='ocrx_word' id='word_1_594' title='bbox 1067 4555 1123 4593; x_wconf 93' lang='lat' dir='ltr'><strong>non</strong></span> <span class='ocrx_word' id='word_1_595' title='bbox 1134 4539 1316 4610; x_wconf 85' lang='lat' dir='ltr'><strong>suscipientes</strong></span> <span class='ocrx_word' id='word_1_596' title='bbox 1331 4539 1604 4609; x_wconf 88' lang='lat' dir='ltr'><strong>redemptionem‚ut</strong></span> 
     </span>
     <span class='ocr_line' id='line_1_50' title="bbox 120 4621 1607 4698; baseline 0.003 -22"><span class='ocrx_word' id='word_1_597' title='bbox 120 4629 285 4677; x_wconf 87' lang='lat' dir='ltr'><strong>consecutus</strong></span> <span class='ocrx_word' id='word_1_598' title='bbox 292 4621 595 4697; x_wconf 74' lang='lat' dir='ltr'><strong>estxomnibusquippe</strong></span> <span class='ocrx_word' id='word_1_599' title='bbox 600 4624 855 4697; x_wconf 88' lang='lat' dir='ltr'><strong>pereuntibus,sola</strong></span> <span class='ocrx_word' id='word_1_600' title='bbox 862 4626 914 4681; x_wconf 89' lang='lat' dir='ltr'><strong>sal-</strong></span> <span class='ocrx_word' id='word_1_601' title='bbox 958 4647 970 4680; x_wconf 84' lang='lat'>«</span> <span class='ocrx_word' id='word_1_602' title='bbox 986 4627 1144 4684; x_wconf 87' lang='lat' dir='ltr'><strong>invenirent</strong></span> <span class='ocrx_word' id='word_1_603' title='bbox 1157 4628 1400 4684; x_wconf 88' lang='lat' dir='ltr'><strong>resurrectionem.</strong></span> <span class='ocrx_word' id='word_1_604' title='bbox 1418 4648 1431 4679; x_wconf 73' lang='lat' dir='ltr'><strong>r</strong></span> <span class='ocrx_word' id='word_1_605' title='bbox 1447 4626 1512 4692; x_wconf 79' lang='lat' dir='ltr'><strong>nni,</strong></span> <span class='ocrx_word' id='word_1_606' title='bbox 1528 4626 1607 4698; x_wconf 90' lang='lat' dir='ltr'><strong>inqui</strong></span> 
     </span>
     <span class='ocr_line' id='line_1_51' title="bbox 119 4711 1593 4787; baseline 0.006 -26"><span class='ocrx_word' id='word_1_607' title='bbox 119 4714 245 4763; x_wconf 81' lang='lat' dir='ltr'><strong>rataest.</strong></span> <span class='ocrx_word' id='word_1_608' title='bbox 267 4711 329 4764; x_wconf 91' lang='lat' dir='ltr'><strong>Non</strong></span> <span class='ocrx_word' id='word_1_609' title='bbox 339 4711 410 4767; x_wconf 81' lang='lat' dir='ltr'><strong>dixit</strong></span> <span class='ocrx_word' id='word_1_610' title='bbox 419 4712 454 4767; x_wconf 89' lang='lat' dir='ltr'><strong>ad</strong></span> <span class='ocrx_word' id='word_1_611' title='bbox 464 4713 596 4786; x_wconf 87' lang='lat' dir='ltr'><strong>seipsam,</strong></span> <span class='ocrx_word' id='word_1_612' title='bbox 612 4714 685 4777; x_wconf 82' lang='lat' dir='ltr'><strong>Quia</strong></span> <span class='ocrx_word' id='word_1_613' title='bbox 703 4715 913 4787; x_wconf 82' lang='lat' dir='ltr'><strong>complurimis</strong></span> <span class='ocrx_word' id='word_1_614' title='bbox 956 4723 1023 4772; x_wconf 87' lang='lat' dir='ltr'><strong>sunt</strong></span> <span class='ocrx_word' id='word_1_615' title='bbox 1036 4733 1092 4771; x_wconf 89' lang='lat' dir='ltr'><strong>non</strong></span> <span class='ocrx_word' id='word_1_616' title='bbox 1107 4716 1291 4786; x_wconf 89' lang='lat' dir='ltr'><strong>suscipientes</strong></span> <span class='ocrx_word' id='word_1_617' title='bbox 1310 4715 1544 4787; x_wconf 90' lang='lat' dir='ltr'><strong>redemptionem,</strong></span> <span class='ocrx_word' id='word_1_618' title='bbox 1561 4720 1593 4770; x_wconf 91' lang='lat' dir='ltr'><strong>ut</strong></span> 
     </span>
     <span class='ocr_line' id='line_1_52' title="bbox 119 4795 1608 4875; baseline 0.007 -26"><span class='ocrx_word' id='word_1_619' title='bbox 119 4795 190 4851; x_wconf 88' lang='lat' dir='ltr'><strong>meis</strong></span> <span class='ocrx_word' id='word_1_620' title='bbox 204 4811 266 4850; x_wconf 86' lang='lat' dir='ltr'><strong>ero:</strong></span> <span class='ocrx_word' id='word_1_621' title='bbox 282 4798 345 4851; x_wconf 84' lang='lat' dir='ltr'><strong>Non</strong></span> <span class='ocrx_word' id='word_1_622' title='bbox 354 4798 433 4865; x_wconf 83' lang='lat' dir='ltr'><strong>dixit,</strong></span> <span class='ocrx_word' id='word_1_623' title='bbox 449 4800 524 4855; x_wconf 84' lang='lat' dir='ltr'><strong>Num</strong></span> <span class='ocrx_word' id='word_1_624' title='bbox 535 4817 586 4873; x_wconf 80' lang='lat' dir='ltr'><strong>ego</strong></span> <span class='ocrx_word' id='word_1_625' title='bbox 602 4800 663 4857; x_wconf 91' lang='lat' dir='ltr'><strong>istis</strong></span> <span class='ocrx_word' id='word_1_626' title='bbox 678 4802 844 4875; x_wconf 90' lang='lat' dir='ltr'><strong>prudentior</strong></span> <span class='ocrx_word' id='word_1_627' title='bbox 854 4820 915 4859; x_wconf 88' lang='lat' dir='ltr'><strong>esse</strong></span> <span class='ocrx_word' id='word_1_628' title='bbox 957 4805 1191 4861; x_wconf 89' lang='lat' dir='ltr'><strong>resurrectionem</strong></span> <span class='ocrx_word' id='word_1_629' title='bbox 1205 4805 1405 4875; x_wconf 82' lang='lat' dir='ltr'><strong>adipiscantur.</strong></span> <span class='ocrx_word' id='word_1_630' title='bbox 1415 4805 1487 4859; x_wconf 89' lang='lat' dir='ltr'><strong>Nam</strong></span> <span class='ocrx_word' id='word_1_631' title='bbox 1503 4821 1564 4870; x_wconf 89' lang='lat' dir='ltr'><strong>cur,</strong></span> <span class='ocrx_word' id='word_1_632' title='bbox 1579 4802 1608 4858; x_wconf 89' lang='lat' dir='ltr'><strong>di</strong></span> 
     </span>
     <span class='ocr_line' id='line_1_53' title="bbox 117 4885 1603 4967; baseline 0.007 -26"><span class='ocrx_word' id='word_1_633' title='bbox 117 4900 233 4954; x_wconf 83' lang='lat' dir='ltr'><strong>pessum</strong></span> <span class='ocrx_word' id='word_1_634' title='bbox 240 4885 413 4957; x_wconf 86' lang='lat' dir='ltr'><strong>sapientibus</strong></span> <span class='ocrx_word' id='word_1_635' title='bbox 420 4887 551 4961; x_wconf 88' lang='lat' dir='ltr'><strong>viris,qui</strong></span> <span class='ocrx_word' id='word_1_636' title='bbox 559 4891 785 4957; x_wconf 89' lang='lat' dir='ltr'><strong>noncredunt,et</strong></span> <span class='ocrx_word' id='word_1_637' title='bbox 793 4908 844 4963; x_wconf 82' lang='lat' dir='ltr'><strong>ego</strong></span> <span class='ocrx_word' id='word_1_638' title='bbox 853 4909 914 4945; x_wconf 92' lang='lat' dir='ltr'><strong>cre·</strong></span> <span class='ocrx_word' id='word_1_639' title='bbox 956 4895 1086 4967; x_wconf 78' lang='lat' dir='ltr'><strong>prasenti</strong></span> <span class='ocrx_word' id='word_1_640' title='bbox 1096 4893 1297 4949; x_wconf 81' lang='lat' dir='ltr'><strong>ritanolebant</strong></span> <span class='ocrx_word' id='word_1_641' title='bbox 1311 4892 1420 4947; x_wconf 81' lang='lat' dir='ltr'><strong>rivere?</strong></span> <span class='ocrx_word' id='word_1_642' title='bbox 1435 4893 1603 4965; x_wconf 79' lang='lat' dir='ltr'><strong>nonnequia</strong></span> 
     </span>
     <span class='ocr_line' id='line_1_54' title="bbox 119 4971 1608 5059; baseline 0.005 -31"><span class='ocrx_word' id='word_1_643' title='bbox 119 4971 202 5029; x_wconf 85' lang='lat' dir='ltr'><strong>dam?</strong></span> <span class='ocrx_word' id='word_1_644' title='bbox 229 4973 306 5029; x_wconf 76' lang='lat' dir='ltr'><strong>Nihil</strong></span> <span class='ocrx_word' id='word_1_645' title='bbox 329 4975 384 5029; x_wconf 86' lang='lat' dir='ltr'><strong>tale</strong></span> <span class='ocrx_word' id='word_1_646' title='bbox 412 4975 490 5042; x_wconf 87' lang='lat' dir='ltr'><strong>dixit,</strong></span> <span class='ocrx_word' id='word_1_647' title='bbox 514 4978 562 5032; x_wconf 90' lang='lat' dir='ltr'><strong>sed</strong></span> <span class='ocrx_word' id='word_1_648' title='bbox 578 4978 696 5033; x_wconf 80' lang='lat' dir='ltr'><strong>credidit</strong></span> <span class='ocrx_word' id='word_1_649' title='bbox 710 4979 792 5035; x_wconf 88' lang='lat' dir='ltr'><strong>dictis</strong></span> <span class='ocrx_word' id='word_1_650' title='bbox 806 4996 913 5046; x_wconf 82' lang='lat' dir='ltr'><strong>eorum,</strong></span> <span class='ocrx_word' id='word_1_651' title='bbox 956 4983 1173 5053; x_wconf 77' lang='lat' dir='ltr'><strong>exspectabant?</strong></span> <span class='ocrx_word' id='word_1_652' title='bbox 1189 4990 1220 5037; x_wconf 92' lang='lat' dir='ltr'><strong>ut</strong></span> <span class='ocrx_word' id='word_1_653' title='bbox 1231 4999 1293 5037; x_wconf 90' lang='lat' dir='ltr'><strong>cum</strong></span> <span class='ocrx_word' id='word_1_654' title='bbox 1308 4983 1378 5059; x_wconf 67' lang='lat' dir='ltr'><strong>alios</strong></span> <span class='ocrx_word' id='word_1_655' title='bbox 1392 4981 1571 5049; x_wconf 79' lang='lat' dir='ltr'><strong>suscitarent,</strong></span> <span class='ocrx_word' id='word_1_656' title='bbox 1593 4981 1608 5055; x_wconf 73' lang='lat' dir='ltr'><strong>i]</strong></span> 
     </span>
     <span class='ocr_line' id='line_1_55' title="bbox 119 5061 1605 5143; baseline 0.007 -27"><span class='ocrx_word' id='word_1_657' title='bbox 119 5061 192 5133; x_wconf 91' lang='lat' dir='ltr'><strong>quod</strong></span> <span class='ocrx_word' id='word_1_658' title='bbox 208 5062 317 5133; x_wconf 89' lang='lat' dir='ltr'><strong>possint</strong></span> <span class='ocrx_word' id='word_1_659' title='bbox 331 5062 380 5117; x_wconf 86' lang='lat' dir='ltr'><strong>illa</strong></span> <span class='ocrx_word' id='word_1_660' title='bbox 394 5065 566 5136; x_wconf 84' lang='lat' dir='ltr'><strong>contingere.</strong></span> <span class='ocrx_word' id='word_1_661' title='bbox 955 5072 1028 5127; x_wconf 89' lang='lat' dir='ltr'><strong>mori</strong></span> <span class='ocrx_word' id='word_1_662' title='bbox 1039 5071 1364 5127; x_wconf 83' lang='lat' dir='ltr'><strong>desiderabant..Clarum</strong></span> <span class='ocrx_word' id='word_1_663' title='bbox 1373 5071 1605 5143; x_wconf 83' lang='lat' dir='ltr'><strong>ostergoquiaut</strong></span> 
     </span>
    </p>

    <p class='ocr_par' dir='ltr' id='par_1_3' title="bbox 118 5150 1608 5591">
     <span class='ocr_line' id='line_1_56' title="bbox 156 5150 1608 5231; baseline 0.007 -28"><span class='ocrx_word' id='word_1_664' title='bbox 156 5168 168 5203; x_wconf 69' lang='grc' dir='ltr'><strong>(ι</strong></span> <span class='ocrx_word' id='word_1_665' title='bbox 179 5151 214 5205; x_wconf 89' lang='lat' dir='ltr'><strong>Et</strong></span> <span class='ocrx_word' id='word_1_666' title='bbox 222 5151 288 5223; x_wconf 88' lang='lat' dir='ltr'><strong>quid</strong></span> <span class='ocrx_word' id='word_1_667' title='bbox 303 5150 395 5207; x_wconf 86' lang='lat' dir='ltr'><strong>adhuc</strong></span> <span class='ocrx_word' id='word_1_668' title='bbox 408 5152 499 5208; x_wconf 87' lang='lat' dir='ltr'><strong>dicam</strong></span> <span class='ocrx_word' id='word_1_669' title='bbox 514 5155 526 5209; x_wconf 80' lang='lat' dir='ltr'><strong>&#39;i</strong></span> <span class='ocrx_word' id='word_1_670' title='bbox 546 5155 662 5210; x_wconf 80' lang='lat' dir='ltr'><strong>Deficiet</strong></span> <span class='ocrx_word' id='word_1_671' title='bbox 683 5156 760 5212; x_wconf 89' lang='lat' dir='ltr'><strong>enim</strong></span> <span class='ocrx_word' id='word_1_672' title='bbox 785 5173 830 5212; x_wconf 91' lang='lat' dir='ltr'><strong>me</strong></span> <span class='ocrx_word' id='word_1_673' title='bbox 844 5163 914 5213; x_wconf 87' lang='lat' dir='ltr'><strong>tem·</strong></span> <span class='ocrx_word' id='word_1_674' title='bbox 955 5161 1189 5216; x_wconf 89' lang='lat' dir='ltr'><strong>resurrectionem</strong></span> <span class='ocrx_word' id='word_1_675' title='bbox 1200 5158 1608 5231; x_wconf 87' lang='lat' dir='ltr'><strong>adipiscerentur,nonenim[a</strong></span> 
     </span>
     <span class='ocr_line' id='line_1_57' title="bbox 120 5245 1608 5320; baseline 0.009 -31"><span class='ocrx_word' id='word_1_676' title='bbox 120 5257 133 5289; x_wconf 75' lang='lat' dir='ltr'><strong>i</strong></span> <span class='ocrx_word' id='word_1_677' title='bbox 150 5254 202 5307; x_wconf 89' lang='lat' dir='ltr'><strong>pus</strong></span> <span class='ocrx_word' id='word_1_678' title='bbox 216 5247 439 5295; x_wconf 85' lang='lat' dir='ltr'><strong>enumerantem.</strong></span> <span class='ocrx_word' id='word_1_679' title='bbox 459 5245 586 5313; x_wconf 67' lang='lat' dir='ltr'><strong>uldoeri.)</strong></span> <span class='ocrx_word' id='word_1_680' title='bbox 603 5245 665 5299; x_wconf 82' lang='lat' dir='ltr'><strong>lam</strong></span> <span class='ocrx_word' id='word_1_681' title='bbox 680 5261 736 5299; x_wconf 85' lang='lat' dir='ltr'><strong>ncn</strong></span> <span class='ocrx_word' id='word_1_682' title='bbox 755 5247 835 5317; x_wconf 91' lang='lat' dir='ltr'><strong>ponit</strong></span> <span class='ocrx_word' id='word_1_683' title='bbox 862 5264 912 5302; x_wconf 95' lang='lat' dir='ltr'><strong>no·</strong></span> <span class='ocrx_word' id='word_1_684' title='bbox 955 5250 1141 5320; x_wconf 78' lang='lat' dir='ltr'><strong>lemqualem</strong></span> <span class='ocrx_word' id='word_1_685' title='bbox 1159 5248 1392 5304; x_wconf 90' lang='lat' dir='ltr'><strong>resurrectionem</strong></span> <span class='ocrx_word' id='word_1_686' title='bbox 1409 5248 1608 5319; x_wconf 83' lang='lat' dir='ltr'><strong>acceperanttil</strong></span> 
     </span>
     <span class='ocr_line' id='line_1_58' title="bbox 119 5323 1608 5409; baseline 0.01 -31"><span class='ocrx_word' id='word_1_687' title='bbox 119 5323 459 5387; x_wconf 74' lang='lat' dir='ltr'><strong>minasednnemtaciens</strong></span> <span class='ocrx_word' id='word_1_688' title='bbox 472 5330 502 5386; x_wconf 93' lang='lat' dir='ltr'><strong>in</strong></span> <span class='ocrx_word' id='word_1_689' title='bbox 512 5333 668 5400; x_wconf 89' lang='lat' dir='ltr'><strong>meretrice,</strong></span> <span class='ocrx_word' id='word_1_690' title='bbox 685 5336 913 5391; x_wconf 87' lang='lat' dir='ltr'><strong>etverecundiam</strong></span> <span class='ocrx_word' id='word_1_691' title='bbox 955 5339 1115 5394; x_wconf 86' lang='lat' dir='ltr'><strong>mulierum.</strong></span> <span class='ocrx_word' id='word_1_692' title='bbox 1132 5339 1164 5394; x_wconf 92' lang='lat' dir='ltr'><strong>ln</strong></span> <span class='ocrx_word' id='word_1_693' title='bbox 1179 5339 1231 5393; x_wconf 89' lang='lat' dir='ltr'><strong>boc</strong></span> <span class='ocrx_word' id='word_1_694' title='bbox 1247 5339 1306 5393; x_wconf 93' lang='lat' dir='ltr'><strong>loco</strong></span> <span class='ocrx_word' id='word_1_695' title='bbox 1327 5336 1438 5392; x_wconf 85' lang='lat' dir='ltr'><strong>ridetur</strong></span> <span class='ocrx_word' id='word_1_696' title='bbox 1452 5336 1524 5391; x_wconf 90' lang='lat' dir='ltr'><strong>mihi</strong></span> <span class='ocrx_word' id='word_1_697' title='bbox 1538 5336 1608 5409; x_wconf 83' lang='lat' dir='ltr'><strong>quia</strong></span> 
     </span>
     <span class='ocr_line' id='line_1_59' title="bbox 119 5411 1608 5499; baseline 0.013 -36"><span class='ocrx_word' id='word_1_698' title='bbox 119 5411 160 5465; x_wconf 87' lang='lat' dir='ltr'><strong>eis</strong></span> <span class='ocrx_word' id='word_1_699' title='bbox 172 5413 294 5469; x_wconf 82' lang='lat' dir='ltr'><strong>excitans</strong></span> <span class='ocrx_word' id='word_1_700' title='bbox 301 5417 436 5489; x_wconf 88' lang='lat' dir='ltr'><strong>qualitate</strong></span> <span class='ocrx_word' id='word_1_701' title='bbox 442 5436 578 5491; x_wconf 77' lang='lat' dir='ltr'><strong>personae,</strong></span> <span class='ocrx_word' id='word_1_702' title='bbox 583 5422 643 5492; x_wconf 82' lang='lat' dir='ltr'><strong>jam</strong></span> <span class='ocrx_word' id='word_1_703' title='bbox 656 5439 712 5478; x_wconf 93' lang='lat' dir='ltr'><strong>non</strong></span> <span class='ocrx_word' id='word_1_704' title='bbox 722 5423 914 5483; x_wconf 89' lang='lat' dir='ltr'><strong>dilatathiste·</strong></span> <span class='ocrx_word' id='word_1_705' title='bbox 954 5427 1095 5498; x_wconf 85' lang='lat' dir='ltr'><strong>signifieat</strong></span> <span class='ocrx_word' id='word_1_706' title='bbox 1102 5434 1130 5483; x_wconf 90' lang='lat' dir='ltr'><strong>et</strong></span> <span class='ocrx_word' id='word_1_707' title='bbox 1138 5429 1151 5482; x_wconf 89' lang='lat' dir='ltr'>J</span> <span class='ocrx_word' id='word_1_708' title='bbox 1155 5427 1271 5483; x_wconf 90' lang='lat' dir='ltr'><strong>acobum</strong></span> <span class='ocrx_word' id='word_1_709' title='bbox 1279 5445 1284 5478; x_wconf 94' lang='lat'>:</span> <span class='ocrx_word' id='word_1_710' title='bbox 1293 5427 1428 5483; x_wconf 90' lang='lat' dir='ltr'><strong>distentio</strong></span> <span class='ocrx_word' id='word_1_711' title='bbox 1436 5425 1540 5499; x_wconf 90' lang='lat' dir='ltr'><strong>quippe</strong></span> <span class='ocrx_word' id='word_1_712' title='bbox 1549 5425 1608 5482; x_wconf 66' lang='lat' dir='ltr'><strong>dici:</strong></span> 
     </span>
     <span class='ocr_line' id='line_1_60' title="bbox 118 5499 1608 5591; baseline 0.009 -29"><span class='ocrx_word' id='word_1_713' title='bbox 118 5499 227 5559; x_wconf 66' lang='lat' dir='ltr'><strong>narum</strong></span> <span class='ocrx_word' id='word_1_714' title='bbox 240 5506 596 5577; x_wconf 63' lang='lat' dir='ltr'><strong>commemorabamus</strong></span> <span class='ocrx_word' id='word_1_715' title='bbox 612 5511 741 5570; x_wconf 84' lang='lat' dir='ltr'><strong>videatur</strong></span> <span class='ocrx_word' id='word_1_716' title='bbox 754 5529 913 5573; x_wconf 84' lang='lat' dir='ltr'><strong>sermonem</strong></span> <span class='ocrx_word' id='word_1_717' title='bbox 953 5515 1032 5577; x_wconf 83' lang='lat' dir='ltr'><strong>latio.</strong></span> <span class='ocrx_word' id='word_1_718' title='bbox 1048 5517 1121 5574; x_wconf 82' lang='lat' dir='ltr'><strong>Nam</strong></span> <span class='ocrx_word' id='word_1_719' title='bbox 1129 5515 1454 5591; x_wconf 84' lang='lat' dir='ltr'><strong>possentrideresolem,</strong></span> <span class='ocrx_word' id='word_1_720' title='bbox 1469 5520 1608 5589; x_wconf 82' lang='lat' dir='ltr'><strong>possentr</strong></span> 
     </span>
    </p>
   </div>
   <div class='ocr_carea' id='block_1_3' title="bbox 0 0 1890 6116">
    <p class='ocr_par' dir='ltr' id='par_1_4' title="bbox 0 0 1890 6116">
     <span class='ocr_line' id='line_1_61' title="bbox 0 0 1890 6116; baseline 0 0"><span class='ocrx_word' id='word_1_721' title='bbox 0 0 1890 6116; x_wconf 95' lang='lat' dir='ltr'><strong> </strong></span> 
     </span>
    </p>
   </div>
  </div>
 </body>
</html>
