3786 6128
123 245 173 301 atr
425 245 457 301 B.
478 243 613 301 RABANI
632 241 749 299 naum
768 243 927 301 naeniae
945 245 1108 303 MOGUN'I'.
1129 242 1278 301 OPERUH
1297 240 1390 299 PARS
1408 241 1459 301 111.
1711 242 1764 301 348

123 372 209 429 semel
222 371 345 445 seipsum
360 368 478 425 atterens
493 368 645 431 victimam,
657 385 708 423 sno
718 369 853 441 sanguine
868 388 919 425 nos
929 373 953 433 A
962 379 1070 426 nature.
1084 386 1141 427 sure
1156 368 1304 433 custodiat,
1320 383 1355 423 nc
1370 365 1497 438 capiatur
1510 366 1667 425 illecebris:
1684 365 1763 427 illae

124 461 252 520 redemit.
265 460 355 515 omnis
365 459 413 513 illa
422 458 519 529 priseae
528 456 763 529 legisrarietaset
772 458 922 514 ‹litttenltas
963 465 1061 515 eontra
1075 460 1104 515 io
1111 458 1221 514 insidiis
1230 472 1326 525 agens,
1335 455 1447 511 lacessit
1456 455 1598 513 homiuem
1607 456 1760 523 blanditiis,

125 552 152 605 in
166 550 254 621 ipsius
264 564 348 619 super
358 546 485 601 hemines
500 546 646 601 dilectione
662 547 800 617 completo
821 554 872 600 est.
890 550 921 603 ln
963 556 994 603 ot
1009 554 1125 621 spernat
1137 554 1306 619 paeceptum
1320 544 1390 615 legis
1404 543 1513 600 divinar.
1530 544 1601 601 Cum
1615 561 1682 617 erpo
1695 560 1762 601 eon·

123 643 233 693 tantmn
249 636 351 709 quippe
373 636 458 691 Pater
479 634 582 689 amarit
604 634 751 705 mundum,
767 644 798 689 ut
821 636 921 691 Filium
964 637 1083 693 senserit
1095 638 1179 691 homo
1195 636 1249 707 legi
1259 634 1320 701 troi,
1337 633 1503 689 contradicit
1518 634 1561 688 lex
1577 634 1685 707 peccati
1696 649 1762 689 sua-

122 742 206 781 suum
221 724 415 779 charissimum
432 730 460 779 et
476 724 654 795 unigenitum
675 724 755 778 onor
776 741 827 796 pro
842 724 922 781 nobis
964 727 1033 783 deris
1047 725 1164 781 homati.
1185 739 1220 781 ne
1239 723 1323 779 t'aciat
1341 722 1415 793 quod
1430 720 1551 793 imperat
1564 722 1609 779 lex
1622 722 1725 777 divina.
1742 720 1764 779 Ε

124 816 214 879 (toan.
230 822 280 877 nr).
292 813 324 867 Ei
335 819 430 868 autem
446 812 494 883 qui
508 814 595 869 semel
613 812 714 885 spiritu
730 812 824 869 virens
838 830 924 883 opero
964 815 1072 869 diverso
1088 820 1183 869 antem
1198 814 1240 869 lex
1255 811 1304 867 noi
1325 816 1436 865 revocat
1453 809 1606 879 hominem,
1625 826 1661 867 ne
1680 810 1765 867 sociat

122 903 215 959 caretis
230 901 419 961 mortificavit.
437 910 465 955 et
480 919 496 955 a
512 902 655 957 salvatore
672 902 799 969 dilectus,
817 918 922 975 nequa·
966 904 1040 977 quod
1054 903 1180 975 suggerit
1198 902 1241 956 lex
1254 900 1370 972 peccati.
1387 899 1467 963 (laod
1482 900 1594 969 quidem
1610 898 1693 957 horno
1708 914 1763 959 nou

124 1007 206 1061 quam
232 991 404 1045 servasset
429 991 536 1044 anticus
559 996 674 1045 coeatur
689 993 777 1055 (root
796 994 851 1059 rr).
868 1008 922 1047 non
966 992 1040 1046 ridet
1061 1009 1122 1049 esse
1142 990 1295 1045 absurdum
1312 1008 1317 1042 ε
1334 989 1387 1043 scit
1401 988 1476 1044 enim
1495 996 1602 1045 naturae
1622 1004 1679 1045 suae
1697 1004 1763 1045 coa·

122 1086 165 1133 est
175 1080 251 1133 ultra
264 1080 307 1133 les
320 1079 420 1151 posito,
438 1096 499 1148 quie
516 1079 608 1149 impiis
629 1088 658 1133 et
679 1079 879 1150 peccatoribus,
896 1087 925 1134 et
963 1097 1075 1153 gruere.
1089 1080 1112 1135 si
1123 1080 1207 1135 iaciat
1217 1079 1290 1151 quod
1303 1079 1423 1151 imperat
1433 1078 1476 1131 les
1487 1076 1546 1135 uei.
1562 1077 1683 1147 denique
1696 1093 1765 1149 gau·

122 1184 178 1223 non
199 1168 290 1221 solum
312 1167 445 1237 subjectis
469 1176 497 1221 et
512 1166 627 1223 nefariis
647 1167 800 1221 constituto
819 1175 870 1223 est.
888 1171 925 1225 itt
965 1170 1010 1223 det
1027 1169 1138 1241 epomide
1152 1168 1211 1225 lnee
1226 1168 1293 1239 agit.
1310 1167 1380 1221 Cum
1396 1172 1491 1221 autem
1507 1182 1539 1221 ea
1554 1172 1688 1238 operatur
1702 1181 1764 1239 quae

123 1272 206 1321 nuile,
225 1272 289 1311 eum
303 1256 397 1311 omnia
412 1273 473 1329 quae
488 1256 644 1313 difliciliora
658 1262 734 1321 sont,
754 1257 795 1311 rel
813 1257 922 1313 modica
962 1258 1088 1329 suggerit
1114 1258 1157 1311 lex
1185 1256 1301 1329 peceati,
1330 1255 1406 1309 ridet
1429 1271 1459 1309 se
1483 1261 1593 1325 turpem
1617 1262 1645 1309 et
1668 1254 1766 1312 horret

124 1362 158 1401 er
171 1352 251 1417 porte
263 1345 407 1409 sociamus,
420 1346 471 1399 hoe
486 1346 576 1399 solnm
596 1362 652 1401 non
666 1346 793 1404 facimus.
806 1346 880 1418 quod
895 1353 924 1401 et
964 1354 1027 1419 post
1040 1346 1153 1403 sactum.
1171 1346 1292 1414 ideoque
1315 1345 1384 1415 legis
1408 1342 1522 1415 spiritus
1546 1350 1684 1415 precepta
1703 1358 1765 1399 ser·

123 1434 194 1489 tacto
205 1433 313 1491 facilins
324 1440 376 1489 est.
394 1440 423 1488 et
433 1433 538 1507 ubsque
553 1452 608 1507 quo
621 1452 699 1489 rossa
713 1442 780 1490 sunt
794 1435 923 1491 unii-ersa
964 1436 1055 1491 rorida
1065 1441 1131 1489 sont
1141 1432 1453 1503 etcnrnalialogienda.
1467 1432 1531 1505 lpsa
1541 1430 1767 1489 enimconscien·

124 1539 186 1593 quae
199 1522 326 1577 tacimus.
343 1523 447 1592 JeJ'onii
468 1540 568 1595 eorpus
589 1524 676 1577 sentit
693 1524 835 1594 injuriant,
852 1524 922 1595 rigi·
963 1525 1134 1591 denormat,
1145 1522 1379 1587 sieiconsennot
1401 1520 1490 1577 sciens
1505 1520 1615 1577 horrori
1631 1536 1765 1595 essequa

123 1611 167 1667 liae
183 1628 296 1667 earnem
313 1618 465 1673 inurerent,
483 1613 666 1685 eleemosyna
687 1612 780 1669 labore
796 1630 924 1683 quaetun-
963 1613 1090 1685 suggerit
1104 1614 1147 1665 lex
1162 1611 1278 1683 peceati.
1297 1612 1433 1677 (Hieron.)
1449 1611 1523 1676 tneo,
1539 1609 1639 1681 inquit,
1655 1607 1765 1681 Spiritu

123 1706 180 1763 tur,
195 1701 310 1773 sanguis
321 1701 349 1755 in
363 1702 509 1775 martyrio,
528 1702 655 1771 quumvis
670 1702 769 1757 ardeat
782 1702 861 1766 sides,
879 1689 1103 1757 ta-Burnlrulotr
1117 1708 1140 1757 rt
1155 1702 1290 1757 ‹terirterr'e
1311 1702 1405 1754 rorans
1426 1714 1478 1751 nou
1494 1700 1649 1769 perficietis.
1665 1698 1700 1757 Et
1712 1697 1766 1757 hoc

125 1805 189 1844 rnen
200 1790 261 1845 sine
271 1789 373 1845 timore
388 1790 522 1845 oidolore
532 1806 588 1844 non
598 1789 733 1847 funditur.
750 1791 814 1847 troc
829 1791 923 1847 omitia
964 1790 1117 1845 secundom
1131 1789 1278 1859 superiora
1296 1786 1446 1861 dupliciter
1460 1786 1661 1859 accipiendum,
1677 1792 1709 1843 ut
1722 1786 1766 1843 di-

124 1886 191 1933 sunt
210 1879 258 1951 qui
279 1878 384 1933 sanant
399 1898 406 1933 :
421 1879 483 1934 sola
500 1879 621 1936 onmia-os
636 1880 697 1935 sine
712 1878 806 1935 labore
821 1886 872 1933 est.
889 1880 920 1935 Et
964 1895 1060 1935 camus
1077 1896 1133 1937 eos.
1151 1879 1198 1949 qui
1213 1877 1315 1950 spiritu
1330 1892 1416 1945 opma
1430 1875 1522 1931 earrris
1537 1874 1768 1937 mortificaverint

124 1967 191 2039 quia
201 1966 261 2023 sola
271 1984 318 2023 cor
327 1967 465 2023 mundum
473 1966 557 2021 eflicit
566 1986 583 2023 a
593 1968 704 2023 diabolo
710 1974 887 2043 expugnatur
894 1968 921 2025 in
965 1973 993 2023 et
1007 1967 1207 2023 seininarerint
1222 1967 1251 2023 in
1265 1965 1376 2039 spiritu,
1394 1974 1426 2019 ut
1440 1964 1474 2017 de
1488 1962 1588 2036 spiritu
1602 1970 1711 2021 nenio
1725 1964 1766 2021 ri·

126 2054 358 2115 nuisement
370 2073 440 2127 puro
451 2065 543 2111 mente
553 2057 705 2112 rideamus.
720 2057 837 2123 Quando
849 2058 923 2113 eninr
965 2064 1023 2111 tarn
1032 2062 1175 2111 aetertnnn.
1189 2054 1414 2124 Quotiescunque
1421 2053 1591 2125 voluptatem
1601 2052 1692 2111 carnis
1704 2068 1767 2111 sen·

125 2144 226 2199 sedens
241 2144 341 2217 loquor
348 2150 446 2199 eontra
455 2144 571 2201 lintrem
584 2162 678 2201 nremn
690 2151 718 2201 et
727 2152 825 2201 eontra
834 2146 923 2203 tilium
965 2145 1054 2201 serint
1067 2144 1191 2199 titillare.
1209 2160 1263 2200 non
1278 2145 1412 2217 perlicere
1428 2141 1597 2197 desideriunt
1608 2141 1679 2211 ejus,
1690 2142 1766 2215 quad

126 2233 224 2289 matris
250 2250 318 2289 men·
342 2250 415 2309 pono
438 2235 611 2297 scandalunt,
628 2236 740 2308 qunrido
763 2234 855 2289 aliena
869 2240 925 2289 tor·
965 2234 1078 2304 quidem
1091 2235 1114 2288 si
1130 2234 1270 2307 expletum
1285 2231 1370 2289 suerit
1383 2229 1505 2287 blandiri
1519 2230 1628 2287 ridetur
1642 2230 1678 2287 ad
1691 2238 1767 2289 tom·

125 2337 213 2393 qucor
227 2322 923 2389 serictate‚etalte1·iusbonummennioiatuioto-
966 2338 1036 2393 pos:
1054 2323 1102 2379 sed
1118 2322 1219 2395 spiritu
1229 2321 1379 2386 refrenare,
1392 2326 1420 2373 et
1429 2319 1582 2375 secundum
1597 2319 1766 2387 sententiam

125 2411 178 2469 cio.
190 2426 284 2465 nonne
296 2412 357 2475 lroe,
370 2412 442 2483 quod
455 2413 592 2483 seqnitur,
604 2413 633 2468 in
644 2430 688 2467 me
699 2412 839 2483 «expilaturi
849 2414 925 2478 (tuost
965 2411 1100 2472 historici,
1116 2409 1201 2467 animi
1213 2409 1339 2483 irnperio,
1356 2407 1481 2482 eorporis
1490 2407 1611 2474 servitio,
1623 2408 1715 2479 inagis
1727 2406 1767 2465 ri·

123 2502 149 2553 si
163 2502 280 2554 iueieero
298 2502 435 2564 incinctis,
453 2508 476 2553 rt
491 2505 640 2566 comeditis,
657 2504 742 2557 eme
757 2518 790 2555 nr
805 2502 839 2555 ot
854 2503 924 2557 iuri-
967 2516 1028 2556 vere
1040 2519 1047 2567 ς
1059 2516 1109 2557 nec
1119 2516 1174 2559 non
1186 2506 1215 2553 et
1228 2499 1307 2561 illud,
1325 2498 1389 2572 quia
1406 2498 1447 2553 les
1462 2496 1597 2569 spiritalis
1607 2504 1658 2563 est,
1671 2504 1699 2555 et
1709 2512 1767 2556 aaa

124 2603 178 2643 cern
201 2591 417 2643 commutarint.
441 2588 596 2643 Charitatis
621 2606 686 2643 rara
709 2589 846 2659 possessio
871 2595 921 2644 est.
966 2588 1013 2659 qui
1029 2588 1057 2644 in
1072 2586 1220 2643 nramsesto
1234 2586 1355 2652 tudens,
1372 2586 1421 2641 sed
1441 2585 1487 2659 qui
1502 2585 1530 2637 in
1545 2584 1653 2641 occulto
1666 2589 1696 2643 et
1710 2583 1767 2643 eir·

124 2673 193 2739 auis
209 2676 268 2731 rnlt
283 2674 343 2747 ipse
362 2676 513 2731 anatliema
529 2694 589 2731 esse
605 2694 621 2730 a
637 2678 748 2733 Christo
764 2694 814 2751 pro
829 2677 923 2733 fratri·
965 2676 1098 2733 rumeisio
1111 2676 1202 2731 cordis
1215 2676 1243 2731 in
1259 2675 1369 2747 spiritm
1382 2692 1438 2729 non
1448 2674 1552 2737 lit-term
1564 2689 1612 2727 eas
1621 2672 1767 2735 ambulare

124 2762 176 2819 bus
200 2764 259 2819 suis
282 2765 446 2835 Apostolum
471 2767 617 2837 sequens?
639 2767 701 2836 quis
724 2783 787 2821 cunr
806 2767 925 2835 lugenti·
966 2766 1067 2841 spiritu
1084 2770 1112 2819 et
1126 2765 1218 2821 earnis
1233 2763 1402 2820 desiderium
1418 2778 1472 2819 tion
1487 2762 1620 2835 perlicere
1635 2760 1766 2831 dicimus,

124 2850 177 2907 bus
192 2852 301 2927 lugens,
317 2870 380 2909 cum
400 2854 587 2923 gaudentibus
607 2854 743 2927 gaudens.
760 2855 851 2911 alietro
867 2856 924 2909 rnl-
966 2854 1012 2927 qui
1028 2853 1194 2925 spirituliter
1208 2852 1391 2923 egrediuntur
1400 2852 1561 2925 :Emptum
1573 2859 1599 2907 et
1609 2850 1767 2925 spiritalem

123 2956 190 2997 nere
199 2942 383 2997 vulneratur?
394 2942 456 3013 quis
464 2943 560 2999 tratris
569 2949 659 3001 morte
668 2944 842 3017 percutitur?
858 2944 923 2999 Om·
964 2959 1056 2999 escam
1065 2947 1220 3013 pot-umque
1232 2943 1266 2997 de
1275 2940 1394 3012 spiritali
1407 2940 1541 2997 horinum
1552 2946 1641 3015 petra,
1650 2938 1698 3017 qui
1709 2954 1766 2999 nnn

123 3030 529 3105 nesmagisomatoresoostri,
543 3049 628 3101 quam
646 3040 788 3091 arnatmes
807 3032 856 3089 Dei
873 3007 1123 3101 sir-Cjudieantor
1144 3031 1172 3089 in
1192 3029 1252 3085 elbo
1277 3038 1324 3085 aut
1345 3030 1373 3085 in
1396 3036 1472 3103 potu,
1494 3029 1589 3086 autin
1610 3036 1688 3099 parte
1709 3027 1766 3091 diei

123 3134 195 3175 rous.
207 3119 277 3175 Vide
287 3127 423 3191 quantum
434 3119 538 3177 tronum
549 3120 586 3205 sit
597 3120 922 3179 clraritutissiitaroar·
963 3120 1035 3186 sesti,
1051 3126 1101 3175 aut
1115 3120 1268 3179 neamenim
1297 3125 1325 3173 et
1346 3117 1474 3185 sabone
1497 3118 1545 3175 sed
1568 3116 1714 3177 ambulant
1736 3117 1766 3181 in

122 3207 394 3281 tyriumseccrimus,
412 3216 442 3263 ut
453 3215 563 3265 nostras
575 3209 692 3263 rotimus
711 3209 745 3263 nli
762 3209 922 3266 hominibus
963 3208 1093 3267 omuibus
1109 3207 1284 3283 spiritaliter.
1303 3224 1358 3265 non
1379 3206 1554 3277 poncione
1574 3222 1681 3265 carneae
1695 3204 1767 3279 legis

122 3294 256 3367 reliquias
266 3295 408 3355 honorari.
425 3297 447 3351 si
464 3298 623 3371 opinionem
638 3297 711 3371 vulgi
727 3302 866 3355 sectantes
882 3298 922 3353 in-
964 3297 1095 3355 litteraeve
1106 3293 1767 3367 nesure-toni,saltroetnsineuntesintatligen-

121 3382 224 3455 trepidi
248 3385 412 3457 satrguinern
433 3386 599 3445 fuderimus.
621 3394 649 3439 et
669 3386 855 3444 substantiam
870 3404 921 3443 no·
963 3386 1009 3443 tia
1023 3385 1265 3463 spir·italis.Tertia
1280 3400 1392 3455 ‹pnrique
1407 3383 1601 3453 interpretatio
1616 3400 1633 3439 a
1647 3381 1766 3455 quibus·

121 3476 209 3529 stram
219 3489 306 3549 usque
322 3475 357 3529 ad
368 3474 575 3531 orernlicitntem
591 3475 734 3549 propriam
750 3475 919 3536 dederimus,
963 3474 1184 3533 elarininhocloeo
1197 3474 1272 3529 dicta
1278 3478 1329 3537 est,
1337 3474 1385 3527 sed
1396 3489 1456 3543 quie
1467 3489 1524 3531 non
1534 3474 1655 3531 multum
1662 3471 1766 3533 discre-

122 3559 186 3615 huic
201 3560 277 3633 operi
294 3577 349 3615 non
365 3567 422 3617 torn
434 3563 579 3633 platanium
596 3580 679 3633 qirnrn
697 3579 777 3632 poerm
792 3563 919 3629 debetur,
964 3571 1011 3635 put
1026 3580 1041 3615 a
1054 3562 1186 3627 seeundo,
1203 3570 1233 3617 nt
1244 3561 1411 3617 desideriunt
1428 3561 1518 3619 (urrais
1535 3562 1562 3615 in
1578 3560 1622 3617 tris
1637 3568 1768 3619 asserunt

123 3658 151 3705 et
162 3649 286 3723 perndie
297 3651 386 3727 iringis
397 3658 539 3707 tormenta
550 3660 618 3707 sunt
632 3668 828 3725 tlorrnreorona
839 3652 921 3711 ricto·
964 3668 1034 3721 esse,
1051 3652 1098 3723 qui
1109 3652 1217 3723 parvuli
1232 3652 1261 3709 in
1277 3651 1389 3707 (luisto
1406 3658 1489 3704 sunt:
1508 3650 1561 3703 iter
1575 3658 1669 3708 autern
1684 3648 1767 3721 spiri-

121 3736 180 3793 riae.
198 3740 274 3805 (lund
293 3742 318 3791 sr'
341 3742 455 3797 irruit-ern
474 3742 602 3797 rrrorrlrtis
624 3746 648 3797 et
670 3743 818 3803 rorrredilis,
839 3742 922 3799 ridete
963 3747 1009 3797 tus
1025 3740 1054 3799 in
1066 3740 1195 3815 perlectis
1212 3739 1284 3799 nris.
1302 3745 1330 3797 et
1345 3755 1405 3793 esse
1420 3755 1533 3797 sensum
1550 3756 1556 3795 ;
1576 3739 1607 3797 lu
1625 3737 1767 3813 gravitate

123 3843 158 3881 ac
172 3828 206 3883 ob
221 3829 337 3883 iaeireor
352 3832 568 3883 ronsnrnomirn'.
586 3830 681 3889 Potest
691 3830 743 3885 lior
758 3828 922 3905 simpliciter
962 3829 1087 3903 spiritns,
1101 3829 1130 3887 iel
1145 3835 1197 3892 est,
1213 3828 1242 3885 in
1257 3827 1358 3885 itinere
1373 3827 1424 3884 riri
1439 3826 1580 3885 ambulate
1595 3825 1722 3897 perfecti,
1738 3832 1767 3895 et

123 3914 221 3989 accipi,
237 3931 272 3971 nc
294 3916 477 3969 detrahamus
501 3916 629 3980 irnieern,
646 3934 681 3971 ne
700 3918 848 3975 rtrarledieto
871 3934 922 3973 nos
963 3934 1018 3977 riori
1033 3917 1140 3973 iacietis
1154 3916 1295 3975 desideria
1310 3916 1500 3991 par'urlorum.
1525 3917 1594 3975 tl'aro
1608 3918 1681 3975 eninr
1699 3930 1766 3977 con-

122 4009 254 4072 putemus
264 4003 369 4061 ulcisci·
377 4020 412 4060 ne
422 4004 578 4061 contristati
588 4006 754 4061 contristere
764 4006 919 4077 cupiamus,
964 4010 1077 4075 cupiscit
1088 4007 1367 4073 aduersasspiritum,
1378 4007 1493 4075 spiritus
1502 4005 1632 4059 <retrursus
1640 4019 1764 4061 carerem.

125 4095 154 4143 et
176 4090 282 4145 similes
307 4090 469 4149 bestiarum.
497 4094 626 4149 mordere
647 4094 752 4167 pariter
771 4102 798 4147 et
818 4111 923 4151 remor·
964 4096 1024 4149 tior·
1039 4096 1237 4149 eruin-irmioni
1254 4095 1448 4157 adversentur,
1468 4099 1497 4151 ar
1518 4108 1767 4163 numquamque

123 4177 193 4242 deri,
211 4185 242 4233 nt
258 4185 320 4247 post
337 4194 447 4233 morsus
462 4186 596 4255 sequatur
612 4181 741 4255 interitus
760 4188 844 4257 artatae
859 4198 922 4239 corr·
963 4185 1056 4238 norro.
1070 4184 1121 4237 itte
1132 4184 1251 4251 societis.
1278 4182 1350 4235 Coro
1365 4180 1548 4251 praesentibus
1564 4180 1720 4239 delectatur
1738 4188 1768 4253 et

122 4266 255 4335 sumptio,
965 4269 1092 4329 luctibus
1112 4287 1118 4321 :
1139 4269 1255 4343 spiritus
1272 4270 1415 4343 perpetuis
1435 4276 1463 4322 et
1482 4268 1592 4325 suturis.
1616 4270 1694 4329 Inter
1713 4268 1768 4328 hnc

122 4413 125 4419 ,
160 4356 323 4411 rreoootoo
338 4356 465 4425 :Spiritu
482 4358 630 4422 aristotele,
641 4365 663 4412 rt
675 4362 919 4427 ronenpireentimu
962 4358 1088 4430 J'urgiom
1105 4358 1199 4413 inedia
1213 4359 1308 4415 aniam
1319 4357 1455 4423 consistit,
1477 4358 1582 4415 liabens
1602 4356 1717 4433 quidem
1738 4356 1769 4419 in

124 4446 281 4501 eerun'snon.
290 4448 444 4515 perficietis.
454 4444 573 4515 trlnibr.)
584 4446 735 4521 Postquam
746 4448 923 4519 olegesaeto-
964 4464 1014 4502 sua
1029 4452 1167 4519 potestate
1178 4446 1282 4503 bonmn
1299 4453 1326 4501 et
1342 4448 1455 4505 nntium.
1472 4446 1542 4505 telle.
1558 4446 1598 4504 rel
1615 4445 1700 4507 nolle,
1717 4446 1767 4505 sed

122 4548 185 4587 rum
200 4548 247 4589 eos
262 4533 413 4605 prohibuit.
431 4533 458 4590 in
474 4551 530 4609 quo
548 4542 614 4591 sunt
631 4542 769 4609 praerepta
789 4537 920 4597 centolio.
965 4553 1020 4595 uon
1036 4536 1140 4593 trahens
1155 4537 1205 4587 lior
1226 4536 1316 4607 ipsam
1342 4536 1410 4593 relle
1435 4554 1468 4588 ao
1490 4535 1562 4594 nolle
1586 4540 1766 4609 peqretuurn,

121 4627 238 4677 nuncut
251 4639 268 4673 a
284 4621 355 4678 ritiis
371 4624 463 4677 earnis
479 4640 508 4677 se
527 4624 688 4681 corruerant
706 4625 831 4701 precipit
852 4645 857 4676 :
878 4625 922 4685 lric
965 4625 1031 4696 qnia
1041 4625 1101 4683 lieri
1116 4630 1217 4695 potest,
1235 4630 1265 4677 ut
1280 4641 1343 4680 euin
1359 4624 1434 4679 carni
1447 4623 1618 4681 consenserit
1633 4632 1662 4679 et
1680 4638 1769 4699 opem

122 4709 197 4761 enim
213 4708 313 4785 spiritu
326 4710 460 4771 ambulat.
476 4712 524 4782 qni
539 4712 612 4783 sugit
626 4719 749 4785 peccata.
772 4715 844 4769 lirin
859 4729 923 4769 raro
965 4714 1025 4783 eJ'us
1039 4713 1145 4774 acer-it,
1160 4729 1272 4769 rursum
1284 4729 1334 4783 per
1349 4712 1541 4785 poenitentiarii
1559 4728 1588 4764 se
1603 4710 1769 4773 remordens

122 4800 778 4871 coaerrpiscitrutrersusspiritum.spiritosmro
793 4804 923 4861 (retrursus
965 4800 1075 4877 spiritui
1092 4801 1238 4873 copuletur
1259 4806 1288 4857 et
1311 4818 1396 4871 opera
1422 4802 1483 4869 eJ'ns
1507 4799 1617 4859 etl'rriat.
1640 4798 1699 4859 Hae
1725 4804 1771 4861 est
1821 4846 1823 4851 .

121 4900 244 4941 caruero.
256 4886 316 4943 Har
330 4889 402 4943 enim
419 4888 473 4943 sitii
489 4892 602 4943 iri-ticeni
620 4892 813 4957 summantur,
828 4896 921 4949 ntuon
965 4906 1031 4959 ergo
1046 4889 1118 4963 quod
1135 4890 1175 4949 nit
1198 4908 1203 4941 :
1228 4891 1287 4943 ilar
1301 4892 1376 4941 ruirn
1393 4891 1505 4943 laricem
1527 4890 1724 4953 adversentur,
1739 4888 1768 4949 id

120 4988 152 5025 ca
166 4989 225 5045 que
239 4978 323 5029 tultis
337 4977 458 5043 seeretis.
475 4976 551 5037 Duas
566 4979 642 5049 leges
651 4979 791 5051 proponit,
803 4979 876 5035 sieut
885 4978 923 5037 lu·
964 4987 1015 5047 cst,
1024 4994 1089 5035 earo
1098 4984 1126 5035 et
1136 4977 1261 5051 spiritus,
1276 4983 1307 5037 ut
1318 4994 1370 5033 non
1382 4993 1548 5049 peterentque
1560 4978 1650 5041 tacitis,
1664 4977 1717 5035 itta
1726 4978 1770 5045 [a-

120 5060 159 5114 cit
175 5067 203 5115 et
219 5061 247 5119 iu
263 5062 387 5141 Epistula
400 5064 433 5117 ad
451 5064 600 5126 Rornanos,
618 5084 679 5141 qua
695 5066 811 5125 irnieent
824 5068 922 5123 atlrer-
964 5070 1043 5123 er'elr's
1058 5088 1065 5120 .·
1082 5084 1138 5123 non
1153 5066 1225 5143 quod
1243 5067 1388 5143 proprium
1401 5066 1479 5125 rolris
1494 5064 1591 5123 tulerit
1605 5063 1767 5133 arbitrium,

121 5156 333 5212 statuentium
352 5153 412 5213 Ilei,
434 5152 551 5211 alterurn
572 5156 678 5228 parcenti
701 5175 705 5207 :
730 5173 791 5226 quie
810 5156 872 5214 ideo
893 5156 922 5213 in
964 5173 1019 5233 quo
1040 5158 1080 5211 rel
1107 5155 1194 5216 cauri.
1220 5156 1262 5209 rel
1285 5154 1396 5227 spiritui
1414 5155 1610 5219 essentiarum,
1634 5152 1683 5211 sed
1701 5152 1770 5225 quia

120 5254 203 5293 carne
211 5240 395 5313 significatur,
409 5242 475 5313 quia
485 5241 639 5299 visibilibus
649 5242 922 5315 ‹intentarencupulo
964 5244 1170 5317 quotenne
1192 5261 1248 5303 uon
1268 5250 1311 5297 est
1333 5252 1459 5303 nostrnrn
1484 5243 1604 5321 proprie,
1626 5240 1675 5295 sed
1695 5256 1770 5317 opus

121 5334 307 5395 peecatorum,
319 5335 351 5384 ut
365 5330 409 5389 his
424 5329 476 5386 sibi
492 5332 703 5389 adversantibus
719 5334 827 5395 medius
840 5335 922 5393 horno
965 5335 1056 5405 ipsum
1071 5333 1112 5387 rel
1126 5332 1212 5397 (fanti,
1230 5332 1270 5384 rel
1287 5331 1397 5404 spiritui
1414 5333 1575 5401 deputatur.
1592 5328 1714 5391 (itandis
1725 5328 1769 5391 to-

121 5432 177 5473 noo
191 5433 233 5481 ea,
250 5433 310 5487 qua
325 5418 393 5477 vult,
410 5428 484 5491 agat.
503 5420 600 5479 [lirina
618 5420 691 5479 enirn
710 5422 752 5481 lex
771 5423 874 5501 prennt
895 5431 923 5475 et
965 5421 1039 5481 lieris
1052 5430 1079 5475 et
1093 5420 1290 5493 disputationis
1301 5420 1453 5483 estnimioe,
1465 5417 1767 5495 ostensiscarnisopa·

122 5504 200 5583 lugat
215 5506 304 5581 legen
324 5508 430 5581 peccati
448 5509 594 5569 consulens
615 5510 729 5573 homiui.
750 5519 782 5567 ut
801 5512 923 5589 rigorem
964 5510 1041 5569 ribus
1053 5517 1081 5567 et
1094 5509 1219 5586 spiritus,
1234 5509 1325 5567 media
1339 5509 1433 5585 aliqua
1448 5508 1581 5581 reperire,
1593 5522 1654 5587 quta
1668 5521 1720 5567 uec
1731 5504 1767 5571 ad
