3772 6120
160 249 228 308 {527
462 250 495 307 Β.
514 248 650 306 msam
669 246 784 303 usbar
804 243 962 301 racinse
981 241 1142 300 MOGUNT.
1164 240 1312 297 OPERUM
1330 239 1422 296 PARS
1440 238 1492 298 111.
1736 236 1801 298 lttt

161 377 279 446 (dordr)
298 396 309 428 e
327 377 491 448 Opportune
504 377 547 430 rel
562 374 682 430 maxime
692 374 745 428 hoc
759 373 786 427 in
802 368 957 426 loeohomi·
967 371 987 430 ,l
999 368 1093 424 Titum
1110 367 1279 440 discipulum
1294 382 1377 422 suum
1391 365 1468 421 misit
1486 364 1625 437 scripturn
1643 364 1803 420 continetur

160 478 225 517 nem
239 478 303 515 eum
317 461 430 521 vocarit.
446 467 479 516 ut
497 466 556 516 eta
576 466 677 514 natura
695 457 856 513 ostenderet
875 456 960 510 dona·
1002 458 1066 525 (re.
1084 474 1120 522 m,
1139 454 1192 525 10).
1216 455 1424 520 «llereticum,
1449 453 1552 526 inquit,
1578 453 1725 509 hominem
1742 459 1803 526 post

161 549 245 604 tionis
256 549 493 610 eomnmnionem,
511 549 640 603 omnibus
655 545 812 602 necessario
829 544 856 598 id
871 544 958 598 cenfr-
1002 562 1117 601 «uriam
1140 551 1168 601 et
1187 545 1339 601 secundom
1360 544 1567 615 correptionem
1587 542 1694 607 demta,
1715 541 1802 610 scierm

160 637 294 703 tentibus,
307 638 440 708 quoniam
451 638 642 693 universitatis
657 653 723 708 pars
736 634 959 691 existenssecun-
1001 653 1014 688 e
1031 635 1104 707 quod
1115 634 1265 690 subversus
1275 633 1533 704 esthujusmodi,et
1540 631 1686 703 delinquit
1692 632 1802 704 proprio

158 727 226 781 dum
243 733 373 781 naturam
389 725 717 791 communemomnibus,
732 722 958 796 potestpersimi-
1000 723 1130 795 «judicio
1144 723 1356 779 condemnatus.
1376 723 1520 790 »tiletum
1538 725 1571 774 in
1595 722 1684 790 Epist.
1711 722 1800 786 Pauli,

159 814 306 870 titudinem
322 821 429 870 nature
444 816 623 871 donationem
635 819 776 886 praestare.
790 811 957 891 Undenillud
999 814 1046 867 lib.
1063 816 1138 881 xxv.)
1156 831 1169 864 a
1185 812 1276 877 Quam
1290 809 1461 867 sententiam
1474 809 1576 865 beatus
1592 808 1803 865 Ambrosiusita

159 904 238 976 quasi
249 905 349 975 jamin
364 904 565 959 consessionem
580 905 730 959 deductum
744 903 810 958 hine
819 901 957 973 accipiens
998 901 1135 972 exposuit.
1149 901 1192 955 Ad
1207 901 1331 972 plenum,
1348 899 1456 971 inquit,
1471 899 1553 953 illum
1572 898 1679 964 devita,
1700 899 1749 969 qui
1771 915 1804 953 ee

157 994 263 1064 adjicit,
279 1013 291 1045 e
308 993 356 1065 qui
369 994 448 1047 dedit
461 995 584 1065 seipsum
599 992 820 1065 redemptionem
834 1008 885 1063 pro
901 1007 959 1045 om·
999 1006 1061 1064 queo
1070 990 1211 1045 contraria
1220 995 1287 1045 sunt
1295 988 1392 1061 pietati
1408 988 1564 1061 preelegit,
1575 987 1651 1043 hunc
1667 986 1742 1042 enirn
1752 987 1804 1044 he·

159 1081 241 1137 nibus
255 1082 448 1136 testimonium
464 1082 637 1154 temporibus
651 1082 719 1136 suis.
738 1100 751 1135 r
771 1083 843 1137 Nam
861 1085 891 1135 et
906 1097 957 1152 pro
999 1078 1117 1135 reticum
1127 1084 1216 1134 vocat.
1228 1080 1379 1150 Postquam
1389 1077 1463 1132 enim
1475 1076 1565 1132 semol
1575 1075 1660 1131 ethis
1675 1075 1802 1132 eumdem

160 1171 290 1226 omnibus
309 1171 387 1225 dedit
405 1172 538 1243 seipsum.
566 1173 623 1226 Nee
646 1171 721 1226 enim
746 1187 797 1242 pro
816 1169 957 1242 aliquibus
997 1168 1173 1236 instruxeris,
1189 1173 1219 1223 ct
1232 1167 1388 1223 ostenderis
1398 1166 1479 1221 eiilla
1489 1182 1553 1238 quac
1562 1165 1804 1236 conveniuntejus

159 1265 279 1317 mortem
304 1259 398 1314 subire
424 1261 571 1332 acquievit,
594 1260 642 1315 sed
666 1259 795 1315 omnibus
814 1258 909 1314 volens
928 1257 957 1312 in
997 1256 1091 1325 saluti,
1107 1257 1282 1329 supertluum
1297 1256 1459 1311 estdiutius
1474 1271 1539 1310 cum
1552 1253 1699 1327 ejusmodi
1712 1253 1803 1328 dispu-

159 1365 306 1405 commune
321 1349 446 1403 conferre
460 1349 635 1416 beneficium,
646 1349 804 1421 passionem
817 1347 957 1419 suscipere
998 1353 1069 1412 tare,
1085 1362 1149 1402 curn
1163 1345 1201 1401 sit
1214 1345 1395 1400 manifestum
1413 1344 1548 1415 quoniam
1564 1344 1676 1398 nullam
1690 1342 1804 1416 pecipit

160 1443 204 1493 est
217 1437 360 1508 dignatus,
373 1437 601 1492 secundumillud
608 1443 720 1509 tempus
733 1453 788 1508 qno
798 1440 958 1508 passusest,
999 1435 1215 1508 correptionem,
1231 1433 1378 1507 exquibus
1391 1433 1479 1489 semel
1493 1437 1520 1489 et
1535 1431 1591 1500 bis,
1607 1432 1660 1488 illa
1674 1450 1737 1506 quae
1749 1449 1802 1491 non

158 1526 352 1581 testimonium
367 1526 443 1580 enim
453 1531 534 1581 vocat
547 1526 705 1598 passionem
727 1526 826 1598 ipsam.
850 1544 862 1576 e
878 1525 960 1580 Tem·
999 1523 1203 1580 conveniebant
1212 1522 1265 1578 sibi
1280 1523 1408 1590 audiens,
1421 1538 1592 1594 cognoscere
1603 1522 1700 1579 noluit
1707 1523 1803 1578 veria·

159 1613 274 1687 poribus
287 1631 351 1668 vero
367 1614 449 1669 suisa
465 1614 541 1681 dicit,
559 1621 591 1670 ut
604 1621 713 1670 asserat
722 1614 876 1670 seeundum
889 1613 958 1668 illud
998 1619 1068 1668 tem.
1084 1612 1221 1685 Relinque
1236 1627 1303 1684 ergo
1315 1629 1380 1667 eum
1392 1612 1441 1683 qui
1450 1611 1516 1667 talis
1530 1617 1585 1675 est,
1595 1616 1632 1666 ut
1642 1611 1752 1684 justam
1761 1629 1803 1669 ex·

159 1708 346 1774 tempusque
369 1720 467 1773 passus
486 1709 537 1758 est.
559 1704 594 1758 Et
622 1710 655 1759 ut
672 1703 830 1775 passionem
852 1687 1135 1775 ChristiBspccteta
1145 1700 1241 1773 J'udice
1256 1715 1377 1773 penam,
1398 1716 1432 1755 eo
1447 1701 1521 1772 quod
1536 1701 1566 1755 in
1581 1717 1635 1757 suo
1651 1701 1804 1773 pertinacia

159 1790 290 1845 omnihus
307 1793 492 1846 necessariam
517 1809 577 1847 esse
596 1792 812 1859 demonstraret,
836 1791 959 1847 ostendit
998 1791 1162 1863 persistens,
1176 1790 1330 1846 nullumad
1345 1789 1552 1862 eorreptionem
1565 1790 1803 1847 suamexinstro·

159 1879 215 1933 illis
230 1880 302 1951 quod
318 1881 502 1935 convenietin
518 1882 712 1936 communede
726 1880 855 1937 omnibus
870 1881 958 1935 homi·
998 1880 1090 1935 ctione
1109 1879 1236 1952 accipere
1254 1879 1316 1934 vult
1330 1878 1487 1933 consilium.
1508 1879 1551 1934 De
1572 1896 1631 1951 quo
1655 1885 1686 1935 et
1707 1878 1803 1936 boum

160 1968 241 2023 nibus
264 1968 479 2024 sollicitudinem
500 1970 671 2042 impendere.
691 1987 724 2024 eo
744 1970 817 2041 quod
837 1975 866 2024 et
883 1970 958 2025 Dens
999 1968 1188 2041 Hieronymus
1201 1968 1242 2022 ita
1254 1967 1304 2023 ait.
1321 1967 1414 2032 Quare
1432 1973 1528 2022 autem
1548 1973 1616 2041 post
1633 1969 1757 2042 primam
1776 1976 1804 2026 ct

137 2074 140 2079 ·
160 2056 291 2110 omnihus
303 2074 399 2112 euram
415 2057 556 2125 adhibeat,
572 2059 685 2130 etqood
705 2059 734 2114 in
754 2075 902 2113 commune
920 2059 958 2113 sit
998 2058 1150 2113 secundam
1157 2055 1360 2129 correptionem
1370 2056 1537 2112 devitandus
1547 2057 1594 2125 sit,
1607 2057 1803 2115 redditcausas

160 2144 286 2199 omnium
302 2146 448 2211 Dominus,
462 2151 491 2201 ct
504 2147 577 2218 quod
592 2149 684 2219 majus
697 2152 748 2213 est,
756 2146 887 2219 quoniam
898 2147 957 2219 ipsc
998 2147 1093 2203 dicens
1108 2147 1182 2218 quod
1192 2145 1394 2201 subversusest
1407 2145 1570 2217 hujusmodi
1582 2151 1614 2201 et
1624 2143 1733 2220 peccat,
1743 2163 1803 2204 conr

161 2234 289 2288 Christus
304 2234 435 2289 similiter
449 2235 579 2290 omnibus
601 2236 826 2309 appropinquare
849 2235 959 2291 ridetur
999 2236 1036 2292 sit
1053 2236 1082 2291 in
1097 2234 1248 2308 semetipso
1258 2233 1435 2307 depravatus.
1455 2234 1509 2299 Qui
1522 2234 1601 2290 enirn
1612 2235 1803 2310 semelbisquc

160 2323 332 2394 proprietate
347 2330 464 2379 nature
474 2327 545 2379 Nam
558 2331 587 2380 rt
600 2325 730 2381 omnibus
745 2324 959 2398 qrrnbuitbene-
999 2328 1155 2397 correptus,
1172 2323 1268 2379 audito
1283 2339 1378 2379 errore
1390 2324 1698 2396 suononvulteorrigi‚
1712 2342 1803 2382 errare

162 2411 255 2465 ficium
271 2429 321 2484 pro
336 2413 464 2468 ornnibus
475 2413 631 2485 passionem
648 2414 811 2487 suscipiens.
828 2416 959 2487 Compro-
1000 2414 1122 2469 aestimat
1136 2412 1332 2485 corrigentem,
1347 2420 1375 2467 et
1388 2429 1403 2468 e
1417 2411 1560 2468 contrario
1572 2430 1605 2469 se
1620 2415 1657 2470 ad
1668 2415 1765 2487 jurgia
1777 2421 1803 2472 et

162 2499 211 2555 bat
226 2518 290 2555 vero
303 2501 370 2556 illud
391 2503 426 2556 dc
441 2508 541 2558 cetero
554 2503 639 2557 etiam
660 2509 689 2557 et
707 2504 741 2558 de
760 2503 815 2558 illis
834 2520 896 2576 quae
914 2521 958 2558 se·
1000 2519 1109 2575 pugnus
1121 2501 1267 2557 verborum
1279 2518 1390 2574 parans,
1403 2518 1468 2557 eum
1479 2503 1539 2556 vult
1550 2502 1804 2578 lucrifacereaquc

162 2590 284 2644 eundum
300 2607 329 2645 se
342 2597 416 2646 sunt.
433 2609 447 2643 c
464 2593 495 2647 ln
510 2609 565 2664 quo
576 2593 684 2664 positus
702 2609 773 2659 som,
790 2593 890 2664 inquit,
908 2610 960 2665 ego
1000 2593 1125 2648 docetur.
1141 2593 1294 2664 Propterea
1308 2608 1374 2646 vero
1399 2608 1416 2646 a
1438 2591 1594 2664 semetipso
1618 2593 1727 2650 dicitur
1747 2612 1804 2651 esse

164 2697 178 2731 e
195 2679 360 2750 praedicator
374 2685 403 2736 et
417 2682 576 2753 apostolus,
587 2683 730 2737 veritatem
744 2682 814 2748 dico,
823 2699 961 2737 nonmen·
1001 2679 1403 2752 damnatus,quialornieator,
1416 2681 1538 2748 adulter,
1553 2681 1710 2751 homicida,
1721 2689 1750 2739 et
1759 2700 1803 2741 cn

162 2787 174 2815 a
191 2767 256 2834 tior,
273 2769 370 2822 doctor
382 2770 510 2841 gentium
525 2770 553 2824 in
569 2771 624 2825 sule
634 2777 663 2825 et
677 2771 803 2826 veritate.
819 2790 832 2824 r
849 2773 903 2826 Pro
918 2771 960 2826 his
1002 2776 1063 2825 tera
1076 2768 1153 2836 vitia,
1170 2786 1221 2841 per
1233 2770 1392 2825 sacerdotes
1408 2769 1442 2824 de
1458 2770 1583 2825 Frelesia
1598 2772 1802 2844 propelluntur,

163 2871 229 2927 ergo
245 2861 274 2909 et
291 2874 342 2927 ego
357 2857 525 2913 constitutus
541 2874 603 2912 sum
614 2859 767 2931 apostolus,
783 2865 815 2913 ut
829 2865 857 2913 et
871 2859 960 2932 ipsam
1002 2858 1125 2914 haeretiei
1140 2863 1235 2913 autem
1246 2859 1275 2913 in
1289 2858 1396 2930 seipsos
1410 2859 1582 2913 sententiam
1596 2859 1753 2916 leruntsuo
1765 2878 1804 2917 ar·

163 2943 317 2999 doctrinam
329 2947 364 3000 ad
375 2946 500 3000 omnium
517 2947 662 3001 hominum
682 2947 810 3002 notitiam
825 2948 957 3014 deferam,
1002 2947 1084 3002 bitrio
1095 2947 1129 3001 de
1144 2947 1266 3002 Ecclesia
1275 2947 1454 3002 recedentes:
1473 2964 1535 3019 quae
1550 2949 1677 3005 recessio
1691 2951 1804 3024 proprie

164 3038 193 3086 et
210 3049 307 3087 ornnes
326 3034 361 3088 ad
389 3034 472 3088 fidem
498 3035 602 3089 Christi
624 3035 755 3090 accedere
775 3037 883 3104 faciam,
911 3005 1176 3110 percconscientiae
1186 3035 1366 3091 videturesse
1380 3036 1535 3096 damnatio.
1549 3038 1632 3092 Inter
1641 3039 1806 3095 haeresirnet

165 3136 248 3192 quem
263 3122 318 3176 ista
331 3121 410 3177 nobis
417 3122 554 3177 retributa
563 3129 638 3178 sunt.
655 3125 690 3179 Et
700 3125 961 3196 quidemadhorum
1002 3124 1125 3181 schisma
1138 3125 1191 3179 hoc
1205 3139 1265 3179 esse
1279 3123 1463 3193 arbitrantur,
1476 3125 1552 3197 quod
1568 3125 1691 3182 haeresis
1702 3145 1805 3200 perrer·

165 3209 320 3264 doctrinam
337 3216 366 3266 et
387 3212 605 3267 insinuationem
625 3213 752 3283 gentium
766 3219 877 3269 creatus
895 3232 958 3270 sum
1000 3232 1062 3270 sum
1077 3214 1180 3286 dogma
1193 3212 1314 3281 habeat,
1335 3213 1457 3268 schisma
1472 3219 1591 3287 propter
1621 3216 1806 3290 episcopalem

59 3326 63 3339 ·
163 3300 314 3371 apostolus
333 3306 364 3355 ut
381 3302 530 3373 praediccm
545 3301 676 3358 omnibus
690 3302 850 3359 hominibus
864 3305 912 3376 qui
930 3305 959 3361 in
1000 3297 1546 3370 disssensiffltemstbssoeleslastlpstrelffl'·
1560 3300 1645 3364 Quod
1656 3302 1805 3375 quidemin

163 3389 240 3443 omni
257 3391 402 3445 locosunt.
422 3410 434 3441 r
1001 3387 1138 3460 principio
1150 3387 1191 3441 ita
1205 3403 1266 3442 esse
1289 3387 1384 3459 aliqua
1403 3404 1435 3442 ex
1454 3394 1534 3459 parte
1556 3388 1685 3467 intelligi
1708 3397 1804 3464 potest

200 3477 265 3532 llaee
279 3496 345 3550 ergo
359 3480 393 3533 de
409 3479 584 3551 praescientia
595 3481 645 3535 Dei
662 3486 691 3536 et
705 3483 959 3554 praedestinatione‚
1002 3476 1257 3532 Caeterumnullum
1266 3475 1389 3531 schisma
1400 3492 1456 3531 non
1469 3475 1522 3530 sibi
1537 3477 1806 3554 aliquameonfingit

163 3570 193 3620 ct
207 3567 281 3636 quod
299 3567 359 3638 ipse
380 3568 455 3622 Deus
473 3569 710 3624 omneshomines
726 3570 816 3626 salros
831 3572 901 3637 sieri,
933 3578 962 3627 et
1002 3565 1141 3632 haeresim,
1157 3570 1190 3620 ut
1204 3564 1325 3620 lecislah
1340 3562 1463 3620 Eccleslss
1474 3566 1627 3622 recessisse
1642 3568 1804 3625 videatur-¹

164 3655 199 3708 ad
221 3656 393 3726 agnitionem
412 3657 537 3713 veritatis
550 3660 611 3713 rult
626 3659 779 3729 peruenire,
799 3661 961 3732 apostolica·
1001 3654 1081 3709 Unde
1095 3652 1199 3708 b0¹¹11m
1208 3653 1276 3708 mihi
1287 3653 1406 3720 Videtur,
1418 3655 1441 3709 Sl
1452 3654 1530 3709 V⁰bi⁸
1540 3655 1645 3727 Placet,
1671 3658 1747 3729 q¹10d
1760 3673 1804 3715 Μ·

165 3759 227 3797 rum
249 3746 454 3801 sententiarum
476 3764 559 3802 sensu
572 3748 652 3818 juxte
669 3749 885 3819 precedentium
907 3751 960 3806 Pa·
1002 3758 1053 3814 Pla
1066 3743 1373 3809 memmiohaerefiffls
1389 3742 1468 3797 nun&
1481 3742 1567 3797 detur
1587 3746 1703 3801 ⁰0⁰³³i⁰
1726 3751 1804 3818 “lm

163 3835 239 3886 trum
255 3833 465 3906 expositionem,
482 3841 566 3906 prout
574 3835 661 3906 potui,
678 3841 706 3890 et
719 3836 832 3892 assidua
846 3837 961 3894 infirmi·
1001 3830 1274 3897 licentistsfflbessdb
1290 3835 1375 3902 atque
1387 3847 1451 3887 ⁰1¹¹ss
1462 3831 1557 3904 flllqlffl
1573 3833 1752 3906 disputandi·
1762 3851 1806 3890 ὓ·

165 3926 209 3975 tas
224 3938 268 3975 me
278 3922 397 3986 sinebat,
418 3925 500 3994 juxta
519 3924 684 3996 petitionem
700 3930 820 3980 vestram
841 3927 961 3983 breviter
1000 3926 1115 3992 tequam
1130 3919 1153 3973 Si
1168 3919 1535 3992 POSSlbllesitejusmessset
1548 3938 1655 3978 ⁸0¹18¹1⁸
1670 3925 1707 3978 Μ
1717 3925 1804 3980 wiht)-

164 4015 194 4065 ct
207 4010 325 4064 strictim
340 4012 386 4065 hie
400 4013 514 4083 collegi:
531 4013 621 4067 sciens
639 4014 713 4085 quod
730 4032 777 4070 vos
796 4016 878 4088 plura
895 4017 960 4072 inde
1000 4009 1083 4064 licam
1098 4009 1196 4063 redeat
1210 4008 1377 4063 d00ifl'1lssffl·
1390 4009 1494 4064 olem?
1508 4015 1606 4065 mm
1617 4029 1673 4083 ΡΝ
1691 4013 1805 4085 i1²³02l¹²

164 4098 294 4169 colligere
309 4101 434 4171 potestis,
447 4101 519 4155 sicut
534 4102 654 4156 eruditio
669 4107 761 4157 restra
775 4108 803 4158 et
818 4106 957 4172 valetudo,
1001 4098 1138 4154 DOmlssUS
1153 4097 1200 4168 qui
1217 4097 1394 4169 OmniPOtffls
1409 4103 1596 4170 eSl⁰lltl¹'t³i¹¹¹‘
1605 4101 1731 4157 salutem
1742 4118 1803 4174 0¹8¹

164 4203 254 4240 meam
271 4188 440 4259 imperitiam
456 4196 485 4243 et
499 4190 690 4244 infirmitatem
707 4194 862 4262 peremnia
874 4198 960 4250 excel·
1002 4187 1146 4242 infirmum
1160 4185 1287 4253 fratrem,
1303 4192 1336 4241 ul
1349 4186 1513 4242 tribum&
1530 4188 1665 4256 dOCiblles
1686 4198 1717 4246 et
1728 4197 1803 4247 mi&

163 4273 231 4336 lens,
249 4288 297 4326 vos
305 4290 388 4344 agere
396 4274 542 4345 permittit.
558 4274 615 4344 Ego
626 4281 731 4339 autem,
743 4283 878 4346 quantum
890 4275 1066 4364 prae-Dsrdei
1084 4274 1270 4340 consentiens,
1287 4291 1372 4346 quam
1392 4275 1474 4330 tidem
1491 4276 1631 4333 catholica
1651 4296 1705 4352 per
1716 4279 1803 4335 toturn

163 4376 254 4426 sumo,
270 4379 318 4416 ros
331 4363 477 4429 admoneo,
496 4368 528 4417 ut
547 4363 598 4418 has
612 4364 804 4418 contentiones
824 4367 919 4423 noxias
932 4368 961 4423 in
1002 4364 1098 4420 orbem
1114 4365 1237 4420 custodit
1246 4365 1367 4420 Ecclesia
1380 4385 1386 4433 ;
1404 4371 1432 4421 et
1446 4366 1592 4438 resipiscat
1607 4385 1625 4422 a
1639 4369 1746 4424 dioboli
1765 4371 1803 4425 la·

163 4450 266 4521 populo
286 4451 445 4505 Christiano
470 4453 530 4506 lieri
550 4451 729 4524 prohibeatis,
751 4457 779 4507 et
794 4453 886 4524 ipsum
905 4457 961 4511 Go-
1002 4454 1090 4525 queis,
1107 4471 1122 4508 a
1138 4470 1193 4525 quo
1207 4460 1306 4525 captus
1317 4460 1360 4509 est
1373 4454 1407 4509 ad
1421 4454 1509 4526 ipsius
1522 4456 1714 4525 voluntatem,
1730 4464 1804 4514 etre-

161 4539 324 4604 tescalcum,
340 4540 424 4610 hujus
439 4541 543 4595 erroris
563 4546 715 4609 auctorem,
733 4558 785 4596 nec
803 4542 958 4612 scribendo,
1001 4547 1128 4597 venatur
1141 4543 1175 4597 ad
1190 4549 1316 4597 sanctam
1337 4550 1457 4597 matrem
1477 4544 1644 4612 Ecclesiam,
1663 4563 1803 4620 unumque

162 4637 212 4675 nec
228 4623 366 4694 loquendo
382 4625 456 4679 ultra
469 4632 528 4679 tom
543 4626 640 4679 multis
663 4642 763 4681 nocere
780 4629 958 4699 permittatis.
1001 4647 1064 4686 cum
1075 4649 1110 4686 ec
1123 4632 1320 4703 sentiatatque
1330 4633 1504 4704 profiteatur,
1515 4637 1544 4686 et
1558 4632 1653 4705 ipsam
1669 4637 1802 4692 unimam

162 4713 326 4767 Mirorehim
336 4715 513 4784 prudentiam
529 4721 649 4769 vestram
664 4717 738 4786 quod
747 4716 832 4772 istum
847 4720 959 4774 noxium
1001 4721 1077 4793 pacis
1091 4727 1120 4775 et
1135 4726 1216 4775 rectae
1231 4720 1296 4775 fidei
1310 4721 1441 4792 deinceps
1457 4721 1583 4792 quandiu
1599 4723 1678 4779 rirat
1699 4730 1797 4783 servet.

161 4801 261 4867 virum,
278 4802 329 4856 hoe
344 4809 387 4857 est
398 4805 601 4872 Getesealcum,
614 4805 661 4876 qui
673 4803 701 4858 in
711 4807 841 4863 omnibus
856 4808 960 4881 vitupe-
1001 4810 1118 4865 Interim
1132 4814 1227 4865 autem
1243 4809 1331 4865 donec
1346 4810 1415 4864 illud
1429 4811 1488 4872 siat,
1504 4827 1562 4865 non
1577 4812 1666 4868 laudo
1681 4821 1713 4869 ut
1730 4831 1802 4869 coru·

160 4889 256 4945 rabilis
289 4893 417 4946 inventus
445 4900 496 4959 est,
526 4897 592 4966 quia
614 4914 665 4952 nee
693 4898 821 4953 monachi
851 4904 957 4962 retum,
1000 4899 1097 4954 munio
1110 4899 1136 4954 ei
1146 4898 1297 4966 tribuatur,
1312 4898 1377 4971 quia
1385 4900 1466 4970 juxta
1480 4898 1680 4958 testimonium
1692 4901 1802 4959 loannis

161 4996 211 5034 nec
246 4982 318 5035 sacri
355 4981 463 5036 ordinis
502 4985 612 5053 ritum,
652 4988 699 5041 sed
733 5004 823 5059 neque
857 4988 958 5060 praedi-
999 4988 1128 5060 apostoli,
1146 4987 1237 5041 omnis
1250 4987 1452 5059 quireceditet
1463 4991 1802 5048 nonmanetindoctrinc

159 5069 240 5122 eamn
271 5071 392 5125 cilicium
420 5072 545 5143 legitime
576 5076 740 5144 obserravit,
763 5077 884 5131 seribere
911 5078 959 5132 ali·
1000 5076 1200 5131 ChristiDeum
1216 5093 1272 5131 non
1286 5074 1387 5130 habet:
1401 5077 1449 5148 qui
1459 5084 1609 5148 permanet
1623 5079 1655 5135 in
1666 5080 1798 5147 doctrina

159 5152 223 5221 quid
240 5156 415 5224 permisistis,
433 5158 461 5211 in
477 5175 531 5229 quo
545 5160 635 5214 cilicio
648 5161 737 5231 magis
752 5178 853 5216 nocere
868 5163 959 5234 potuit
1000 5165 1044 5218 hic
1054 5166 1155 5220 Filium
1164 5164 1414 5219 etl‘atremhabet.
1427 5188 1435 5215 ι
1448 5165 1477 5220 Si
1488 5166 1562 5236 quis,
1574 5167 1800 5239 inquitrenitsd

159 5257 242 5309 quam
259 5243 318 5298 rira
341 5263 405 5301 rocc
425 5249 563 5319 loquendo
605 5250 682 5304 Unde
710 5251 794 5304 etiam
819 5251 846 5304 in
874 5252 960 5322 pluri·
1002 5271 1086 5318 aros,
1099 5260 1127 5308 et
1139 5255 1210 5307 hane
1220 5253 1377 5308 doctrinam
1395 5270 1451 5309 non
1467 5255 1557 5321 affert,
1574 5256 1665 5312 nolite
1680 5259 1800 5331 recipere

158 5328 211 5380 mis
224 5329 299 5394 locis,
317 5341 348 5387 ut
361 5338 464 5401 audiri,
482 5337 524 5393 sui
543 5341 640 5393 ueneni
661 5340 760 5411 poculo
782 5356 836 5394 non
853 5357 955 5410 plaucos
998 5360 1012 5393 a
1029 5343 1127 5397 eunrin
1139 5343 1265 5406 domum,
1277 5359 1328 5396 nec
1340 5359 1389 5398 ave
1404 5344 1429 5398 ei
1439 5343 1575 5398 dixeritis:
1590 5347 1640 5417 qui
1653 5347 1729 5404 eninr
1738 5348 1802 5402 dicit

157 5416 314 5486 inebriavit,
332 5431 360 5476 et
374 5425 401 5478 in
418 5427 519 5480 erroris
534 5428 671 5483 insaniam
687 5430 780 5483 vertit.
806 5429 885 5493 Quod
905 5447 954 5483 ne·
999 5450 1010 5479 ι
1027 5432 1067 5486 illi
1085 5448 1145 5498 ave,
1161 5430 1350 5486 communicat
1363 5432 1495 5504 operibus
1512 5433 1591 5488 illius
1615 5435 1750 5509 malignis
1768 5436 1805 5508 (11

157 5521 299 5575 quaquam
313 5509 353 5564 ita
366 5515 426 5567 heri
438 5517 639 5586 oportet‚sicut
647 5518 675 5572 in
690 5517 811 5591 Epistola
826 5535 910 5590 quam
920 5519 954 5574 ad
999 5538 1013 5574 a
1028 5523 1108 5576 doen.
1129 5517 1180 5587 ln).
1192 5541 1204 5573 r>
1221 5521 1290 5577 Ecce
1304 5521 1418 5594 praedixi
1433 5522 1519 5590 vobis,
1535 5524 1612 5581 utin
1626 5525 1675 5582 die
1684 5524 1792 5583 Domini
